3647 5753
1394 335 1574 390 DISP.
1618 336 1687 401 11,
1733 335 1900 391 DUB.
1941 336 2035 392 v1.
3021 346 3121 400 441

286 532 308 561 a
355 511 462 566 hoc
484 508 658 565 finale
687 507 903 565 bonum
932 510 1392 565 communicatur
1414 508 1639 566 homini

284 614 309 644 α
351 607 383 646 a
414 593 547 647 Deo.
596 592 723 645 Non
752 592 934 661 potest
961 587 1137 661 igitur
1176 590 1352 646 homo
1376 588 1446 645 ad
1488 589 1642 645 hunc

286 694 311 726 «
352 670 531 728 finem
556 668 809 744 perduci,
837 667 952 725 nisi
976 669 1214 732 uniatur
1243 673 1355 727 Deo
1378 686 1478 743 per
1499 686 1639 726 con-

288 775 313 806 «
354 751 709 808 formitatem
750 748 1084 816 voluntatis,
1132 750 1228 822 qui
1256 754 1341 806 est
1369 750 1640 822 proprius

286 856 310 887 ιι
349 833 581 891 effectus
609 833 966 902 dilectionis;
1000 850 1134 889 nam
1159 832 1477 888 amicorum
1504 848 1640 904 pro-

285 940 309 970 «
352 917 547 989 prium
575 921 660 973 est
686 915 840 972 idem
865 918 1030 983 velle,
1064 922 1120 973 et
1149 916 1320 982 nolle,
1351 921 1406 972 et
1435 914 1503 971 de
1534 914 1638 969 iis-

284 1020 310 1051 «
350 997 485 1054 dem
530 996 796 1073 gaudere,
846 1004 902 1054 et
953 998 1166 1054 dolere.
1230 999 1338 1052 Per
1390 994 1637 1070 gratiam

282 1100 307 1130 α
350 1094 487 1153 ergo
507 1083 735 1152 gratum
759 1078 1061 1136 facientem
1081 1078 1251 1136 homo
1271 1076 1639 1134 constituitur

284 1182 310 1212 α
353 1161 453 1215 Dei
478 1158 734 1225 dilector,
767 1175 896 1215 cum
920 1175 1020 1231 per
1047 1174 1176 1215 eam
1208 1158 1380 1214 homo
1417 1155 1639 1231 diriga-

285 1262 310 1293 «
355 1246 449 1297 tur
474 1240 535 1295 in
559 1238 734 1295 finem
762 1239 815 1295 ei
846 1240 1333 1295 communicatum
1357 1253 1390 1293 a
1425 1237 1556 1293 Dee.
1606 1258 1632 1288 2>

282 1318 411 1386 Ubi,
459 1324 519 1374 ut
547 1318 723 1386 videS,
758 1317 932 1373 tradit
971 1321 1024 1376 S.
1076 1321 1297 1383 Doctor,
1330 1334 1447 1374 non
1476 1331 1638 1390 posse

283 1399 423 1458 duos
465 1400 697 1457 tendere
737 1402 800 1456 in
839 1401 1086 1458 eundem
1130 1400 1326 1467 finem,
1374 1401 1488 1456 nisi
1536 1416 1638 1474 per

287 1482 558 1538 unionem
588 1481 841 1555 aliquam
869 1482 1322 1556 conjungantur3
1354 1498 1456 1537 nec
1480 1497 1640 1554 posse

284 1565 482 1633 Deum,
514 1569 571 1619 et
597 1564 895 1620 hominem
936 1562 1147 1619 habere
1175 1561 1419 1619 eundem
1462 1561 1637 1620 finem

288 1642 425 1715 ipsis
446 1658 832 1710 communem,
866 1658 1073 1715 nempe
1094 1643 1380 1699 visionem
1411 1643 1510 1699 Dei
1538 1659 1639 1714 per

285 1728 608 1792 essentiam,
642 1726 757 1781 nisi
788 1725 1067 1781 uniantur
1096 1741 1195 1798 per
1233 1723 1634 1790 dilectionem;

290 1820 391 1862 nec
418 1806 648 1862 tandem
690 1806 984 1862 hominem
1017 1821 1178 1878 posse
1205 1805 1352 1861 hanc
1378 1804 1639 1861 dilectio-

288 1901 421 1941 nem
449 1885 676 1952 habere,
709 1885 823 1941 nisi
855 1884 1014 1958 prius
1043 1885 1341 1958 participet
1369 1890 1637 1940 naturam

285 1968 383 2023 Dei
426 1976 524 2041 pet·
568 1969 813 2042 gratiam
860 1973 1087 2041 gratum
1139 1966 1460 2024 facientem.
1496 1968 1636 2020 Cum

283 2063 418 2122 ergo
433 2064 595 2106 amor
611 2043 906 2104 charitatis
920 2048 995 2103 sit
1008 2048 1389 2104 essentialiter
1406 2045 1639 2102 tenden-

285 2126 365 2183 tia
385 2125 455 2183 ad
483 2128 755 2183 ultimum
777 2126 952 2183 finem
985 2126 1084 2183 Dei
1116 2126 1434 2199 proprium,
1468 2131 1522 2182 et
1542 2142 1638 2182 ac-

283 2209 456 2264 tualis
482 2209 805 2283 conjunctio
831 2225 961 2264 cum
991 2211 1103 2265 Deo
1126 2223 1226 2280 per
1246 2207 1632 2273 dilectionem,

280 2291 605 2347 necessario
637 2289 880 2346 radicari
901 2289 1066 2346 debet
1088 2290 1148 2345 in
1175 2291 1360 2363 gratia
1378 2288 1637 2346 sanctifi-

278 2375 461 2435 cante,
500 2368 891 2443 etsupponere
912 2366 1209 2427 hominem
1243 2373 1355 2427 Deo
1385 2371 1632 2437 unitum,

278 2452 402 2509 sive
429 2449 763 2508 deificatum
791 2468 890 2524 per
916 2452 1286 2517 consortium,
1312 2458 1366 2508 et
1400 2453 1638 2525 partici-

279 2530 583 2605 pationem
612 2536 831 2587 naturai
870 2529 1096 2600 divinae,
1141 2536 1201 2586 ut
1238 2533 1527 2605 eleganter
1553 2532 1637 2588 si-

281 2610 581 2688 gnificavit
609 2612 759 2669 idem
787 2613 1088 2686 Angelicus
1109 2615 1427 2686 Praeceptor
1449 2622 1631 2692 quaest.

282 2696 454 2749 unica
479 2694 543 2748 de
577 2692 878 2758 Charitate,
910 2702 1020 2750 art.
1065 2696 1099 2748 2
1140 2694 1215 2747 ad
1260 2696 1343 2760 15,
1380 2694 1474 2749 ubi
1506 2695 1586 2751 ait
1622 2716 1636 2751 ε

277 2777 584 2834 Dicendum
611 2771 751 2852 quod
778 2776 1025 2831 charitas
1051 2775 1225 2846 (idem
1267 2777 1527 2850 intellige
1566 2776 1636 2834 de

277 2859 401 2934 ejus
436 2863 561 2916 actu
584 2857 884 2931 primariO,
916 2857 1011 2931 qui
1042 2874 1168 2914 eam
1198 2856 1499 2930 specificat)
1526 2875 1635 2914 non

272 2948 351 2996 est
378 2943 561 2996 virtus
585 2940 842 3004 homini-3,
871 2940 931 2993 in
959 2946 1228 3016 quantum
1248 2947 1323 2994 est
1345 2940 1521 3005 home,
1545 2939 1638 2994 sed

273 3023 335 3078 in
376 3030 646 3100 quantum
679 3038 779 3094 per
813 3022 1296 3093 participationem
1331 3023 1526 3091 gyratiae
1574 3023 1635 3089 fit

274 3100 443 3169 Deus,
469 3109 521 3156 et
539 3103 691 3170 filius
714 3100 837 3167 Dei,
859 3101 1154 3156 secundum
1178 3101 1314 3156 illud
1343 3104 1361 3157 l
1389 3100 1555 3157 Joan.
1575 3100 1628 3156 3.

284 3180 466 3241 Videte
495 3185 713 3262 qualem
739 3184 1067 3240 charitatem
1092 3183 1236 3237 dedit
1264 3182 1416 3237 nobis
1443 3182 1630 3250 Pater,

265 3271 326 3319 ut
353 3264 466 3330 filii
496 3264 601 3320 Dei
626 3266 989 3329 nominemur,
1020 3270 1068 3317 et
1096 3264 1287 3319 simuS.

339 3344 570 3402 Deinde
596 3343 797 3401 eadem
838 3345 1032 3400 minor
1061 3342 1333 3416 probatur
1363 3342 1584 3399 ratione
1617 3363 1631 3398 :

264 3440 405 3481 nam
451 3426 715 3498 primum
739 3423 1088 3497 principium
1115 3422 1493 3479 intrinsecum
1515 3438 1635 3478 mo·

263 3511 356 3563 tus
386 3507 452 3563 in
480 3502 980 3568 ultimum-finem,
1012 3510 1068 3560 et
1093 3504 1213 3577 ipse
1236 3503 1472 3558 ultimus
1501 3502 1634 3558 finis

259 3586 479 3644 debent
531 3602 656 3644 esse
704 3584 1026 3641 formaliter
1072 3583 1323 3657 ejusdem
1365 3581 1629 3640 ordinis:

257 3666 360 3724 sed
392 3668 644 3724 ultimus
669 3665 824 3731 finis,
858 3665 920 3720 in
949 3680 1117 3737 quem
1147 3663 1453 3729 tendimuS,
1486 3668 1542 3720 et
1569 3663 1632 3718 in

255 3762 370 3819 quo
397 3747 669 3802 sistimus
714 3761 811 3817 per
839 3760 1096 3801 amorem
1131 3745 1632 3816 supernaturalem

252 3826 589 3892 charitatiS,
617 3828 702 3881 est
722 3824 1208 3896 supernaturalis;
1240 3839 1368 3879 cum
1390 3823 1464 3879 sit
1487 3825 1633 3880 Deus

253 3906 317 3962 in
339 3907 540 3980 seipso
568 3930 582 3962 ι
615 3920 752 3979 ergo
773 3897 1395 3979 primum'principium
1413 3903 1633 3960 intrin-

248 4005 451 4046 secum
483 3987 750 4062 praedicti
772 3994 960 4043 motus
979 3986 1146 4043 debet
1165 4003 1285 4043 esse
1307 3986 1633 4044 formaliter

250 4071 490 4129 ordinis
537 4070 1002 4142 supernaturalis
1054 4091 1067 4125 :
1121 4084 1257 4142 ergo
1302 4066 1468 4124 debet
1511 4084 1632 4126 esse

247 4153 445 4226 gratia
461 4148 851 4207 sanctificans.
876 4150 1001 4204 Haec
1016 4147 1260 4205 secunda
1277 4162 1632 4219 consequen-

245 4232 328 4288 tia
345 4237 510 4304 patet
530 4246 607 4286 ex
627 4229 836 4301 prima,
853 4229 986 4301 quia
1004 4229 1258 4300 primum
1279 4227 1630 4301 principium

242 4319 455 4370 motus
472 4318 564 4368 est
598 4315 844 4376 natura;
873 4309 1160 4382 siquidem
1187 4311 1304 4366 haec
1330 4308 1625 4378 definitur,

239 4395 398 4469 quod
426 4395 506 4451 sit
532 4392 799 4467 primum
826 4393 1199 4465 principium,
1233 4398 1289 4449 et
1314 4410 1479 4449 causa
1502 4407 1631 4448 mo-

241 4481 335 4533 tus
375 4477 529 4551 ejus,
577 4473 645 4528 in
684 4488 796 4545 quo
835 4477 952 4540 est;
998 4479 1163 4545 atque
1204 4472 1329 4529 ideo
1372 4473 1629 4546 primum

240 4558 621 4631 principium
657 4554 1037 4610 intrinsecum
1068 4558 1256 4611 motus
1282 4558 1631 4626 supernatu-

238 4639 389 4696 ralis
410 4635 592 4695 debet
621 4650 751 4690 esse
770 4639 980 4691 natura
1000 4633 1475 4707 supernaturalis,
1508 4633 1631 4690 sive

236 4715 631 4792 participatio
661 4719 884 4770 naturae
908 4712 1140 4780 divinae,
1167 4728 1291 4786 quae
1319 4729 1435 4770 non
1463 4713 1631 4771 aliter

236 4799 513 4865 habetur,
564 4795 688 4852 nisi
734 4811 834 4867 per
871 4795 1120 4869 gratiam
1155 4793 1624 4861 sanctificantem,

233 4887 304 4938 ut
345 4883 467 4938 late
509 4874 881 4936 ostendimus
920 4882 1082 4931 tract.
1122 4876 1348 4949 praeoed.
1389 4876 1527 4947 disp.
1568 4875 1625 4942 4,

236 4964 371 5021 dub.
403 4965 466 5018 4.
502 4958 718 5016 Prima
754 4974 893 5017 vero
930 4958 1336 5031 consequentia
1374 4956 1631 5032 legitime

390 5044 703 5106 Salmant.
738 5039 904 5100 Curs.
935 5041 1158 5113 theotoy.
1191 5048 1322 5097 tem.
1352 5038 1421 5098 X.

1775 508 2028 566 infertur
2069 526 2139 567 ex
2181 512 2510 584 praemissiS.
2545 515 2612 569 Et
2652 516 2845 571 minor
2885 522 2970 572 est
2995 517 3132 573 satis

1775 589 2100 651 manifesta.
2123 593 2305 665 Maj0r
2322 598 2512 649 autem
2527 594 2831 651 suadetur:
2856 599 3129 668 quoniam

1775 671 2029 741 primum
2055 672 2405 745 principium
2435 673 2814 731 intrinsecum
2837 684 3043 747 motuS,
3077 683 3132 735 et

1775 750 2017 805 ultimus
2066 751 2199 807 finis
2238 752 2492 826 ejusdem
2534 760 2722 811 motus
2774 762 2974 814 mutuo
3019 757 3129 813 sibi

1773 830 2247 903 correspondent;
2281 847 2414 888 nam
2459 833 2646 904 qualis
2679 841 2762 890 est
2788 835 2926 892 ordo
2955 853 3130 911 agen-

1775 910 1941 979 tium,
1989 911 2119 967 talis
2156 917 2239 968 est
2268 912 2407 969 ordo
2446 912 2675 981 finium,
2722 920 2784 970 ut
2819 918 2991 990 vulgo
3015 918 3131 974 dici

1772 991 1916 1047 solet
1954 1008 2133 1066 :ergo
2159 993 2415 1065 primum
2457 995 2806 1068 principium
2849 998 3130 1056 intrinse-

1774 1089 1905 1129 cum
1934 1079 2122 1130 motus
2151 1076 2214 1130 in
2243 1075 2514 1130 ultimum
2541 1074 2733 1144 finem,
2766 1084 2820 1134 et
2848 1077 2982 1134 finis
3009 1081 3130 1153 ipse

1773 1151 1983 1209 debent
2009 1149 2128 1210 esse
2155 1154 2479 1211 formaliter
2505 1156 2553 1229 ej
2564 1155 2757 1213 usdem
2786 1158 3025 1216 ordinis.

1848 1234 2376 1308 204.Respondebis
2390 1253 2520 1293 cum
2543 1239 2893 1296 Authoribus
2908 1249 3128 1300 contra·
3140 1256 3344 1350 Arild'ffina‘

1776 1316 1879 1372 riae
1905 1316 2217 1389 opinioniS,
2252 1316 2398 1374 hanc
2439 1319 2722 1376 rationem
2762 1323 2948 1379 solum
2992 1341 3128 1398 pro-

1776 1478 1982 1543 ritatiS,
2028 1478 2175 1550 quod
2217 1479 2279 1534 in
2318 1481 2502 1554 gratia
2531 1481 2820 1550 fundetur,
2859 1492 2915 1542 et
2954 1486 3024 1543 ab
3064 1505 3132 1545 ea

1774 1557 2107 1630 dependeat,
2124 1575 2294 1639 quam
2316 1560 2465 1631 quod
2482 1560 2581 1617 fiat
2603 1580 2704 1635 per
2722 1566 3005 1623 auxilium
3029 1569 3131 1624 ali·

1773 1637 1923 1713 quod
1948 1640 2232 1696 transiens
2260 1662 2273 1696 ε
2298 1641 2548 1700 minime
2571 1661 2707 1701 vero
2724 1648 2957 1714 evincit,
2982 1649 3132 1721 quod

1774 1718 2093 1792 dependeat
2111 1722 2493 1779 essentialiter
2518 1741 2549 1780 a
2574 1727 2778 1799 gratia,
2813 1734 2978 1802 atque
3007 1730 3134 1789 ideo

1773 1801 1923 1875 quod
1973 1817 2074 1858 nec
2122 1818 2221 1875 per
2268 1804 2530 1861 divinam
2583 1810 2898 1879 potentiam
2947 1814 3135 1869 valeat

1773 1881 1902 1938 fieri
1930 1881 2382 1954 independenter
2410 1883 2480 1939 ab
2509 1886 2632 1942 illa.
2665 1890 2810 1944 Nam
2855 1890 2985 1947 licet
3025 1908 3131 1949 na-

1773 1968 1903 2017 tura
1944 1963 2255 2018 secundum
2283 1980 2343 2019 se
2365 1980 2481 2020 non
2512 1968 2687 2038 possit
2716 1969 2948 2028 tendere
2969 1974 3032 2028 in
3061 1972 3132 2027 fi-

1775 2060 1909 2100 nem
1937 2046 2437 2118 supernaturalem
2461 2071 2474 2113 ;
2506 2048 2916 2121 nihilominuS,
2945 2060 3004 2109 ut
3029 2071 3128 2110 su-

1774 2127 2079 2185 bordinata
2108 2131 2221 2185 Deo
2248 2130 2477 2186 authori
2506 2137 2955 2205 supernaturali,
2988 2142 3043 2193 et
3071 2144 3130 2193 ut

1774 2216 1931 2267 mota
1962 2212 2481 2283 supernaturaliter
2509 2212 2579 2270 ab
2609 2214 2730 2282 illo,
2762 2217 2976 2289 optime
3004 2225 3132 2277 ten·

1772 2291 1910 2348 dere
1954 2295 2108 2349 valet
2146 2294 2209 2348 in
2235 2298 2738 2369 supernaturalem
2779 2297 2975 2365 finem,
3009 2302 3133 2358 sive

1774 2372 1838 2427 in
1865 2372 2042 2429 finem
2071 2374 2333 2432 altiorem
2361 2392 2445 2433 se.
2474 2376 2564 2432 Sic
2590 2378 2747 2434 enim
2778 2395 2924 2451 aqua
2950 2381 3132 2437 maris

1772 2468 1846 2509 ex
1910 2454 2289 2526 impressione
2339 2458 2512 2512 Luna>
2562 2464 2826 2515 movetur
2883 2460 3128 2532 quodam

1772 2540 1931 2590 motu
1959 2533 2071 2590 sibi
2102 2550 2218 2591 non
2239 2538 2639 2603 connaturali;
2669 2543 2724 2593 et
2751 2539 2896 2612 lapis
2921 2557 2991 2597 ex
3013 2542 3129 2598 im-

1774 2618 1939 2690 pulsu
1970 2616 2320 2694 projicientis
2350 2625 2616 2675 movetur
2637 2636 2903 2688 sursum;
2934 2628 2990 2679 et
3028 2621 3132 2680 de-

1773 2698 1967 2771 nique,
1996 2703 2058 2753 ut
2084 2696 2154 2754 ad
2183 2712 2305 2755 rem
2328 2706 2666 2772 praesentem
2694 2703 2878 2777 magis
2899 2705 3129 2763 acceda-

1772 2785 1887 2847 tur,
1919 2781 2093 2838 homo
2114 2783 2367 2839 elevatus
2396 2798 2497 2856 per
2527 2783 2808 2852 habitum,
2840 2788 2932 2843 vel
2960 2789 3130 2845 auxi-

1773 2863 1920 2919 lium
1949 2863 2109 2921 Fidei
2137 2865 2504 2941 Theologicae,
2533 2872 2589 2924 et
2628 2868 2758 2941 Spei
2780 2871 3131 2946 Theologicae

1772 2943 2003 3017 attingit
2045 2947 2224 3001 Deum
2263 2950 2704 3018 supernaturale
2743 2949 3042 3024 objectum,
3075 2959 3131 3010 et

1771 3026 1986 3096 appetit
2013 3028 2511 3097 supernaturalem
2538 3027 2970 3097 beatitudinem,
3002 3032 3131 3089 licet

1771 3121 1890 3162 non
1906 3105 2112 3163 habeat
2137 3108 2199 3162 in
2220 3122 2281 3163 se
2309 3108 2805 3181 participationem
2823 3111 3126 3169 formalem

1770 3189 1996 3242 naturas
2019 3184 2252 3253 divinae,
2272 3187 2369 3243 sed
2391 3189 2579 3260 gratia
2599 3190 2987 3247 sanctificante
3007 3191 3130 3250 des-

1769 3263 2032 3331 tituatur,
2066 3269 2127 3319 ut
2155 3269 2306 3337 patet
2332 3266 2396 3321 in
2421 3272 2706 3338 peccatore
2727 3268 2903 3326 fideli.
2937 3270 3128 3329 Idem-

1769 3359 1878 3415 que
1901 3350 2136 3417 apparet
2162 3345 2223 3399 in
2247 3349 2403 3401 motu
2430 3350 2862 3418 supernaturali
2885 3352 3128 3409 attritio·

1770 3423 1882 3488 niS‚
1916 3430 1971 3480 et
1999 3424 2060 3479 in
2092 3423 2307 3480 actibus
2327 3428 2905 3498 correspondentibus
2925 3433 3128 3504 gratiis

1766 3505 1947 3578 gratis
1968 3504 2134 3570 datis,
2163 3503 2235 3560 ad
2262 3521 2402 3577 quos
2427 3512 2645 3563 certum
2668 3514 2750 3564 est
2779 3511 3007 3567 nullum
3031 3512 3128 3570 ha·

1720 3655 1724 3659 ι
1768 3584 1955 3641 bitum
1988 3585 2228 3658 requiri.
2260 3587 2376 3642 Hoc
2400 3602 2536 3660 ergo
2558 3586 2729 3645 modo
2756 3596 2933 3662 potest
2956 3592 3127 3652 homo

1770 3682 1873 3739 per
1934 3664 2200 3721 divinam
2267 3666 2579 3738 potentiam
2645 3667 2886 3744 diligere
2945 3674 3126 3730 Deum

1769 3760 1966 3804 amore
2016 3745 2312 3801 charitatis
2369 3762 2540 3819 super
2585 3749 2803 3816 omnia,
2860 3754 3129 3824 quamvis

1768 3843 1888 3884 non
1927 3825 2133 3884 habeat
2178 3827 2240 3883 in
2280 3842 2341 3883 se
2377 3829 2623 3901 gratiam
2651 3832 3122 3904 sanctificantem,

1766 3906 1868 3964 sed
1887 3906 2076 3962 solum
2105 3911 2422 3973 moveatur,
2448 3911 2504 3964 et
2522 3909 2779 3966 elevetur
2802 3928 2901 3984 per
2923 3915 3124 3972 motio·

1770 4003 1905 4045 nem
1934 3993 2353 4046 transeuntem.

1843 4069 1971 4124 205.
2028 4067 2136 4124 Sed
2189 4068 2308 4124 haee
2361 4069 2654 4141 responsio
2707 4088 2811 4129 nec
2862 4082 3120 4147 penetrat
3134 4075 3343 4179 tfffissgfo

3182 4174 3276 4225 ejus

3174 4233 3293 4282 ever·

3159 4284 3291 4320 stone.

1768 4154 2024 4206 mentem
2066 4152 2129 4206 D.
2163 4148 2369 4205 Thom.
2395 4164 2496 4206 nec
2517 4151 2687 4206 diluit
2714 4153 2835 4209 vim
2878 4157 3119 4214 rationis

1766 4229 2032 4301 superius
2053 4229 2228 4285 factae.
2251 4231 2363 4285 Pro
2385 4230 2542 4303 cujus
2564 4231 2768 4304 maJori
2787 4234 3120 4311 intelligen-

1766 4309 1849 4364 tia
1873 4308 2192 4366 notandum
2219 4312 2303 4365 est
2324 4309 2531 4380 primo,
2552 4325 2808 4368 amorem
2825 4315 3122 4376 charitatis

1768 4392 1869 4447 Dei
1898 4390 2005 4446 sub
2029 4391 2252 4448 ratione
2275 4391 2466 4447 ultimi
2489 4391 2623 4448 finis
2643 4408 2762 4450 esse
2783 4402 3006 4456 motum
3027 4416 3123 4458 vo·

1767 4471 2110 4537 luntarium,
2161 4486 2289 4527 cum
2337 4471 2494 4526 nihil
2527 4473 2622 4527 sit·
2641 4474 2825 4547 magis
2852 4480 3121 4538 volunta-

1769 4552 1944 4618 rium,
1975 4567 2149 4623 quam
2177 4567 2339 4607 amor
2380 4551 2606 4608 elicitus
2631 4554 2780 4612 circa
2818 4556 3016 4627 finem,
3063 4570 3124 4617 ut

1765 4633 1970 4691 docent
1988 4633 2374 4690 communiter
2389 4633 2678 4710 Theologi,
2693 4642 2750 4693 et
2766 4640 3119 4716 Philosophi.

1766 4717 1847 4771 De
1870 4714 2091 4770 ratione
2115 4718 2303 4770 autem
2333 4715 2648 4772 voluntarii
2677 4722 2779 4786 est,
2810 4722 2962 4793 quod
2988 4724 3064 4779 sit
3091 4741 3124 4782 a

1769 4795 2057 4870 principio
2085 4794 2399 4853 intrinseco
2440 4798 2746 4871 principali
2780 4822 2793 4857 :
2823 4806 2947 4859 tum
2987 4807 3123 4877 quia

1767 4875 2187 4942 voluntarium,
2237 4879 2516 4948 quatenus
2556 4879 2687 4946 tale,
2718 4886 2803 4937 est
2836 4883 3121 4955 quoddam

1772 4971 1954 5033 genus
1985 4955 2139 5026 vitai,
2163 4960 2220 5014 et
2258 4955 2375 5013 haec
2401 4959 2669 5031 exposcit,
2694 4960 2843 5033 quod
2882 4979 3125 5024 movens

1775 1395 1932 1459 bare.
1966 1413 2087 1454 esse
2116 1397 2300 1471 magis
2322 1399 2484 1472 juxta
2515 1405 2781 1457 naturam
2811 1409 2964 1459 actus
2991 1407 3127 1462 cha-
3169 1365 3310 1449 ⁰3⁰2*
