3647 5753
121 746 253 790 Ratio

140 796 234 839 tun·

111 845 285 903 damen·

135 896 250 940 talis.

1441 416 1619 473 mse.
1665 417 1760 485 lx,
1803 417 1969 473 DUB.
2017 417 2058 474 1.
3067 422 3178 475 287

315 604 478 643 serm.
514 579 597 653 17,
625 589 686 644 in
715 587 965 657 Cantica,
988 593 1046 645 et
1065 590 1167 645 alii
1193 590 1385 661 plures
1406 587 1555 661 apud
1570 590 1682 644 Au-

318 668 511 725 thores
536 667 754 725 citatos.

392 754 447 806 7.
468 749 727 820 Secundo
750 750 1023 824 probatur
1047 751 1268 809 ratione
1287 752 1587 825 desumpta
1605 767 1678 810 ex

314 828 510 887 verbis
536 831 781 887 Concilii
809 831 1141 889 Tridentini
1169 830 1366 889 statim
1417 831 1677 889 referen-

315 909 423 977 dis,
473 926 598 983 quae
646 910 1091 969 fundamentum
1140 913 1569 978 haereticorum,
1620 917 1679 970 et

316 991 615 1047 Catharini
665 991 878 1050 directe
907 994 1237 1066 prosternit,
1269 998 1326 1049 et
1373 997 1553 1066 potest
1596 993 1677 1050 ita

315 1070 560 1127 formari
591 1093 605 1129 :
636 1072 910 1145 quoniam
946 1074 1077 1130 licet
1105 1074 1168 1130 in
1194 1089 1354 1129 sacra
1381 1073 1675 1145 Scriptura

316 1152 683 1224 reperiantur
729 1154 1147 1225 propositiones
1194 1153 1569 1219 universales,
1609 1153 1674 1208 in

313 1231 520 1305 quibus
546 1233 880 1291 hominibus
909 1235 1344 1309 poenitentibus,
1377 1243 1474 1294 aut
1499 1236 1674 1293 susci-

315 1312 603 1385 pientibus
625 1314 800 1373 fidem
823 1317 1056 1383 Christi,
1095 1323 1153 1373 et
1174 1319 1541 1376 Sacramenta
1568 1319 1674 1374 Re-

315 1393 547 1468 ligionis
566 1396 926 1463 Christianae,
941 1398 1040 1455 Dei
1057 1398 1263 1472 gratia,
1280 1405 1335 1455 et
1350 1399 1674 1457 misericor-

313 1474 411 1531 dia
425 1478 803 1548 promittitur;
824 1478 1209 1535 nihilominus
1231 1480 1294 1537 in
1316 1480 1406 1536 his
1422 1481 1673 1554 proposi-

313 1557 564 1614 tionibus
584 1559 915 1631 implicatur
936 1560 1204 1627 conditio,
1229 1561 1379 1634 quod
1407 1563 1673 1620 homines

309 1654 370 1696 se
395 1638 703 1713 disponant
722 1642 868 1697 sicut
889 1648 1114 1715 oportet
1142 1641 1212 1699 ad
1250 1646 1669 1717 susceptionem

309 1721 811 1778 Sacramentorum
830 1764 843 1788 ,
893 1727 948 1777 et
992 1723 1194 1797 gratiae
1242 1725 1628 1797 receptionem
1648 1768 1662 1793 ,

308 1804 372 1855 ut
398 1799 702 1861 edocemur
728 1817 799 1858 ex
841 1803 973 1859 aliis
1011 1802 1376 1861 evidentibus
1413 1805 1669 1878 ejusdem

307 1881 782 1955 Scripturaelocis‚
810 1883 872 1939 in
893 1883 1099 1954 quibus
1122 1886 1462 1957 proponitur
1484 1903 1671 1945 neces·

307 1962 444 2017 sitas
489 1962 659 2035 hujus
703 1962 1114 2037 dispositionis.
1160 1971 1216 2022 et
1253 1969 1670 2040 cooperationis

308 2058 376 2099 ex
413 2047 572 2114 parte
599 2043 875 2112 hominiS,
908 2050 970 2100 ut
993 2045 1277 2102 constabit
1313 2062 1385 2103 ex
1412 2048 1669 2106 dicendis

308 2130 468 2179 tract.
497 2140 608 2200 seq.
632 2123 774 2197 disp.
801 2125 863 2190 3,
885 2125 1012 2181 dub.
1048 2128 1096 2181 1.
1129 2125 1293 2183 Unde
1313 2142 1383 2184 ex
1409 2128 1469 2185 vi
1490 2145 1668 2203 gene-

309 2204 519 2261 ralium
543 2204 781 2262 illarum
812 2207 1267 2279 propositionum
1296 2223 1466 2267 nemo
1487 2216 1670 2284 potest

304 2289 456 2341 certo
480 2285 825 2345 certitudine
852 2286 983 2344 fidei
1015 2287 1384 2353 immediatae,
1412 2306 1515 2347 nec
1542 2307 1667 2348 me-

305 2364 472 2421 diatae
493 2365 768 2439 Judicare,
817 2367 965 2440 quod
1008 2375 1390 2442 consequutus
1414 2371 1492 2427 sit
1530 2389 1667 2447 gra—

306 2447 469 2513 tiam,
525 2464 764 2522 eamque
813 2457 1142 2517 conservet,
1209 2452 1321 2508 nisi
1371 2458 1668 2528 cognoscat

304 2533 460 2584 certo
486 2530 579 2584 vel
605 2530 947 2588 certitudine
966 2531 1117 2596 fidei,
1151 2534 1242 2590 vel
1264 2535 1467 2591 saltem
1491 2535 1665 2590 certi-

307 2610 512 2667 tudine
555 2612 831 2679 scientiae,
883 2620 942 2670 et
984 2613 1314 2673 evidentiae.
1345 2617 1659 2686 naturalis,

304 2690 456 2766 quod
504 2691 794 2763 praedictas
831 2693 1232 2766 dispositiones
1259 2712 1330 2752 ex
1378 2702 1537 2770 parte
1562 2713 1662 2757 sua

304 2773 664 2841 adhibuerit;
696 2776 863 2832 aliter
890 2776 1049 2832 enim
1093 2792 1210 2834 non
1238 2779 1389 2835 valet
1414 2795 1485 2836 ex
1526 2779 1664 2836 uni-

300 2857 623 2916 versalibus
651 2857 770 2914 illis
793 2859 1276 2932 propositionibus
1300 2878 1466 2919 suam
1492 2863 1665 2936 parti·

299 2941 555 2997 cularem
579 2939 1042 3014 justificationem
1085 2943 1372 3016 colligere,
1417 2959 1663 3017 eamque

300 3025 496 3078 tenere
542 3035 777 3077 assensu
818 3026 970 3078 certo
1010 3019 1144 3079 fidei
1172 3022 1539 3091 immediatas,
1571 3026 1662 3082 vel

301 3095 589 3156 mediatae.
617 3101 786 3172 Atqui
816 3101 1042 3158 homini
1063 3100 1379 3159 secundum
1400 3119 1663 3160 commu-

303 3186 545 3251 nem,-et
590 3182 946 3240 ordinariam
974 3185 1173 3259 gratiae
1213 3185 1657 3257 providentiam,

302 3267 359 3319 et
393 3263 612 3320 secluso
636 3263 869 3336 speciali
899 3264 1220 3339 privilegi0,
1255 3266 1452 3338 nequit
1495 3283 1662 3325 cons-

303 3347 427 3400 tare
450 3347 605 3400 certo
624 3343 920 3401 certudine
939 3343 1093 3412 fidei,
1122 3346 1211 3402 vel
1239 3345 1543 3404 evidentiae
1566 3365 1664 3405 na-

303 3424 527 3491 turalis,
553 3422 704 3496 quod
739 3423 1069 3482 adhibuerit
1096 3424 1390 3498 praedictas
1414 3425 1663 3501 disposi-

299 3503 536 3560 sitiones
581 3504 726 3560 sicut
764 3510 1002 3577 oportet,
1049 3512 1112 3562 ut
1149 3506 1203 3562 ei
1236 3504 1663 3579 justificationis

298 3583 484 3657 gratia
530 3582 893 3641 infundatur.
935 3587 1085 3660 Ergo
1131 3586 1304 3644 homo
1348 3587 1661 3645 secundum

298 3679 667 3721 communem
711 3665 1155 3738 providentiam,
1186 3670 1243 3722 et
1267 3667 1484 3724 secluso
1530 3684 1662 3742 spe-

298 3746 433 3803 ciali
464 3747 771 3821 privilegio
793 3748 992 3821 nequit
1008 3764 1347 3824 cognoscere
1373 3753 1528 3807 certo
1546 3767 1665 3808 cer·

302 3826 547 3885 titudine
562 3826 694 3885 fidei
712 3828 1078 3896 immediatas,
1100 3831 1192 3886 vel
1210 3828 1492 3898 mediatae,
1512 3831 1662 3905 quod

302 3910 578 3982 receperit
613 3911 893 3984 gratiam;
937 3916 995 3967 et
1036 3918 1461 3985 consequenter,
1512 3913 1662 3987 quod

297 4003 425 4046 eam
470 3996 786 4048 conservet.
830 3991 1032 4066 Major,
1076 3997 1133 4049 et
1179 3998 1418 4065 utraque
1462 4009 1662 4052 conse-

296 4070 532 4141 quentia
571 4075 782 4144 patent.
832 4072 1027 4128 Minor
1066 4077 1258 4130 autem
1305 4073 1659 4143 ostenditur;

297 4150 512 4206 namin
528 4151 752 4222 primis,
771 4151 921 4224 quod
939 4153 1110 4211 homo
1124 4153 1233 4220 hic,
1251 4158 1309 4211 et
1325 4170 1478 4211 nunc
1493 4153 1663 4212 adhi-

297 4230 487 4288 buerit
512 4247 609 4289 eas
629 4234 1049 4306 dispositiones,
1074 4239 1130 4291 et
1148 4234 1300 4307 quod
1322 4235 1392 4293 ad
1410 4251 1509 4293 eas
1529 4252 1666 4294 con·

297 4313 547 4371 currerit
592 4314 738 4370 sicut
780 4320 1018 4388 oportet,
1059 4331 1178 4372 non
1217 4323 1303 4375 est
1341 4320 1662 4375 revelatum

303 4410 407 4453 nec
432 4411 535 4468 per
558 4412 779 4454 sacram
806 4400 1183 4473 Scriptorum,
1218 4415 1322 4457 nec
1348 4416 1450 4473 per
1475 4403 1662 4474 Apos-

298 4478 528 4536 tolicam
556 4476 945 4544 traditionem,
978 4485 1040 4537 ut
1066 4479 1137 4538 de
1161 4496 1222 4538 se
1262 4481 1479 4554 liquet;
1528 4498 1665 4557 ergo

297 4558 472 4620 homo
518 4559 718 4632 nequit
758 4560 992 4619 credere
1037 4576 1138 4634 per
1177 4576 1473 4618 assensum
1523 4560 1661 4620 fidei

295 4640 665 4705 universalis,
690 4638 840 4712 quod
861 4640 971 4707 hic,
1003 4647 1059 4697 et
1086 4655 1241 4697 nunc
1259 4641 1523 4699 elicuerit
1542 4641 1665 4699 dis-

294 4720 631 4795 positiones,
682 4720 828 4777 sicut
853 4726 1090 4793 oportet,
1133 4721 1256 4778 sive
1299 4723 1376 4793 (et
1416 4722 1479 4779 in
1506 4721 1661 4780 idem

295 4801 468 4873 redit)
494 4799 649 4874 quod
676 4799 1007 4859 adhibuerit
1031 4817 1127 4859 eas
1151 4800 1526 4870 conditiones,
1556 4803 1666 4861 sub

290 4881 506 4961 quibus
523 4881 826 4957 generales
840 4882 1202 4954 loquutiones
1213 4883 1520 4957 Scripturas
1537 4900 1667 4959 gra-

287 4967 430 5025 tiam
460 4961 834 5038 promittunt.
854 4964 1091 5029 Rursus,
1116 4962 1241 5028 hoc,
1264 4961 1415 5036 quod
1433 4969 1517 5020 est
1541 4963 1664 5021 dis·

296 5046 622 5122 positiones
647 5058 720 5100 ex
741 5047 902 5115 parte
923 5043 1179 5101 hominis
1201 5042 1501 5117 requisitas
1519 5059 1661 5114 esse,

1811 587 1957 645 sicut
1983 594 2212 662 oportet
2241 590 2312 646 ad
2338 591 2602 657 salutem,
2638 596 2723 648 est
2749 589 3008 663 quaedam
3036 606 3176 647 con-

1810 667 1953 726 ditio
1998 670 2295 742 pertinens
2335 669 2405 726 ad
2451 670 2717 728 ordinem
2758 675 3176 743 supernatura-

1811 750 1944 817 lem,
1967 756 2027 806 ut
2047 751 2185 807 satis
2206 752 2383 823 liquet
2402 767 2473 808 ex
2490 751 2653 808 dictis
2672 752 2877 824 disput.
2904 753 2956 816 3,
2972 750 3098 807 dub.
3116 752 3170 816 2,

1808 851 1933 889 cum
1969 833 2311 910 sequentibus
2350 833 2490 890 :sed
2521 835 2693 891 homo
2720 835 2919 907 nequit
2962 832 3174 889 habere

1809 914 2133 977 naturalem
2155 912 2508 970 evidentiam
2536 930 2757 979 eorum,
2784 929 2907 985 quae
2930 911 3000 968 ad
3021 911 3172 969 ordi-

1808 1007 1941 1049 nem
1987 994 2490 1066 supernaturalem
2518 1000 2791 1066 spectant,
2845 998 2906 1048 ut
2953 997 3171 1048 constat

1806 1091 1878 1131 ex
1897 1074 2062 1131 dictis
2082 1094 2292 1132 numer.
2309 1077 2365 1141 43
2390 1091 2524 1148 ergo
2546 1076 2719 1132 homo
2742 1074 2938 1147 nequit
2960 1072 3170 1129 habere

1803 1154 2210 1212 certitudinem
2232 1154 2538 1212 evidentias
2564 1160 2699 1210 natu
2710 1155 2865 1218 ralis¹
2895 1150 3042 1225 quod
3063 1167 3167 1208 ex-

1805 1233 2060 1290 hibuerit
2103 1251 2175 1291 ex
2223 1240 2382 1308 parte
2428 1251 2530 1291 sua
2578 1234 2978 1308 dispositiones
3022 1233 3167 1288 sicut

1803 1319 2043 1388 oportet,
2070 1321 2132 1371 ut
2149 1316 2337 1390 gratia
2360 1316 2641 1388 promissa
2664 1316 2773 1387 ipsi
2799 1314 3162 1371 infundatur.

1880 1398 1995 1454 Hoc
2035 1396 2476 1454 fundamentum
2526 1397 2796 1469 proponit
2842 1396 3164 1453 Concilium
3206 1404 3342 1449 Robo-

1803 1476 2211 1534 Tridentinum
2238 1495 2367 1533 sess.
2396 1479 2452 1545 6,
2483 1496 2603 1550 cap.
2636 1478 2690 1544 9,
2722 1493 2900 1551 eoque
2930 1478 3164 1534 inanem
3179 1459 3352 1548 efflgfi.

1804 1557 2202 1616 haereticorum
2243 1558 2514 1616 fiduciam
2545 1558 2817 1623 retundit,
2856 1557 3166 1615 evertendo
3181 1552 3362 1647 Ἧὲξξζῑ·

1801 1640 1977 1695 simul
2005 1655 2207 1696 eorum
2228 1640 2532 1707 motivum,
2558 1646 2615 1696 et
2643 1637 2986 1696 declarando
3021 1655 3166 1711 qua-

1801 1720 1936 1776 liter
1981 1719 2150 1794 hujus
2192 1720 2555 1777 certitudinis
2587 1719 2836 1776 defectus
2882 1736 2998 1776 non
3029 1737 3165 1793 pro-

1801 1800 1997 1858 veniat
2024 1817 2095 1857 ex
2124 1800 2499 1868 dubitatione,
2543 1816 2717 1873 quam
2741 1801 3015 1857 Catholici
3056 1800 3164 1858 ha-

1799 1882 2036 1939 beamus
2059 1882 2127 1940 de
2153 1883 2371 1939 divinis
2400 1881 2898 1955 promissionibus,
2927 1887 3023 1939 aut
3047 1883 3164 1938 mi-

1799 1963 2111 2022 sericordia
2140 1966 2258 2030 Dei,
2295 1970 2392 2020 aut
2416 1963 2803 2020 satisfactione
2837 1962 3067 2031 Christi,
3103 1969 3163 2019 ut

1799 2047 1992 2120 inepte
2026 2046 2369 2120 objiciebant
2410 2046 2680 2113 haeretici,
2712 2051 2769 2101 et
2791 2044 3027 2117 quidam
3057 2046 3159 2101 alii

1797 2128 1862 2186 in
1884 2128 1988 2184 hac
2012 2133 2171 2200 parte
2191 2124 2430 2201 decepti.
2462 2152 2487 2181 α
2512 2127 2618 2184 Sed
2643 2142 2824 2198 neque
2849 2125 2993 2181 illud
3017 2142 3161 2183 asse·

1804 2232 1830 2263 α
1874 2209 2119 2267 rendum
2172 2216 2257 2266 est
2297 2231 2323 2261 n
2388 2209 2599 2282 (inquit
2656 2225 2817 2265 sacra
2875 2205 3159 2280 synodus)
3173 2210 3353 2303 Ἰςῐῐῗιᾶἓιὲῑ

1804 2314 1831 2344 α
1872 2298 2132 2364 oportere
2153 2308 2249 2347 eos
2268 2291 2365 2364 qui
2388 2308 2523 2348 vere
2541 2288 2831 2363 justificati
2854 2294 3008 2352 sunt,
3035 2287 3159 2343 abs·

1803 2393 1830 2423 α
1871 2386 1980 2444 que
2004 2373 2121 2428 ulla
2143 2372 2384 2428 omnino
2404 2369 2762 2427 dubitatione
2783 2367 2932 2440 apud
2953 2373 3159 2424 semet-

1803 2476 1829 2507 α
1872 2454 2024 2527 ipsos
2069 2458 2316 2509 statuere
2344 2469 2403 2509 se
2429 2468 2550 2510 esse
2573 2448 2927 2525 justificatos,
2965 2447 3157 2503 nemi-

1803 2559 1830 2589 α
1876 2552 2122 2609 nemque
2148 2552 2181 2592 a
2210 2536 2449 2609 peccatis
2473 2534 2712 2599 absolvi,
2745 2549 2808 2589 ac
2827 2529 3153 2605 justificari,

1802 2639 1829 2670 α
1870 2616 1983 2673 nisi
2023 2632 2155 2673 eum
2184 2616 2281 2688 qui
2321 2621 2475 2673 certo
2500 2613 2691 2672 credat
2717 2628 2777 2669 se
2805 2611 3152 2674 absolutum,

1802 2718 1828 2750 α
1870 2701 2037 2769 atque
2076 2694 2448 2770 justificatum
2486 2711 2640 2761 esse3
2682 2699 2848 2766 atque
2893 2691 2996 2747 hac
3034 2690 3157 2747 sola

1802 2799 1828 2830 α
1869 2774 1982 2833 fide
2007 2775 2445 2840 absolutione-m,
2471 2782 2526 2832 et
2541 2772 3008 2850 justificationem
3035 2785 3157 2842 per-

1801 2881 1828 2912 «
1870 2855 2002 2925 fici;
2043 2858 2203 2930 quasi
2249 2856 2346 2931 qui
2387 2856 2493 2914 hoc
2533 2870 2649 2914 non
2690 2853 2889 2917 credit,
2935 2850 3004 2908 de
3051 2850 3151 2909 Dei

1801 2961 1827 2992 α
1871 2939 2168 3011 promissis
2216 2959 2241 2990 ι»
2274 2938 2415 3002 (haec
2458 2943 2583 2995 erat
2621 2935 3019 2994 haereticorum
3060 2948 3156 2988 ca-

1795 3021 2041 3091 lumnia)
2076 3043 2102 3073 α
2132 3019 2313 3093 deque
2359 3020 2579 3085 mortis,
2616 3024 2672 3076 et
2722 3014 3159 3074 resurrectionis

1798 3125 1825 3154 α
1870 3101 2081 3158 Christi
2104 3101 2349 3159 efficacia
2369 3101 2609 3158 dubitet.
2636 3104 2781 3156 Nam
2805 3100 2978 3154 sicut»
3009 3103 3158 3165 (ecce

1795 3185 2249 3258 responsionem)
2282 3205 2307 3236 «
2339 3199 2510 3240 nemo
2539 3182 2666 3255 pius
2693 3179 2763 3237 de
2790 3180 2888 3236 Dei
2919 3177 3156 3234 miseri-

1797 3287 1823 3319 «
1868 3265 2080 3325 cordia.
2126 3264 2196 3321 de
2237 3265 2452 3321 Christi
2482 3262 2710 3328 merito,
2741 3261 2920 3334 deque
2953 3262 3157 3315 Sacra-

1799 3369 1826 3400 «
1869 3352 2196 3403 mentorum
2242 3346 2475 3409 virtute,
2516 3349 2574 3399 et
2610 3342 2855 3400 efficacia
2894 3339 3159 3396 dubitare

1797 3447 1823 3478 α
1867 3425 2034 3483 debet
2066 3426 2184 3482 :sic
2216 3424 2461 3498 quilibet
2488 3423 2627 3479 dum
2654 3423 2929 3495 seipsum,
2960 3435 3159 3475 suam-

1799 3528 1825 3559 α
1866 3522 1975 3579 que
2003 3505 2299 3578 propriam
2345 3502 2768 3566 infirmitatem,
2799 3507 2853 3557 et
2897 3499 3159 3571 indispo-

1800 3609 1826 3640 α
1867 3586 2136 3642 sitionem
2183 3585 2429 3657 respicit,
2479 3582 2550 3639 de
2588 3598 2692 3638 sua
2735 3582 2922 3655 gratia
2952 3579 3160 3636 sormi-

1800 3689 1827 3719 α
1867 3665 2025 3732 dare,
2055 3672 2112 3723 et
2151 3666 2361 3721 timere
2391 3668 2597 3737 potest;
2629 3678 2757 3718 cum
2789 3662 2986 3717 nullus
3012 3660 3163 3716 scire

1800 3771 1827 3803 α
1868 3749 2055 3805 valeat
2094 3745 2442 3804 certitudine
2492 3743 2646 3812 fidei,
2678 3744 2768 3799 cui
2819 3758 2935 3798 non
2980 3747 3162 3814 potest

1799 3852 1827 3884 α
1866 3827 2098 3887 subesse
2124 3828 2352 3894 falsum,
2384 3844 2445 3886 se
2464 3826 2714 3903 gratiam
2754 3825 2854 3881 Dei
2877 3839 2996 3881 esse
3016 3839 3159 3881 con-

1799 3933 1827 3964 «
1866 3916 2194 3984 sequutum.
2236 3930 2262 3962 n
2303 3911 2489 3974 Quam
2529 3906 2851 3964 doctrinam
2878 3910 3157 3977 quantum

1793 3991 1864 4049 ad
1892 3993 2016 4059 hoc,
2058 3991 2210 4066 quod
2246 3991 2419 4049 homo
2447 4005 2564 4047 non
2592 3994 2818 4046 tenetur
2843 3986 3073 4044 credere
3100 4003 3160 4044 se

1794 4072 2033 4136 absolvi,
2083 4078 2140 4128 et
2162 4070 2485 4146 justificari,
2519 4075 2582 4125 ut
2628 4067 3072 4132 absolutionem,
3102 4072 3159 4124 et

1788 4150 2256 4227 justificationem
2283 4155 2680 4223 consequatur,
2726 4147 2935 4204 diffinit
2973 4147 3036 4203 in
3062 4163 3158 4203 ca-

1795 4231 2062 4300 nonibus,
2094 4247 2235 4304 quos
2267 4248 2418 4287 num.
2457 4231 2493 4284 5
2528 4227 2791 4285 dedimus
2826 4249 2840 4284 :
2872 4225 3022 4283 unde
3054 4242 3160 4300 op-

1795 4313 2043 4387 positum
2096 4328 2350 4370 asserere
2409 4317 2497 4368 est
2543 4309 2775 4367 haeresis
2825 4308 3152 4366 manifesta.

1792 4396 2088 4460 Quantum
2116 4410 2255 4452 vero
2281 4392 2353 4450 ad
2380 4393 2503 4458 hoc,
2534 4390 2687 4465 quod
2713 4390 2905 4456 home,
2938 4391 3158 4447 secluso

1793 4474 2026 4548 speciali
2051 4473 2374 4548 privilegiO,
2404 4471 2601 4545 nequit
2622 4486 2958 4545 cognoscere
2983 4470 3158 4527 certi-

1795 4553 1996 4610 tudine
2024 4551 2158 4610 fidei
2183 4568 2244 4610 se
2269 4552 2516 4626 gratiam
2553 4548 2984 4624 justificationis
3019 4566 3158 4607 con-

1793 4635 1974 4709 sequi,
2001 4640 2101 4692 aut
2119 4634 2350 4700 habere,
2383 4649 2501 4691 non
2521 4631 2762 4712 diffinit3
2791 4636 2845 4688 et
2876 4630 3003 4689 ideo
3022 4647 3159 4688 sen-

1795 4716 1976 4773 tentia
2001 4714 2297 4772 Catharini
2331 4730 2448 4771 non
2468 4718 2553 4771 est
2573 4712 2881 4769 manifesta
2903 4712 3156 4779 haeresis3

1793 4805 1879 4857 est
1900 4802 2093 4855 tamen
2112 4811 2376 4862 erronea,
2401 4800 2457 4853 et
2484 4795 2826 4862 temeraria3
2848 4795 2983 4868 quia
3010 4796 3162 4852 Con-

1793 4881 1996 4940 cilium
2028 4882 2092 4938 in
2131 4896 2236 4938 sua
2261 4878 2524 4937 doctrina
2550 4877 2781 4935 disertis
2808 4877 3000 4935 verbis
3024 4895 3165 4952 sup·

1795 4965 1978 5038 ponit,
2021 4966 2078 5021 et
2126 4962 2482 5036 pronuntiat,
2514 4960 2813 5018 hominem
2854 4976 2970 5017 non
3007 4977 3167 5034 posse

1793 5060 2138 5121 cognoscere
2163 5042 2507 5101 certitudine
2533 5040 2688 5112 fidei,
2712 5042 2803 5099 cui
2835 5058 2953 5100 non
2989 5047 3168 5116 potest
