3647 5753
498 379 613 435 628
1171 379 1265 432 DE
1307 378 1748 444 QUIDDITATE
1785 378 2385 435 JUSTIFICATIONIS
2426 379 2633 434 lMPII.

502 550 763 596 miraculosis
779 548 976 602 operibus
988 547 1199 592 invenitur
1214 547 1324 602 quod
1338 547 1644 592 sormainducta
1660 552 1725 593 est
1740 559 1864 602 snpra

503 607 728 651 naturalem
746 604 971 659 potentiam
999 604 1097 647 talis
1126 606 1310 648 materiae
1340 623 1353 648 ι
1388 605 1496 650 sicut
1525 604 1567 648 in
1594 605 1864 652 suscitatione

505 666 654 710 mortui
672 671 751 708 vna
769 669 834 707 est
851 674 969 716 supra
992 665 1217 708 naturalem
1238 664 1461 716 potentiam
1478 664 1575 708 talis
1592 664 1791 718 corporis.
1810 666 1865 707 Et

502 729 699 777 qnantum
714 722 769 765 ad
788 723 878 772 hoc,
896 721 1137 774 justillcatio
1164 720 1280 774 impii
1299 731 1382 764 non
1399 727 1463 765 est
1489 722 1750 772 miraculosa.
1767 723 1864 776 qnia

503 782 750 828 naturaliter
763 780 897 823 anima
917 784 980 823 est
996 779 1140 833 gratiae
1156 791 1284 834 capax
1297 798 1308 831 ς
1321 790 1373 825 eo
1384 781 1496 825 enim
1515 781 1620 834 ipso.
1631 780 1742 835 quod
1758 780 1865 825 tacta

498 845 568 885 est
583 838 636 882 ad
656 837 877 890 imaginem
894 835 990 886 Dei,
1010 846 1136 889 capax
1152 841 1216 879 est
1234 836 1314 882 Dei
1333 847 1408 891 per
1423 838 1611 891 gratiam,
1630 842 1674 881 ut
1688 839 1864 889 August.

497 896 620 940 dicit,
637 896 781 939 Tertio
798 893 920 937 modo
940 894 982 936 in
994 892 1189 946 operibus
1207 893 1466 937 miraculosis
1478 894 1690 938 invenitur
1704 893 1865 948 aliquid

499 958 651 1007 praeter
678 951 844 996 solitum
874 955 916 994 et
944 954 1181 994 consuetum
1213 949 1404 994 ordinem
1433 951 1626 995 causandi
1648 952 1862 1002 effectum

496 1010 604 1054 sieut
637 1018 727 1052 cum
757 1007 911 1061 aliquis
941 1006 1128 1049 infirmus
1155 1005 1372 1050 sanitatem
1392 1008 1614 1061 perfectam
1631 1008 1866 1063 assequitur

492 1066 638 1111 subito
668 1071 816 1121 praeter
842 1064 1009 1108 solitum
1044 1074 1205 1107 cursum
1229 1064 1471 1116 sanationis,
1492 1076 1583 1120 qnae
1601 1067 1684 1109 fita
1705 1072 1862 1117 natura,

495 1124 568 1168 vel
581 1128 696 1168 arte:
715 1128 759 1166 et
771 1125 964 1175 quantum
983 1120 1036 1163 ad
1056 1121 1133 1164 hoc
1146 1119 1391 1174 justificatio
1412 1121 1527 1175 impii
1546 1121 1789 1176 quandoque
1799 1127 1867 1166 est

498 1182 760 1231 miraculosa,
777 1186 819 1223 et
848 1179 1093 1232 quandoque
1124 1189 1221 1222 non.
1242 1181 1317 1223 Est
1333 1180 1445 1224 enim
1465 1179 1544 1225 iste
1562 1181 1803 1230 communis,
1821 1185 1865 1223 et

490 1244 718 1284 consuetus
735 1234 1211 1288 cursnsjnstiticationis,
1225 1241 1269 1279 ut
1282 1237 1372 1280 Deo
1385 1241 1573 1280 movente
1589 1235 1764 1280 interius
1772 1237 1870 1280 ani:

497 1301 620 1348 mam,
640 1297 760 1340 honio
776 1299 1038 1338 convertatur
1066 1292 1119 1336 ad
1152 1294 1298 1342 Deum.
1329 1293 1462 1347 primo
1492 1294 1659 1348 quidem
1690 1305 1864 1340 conver·

492 1353 617 1398 sione
636 1351 890 1405 imperfecta,
910 1355 952 1393 ut
968 1349 1227 1401 postmodum
1242 1349 1296 1393 ad
1308 1349 1529 1403 perfectam
1547 1350 1754 1403 deveniat,
1767 1350 1865 1406 qnia

495 1408 678 1454 charitas
693 1407 882 1451 inchoata
901 1411 1081 1450 meretur
1099 1404 1257 1457 augeri,
1279 1410 1323 1450 ut
1339 1411 1458 1450 aucta
1478 1413 1682 1452 mereatur
1701 1409 1863 1461 perfici,

495 1468 603 1512 sicut
631 1468 804 1519 August.
837 1465 955 1508 dicit.
977 1462 1232 1516 Quandoque
1250 1473 1350 1508 vero
1368 1469 1450 1508 tam
1469 1465 1737 1511 vehementer
1752 1467 1867 1509 Deus

488 1525 676 1568 animam
702 1526 852 1572 movet,
884 1525 928 1564 ut
956 1519 1093 1562 statim
1123 1519 1328 1573 quandam
1360 1520 1657 1573 perfectionem
1686 1520 1866 1574 jnstitlae

494 1585 737 1636 assequatur
756 1578 880 1631 (sicut
908 1578 1007 1623 fecit
1023 1577 1066 1621 in
1084 1579 1359 1623 conversione
1376 1578 1514 1627 Pauli)
1531 1579 1718 1623 adhibita
1737 1579 1866 1624 etiam
1887 1601 1890 1602 ν

494 1639 680 1684 exterius
719 1636 962 1681 miraculosa
994 1636 1294 1688 prostratione;
1324 1641 1366 1680 et
1392 1635 1492 1680 ideo
1509 1637 1727 1680 conversio
1745 1635 1864 1680 Pauli

486 1701 686 1749 tanquam
714 1694 954 1738 miraculosa
978 1691 1022 1734 in
1048 1692 1237 1736 Ecclesia
1261 1699 1599 1737 commemoratur
1624 1693 1863 1737 celebriter.

548 1751 615 1794 Ad
649 1751 823 1803 primum
850 1760 951 1803 ergo
982 1749 1220 1799 dicendum,
1253 1749 1362 1803 quod
1394 1750 1581 1804 quaedam
1617 1750 1864 1794 miraculosa

497 1819 637 1862 opera,
668 1809 748 1852 etsi
769 1809 852 1851 sint
873 1819 1046 1858 minora,
1066 1817 1184 1860 quarn
1201 1807 1446 1860 justificatio
1467 1806 1580 1861 impii
1600 1812 1794 1862 quantum
1809 1807 1863 1851 ad

497 1865 650 1909 bonum
685 1863 794 1917 quod
820 1865 892 1914 tlt;
928 1868 1022 1908 sunt
1050 1868 1187 1907 tamen
1219 1870 1367 1916 praeter
1398 1869 1637 1907 consuetum
1672 1862 1863 1907 ordinem

493 1921 639 1966 talium
674 1922 903 1972 effectuum,
941 1925 986 1964 et
1021 1919 1118 1964 idco
1153 1920 1246 1972 plus
1281 1920 1436 1965 habent
1469 1919 1523 1964 de
1553 1920 1713 1964 ratione
1739 1920 1865 1963 mira·

543 2042 610 2085 Ad
622 2041 847 2086 secundnm
863 2038 1101 2088 dicendum.
1122 2039 1230 2094 quod
1252 2050 1332 2083 non
1353 2041 1690 2095 quandocumque
1709 2050 1776 2084 res
1795 2051 1866 2084 na·

493 2097 642 2142 taralis
665 2103 847 2142 movetur
867 2103 1008 2140 eontra
1028 2107 1142 2140 suam
1164 2096 1494 2147 inclinationem,
1526 2102 1591 2141 est
1621 2107 1722 2150 opus
1742 2097 1864 2139 mira-

494 2155 900 2210 culosun1(alioqntn
918 2156 1208 2199 miraculosum
1225 2159 1352 2207 esset,
1373 2154 1482 2209 quod
1506 2165 1612 2209 aqua
1637 2155 1861 2208 calefieret,

491 2213 564 2257 vel
582 2212 692 2266 quod
711 2212 817 2265 lapis
835 2224 995 2257 sursum
1014 2211 1305 2266 projiceretur)
1322 2231 1334 2264 ς
1361 2213 1435 2257 sed
1461 2213 1705 2267 quandoque
1724 2212 1801 2256 hoc
1819 2213 1864 2255 tlt

493 2275 646 2323 praeter
675 2270 864 2313 ordinem
896 2268 1072 2323 propriae
1103 2279 1251 2322 causae,
1275 2280 1367 2323 quae
1397 2274 1490 2313 nata
1519 2275 1583 2314 est
1603 2270 1739 2314 facere
1769 2270 1859 2314 hoe.

488 2330 520 2371 J
524 2329 731 2372 ustificare
766 2332 900 2372 autem
944 2328 1115 2381 impium
1152 2328 1266 2373 nulla
1300 2328 1384 2372 alia
1427 2339 1548 2373 causa
1594 2333 1741 2381 potest,
1779 2329 1861 2373 nisi

494 2388 626 2437 Deus,
644 2387 751 2430 sieut
770 2395 846 2429 nec
870 2397 1016 2439 aquam
1037 2386 1279 2439 calefacere,
1313 2387 1394 2431 nisi
1416 2388 1539 2438 ignis.
1558 2390 1609 2430 Et
1627 2384 1864 2438 idcojnsti-

486 2445 628 2489 ficatio
648 2437 763 2497 impii
783 2455 807 2488 a
826 2446 931 2492 Deo.
950 2451 1142 2497 quantum
1160 2444 1212 2487 ad
1233 2445 1323 2495 hoe.
1346 2456 1429 2489 nou
1446 2451 1511 2490 est
1533 2445 1794 2490 miraculosa.

540 2501 606 2544 Ad
627 2502 791 2546 tertium
808 2500 1043 2552 dicendum,
1061 2501 1169 2555 quod
1182 2503 1440 2555 sapientiam,
1455 2508 1499 2548 et
1511 2502 1728 2547 scientiam
1741 2501 1863 2544 homo

489 2566 611 2604 natus
624 2565 689 2604 est
700 2559 915 2612 acquirere
928 2571 952 2603 a
966 2563 1056 2605 Deo
1070 2571 1144 2615 per
1155 2562 1364 2615 proprium
1379 2562 1592 2615 ingenium
1606 2566 1648 2606 et
1662 2559 1859 2610 studium.

481 2623 531 2663 et
550 2618 647 2663 ideo
661 2618 826 2672 quando
846 2624 995 2670 praeter
1007 2619 1113 2662 hune
1132 2620 1299 2663 modum
1312 2620 1432 2662 nomo
1446 2619 1626 2672 sapiens,
1641 2618 1707 2662 vel
1723 2627 1863 2661 sciens

486 2674 682 2725 eflicitur.
708 2680 775 2719 est
791 2674 1079 2719 miraculosum
1110 2693 1121 2719 ε
1152 2676 1226 2719 sed
1255 2676 1428 2729 gratiam
1453 2674 1750 2727 justificantem
1780 2685 1862 2718 uon

490 2737 560 2776 est
589 2733 709 2775 homo
735 2738 856 2776 natus
885 2731 1099 2784 acquirere
1130 2741 1204 2784 per
1221 2742 1335 2776 suam
1352 2731 1649 2784 operationem.
1669 2731 1742 2775 sed
1770 2732 1863 2775 Deo

495 2793 707 2841 operante.
728 2788 850 2832 Unde
868 2799 949 2832 non
967 2794 1031 2832 est
1048 2787 1202 2831 simile.
1784 2785 1787 2800 ’

571 2927 770 2985 Prima
816 2928 1143 2984 conclusio:
1179 2924 1519 2982 Justifieatio
1564 2924 1756 2997 impii,
1800 2931 1863 2981 ut

492 3010 879 3067 communiter
926 3007 1010 3074 fit,
1062 3024 1180 3064 non
1225 3013 1311 3064 est
1354 3022 1497 3081 opus
1543 3007 1862 3063 miraculo-

493 3109 642 3149 sum.

564 3173 822 3233 Secunda
873 3174 1146 3228 conclusio
1198 3191 1216 3226 :
1267 3172 1489 3245 Aliquae
1539 3172 1860 3247 impiorum

484 3253 921 3329 justificationes
948 3261 1084 3311 sunt
1111 3255 1491 3312 miraculosae,

794 3477 1384 3550 DISPUTATIO
1435 3480 1559 3553 IV.

497 3655 602 3721 De
637 3654 1050 3739 quiddz‘tate‚
1085 3661 1148 3720 et
1172 3657 1612 3741 perfectione
1651 3657 1861 3743 justi-

859 3761 1215 3843 ficationis
1261 3764 1492 3849 impii.

570 3926 870 3999 Supposita
892 3928 1099 3985 notitia
1138 3943 1365 3995 eorum,
1392 3944 1518 4001 quae
1554 3929 1625 3986 ad
1647 3930 1865 4006 justifl—

490 4007 780 4064 eationem
823 4009 990 4082 impii
1013 4015 1364 4065 concurrunt
1386 4012 1475 4068 vel
1504 4027 1603 4084 per
1625 4012 1864 4070 modum

495 4090 735 4146 termini
763 4107 810 4169 ‘a
836 4107 966 4163 que,
998 4090 1090 4147 vel
1122 4108 1222 4165 per
1248 4091 1486 4149 modum
1521 4093 1762 4150 termini
1791 4094 1865 4151 ad

495 4186 690 4242 quem,
715 4186 813 4227 seu
848 4187 1029 4228 causae
1056 4172 1338 4241 formaliS,
1366 4174 1459 4230 vel
1485 4172 1734 4246 denique
1761 4191 1864 4249 per

497 4251 734 4308 modum
765 4250 1173 4324 dispositionis,
1202 4253 1388 4310 facilis
1411 4258 1561 4325 patet
1582 4254 1769 4311 aditus
1795 4255 1866 4312 ad

497 4330 937 4406 intelligendam
978 4334 1103 4406 ejus
1128 4331 1527 4405 quidditatem,
1575 4338 1629 4390 et
1653 4334 1865 4406 perfec·

498 4410 736 4479 tionem,
774 4412 915 4497 quas
949 4412 1012 4468 in
1042 4413 1148 4469 hae
1173 4413 1556 4486 disputatione
1577 4414 1868 4473 elucidare

493 4491 852 4550 curabimus,
871 4496 936 4550 ln
958 4509 1070 4566 quo
1092 4497 1288 4549 tamen
1311 4509 1452 4566 opus
1475 4509 1592 4551 non
1607 4501 1692 4551 est
1719 4497 1870 4552 mul·

498 4575 626 4628 tum
677 4572 1016 4642 immorari;
1068 4588 1203 4629 nam
1250 4572 1526 4647 quidquid
1567 4581 1753 4647 posset
1803 4577 1869 4632 in

502 4654 770 4726 praesenti
792 4654 1182 4711 difficultatem
1206 4654 1430 4722 afferre,
1456 4654 1609 4711 haud
1631 4655 1870 4713 obscure

493 4734 791 4810 colligitur
816 4753 888 4793 ex
917 4735 1102 4803 dictis,
1134 4742 1191 4795 et
1224 4736 1449 4794 facilem
1490 4737 1662 4796 habet
1687 4755 1870 4811 expe-

494 4815 804 4878 ditionem.

2496 559 2779 614 DUBIUM
2821 560 2862 614 Ι.

2002 753 2203 812 Utrum
2236 751 2569 826 justificatio
2596 755 2756 827 impii
2793 756 2865 809 sit
2891 761 3088 822 motuS,
3119 772 3197 809 an
3218 755 3361 836 'sim-

2470 836 2607 910 ptem
2630 840 2886 893 muta-tie.

2067 989 2097 1074 -l
2112 1061 2126 1074 .
2170 1019 2298 1075 Non
2321 1016 2573 1094 procedit
2593 1015 2893 1074 difficultas
2918 1017 3067 1073 eirea
3088 1015 3552 1092 justifica-prm

1996 1099 2215 1157 tionem
2246 1097 2426 1156 active
2466 1102 2776 1171 sumptam,
2808 1114 2936 1171 quae
2960 1103 3045 1154 est
3083 1098 3227 1153 actio
3256 1100 3360 1156 Dei
3374 1096 3552 1184 lgm

1997 1180 2360 1240 infundentis
2374 1181 2641 1256 gratiam,
2661 1186 2717 1237 et
2735 1180 3082 1237 remittentis
3096 1181 3186 1237 cul
3193 1197 3326 1254 pam
3343 1206 3360 1250 ;
3391 1192 3541 1235 versit.

1997 1265 2077 1321 sic
2103 1263 2263 1321 enim
2298 1261 2657 1320 considerata
2699 1277 2802 1318 nee
2828 1266 3034 1329 motus,
3056 1277 3159 1320 nee
3180 1269 3366 1322 muta-

1999 1348 2079 1405 tio
2105 1346 2429 1403 formaliter
2456 1351 2558 1411 est,
2584 1344 2681 1402 sed
2705 1349 2930 1400 tantum
2954 1345 3275 1414 causaliter,
3301 1351 3366 1403 ut

1997 1429 2135 1486 satis
2156 1444 2228 1485 ex
2246 1443 2307 1485 se
2329 1428 2525 1501 liquet.
2550 1427 2656 1484 Sed
2674 1426 3103 1500 justificationis
3124 1427 3366 1485 nomine

1997 1509 2388 1584 significamus
2402 1508 2843 1566 translationem
2863 1509 3028 1565 illam
3052 1508 3362 1581 passivam,

1996 1608 2110 1664 qua
2154 1592 2369 1665 impius
2409 1590 2644 1664 deponit
2682 1590 2929 1661 culpam,
2962 1593 3018 1645 et
3044 1589 3365 1662 assequitur

1997 1675 2263 1749 gratiam.
2307 1677 2494 1732 Motus
2540 1679 2728 1731 autem
2773 1674 2836 1728 in
2879 1673 3138 1746 generali
3168 1690 3364 1748 accep-

1998 1756 2174 1828 tione,
2217 1760 2385 1829 prout
2429 1772 2462 1811 a
2502 1754 2752 1827 simplici
2795 1754 3113 1811 mutatione
3152 1754 3361 1812 distin-

1996 1838 2212 1913 guitur,
2256 1842 2340 1894 est
2367 1839 2645 1893 transitus
2676 1837 2745 1894 de
2783 1836 3032 1910 subjecto
3061 1837 3123 1893 in
3151 1836 3363 1911 subjec-

1997 1925 2142 1984 tum,
2187 1919 2312 1974 sive
2351 1916 2420 1973 de
2447 1918 2737 1974 contrario
2760 1916 2823 1972 in
2858 1917 3214 1973 contrarium
3238 1943 3252 1986 ,ς
3278 1919 3362 1974 uti

1995 2017 2057 2059 se
2096 2000 2266 2058 habet
2293 2000 2569 2056 transitus
2609 1999 2680 2055 de
2720 1999 2848 2056 albo
2889 1999 2951 2054 in
2982 1999 3235 2073 nigrum,
3268 2002 3362 2058 vel

1996 2082 2066 2140 de
2111 2080 2323 2155 frigido
2364 2080 2425 2136 in
2467 2080 2739 2137 calidum.
2797 2080 2883 2136 Ad
2930 2081 3075 2154 quod
3115 2087 3358 2153 oportet,

1996 2163 2142 2238 quod
2166 2162 2332 2220 detur
2353 2161 2564 2235 duplex
2585 2161 2847 2226 mutatio,
2866 2167 2923 2218 et
2942 2161 3089 2234 quod
3116 2169 3361 2236 quatuor

1996 2244 2237 2302 termini
2268 2242 2681 2306 interveniant,
2704 2248 2765 2297 ut
2789 2243 2964 2316 liquet
2991 2243 3052 2298 in
3079 2243 3362 2317 exemplis

1998 2326 2260 2400 proxime
2316 2323 2590 2380 adductis,
2650 2326 2791 2379 Cum
2838 2324 2998 2380 enim
3043 2323 3360 2397 subjectum

1996 2408 2205 2465 transit
2230 2406 2298 2464 de
2328 2405 2460 2463 albo
2487 2407 2551 2462 in
2582 2406 2836 2480 nigrum,
2870 2406 2934 2461 fit
2976 2422 3090 2462 una
3117 2407 3362 2464 mutatio

1994 2488 2065 2545 de
2089 2504 2212 2545 esse
2240 2486 2435 2543 album
2468 2485 2539 2543 ad
2569 2502 2686 2543 non
2707 2504 2829 2544 esse
2857 2486 3053 2543 album
3078 2511 3091 2553 ;
3121 2492 3177 2543 et
3202 2487 3363 2545 adest

1994 2571 2174 2627 simul
2203 2570 2318 2626 alia
2346 2570 2589 2626 mutatio
2615 2568 2684 2626 de
2732 2585 2847 2626 non
2875 2586 2995 2626 esse
3022 2570 3257 2643 nigrum
3287 2569 3358 2625 ad

1993 2666 2117 2708 esse
2144 2650 2377 2723 nigrum
2410 2655 2510 2722 :et
2537 2649 2689 2705 idem
2725 2651 2904 2722 liquet
2930 2649 2993 2704 in
3022 2656 3177 2706 motu
3205 2650 3372 2719 eale-,

1997 2731 2280 2788 factionis,
2313 2730 2371 2786 Id
2410 2747 2544 2788 vero
2570 2731 2869 2805 contingit,
2897 2729 3125 2804 quando
3150 2731 3344 2787 termi-

1996 2828 2105 2869 nus
2149 2829 2182 2868 a
2221 2829 2351 2886 quo,
2395 2818 2452 2869 et
2479 2813 2764 2870 terminus
2808 2811 2874 2869 ad
2908 2828 3078 2891 quem
3103 2811 3361 2887 praedieti

1996 2895 2275 2953 transitus
2321 2895 2531 2952 habent
2579 2894 2810 2968 aliquod
2852 2895 3128 2959 medium,
3177 2896 3255 2950 ita
3301 2903 3364 2951 ut

1995 2997 2105 3035 non
2123 2995 2232 3034 esse
2256 2978 2430 3034 unius
2451 2995 2568 3035 non
2591 2979 2665 3034 sit
2688 2976 2861 3044 idem,
2889 2995 2950 3035 ae
2971 2996 3080 3033 esse
3101 2978 3365 3043 alterius,·

1995 3061 2093 3119 sed
2143 3066 2322 3134 potest
2360 3061 2674 3135 subjeetum
2714 3061 2820 3117 sub
2869 3061 3057 3119 medio
3096 3068 3269 3127 stare,
3301 3068 3368 3118 ut

1997 3142 2192 3200 videre
2226 3146 2311 3198 est
2340 3142 2401 3198 in
2442 3142 2724 3214 exemplis
2762 3142 3050 3208 adductis;
3081 3142 3215 3214 quia
3246 3158 3364 3198 non

1995 3242 2119 3283 esse
2148 3225 2382 3299 nigrum
2416 3240 2532 3281 non
2553 3231 2637 3281 est
2665 3226 2818 3281 idem
2843 3242 2905 3281 ae
2925 3241 3045 3282 esse
3067 3225 3284 3291 album,
3309 3232 3369 3281 et

1998 3323 2116 3364 non
2143 3322 2265 3363 esse
2293 3305 2571 3380 frigidum
2601 3312 2715 3363 non
2735 3313 2820 3364 est
2847 3306 3000 3363 idem
3034 3323 3097 3364 ac
3116 3323 3237 3364 esse
3264 3322 3365 3363 ca-

2000 3389 2184 3446 lidum
2219 3410 2232 3444 :
2263 3387 2390 3444 fieri
2438 3389 2595 3445 enim
2638 3393 2836 3460 polest,
2869 3388 3016 3462 quod
3046 3389 3364 3463 subjectum

1999 3487 2114 3527 non
2144 3471 2218 3525 sit
2248 3471 2499 3544 nigrum,
2535 3486 2637 3525 nec
2669 3468 2861 3524 album
2889 3495 2902 3536 ;
2933 3477 2990 3526 et
3019 3486 3132 3528 non
3159 3469 3231 3525 sit
3258 3469 3367 3525 fri·

1996 3551 2216 3627 gidum,
2262 3567 2364 3608 nee
2404 3549 2679 3607 calidum.
2723 3552 2877 3607 Inter
2920 3552 3025 3608 illa
3052 3566 3205 3617 vero,
3234 3566 3366 3622 quae

1998 3638 2195 3690 carent
2212 3631 2423 3699 medio,
2440 3639 2491 3689 el
2515 3632 2954 3689 contradictorie
2975 3636 3361 3705 opponuntur,

1998 3731 2118 3772 non
2173 3713 2343 3770 datur
2387 3720 2594 3777 motus,
2640 3715 2737 3772 sed
2783 3715 3033 3787 simplex
3086 3713 3365 3778 mutatio;

1997 3797 2135 3872 quia
2181 3814 2289 3851 non
2339 3814 2450 3853 esse
2495 3797 2734 3854 termini
2775 3814 2810 3851 a
2857 3816 2958 3870 quo
2997 3802 3082 3854 est
3135 3811 3368 3868 prorsus

1998 3880 2152 3937 idem
2173 3898 2280 3936 esse
2308 3880 2545 3937 termini
2575 3881 2649 3935 ad
2675 3898 2860 3957 quarm
2888 3879 3041 3937 unde
3064 3880 3236 3935 unius
3262 3877 3370 3935 de-

1998 3963 2131 4020 sitio
2151 3968 2236 4019 est
2264 3961 2675 4017 formalissime
2705 3961 2908 4033 positio
2930 3960 3189 4025 alteriuS,
3221 3960 3368 4032 quin

1999 4061 2139 4118 opus
2177 4043 2252 4099 sit
2278 4041 2489 4115 duplici
2534 4044 2869 4100 mutatione.
2919 4046 3002 4099 lta
3046 4059 3106 4100 se
3153 4042 3373 4099 habent

2000 4140 2118 4182 non
2144 4139 2266 4180 esse
2306 4123 2520 4187 album,
2556 4123 2626 4179 ad
2654 4139 2775 4180 esse
2802 4123 2997 4181 album
3029 4145 3041 4179 ε
3074 4140 3210 4181 nam
3233 4122 3372 4179 des-

2001 4200 2193 4263 truere
2239 4222 2347 4260 non
2371 4221 2482 4259 esse
2527 4205 2733 4270 album,
2764 4210 2849 4262 est
2876 4205 3200 4261 formaliter
3240 4203 3372 4261 effi·-

1999 4303 2126 4346 eere
2149 4306 2258 4343 csse
2285 4288 2469 4342 album
2497 4306 2514 4341 .·
2547 4287 2644 4344 ubi
2694 4290 2853 4346 enirn
2884 4289 3166 4344 terminus
3188 4304 3221 4344 a
3253 4303 3371 4361 quo

2000 4369 2336 4426 mutationis
2364 4369 2596 4442 ponitur
2625 4388 2733 4424 non
2774 4388 2883 4426 esse
2921 4370 3128 4434 album,
3169 4371 3376 4426 nullus

2002 4453 2150 4509 alius
2174 4453 2460 4509 terminus
2501 4451 2571 4509 ad
2600 4469 2769 4526 quem
2802 4459 2980 4526 potest
3006 4452 3117 4525 ipsi
3138 4460 3374 4510 corres-

2002 4534 2271 4609 pondere,
2314 4534 2426 4590 nisi
2454 4535 2771 4591 albumesse
2799 4551 2817 4587 .·
2857 4540 2912 4591 et
2954 4538 3376 4607 consequenter

2002 4632 2118 4672 non
2147 4614 2354 4671 adsunt
2397 4621 2642 4688 quatuor
2684 4615 2920 4671 termini
2950 4613 3261 4671 desiderati
3295 4614 3373 4671 ad

2000 4695 2141 4752 duas
2180 4694 2545 4763 mutationes,
2576 4693 2729 4752 etad
2757 4693 3225 4751 constituendum
3267 4710 3378 4753 ve-

2002 4791 2134 4832 rum
2180 4779 2421 4839 motum,
2469 4780 2637 4848 prout
2683 4791 2716 4830 a
2754 4774 3004 4848 simplici
3047 4775 3379 4833 mutatione

2001 4855 2398 4929 distinguitur,
2433 4877 2458 4908 α
2490 4858 2554 4911 In
2582 4854 2812 4920 talibus,
2845 4858 3024 4931 inquit
3064 4855 3131 4912 D.
3174 4855 3373 4914 Thom.
3394 4868 3558 4914 ustas

2008 4959 2032 4990 e
2063 4944 2245 5013 quest.
2277 4938 2369 4997 28.
2400 4937 2464 4991 de
2512 4935 2676 4994 Verit.
2710 4943 2820 4992 art.
2852 4938 2907 5000 6,
2934 4937 3163 5010 negatio
3190 4952 3385 5011 oppo—

2007 5016 2177 5083 «siti,
2227 5016 2378 5090 quod
2425 5017 2586 5090 ponit
2645 5021 2914 5125 naturam
2963 5016 3385 5157 aliqua-13:¹3⁵}

3357 5144 3374 5169 8
