3647 5753
522 361 624 416 120
1543 356 1635 411 DE
1675 356 1947 447 §RATIA
1988 359 2329 438 EFFICACI.

519 546 679 598 rere;
704 529 800 587 sed
827 529 1010 603 magis
1031 528 1202 600 ipsas,
1229 532 1291 582 ut
1317 527 1563 601 gratiam
1601 525 1876 602 Augusti-

516 614 757 669 nianam
778 609 1171 676 defendamus,
1195 624 1418 683 urgere.
1436 608 1596 674 Quod
1611 608 1877 682 frequen·

516 701 602 750 ter
619 691 836 747 faciunt
851 689 1145 764 Theologi,
1167 689 1305 745 dum
1322 687 1432 745 sibi
1458 690 1726 747 adversas
1751 705 1877 745 sen-

516 772 744 838 tentias,
801 771 1027 828 tametsi
1071 768 1413 841 probabiles,
1468 769 1809 844 impugnant
1861 790 1873 825 :

516 851 869 910 contendunt
894 851 1051 906 enim
1092 865 1163 907 ex
1208 849 1348 922 ipsis
1396 849 1667 924 colligere
1712 849 1878 906 varia

517 934 786 1001 absurda,
835 933 899 988 in
942 948 1067 1006 quae
1107 932 1388 988 Authores
1435 931 1556 987 illis
1599 930 1874 989 contrarii

516 1016 940 1088 compellantur
962 1014 1305 1087 impingere.
1338 1016 1452 1070 Nec
1473 1012 1600 1071 ideo
1622 1014 1742 1070 illis
1767 1019 1878 1070 sta·

517 1100 623 1156 tim
646 1098 910 1155 affricant
929 1112 1024 1153 eos
1044 1111 1291 1162 erroreS,
1319 1095 1389 1152 ad
1410 1111 1550 1168 quos
1579 1096 1640 1151 in
1669 1096 1725 1151 vi
1747 1112 1879 1153 con-

515 1181 824 1255 sequentiae
846 1177 1230 1235 admittendos
1258 1177 1486 1253 adigere
1521 1176 1631 1233 sibi
1669 1177 1879 1235 viden-

517 1269 629 1319 tur.
663 1257 827 1318 Unde
855 1258 924 1315 ad
946 1258 1197 1315 fautores
1224 1257 1482 1315 scientias
1511 1256 1714 1314 mediae
1741 1274 1878 1331 per-

518 1340 723 1399 tinebit
748 1338 1120 1415 objectionem
1147 1355 1330 1411 nuper
1357 1338 1584 1405 factam,
1616 1339 1879 1412 qualem-

517 1424 745 1495 qualem
770 1420 888 1477 vim
909 1418 1132 1486 habeat,
1157 1418 1415 1487 diluere;
1436 1420 1669 1494 jamque
1691 1419 1753 1474 in
1776 1419 1882 1476 hoc

521 1503 804 1560 laboravit
818 1502 1053 1558 Suarius
1079 1517 1255 1574 supra
1285 1503 1501 1558 relatus
1533 1522 1546 1557 ε
1584 1516 1658 1557 an
1686 1505 1878 1558 autem

518 1583 874 1649 satisfecerit,
919 1582 1171 1639 aliorum
1203 1581 1556 1638 remittimus
1574 1580 1808 1654 judicio,
1825 1585 1881 1638 et

520 1665 800 1740 praecipue
827 1662 985 1721 Sedis
1012 1663 1363 1737 Apostolicae,
1388 1679 1512 1736 quae
1533 1661 1879 1719 decisionem

521 1748 689 1820 hujus
714 1759 892 1801 causae
911 1743 1022 1799 sibi
1054 1743 1394 1810 reservavit,
1428 1750 1484 1800 et
1510 1743 1669 1818 cujus
1696 1742 1882 1800 deter-

521 1824 831 1883 minationi
852 1839 1078 1897 semper
1097 1821 1489 1896 subjiciemur.

336 1936 490 1981 Most„
604 1908 725 1964 179.
772 1906 874 1962 Illa
902 1921 1056 1971 vero,
1087 1921 1210 1978 quae
1250 1905 1490 1962 Suarius
1533 1906 1596 1962 in
1625 1905 1883 1962 favorem

325 1986 482 2065 „8⁰”ss
522 2004 636 2045 suaa
658 1986 1047 2060 responsionis
1069 1984 1313 2054 adducit,
1348 1985 1516 2043 facile
1542 1984 1880 2051 diluuntur;

310 2046 510 2130 tnleurgan·
520 2066 882 2126 concedimus
897 2066 1074 2131 enim,
1093 2067 1273 2123 Deum
1291 2064 1623 2138 priusquam
1634 2066 1883 2139 gratiam

516 2147 944 2225 justificantem,
1007 2146 1131 2202 sive
1188 2143 1541 2202 habitualem
1590 2144 1878 2210 infundat,

521 2244 841 2303 supponere
862 2228 923 2284 in
946 2225 1155 2283 adultis
1170 2225 1391 2299 aliquas
1407 2226 1771 2298 operationes
1791 2242 1887 2280 su·

524 2308 934 2382 pernaturaleS,
963 2323 1063 2381 per
1095 2322 1236 2380 quas
1262 2306 1462 2379 gratiae
1495 2305 1786 2372 excitanti,
1832 2309 1909 2362 et·

523 2389 899 2463 praevenienti
917 2385 1314 2460 respondeant,
1340 2391 1396 2443 et
1411 2384 1480 2442 ad
1504 2386 1885 2457 receptionem

437 2487 442 2490 ·
523 2472 720 2543 gratiae
769 2467 1080 2526 habitualis
1139 2469 1427 2538 aptentur.
1486 2467 1555 2519 Et
1606 2470 1887 2538 quatenus

524 2551 644 2608 haec
666 2549 897 2622 praevia,
936 2552 990 2604 et
1017 2545 1442 2619 imperfectiora
1475 2544 1694 2601 auxilia
1727 2560 1887 2601 com-

527 2629 798 2696 municat,
831 2627 1041 2685 dicitur
1067 2633 1219 2682 stare
1246 2624 1316 2682 ad
1344 2626 1554 2682 ostium
1578 2625 1805 2693 animae,
1831 2631 1886 2682 et

525 2716 839 2784 expectare.
865 2707 971 2764 Sed
997 2708 1227 2780 proprie
1249 2705 1531 2780 loquendo
1554 2722 1671 2764 non
1691 2722 1888 2780 expec-

527 2798 606 2848 tat
631 2790 952 2847 voluntates
978 2792 1219 2852 nostraS,
1245 2786 1340 2844 sed
1362 2793 1615 2860 expectat
1632 2788 1885 2861 seipsum

527 2878 586 2928 ut
607 2870 993 2929 conferentem
1023 2865 1315 2935 beneficia,
1343 2867 1551 2941 quibus
1587 2867 1888 2927 efficaciter

2006 533 2180 586 sacris
2209 534 2407 590 litteris
2426 535 2651 602 dicitur,
2686 536 2856 593 Zach.
2884 539 2947 592 4:
2971 536 3399 594 convertimiu&

2008 609 2083 664 ad
2106 629 2207 680 me,
2234 620 2282 667 et
2303 630 2396 683 990
2415 625 2702 672 convertar
2726 618 2800 672 ad
2823 635 2915 672 vos
2927 636 2948 684 ,·
2968 617 3237 673 libertatis
3253 634 3402 672 nos·-

2009 699 2103 746 εγω
2133 692 2491 751 admonemur
2525 716 2542 750 :
2576 715 2701 753 cum
2719 699 3100 770 respondemus
3126 696 3397 754 Haerent?

2009 772 2072 826 31
2110 794 2121 827 :
2155 771 2418 831 Converte
2438 794 2537 832 nos
2559 776 2793 833 Domine
2818 778 2894 834 ad
2919 785 2986 842 te,
3018 785 3068 832 et
3094 782 3399 834 converte--

2010 870 2170 921 mur,·
2190 854 2299 910 Dei
2319 874 2415 912 nos
2437 859 2626 927 qratia
2651 861 2941 931 praevmiri
2965 860 3307 930 confitemur.

2083 933 2170 989 Ad
2206 935 2705 995 confirmationem
2744 938 3175 1012 respondemus,
3220 942 3395 997 Con--

2011 1011 2211 1069 cilium
2231 1017 2649 1073 Arausicanum
2680 1019 2835 1091 loqui
2862 1019 2931 1075 de
2956 1020 3397 1093 praeparatione·

2010 1093 2341 1163 voluntatis,
2373 1112 2485 1169 qua
2511 1100 2659 1155 Deus
2687 1100 3040 1156 voluntatem
3066 1098 3178 1155 sibi
3200 1098 3395 1173 subjie

2012 1174 2138 1240 ciat,
2170 1192 2287 1233 non
2314 1193 2439 1250 quaa
2465 1177 2827 1252 dispositioni
2851 1182 3183 1248 voluntatis,
3216 1182 3380 1256 ejus-

2010 1271 2119 1327 que
2146 1255 2445 1315 industriae
2469 1258 2746 1317 subdatur
2766 1286 2780 1328 ;
2798 1268 2854 1319 et
2868 1261 2937 1318 de
2953 1263 3382 1335 praeparatione

2011 1353 2136 1409 quaa
2160 1338 2330 1395 faciat
2352 1355 2454 1397 nos
2473 1344 2721 1414 operari,
2751 1360 2867 1406 non
2883 1360 3007 1417 quas
3030 1345 3261 1417 praecise
3277 1358 3384 1400 no·

2013 1416 2232 1475 hiscum
2283 1427 2648 1493 cooperetur;
2704 1440 2841 1481 nam
2894 1426 3058 1482 illam
3120 1424 3381 1498 priorem

2014 1501 2494 1572 praeparationem
2561 1503 2845 1577 negabant
2900 1504 3379 1578 semipelagiani,

2012 1583 2211 1635 contra
2246 1595 2388 1652 quos
2428 1582 2747 1639 Concilium
2777 1584 3006 1658 agebat;
3051 1581 3388 1640 asserebant

2013 1673 2152 1715 vero
2178 1661 2242 1715 D.
2292 1663 2527 1734 August.
2580 1666 2638 1718 et
2685 1664 2748 1720 D.
2808 1667 3072 1737 Prosper,
3129 1677 3384 1737 quorum

2015 1737 2227 1803 labore,
2286 1740 2378 1795 vel
2421 1755 2493 1796 ex
2544 1757 2790 1813 quorum
2843 1745 3070 1816 scriptis
3131 1742 3383 1799 Concilii

2014 1834 2258 1875 canones
2283 1822 2582 1893 compositi
2605 1821 2783 1891 fuere,
2811 1830 2872 1881 ut
2897 1841 3073 1897 supra
3098 1823 3381 1880 diximus,

2014 1899 2349 1958 Adversarii
2373 1908 2562 1960 autem
2591 1906 2779 1961 solum
2806 1905 3141 1972 concedunt,
3169 1907 3384 1962 volun-

2016 1988 2189 2039 tatem
2214 1985 2529 2056 praeveniri
2567 1988 2982 2060 praeparatione
3001 1989 3219 2063 gratias,
3251 2004 3382 2060 quae

2016 2062 2434 2121 determinetur
2488 2081 2587 2139 per
2633 2066 3067 2139 dispositionem
3124 2068 3381 2137 arbitrii,

2018 2159 2135 2200 non
2156 2160 2282 2217 quae
2310 2144 2620 2203 arbitrium
2637 2149 2752 2205 Deo
2771 2148 3069 2206 efficaciter
3091 2147 3381 2223 subjiciat,

2018 2225 2277 2282 faciendo
2298 2232 2361 2282 ut
2386 2234 2655 2300 operetur
2693 2246 2820 2302 quae
2858 2233 3006 2287 Deus
3041 2231 3185 2286 vult.
3217 2228 3389 2286 Unde

2020 2322 2119 2380 per
2146 2306 2471 2382 hujusmodi
2498 2309 2743 2383 gratiam
2798 2326 2915 2367 non
2963 2312 3198 2378 vitatur,
3239 2310 3385 2383 quin

2019 2390 2165 2443 Deus
2189 2394 2443 2460 expectet
2476 2390 2759 2448 humanas
2801 2393 3123 2450 voluntates
3168 2413 3183 2448 z
3233 2390 3388 2463 quod

2022 2465 2288 2539 reprobat
2315 2469 2658 2527 Concilium.

2612 2672 2643 2738 ς
2684 2671 2804 2726 vn.

2022 2811 2356 2888 proponitur
2399 2818 2595 2893 quitata
2640 2821 2788 2873 ratio
2823 2838 2924 2893 pro
2970 2824 3157 2892 qratia
3209 2840 3282 2879 eae
3329 2843 3387 2878 se

523 2967 855 3027 operemur;
884 2953 1142 3022 expectat
1164 2954 1406 3021 tempus,
1438 2948 1587 3022 quod
1613 2966 1717 3006 sua
1747 2950 1888 3007 libe·
2582 2900 2810 2972 efficam'
3626 3000 3627 3003 Ἴ

526 3049 589 3090 ra
614 3034 908 3090 voluntate
925 3026 1201 3103 praefixit;
1231 3035 1487 3102 expectat
1510 3031 1881 3098 occasionem,
2105 3032 2226 3088 180.
2277 3032 2489 3098 Quinto
2531 3034 2803 3107 probatur
2856 3042 3048 3093 nostra
3099 3039 3388 3096 conclusio
3424 3058 3565 3110 Quini.
3626 3046 3627 3061 ³

524 3129 695 3187 quam
723 3113 843 3186 ipse
869 3109 1180 3182 disposuit;
1212 3113 1468 3182 expectat
1497 3126 1694 3167 rerum
1722 3109 1886 3168 ordi-
2022 3112 2138 3170 alio
2165 3114 2401 3179 motivo,
2447 3130 2548 3187 per
2587 3116 2734 3189 quod
2791 3115 3230 3175 fundamentum
3283 3122 3316 3188 g
3350 3106 3570 3210 3prss‘2ffi
3626 3108 3627 3167 l

524 3211 678 3260 nem,
709 3210 881 3267 quem
908 3193 1047 3265 ipse,
1083 3191 1247 3248 nobis
1287 3191 1644 3259 inconsultis,
1690 3191 1890 3250 decer-
2023 3193 2380 3266 propositum
2423 3200 2601 3266 potest
2630 3197 2879 3269 amplius
2909 3196 3209 3255 roborari:
3248 3214 3390 3271 quo·
3451 3190 3550 3262 nens
3626 3170 3627 3251 l

527 3277 632 3334 nit.
667 3277 736 3330 Et
762 3275 824 3330 in
851 3274 957 3331 hoc
993 3286 1163 3330 sensu
1207 3272 1519 3345 procedunt
1558 3273 1891 3331 testimonia
2023 3274 2183 3330 niam
2204 3273 2253 3329 si
2283 3272 2354 3329 ob
2382 3274 2634 3346 aliquam
2668 3277 2948 3333 rationem
2996 3294 3113 3335 non
3150 3277 3388 3336 deberet
3427 3266 3560 3358 ssffi}
3626 3284 3627 3295 ¹

527 3356 835 3429 Scripturae
857 3352 927 3412 ab
940 3352 1284 3410 Adversario
1297 3354 1504 3421 relata;
1525 3354 1712 3410 solum
1727 3354 1888 3411 enim
2022 3352 2248 3409 admitti
2275 3354 2460 3424 gratia
2486 3369 2558 3410 ex
2576 3362 2717 3421 se,et
2744 3355 2814 3413 ab
2829 3356 3141 3415 intrinseco
3165 3358 3382 3426 efficax,
3399 3355 3588 3398 ΛΜΝ·
3626 3342 3627 3403 J

524 3436 871 3513 significant,
935 3437 1114 3491 Deum
1179 3434 1485 3492 contulisse
1553 3435 1891 3492 hominibus
3414 3404 3562 3450 nomm
3626 3426 3627 3433 κ

526 3521 744 3579 auxilia
770 3517 1128 3584 sufficientia,
1164 3533 1196 3574 e
1228 3515 1433 3590 quibus
1478 3524 1704 3589 possent
1740 3516 1890 3575 bona

525 3619 696 3678 opera
712 3602 799 3660 ori
809 3602 877 3668 ri,
893 3599 1307 3672 debuerintque
1319 3598 1558 3673 proinde
1572 3601 1856 3672 expectari
1874 3622 1887 3657 ε

528 3700 826 3759 nunquam
874 3688 1065 3739 tamen
1120 3681 1221 3737 illa
1259 3681 1481 3738 auxilia
1523 3681 1886 3750 fructificant,

530 3768 642 3824 nisi
686 3768 832 3823 Deus
870 3765 968 3836 qui
1016 3763 1437 3820 incrementum
1484 3761 1598 3830 dat,
1651 3763 1894 3820 ulterius

531 3848 819 3907 auxilium
864 3844 1061 3920 gratiae
1094 3860 1164 3901 ex
1208 3860 1270 3901 se
1312 3843 1550 3901 efficacis
1601 3844 1889 3919 adjecerit.

535 3928 699 3986 L’nde
720 3931 933 3983 cunctae
957 3924 1073 3979 itlae
1094 3924 1550 3989 authoritateS,et
1570 3924 1659 3979 his
1672 3924 1892 3979 similes

533 4012 720 4068 solum
737 4009 1013 4065 denotant
1031 4006 1279 4080 gratiam
1305 4005 1776 4077 praevenientem,
1802 4005 1893 4060 cui

538 4090 718 4147 libere
755 4101 1132 4159 cooperamur
1181 4106 1194 4141 ε
1247 4082 1437 4140 dicere
1481 4083 1896 4157 quippetEcce

535 4190 627 4243 09⁰
646 4179 728 4227 sto
753 4169 828 4225 ad
853 4170 1071 4232 ostium,
1098 4173 1147 4221 et
1167 4164 1348 4237 pulso,
1393 4169 1477 4221 est
1515 4163 1703 4220 dicere
1728 4186 1741 4219 z
1764 4164 1896 4221 Non

535 4257 761 4309 vocatus
804 4249 980 4315 venio,
1018 4254 1068 4301 et
1119 4244 1489 4318 praeveniendo
1508 4243 1693 4317 pulsa.
1722 4245 1791 4299 Et
1817 4244 1897 4301 ita

325 4372 360 4411 Β
381 4369 490 4412 Amb
537 4330 876 4389 Ambrosius
902 4328 999 4401 qui
1048 4324 1214 4382 nobis
1253 4322 1538 4398 objicitur,
1593 4339 1655 4381 se
1706 4325 1896 4398 ipsum

367 4404 374 4411 ’
539 4413 951 4484 interpretatur
979 4404 1193 4462 ibidem
1219 4402 1311 4459 his
1334 4402 1530 4460 verbis
1565 4403 1899 4478 :Ipseprius

540 4494 699 4549 intui
719 4490 897 4547 cordis
912 4486 1174 4543 illucescit
1193 4501 1400 4539 arcano
1420 4503 1436 4537 .·
1460 4486 1572 4556 ipse
1591 4486 1692 4541 tibi
1711 4486 1899 4542 dicen-

540 4576 615 4628 ti:
637 4571 718 4630 De
743 4576 892 4626 nocte
916 4567 1114 4639 viyilat
1141 4564 1217 4620 ad
1241 4571 1290 4618 te
1315 4566 1546 4637 spiritus
1573 4583 1742 4631 meu-3,
1771 4585 1901 4623 ma-

541 4652 784 4709 tutinum
828 4651 1008 4706 lumen
1050 4644 1378 4719 temporibus
1423 4645 1587 4714 saciet
1627 4647 1901 4720 splendere

543 4732 847 4791 nocturnis.
884 4729 1140 4801 Denique
1166 4727 1303 4795 haec,
1327 4729 1384 4781 et
1404 4725 1624 4783 similia
1652 4729 1904 4786 testimo-

543 4818 663 4882 nia,
688 4829 813 4887 quae
836 4812 967 4869 aliis
1007 4809 1313 4881 Scripturae
1346 4822 1465 4864 non
1498 4807 1782 4868 cohaerere
1811 4811 1906 4867 vi-

544 4899 773 4962 dentur,
803 4894 993 4952 docuit
1029 4904 1372 4963 componere
1406 4888 1726 4948 Concilium
1768 4894 1905 4950 Tri-

368 4959 495 5051 ξῖῗξζξ·
546 4978 850 5037 deminum
871 4990 996 5030 3933.
1027 4974 1083 5039 6,
1114 4988 1234 5044 cap.
1280 4971 1334 5036 5,
1382 4963 1480 5024 tibi
1508 4969 1588 5026 ait
1619 4990 1633 5027 ε
1664 4970 1807 5029 Cum
1847 4975 1907 5030 in

2023 3436 2278 3492 maxime
2303 3437 2437 3508 quia
2464 3438 2687 3496 tolleret
2710 3444 3038 3511 potestatem
3058 3440 3126 3497 ad
3150 3442 3386 3514 opposi-
3437 3453 3553 3498 mou·

2024 3522 2165 3583 tum,
2197 3522 2253 3573 et
2274 3516 2517 3575 subinde
2556 3524 2838 3577 everteret
2873 3521 3196 3579 libertatem
3230 3543 3243 3578 ε
3284 3522 3389 3579 sed
3443 3513 3545 3545 ''¹¹¹¹''

2022 3596 2208 3671 gratia
2233 3612 2304 3653 ex
2332 3613 2392 3653 se
2412 3596 2607 3654 efficax
2635 3614 2752 3656 non
2775 3588 2925 3657 tollit
2952 3607 3284 3674 potestatem
3313 3601 3391 3658 ad

2025 3676 2347 3748 oppositum
2377 3693 2547 3751 :ergo
2574 3677 2737 3736 debet
2779 3679 3025 3737 admitti.
3077 3682 3280 3756 Major,
3332 3690 3395 3739 et

2026 3758 2430 3830 consequentia
2475 3763 2754 3826 constant,
2798 3761 2933 3833 quia
2984 3777 3102 3818 non
3151 3770 3396 3835 apparet

2027 3834 2186 3891 aliud
2212 3843 2398 3908 caput,
2448 3835 2520 3894 ob
2559 3838 2867 3911 quodnon
2912 3838 3114 3898 debeat
3158 3840 3393 3899 admitti

2030 3916 2294 3988 praedicta
2324 3918 2543 3992 gratia3
2591 3925 2790 3976 caetera
2816 3921 3042 3994 quippe,
3087 3937 3212 3995 quae
3238 3937 3395 3994 prae-

2027 4013 2160 4053 sens
2200 3997 2444 4054 materia
2483 3998 2793 4065 concernit,
2827 4006 2888 4055 ut
2934 4004 3066 4056 sunt
3111 3999 3397 4059 certitudo

2031 4076 2563 4150 praedestinationiS,
2579 4094 2914 4150 supremum
2931 4082 3030 4137 Dei
3042 4081 3395 4149 dominium,

2029 4159 2453 4224 universalitas,
2479 4165 2535 4215 et
2556 4161 2824 4234 perfectio
2845 4161 3060 4220 divinae
3093 4161 3401 4235 providen-

2029 4238 2142 4305 tiae,
2175 4238 2400 4312 aliaque
2415 4239 2760 4313 hujusmodi,
2784 4242 2991 4298 melius
3009 4243 3394 4315 explicantur,

2031 4319 2136 4374 hac
2161 4318 2349 4392 gratia
2372 4318 2620 4376 admissa
2637 4344 2650 4387 ;
2675 4335 2805 4377 cum
2834 4326 3027 4378 tamen
3056 4322 3118 4378 in
3156 4321 3401 4380 adversa

2030 4399 2307 4471 opinione
2330 4397 2445 4464 vix,
2478 4404 2576 4455 aut
2614 4415 2764 4475 aegre
2809 4402 3025 4473 possint
3061 4404 3291 4474 exponi,
3338 4409 3402 4460 et

2032 4476 2285 4535 defendi.
2328 4477 2523 4534 Minor
2549 4478 2849 4546 suadetur;
2882 4496 3018 4536 nam
3048 4479 3173 4538 ideo
3210 4481 3402 4555 gratia

2033 4576 2104 4617 ex
2124 4576 2186 4617 se
2214 4558 2428 4628 efficax,
2462 4576 2517 4616 V.
2548 4576 2604 4634 g.
2643 4559 2713 4616 ad
2737 4576 2997 4619 amorem
3034 4564 3259 4623 tolleret
3291 4580 3401 4637 po-

2034 4648 2297 4701 testatem
2325 4641 2395 4699 ad
2421 4644 2765 4717 oppositum,
2795 4645 2931 4717 quia
2975 4651 3059 4702 est
3084 4648 3403 4720 suppositio

2037 4725 2395 4790 antecedens,
2426 4741 2601 4798 quam
2623 4728 2890 4783 voluntas
2913 4733 3103 4785 creata
3131 4728 3325 4801 nequit
3366 4745 3403 4786 a

2035 4821 2096 4862 se
2116 4810 2403 4872 excutere,
2434 4806 2526 4861 vel
2553 4821 2682 4862 cum
2705 4806 2960 4863 carentia
2988 4808 3203 4865 amoris
3239 4823 3404 4866 com-

2039 4901 2272 4959 ponere,
2305 4890 2367 4941 ut
2380 4884 3027 4944 Adversariicausantur
3048 4912 3064 4956 ς
3087 4886 3186 4946 sed
3206 4888 3404 4964 hujus·

2038 4965 2198 5024 modi
2227 4966 2542 5039 suppositio
2564 4966 2627 5024 in
2654 4968 2757 5024 tali
2796 4968 2979 5042 gratia
3016 4975 3241 5042 reperta
3280 4984 3403 5027 non

3242 5049 3401 5108 tollit
