3647 5753
268 1039 419 1114 onnia.

335 3822 425 3877 ,ἰθῦ-

303 3878 375 3918 uo.

458 447 571 504 610
1135 445 1230 500 DE
1270 438 1883 499 DISPOSITIONIBUS
1919 438 2018 492 AD
2055 433 2720 493 JUSTIFICATIONEM.

463 640 489 671 α
534 618 898 676 intellectivae
949 614 1446 673 illuminationem
1500 612 1825 669 intellectus

464 721 491 753 α
533 715 822 763 vocamus,
853 704 956 756 etc.
994 719 1019 750 n
1052 700 1231 763 Quem
1254 694 1578 751 discursum
1601 707 1670 749 ex
1697 707 1826 764 pro·

459 781 606 838 fesso
633 779 1032 853 expendimuS,
1064 784 1121 836 et
1150 775 1220 833 ab
1247 771 1661 849 objectionibus
1686 773 1826 828 vin-

460 863 780 922 dicavimus
801 869 1025 920 tractat.
1043 863 1105 917 de
1138 859 1355 919 Visione
1377 857 1500 923 Dei,
1522 849 1731 929 ‘disput
1762 857 1818 925 4,

462 946 944 1088 ἀαὲὸῐὲιὲἰτωαῐυπ,
971 1023 1026 1076 et
1045 1016 1366 1091 explicatur
1384 1013 1632 1072 secundo
1650 1036 1665 1081 ;
1688 1012 1826 1086 quia

461 1103 543 1161 ita
567 1119 628 1160 se
668 1102 839 1161 habet
875 1103 1063 1178 gratia
1107 1097 1470 1156 sanctificans
1514 1098 1579 1154 in
1619 1095 1826 1155 ordine

460 1185 910 1259 supernaturali,
943 1185 1087 1240 sicut
1116 1182 1306 1241 forma
1339 1177 1733 1237 substantialis
1760 1177 1826 1234 in

460 1266 666 1325 ordine
704 1265 955 1323 naturali
989 1288 1003 1322 ε
1033 1263 1131 1321 sed
1175 1263 1245 1320 ad
1273 1262 1524 1320 formam
1554 1258 1827 1315 substan-

461 1348 658 1406 tialem
706 1348 1083 1420 requiruntur
1121 1361 1193 1403 ex
1237 1348 1447 1401 natura
1494 1342 1576 1399 rei
1619 1341 1827 1414 aliquas

458 1427 861 1502 dispositiones
913 1427 1166 1503 physicas
1223 1449 1237 1483 ε
1293 1423 1429 1499 ergo
1480 1423 1697 1497 pariter
1753 1420 1825 1479 ad

457 1510 706 1585 gratiam
769 1508 1223 1568 sanctificantem
1286 1506 1693 1565 desiderantur
1753 1519 1828 1560 ex

392 1649 395 1650 a
461 1596 669 1650 natura
716 1594 799 1651 rei
844 1594 1050 1666 aliquae
1078 1592 1496 1665 dispositiones,
1529 1604 1653 1662 quae
1686 1586 1829 1643 sub-

459 1673 596 1731 inde
643 1673 874 1748 physice
928 1674 1238 1746 disponant
1279 1671 1349 1729 ad
1387 1672 1582 1728 illam.
1630 1668 1827 1725 Minor

459 1758 544 1811 est
565 1760 736 1811 certa.
767 1755 955 1829 MaJ‘or
975 1755 1153 1812 etiam
1180 1753 1321 1810 satis
1359 1753 1540 1826 liquet
1564 1767 1636 1808 ex
1661 1749 1828 1806 dictis

460 1845 624 1893 tract.
649 1838 874 1911 praeced.
897 1839 1040 1911 disp.
1069 1840 1125 1904 4,
1156 1837 1282 1893 dub.
1309 1837 1345 1893 2
1370 1843 1421 1891 et
1455 1837 1510 1902 6,
1543 1840 1599 1892 et
1629 1831 1828 1890 brevi-

463 1926 551 1977 ter
571 1918 841 1976 suadetur
861 1943 873 1985 ;
898 1919 1174 1992 quoniam
1197 1919 1341 1976 sicut
1362 1919 1549 1976 forma
1567 1915 1828 1973 substan-

464 2000 618 2056 tialis
644 1999 936 2057 constituit
964 2001 1270 2057 materiam
1300 1999 1364 2056 in
1390 1997 1594 2071 specie,
1634 2002 1691 2054 et
1729 1994 1827 2051 dat

464 2080 723 2154 primum
743 2096 886 2148 esse,
905 2087 959 2138 et
985 2085 1069 2138 est
1091 2079 1256 2137 radix
1278 2079 1683 2152 potentiarum,
1702 2091 1828 2148 quae

465 2163 529 2219 in
549 2162 749 2220 eodem
772 2163 1064 2236 supposito
1091 2161 1467 2235 reperiuntur
1494 2181 1507 2215 :
1533 2159 1614 2215 ita
1639 2157 1828 2232 gratia

465 2244 778 2302 habitualis
811 2244 1105 2303 constituit
1143 2243 1487 2316 simpliciter
1526 2236 1826 2298 hominem

464 2326 529 2382 in
568 2326 774 2384 ordine
800 2324 1020 2394 divino,
1054 2325 1444 2383 communicat
1483 2323 1700 2380 ei-esse
1726 2338 1827 2377 su-

464 2407 851 2479 pernaturale,
894 2411 952 2461 et
977 2410 1063 2462 est
1106 2404 1270 2462 radix
1310 2404 1594 2462 virtutum
1622 2417 1827 2475 super-

464 2486 840 2554 naturalium,
877 2503 1004 2559 quae
1046 2485 1110 2541 in
1147 2485 1384 2544 homine
1431 2485 1821 2561 reperiuntur.

464 2568 881 2638 Consequentia
922 2566 1169 2638 denique
1212 2571 1433 2623 constat
1485 2583 1518 2624 a
1558 2567 1823 2640 paritate,

462 2647 598 2719 quia
625 2663 743 2704 non
784 2647 981 2703 minus
1020 2650 1280 2705 elevatur
1305 2648 1492 2723 gratia
1518 2662 1693 2719 supra
1718 2646 1828 2702 ho-

464 2727 643 2784 minis
668 2725 1077 2797 conditionem,
1110 2744 1282 2800 quam
1326 2727 1515 2785 forma
1554 2726 1828 2782 substan-

465 2808 621 2864 tialis
645 2823 819 2881 supra
860 2807 1217 2866 conditiones
1258 2808 1515 2865 materiae
1548 2831 1562 2863 ι
1594 2806 1747 2864 unde
1774 2806 1823 2863 si

464 2889 709 2945 materia
729 2887 895 2945 debet
914 2887 1316 2955 determinari,
1348 2895 1404 2946 et
1431 2888 1583 2944 trahi
1613 2888 1682 2945 ad
1712 2888 1827 2946 for-

465 2985 623 3025 mam
651 2968 1088 3028 substantialem
1118 2987 1219 3044 per
1247 2971 1468 3041 aliquas
1494 2968 1827 3043 dispositio-

463 3065 583 3118 nes,
615 3066 740 3124 quae
766 3066 836 3107 ex
865 3057 1072 3109 natura
1103 3052 1185 3110 rei
1215 3051 1560 3109 ordinantur
1590 3050 1660 3107 ad
1703 3051 1827 3108 sor-

462 3146 640 3197 mam,
675 3131 893 3203 pariter
921 3132 1094 3190 homo
1134 3131 1302 3189 debet
1340 3130 1740 3199 determinari,
1770 3136 1828 3188 et

461 3212 532 3269 ad
552 3214 800 3287 gratiam
838 3214 992 3271 trahi
1022 3230 1123 3288 per
1149 3216 1373 3288 aliquas
1401 3214 1820 3289 dispositiones,

460 3310 583 3367 quae
609 3310 680 3352 ex
708 3303 913 3353 natura
956 3297 1041 3353 rei
1083 3296 1397 3371 disponunt
1444 3297 1514 3354 ad
1553 3296 1820 3372 gratiam.

461 3376 849 3441 Quamobrem
871 3378 1017 3434 sicut
1038 3379 1156 3435 illae
1180 3379 1404 3451 priores
1426 3377 1828 3452 dispositiones

461 3456 731 3513 dicuntur
753 3459 1021 3533 physicae,
1047 3460 1182 3532 quia
1209 3475 1412 3516 earum
1439 3459 1747 3534 exigentia,
1773 3462 1829 3513 et

462 3539 765 3596 causalitas
805 3540 1083 3600 fundatur
1110 3543 1174 3598 in
1204 3541 1427 3598 naturis
1471 3558 1669 3598 rerum
1705 3561 1718 3597 ε
1747 3541 1829 3596 ita

464 3621 1037 3693 proportionabiliter
1061 3624 1401 3696 posteriores
1423 3623 1829 3697 dispositiones

463 3700 673 3759 debent
693 3705 942 3780 physicas
970 3707 1275 3779 appellari.

546 3785 665 3841 108.
688 3787 802 3843 Nec
822 3787 1018 3852 refert,
1045 3786 1093 3843 si
1122 3785 1275 3845 dicas
1288 3790 1491 3862 prim0,
1508 3787 1828 3845 maximam

463 3865 529 3920 D.
549 3865 800 3934 Thomae,
814 3868 904 3924 cui
923 3874 1348 3944 argumentum,
1370 3875 1426 3928 et
1447 3867 1831 3927 confirmatio-

464 3960 566 4002 nes
581 3946 931 4016 innituntur,
953 3949 1259 4009 manifeste
1285 3950 1580 4009 falsificari
1610 3950 1673 4007 in
1702 3966 1831 4024 par-

462 4027 616 4082 vulis
668 4026 1000 4101 baptizatis:
1049 4030 1332 4101 recipiunt
1377 4033 1536 4089 enim
1580 4032 1828 4105 gratiam

460 4108 933 4180 sanctificantem,
978 4112 1119 4186 quin
1163 4114 1342 4170 ullam
1395 4113 1828 4189 dispositionem

463 4193 710 4251 habeant
756 4194 826 4251 ad
875 4211 1002 4253 eam
1050 4194 1438 4267 recipiendam
1474 4196 1666 4271 :quod
1694 4196 1831 4253 satis
1884 4192 1887 4196 “

464 4266 696 4343 indicat,
740 4276 990 4351 gratiam
1018 4293 1089 4334 ex
1119 4280 1324 4333 natura
1363 4294 1467 4334 sua
1509 4279 1735 4334 nullam
1766 4277 1831 4333 in

463 4356 712 4431 subjecto
733 4362 925 4430 petere
952 4356 1387 4430 dispositionem
1418 4379 1431 4413 ε
1462 4357 1678 4432 alioqui
1709 4358 1830 4415 mi-

469 4439 730 4494 raculum
759 4438 926 4505 foret,
959 4436 1108 4511 quod
1138 4438 1397 4511 parvulis
1422 4439 1549 4496 sine
1578 4440 1682 4496 tali
1709 4439 1832 4495 dis-

469 4520 751 4593 positione
777 4519 1159 4577 conferretur.

1957 608 2065 667 Sed
2086 609 2178 665 hic
2197 606 2426 665 dicendi
2455 605 2657 663 modus
2684 609 2768 660 est
2788 598 3138 659 insufficiens
3160 617 3172 651 :
3196 601 3321 651 tum

1958 692 2094 766 quia
2115 691 2322 749 merita
2344 689 2559 747 Christi
2586 703 2703 744 non
2732 700 2792 742 se
2821 682 3034 740 habent
3056 679 3126 737 ad
3149 677 3322 753 justi-

1957 772 2284 830 ficationem
2314 771 2620 829 hominum
2645 764 3001 840 dispositive,
3032 760 3130 818 sed
3152 759 3326 817 effec-

1958 856 2075 913 tive
2090 880 2105 924 ;
2128 855 2339 929 quippe
2359 869 2484 927 quae
2500 869 2604 911 nos
2618 865 2754 909 vere
2777 863 2894 905 non
2909 841 3320 909 determinant,

1957 944 2014 997 et
2054 937 2307 995 afficiunt
2334 936 2403 993 ad
2424 935 2733 1010 justitiam,
2764 930 2863 989 sed
2890 927 2963 985 ab
3000 925 3327 984 extrinseco

1958 1036 2087 1078 eam
2136 1019 2200 1076 in
2247 1017 2415 1076 nobis
2459 1015 2760 1074 meritorie
2801 1009 3143 1085 producunt.
3172 1007 3325 1061 Tum

1958 1101 2110 1175 quia,
2138 1106 2259 1159 esto
2279 1099 2486 1157 merita
2517 1098 2729 1157 Christi
2768 1095 3100 1151 dicerentur
3126 1088 3326 1160 dispo-

1959 1182 2196 1239 sitiones
2219 1198 2321 1256 pro
2350 1181 2638 1254 parvulis3
2670 1178 2961 1251 nequeunt
2982 1178 3177 1240 tamen
3200 1184 3327 1226 esse

1958 1265 2361 1338 dispositiones
2390 1263 2655 1339 physicae,
2674 1259 2773 1318 sed
2799 1262 3025 1316 tantum
3048 1252 3320 1317 morales,

1960 1355 2023 1406 ut
2047 1350 2185 1406 satis
2211 1364 2283 1407 ex
2321 1363 2381 1405 se
2422 1347 2600 1419 liquet
2631 1366 2644 1401 ε
2674 1347 2731 1402 et
2770 1343 2852 1400 ita
2893 1338 3194 1427 praedictus
3228 1333 3324 1389 di-

1959 1429 2125 1486 cendi
2184 1428 2388 1486 modus
2438 1425 2589 1484 cadit
2649 1441 2683 1481 a
2735 1427 2932 1480 nostra
2984 1422 3321 1476 assertione.

1961 1512 2268 1584 Capreolus
2294 1513 2486 1566 autem
2508 1506 2674 1574 dixit,
2707 1503 2979 1578 parvulos
3002 1498 3229 1571 disponi
3252 1495 3326 1554 ad
3345 1492 3538 1545 &wed-

1959 1596 2206 1669 gratiam
2231 1609 2332 1666 per
2358 1592 2767 1649 characterem.
2800 1584 2961 1652 Quod
2999 1581 3174 1640 etiam
3203 1578 3325 1635 dis-

1962 1675 2164 1748 plicet;
2203 1691 2341 1732 nam
2384 1673 2615 1747 parvuli
2644 1672 2708 1728 in
2749 1666 2932 1726 veteri
2968 1667 3090 1738 lege
3111 1660 3325 1737 justifi-

1961 1756 2240 1815 cabantur
2268 1773 2370 1830 per
2393 1754 2891 1816 circuncisionem,
2916 1754 2972 1806 et
2994 1753 3186 1803 tamen
3209 1760 3326 1801 non

1963 1837 2313 1909 recipiebant
2359 1840 2791 1902 characterem;
2861 1832 2957 1888 hic
3019 1828 3180 1885 enim
3244 1831 3332 1884 est

1959 1918 2190 1976 effectus
2241 1919 2548 1993 peculiaris
2606 1918 3104 1974 sacramentorum
3166 1922 3331 1965 novae

1962 2000 2103 2075 legis
2155 2021 2168 2056 :
2214 2000 2367 2057 unde
2415 2001 2506 2058 vel
2557 1997 2785 2071 parvuli
2833 1994 2925 2052 illi
2977 1988 3332 2063 recipiebant

1960 2081 2207 2155 gratiam
2258 2080 2714 2154 independenter
2756 2076 2827 2133 ab
2871 2073 3034 2131 omni
3082 2068 3334 2142 disposi-

1963 2161 2152 2228 tione;
2177 2162 2269 2218 vel
2297 2166 2518 2234 oportet
2561 2160 2739 2216 aliam
2769 2152 3207 2227 dispositionem
3235 2164 3332 2206 as-

1960 2244 2190 2317 signare
2222 2258 2254 2298 a
2282 2244 2608 2300 charactere
2626 2239 2980 2296 distinctam.
3001 2230 3331 2289 Praesertim

1960 2325 2094 2398 quia
2116 2327 2309 2398 plures
2338 2324 2600 2382 damnati
2629 2322 2886 2379 retinent
2912 2319 3329 2380 characterem,

1961 2407 2030 2465 de
2055 2407 2261 2480 quibus
2288 2412 2485 2464 tamen
2532 2406 2643 2463 dici
2692 2419 2808 2460 non
2849 2401 3022 2466 valet,
3056 2396 3205 2471 quod
3234 2396 3334 2452 ha-

1961 2488 2134 2545 beant
2159 2488 2414 2562 aliquam
2455 2484 2895 2560 dispositionem
2937 2479 3008 2537 ad
3053 2478 3328 2555 gratiam.

1961 2572 2147 2635 Quare
2175 2569 2285 2636 his,
2316 2575 2373 2627 et
2408 2569 2541 2625 aliis
2581 2563 2811 2624 dicendi
2858 2560 3046 2619 modis
3089 2558 3327 2622 relictis,

1962 2649 2376 2722 respondemus
2410 2648 2681 2722 parvulos
2708 2643 2937 2717 disponi
2968 2641 3037 2699 ad
3077 2639 3326 2716 gratiam

1955 2732 2362 2806 justificantem
2401 2747 2502 2804 per
2543 2731 2786 2787 virtutes
2831 2722 3319 2799 supernaturaleS,

1961 2817 2077 2870 tam
2120 2812 2508 2887 Theologicas',
2557 2826 2731 2884 quam
2785 2807 3059 2870 morales,
3115 2817 3239 2876 quae
3290 2816 3326 2856 a

1958 2896 2151 2969 gratia,
2171 2894 2495 2961 dimanant,
2521 2899 2577 2950 et
2609 2892 2788 2948 simul
2816 2905 2947 2947 cum
2968 2903 3035 2944 ea
3063 2882 3325 2959 parvulis

1961 2976 2372 3033 infunduntur.
2391 2979 2540 3032 Nam
2562 2971 3048 3049 quemadmodum
3073 2967 3325 3026 acciden·
3377 2985 3497 3029 nou,

1962 3058 2058 3127 tia,
2098 3077 2223 3133 quae
2270 3059 2577 3117 dimanant
2622 3076 2656 3116 a
2697 3058 2886 3115 forma
2930 3049 3317 3115 substantiali,

1960 3142 2267 3198 materiam
2320 3141 2555 3216 physice
2595 3139 2912 3213 disponunt
2951 3133 3022 3192 ad
3067 3130 3323 3207 ejusdem

1961 3221 2161 3279 formae
2190 3222 2596 3295 receptionem,
2623 3220 2785 3294 juxta
2812 3234 2880 3276 ea
2907 3232 3030 3291 quae
3068 3213 3325 3270 diximus

1960 3302 2134 3359 dubio
2176 3301 2519 3376 praecedenti
2548 3322 2561 3355 ε
2591 3300 2670 3358 ita
2694 3301 2955 3366 virtutes,
2981 3313 3105 3372 quae
3133 3312 3164 3351 a
3189 3309 3325 3369 gra-

1961 3384 2041 3440 tia
2063 3381 2412 3458 justificante
2437 3382 2762 3448 dimanant,
2796 3385 3032 3453 possunt
3054 3375 3327 3451 parvulos

1963 3465 2196 3539 physice
2230 3478 2572 3538 praeparare,
2601 3468 2661 3518 ut
2687 3460 2931 3539 eandem
2955 3458 3206 3532 gratiam
3231 3470 3327 3513 re·

1961 3547 2195 3621 cipiant.
2228 3550 2343 3604 Nec
2387 3551 2628 3620 oportet,
2671 3543 2820 3618 quod
2864 3542 3055 3617 gratia
3098 3537 3328 3597 easdem

1961 3628 2366 3701 dispositiones
2388 3629 2449 3684 in
2479 3626 2738 3701 quolibet
2763 3624 3013 3699 subjecto
3040 3623 3325 3693 exposcat,

1961 3714 2018 3767 et
2039 3713 2467 3782 praesupponat;
2486 3708 2584 3765 sed
2608 3707 2722 3780 poti
2732 3723 2792 3762 us
2815 3704 2952 3777 petit
2971 3700 3321 3772 oppositum,

1962 3789 2098 3861 quia
2144 3795 2205 3845 ut
2250 3804 2426 3861 supra
2477 3785 2822 3850 dicebamus,
2875 3775 3329 3853 unumquodque

1965 3869 2240 3943 recipitur
2268 3868 2338 3926 ad
2368 3867 2606 3926 modum
2638 3864 2980 3940 recipientis.
3014 3863 3083 3915 Et
3108 3861 3215 3916 hac
3238 3873 3330 3915 ra-

1962 3952 2121 4010 tione
2146 3951 2346 4011 eadem
2369 3952 2569 4008 anima
2592 3948 2893 4007 rationalis
2920 3946 3065 4004 alias
3090 3940 3331 4017 disposi-

1963 4036 2150 4093 tiones
2177 4036 2316 4109 petit
2355 4035 2420 4091 in
2462 4032 2709 4106 capillis,
2742 4032 2806 4088 in
2847 4030 3056 4103 quibus
3100 4031 3332 4083 tantum

1968 4123 2218 4194 vegetat;
2262 4123 2318 4175 et
2364 4117 2508 4173 alias
2554 4114 2617 4169 in
2662 4129 2857 4180 carne,
2894 4114 3097 4185 inqua
3136 4107 3330 4166 sentit.

1965 4203 2035 4256 Et
2079 4199 2354 4257 similiter
2400 4194 2725 4261 mollitud0,
2781 4200 2838 4251 et
2881 4195 3092 4251 raritas
3137 4195 3341 4265 petunt

1966 4298 2070 4355 pro
2092 4280 2465 4353 dispositione
2493 4278 2557 4333 in
2583 4291 2713 4332 cera
2740 4275 3013 4341 calorem,
3047 4289 3218 4348 quem
3243 4278 3334 4328 ta-

1965 4380 2101 4422 men
2144 4379 2262 4420 non
2303 4364 2501 4435 petunt
2542 4358 2604 4413 in
2633 4358 2774 4413 luto.
2811 4358 2883 4411 Et
2909 4355 3148 4414 tandem
3171 4355 3338 4413 vide-

1966 4464 2114 4517 muS,
2145 4444 2293 4519 quod
2329 4440 2588 4500 secunda)
2634 4437 2962 4512 qualitates,
2996 4446 3200 4512 utputa
3246 4440 3338 4495 al-

1966 4527 2145 4594 bed0,
2214 4526 2639 4596 consequuntur
2710 4519 2943 4576 diversa
3015 4522 3335 4577 mixtorum

255 4642 456 4696 Dimm-
544 4596 690 4660 Non,
724 4594 981 4666 inquam,
1014 4594 1118 4651 hoc
1146 4593 1357 4661 resert;
1399 4608 1536 4652 nam
1564 4595 1742 4654 etiam
1768 4596 1835 4652 in

307 4697 388 4737 tur.
471 4676 731 4751 parvulis
784 4678 1072 4751 reperitur
1125 4675 1425 4748 dispositio
1466 4677 1539 4734 ad
1584 4678 1833 4752 gratiam

471 4756 879 4831 recipiendam,
931 4757 1199 4831 quamvis
1251 4757 1315 4812 in
1362 4773 1431 4814 ea
1481 4756 1837 4832 designanda

470 4855 589 4897 non
616 4855 822 4913 parum
848 4841 1077 4896 varient
1104 4844 1314 4896 nostrae
1355 4839 1689 4897 assertionis
1714 4843 1838 4895 Au-

258 4954 446 5007 cajetan.
469 4922 681 4980 thores.
716 4923 1017 4997 cajetanus
1062 4921 1222 4980 enim
1263 4920 1443 4995 quast.
1484 4923 1604 4987 112,
1635 4931 1744 4979 art.
1776 4924 1833 4989 2,

469 5002 817 5080 significavit
843 5003 1246 5077 dispositiones
1272 5001 1343 5058 ad
1365 5003 1837 5077 justificationem

474 5087 853 5159 parvulorum
898 5100 1020 5143 esse
1058 5084 1267 5144 merita
1314 5085 1527 5141 Christi
1577 5085 1831 5144 Domini.

1968 4610 2420 4683 temperamenta
2447 4605 2511 4661 in
2547 4602 2757 4676 primis
2783 4603 3181 4675 qualitatibuS,
3212 4618 3341 4676 quae

1970 4693 2296 4766 praeparant
2320 4684 2390 4743 ad
2416 4683 2714 4743 secundas.
2746 4686 2889 4741 Cum
2938 4700 3076 4760 ergo
3105 4685 3338 4757 parvuli

1969 4776 2256 4846 nequeant
2273 4766 2341 4825 ad
2356 4765 2603 4841 gratiam
2619 4764 2850 4839 disponi
2869 4780 2971 4838 per
2995 4771 3151 4821 actus
3167 4764 3340 4823 liberi

1970 4852 2199 4910 arbitrii
2221 4864 2487 4924 quorum,
2516 4848 2736 4905 secluso
2759 4846 3061 4914 miraculo,
3085 4852 3223 4903 sunt
3242 4847 3341 4903 in·

1971 4947 2228 5005 capaces,
2260 4930 2489 4987 valeant
2530 4933 2722 4984 autem
2768 4925 3000 4999 disponi
3040 4941 3142 4999 per
3188 4926 3347 4999 ipsos

1972 5014 2256 5069 virtutum
2303 5009 2531 5066 habitus
2564 5029 2578 5064 ι
2629 5022 2982 5080 consequens
3033 5012 3139 5073 est,
3188 5005 3342 5080 quod

1975 5109 2075 5168 per
2103 5090 2350 5157 habitus,
2382 5097 2438 5148 et
2478 5107 2597 5150 non
2646 5106 2746 5164 per
2784 5095 2941 5147 actus
2979 5089 3050 5147 ad
3089 5089 3343 5220 grlatiagg

3107 5180 3143 5237 Ρ
3186 5179 3274 5238 5⁵1
