3647 5753
1301 375 1475 430 mse.
1523 375 1641 442 vn,
1687 373 1852 429 oua.
1896 373 1988 428 iv.
2931 376 3032 430 140

193 549 287 606 sed
314 550 383 606 de
413 551 664 606 motione
690 549 1087 613 determinata,
1120 554 1176 604 et
1212 547 1438 604 efficaci.
1471 547 1541 600 Et

193 632 239 686 si
262 633 582 688 Concilium
611 632 755 688 hanc
782 631 1094 687 motionem
1119 645 1236 686 non
1262 642 1541 700 suppone-

198 716 298 780 ret,
340 719 397 769 et
436 714 778 778 admitteret,
809 729 927 770 non
965 711 1317 768 satisfaceret
1341 711 1540 766 inten-

197 794 334 849 tioni
367 794 782 858 haereticorum,
813 793 910 865 qui
935 807 1034 864 per
1057 792 1203 847 hanc
1224 790 1538 847 motionem

192 873 536 939 asserebant,
564 873 881 930 absolutam
906 874 1296 928 necessitatem
1320 869 1535 926 induci.

192 958 329 1008 Cum
371 960 558 1009 autem
601 954 800 1009 asserit
846 975 859 1008 z
904 952 1019 1008 Nec
1055 953 1283 1029 denique
1327 952 1434 1007 tale
1467 951 1541 1004 sit

188 1034 502 1105 hujusmodi
527 1034 626 1089 Dei
645 1035 912 1089 trahentis
925 1035 1229 1098 auxilium,
1249 1035 1342 1089 cui
1359 1031 1542 1087 resisti

192 1132 297 1168 non
315 1116 508 1185 possit,
543 1129 658 1169 non
703 1114 952 1185 loquitur
983 1113 1053 1169 de
1094 1113 1314 1170 auxilio
1351 1110 1541 1168 effica-

188 1194 327 1248 citer
360 1192 637 1256 trahente,
683 1192 780 1248 sed
819 1193 1008 1248 solum
1048 1192 1118 1249 de
1160 1192 1379 1249 auxilio
1420 1194 1541 1245 tra-

192 1275 357 1329 hente
375 1272 558 1344 quoad
582 1271 1002 1329 sufficientiam.
1026 1272 1183 1337 Quod
1204 1274 1341 1338 satis
1367 1272 1542 1343 liquet

188 1368 258 1407 ex
286 1351 622 1424 probatione
649 1351 983 1407 immediate
1010 1351 1307 1424 adjuncta;
1341 1348 1543 1423 probat

188 1433 343 1489 enim
375 1432 671 1488 hominem
702 1449 861 1505 posse
892 1432 1152 1490 resistere
1179 1433 1398 1490 auxilio
1439 1428 1539 1487 Dei

190 1514 485 1577 trahentis,
531 1515 664 1586 quia
704 1514 1030 1587 aliquando,
1074 1520 1130 1571 et
1166 1513 1238 1570 de
1278 1514 1421 1571 facto
1449 1512 1539 1568 illi

190 1595 414 1651 resistit.
450 1595 511 1650 ld
542 1612 677 1652 vero
707 1597 767 1652 in
809 1598 969 1653 nulla
1014 1597 1300 1653 sententia
1339 1594 1542 1652 verifi-

185 1680 300 1734 cari
343 1681 496 1736 valet
534 1680 605 1735 de
643 1679 864 1735 auxilio
900 1678 1140 1739 efficaci:
1172 1695 1308 1734 nam
1347 1678 1542 1735 efficax

189 1774 301 1814 uon
328 1766 431 1823 est,
464 1761 555 1815 cui
585 1758 654 1815 de
681 1759 826 1814 facto
858 1760 1143 1815 resistitur
1172 1780 1184 1815 ε
1213 1766 1268 1816 et
1298 1762 1411 1815 Deo
1439 1775 1543 1815 vo-

189 1839 321 1894 lenti
340 1841 572 1894 salvum
590 1839 774 1895 facere
789 1841 1016 1895 nullum
1040 1841 1360 1896 humanum
1380 1839 1544 1895 resis-

188 1919 252 1973 tit
290 1920 627 1981 arbitrium‚
670 1924 730 1973 ut
766 1918 915 1974 dixit
952 1921 1301 1995 Augustinus
1343 1920 1437 1976 tib.
1479 1919 1543 1974 de

187 2009 408 2072 corrept.
432 2009 483 2054 et
508 2002 715 2071 qratia,
734 2017 855 2072 cap.
890 2002 971 2056 14.
993 2003 1057 2055 In
1078 2017 1189 2073 quo
1211 2006 1403 2057 tamen
1426 2015 1542 2056 non

191 2083 262 2136 ita
291 2083 530 2153 proprie
557 2084 855 2154 loquutum
883 2082 990 2137 fuit
1018 2083 1163 2139 illud
1191 2082 1540 2147 Concilium;

190 2178 321 2217 nam
350 2162 644 2227 auxilium
675 2163 773 2219 Dei
815 2164 1096 2220 trahentis
1135 2163 1538 2227 communiter,

186 2249 238 2297 et
283 2243 548 2300 absolute
591 2243 873 2316 loquendo
921 2243 1208 2316 significat
1257 2243 1542 2300 auxilium

186 2322 396 2382 efficax.
422 2331 482 2381 et
515 2339 629 2380 non
654 2325 886 2396 praecise
906 2325 1213 2382 sufficiens.
1238 2323 1385 2380 Illud
1409 2338 1545 2378 vero

187 2405 321 2461 satis
367 2406 481 2461 fuit
529 2404 600 2461 ad
647 2406 1029 2464 intentionem
1078 2406 1340 2473 Concilii,
1383 2411 1438 2461 et
1484 2409 1546 2459 ut

187 2502 441 2542 errorem
461 2485 864 2542 haereticorum
883 2492 1231 2561 oppugnaret
1244 2485 1544 2550 ‚Quoniam

189 2567 236 2621 si
261 2568 440 2623 semel
484 2567 661 2623 homo
692 2569 953 2624 resistere
983 2574 1178 2640 potest,
1205 2573 1262 2625 et
1285 2565 1546 2639 quando-

188 2664 293 2719 que
333 2649 555 2705 resistit
595 2649 815 2706 auxilio
840 2649 1141 2705 sufficienti
1172 2671 1184 2705 :
1213 2665 1349 2723 ergo
1377 2649 1548 2705 homo

191 2727 351 2783 habet
373 2729 436 2784 in
459 2729 651 2800 seipso
667 2728 991 2801 hujusmodi
1017 2734 1349 2802 potestatem
1371 2729 1547 2785 etiam

187 2810 243 2863 iu
273 2809 376 2864 illo
405 2809 674 2873 instanti,
709 2810 772 2865 in
799 2825 910 2882 quo
935 2810 1005 2865 ad
1034 2808 1319 2884 agendum
1360 2808 1566 2866 effica-'

180 2890 317 2946 citer
367 2890 718 2963 applicatur.
760 2891 1062 2946 Auxilium
1101 2891 1313 2964 quippe
1358 2891 1549 2963 appli-

183 2987 316 3027 cans
341 2988 445 3028 nec
488 2971 608 3037 dat,
654 2986 756 3027 nec
796 2973 985 3028 aufert
1034 2978 1386 3045 potestatem,
1418 2990 1547 3030 cum

189 3069 301 3109 non
345 3055 640 3126 pertineat
684 3053 753 3108 ad
801 3060 988 3109 actum
1031 3055 1308 3126 primum,
1340 3054 1438 3112 sed
1479 3052 1550 3111 ad

190 3126 527 3189 secundum.
573 3136 802 3189 Constat
846 3142 1055 3199 autem,
1094 3134 1243 3207 quod
1272 3135 1376 3192 hoc
1403 3136 1546 3207 ipso,

191 3213 331 3284 quod
381 3216 562 3270 horno
602 3213 898 3271 efficaciter
944 3216 1276 3288 applicatuS,
1320 3221 1377 3272 et
1420 3220 1545 3271 actu

193 3311 360 3367 agens
382 3296 597 3351 habeat
618 3300 948 3367 potestatem
974 3297 1041 3353 ad
1064 3298 1407 3369 oppositum,
1437 3312 1553 3353 non

195 3377 304 3451 agit
331 3394 462 3433 cum
492 3375 753 3434 absoluta
777 3380 1126 3444 necessitate,
1151 3380 1248 3437 sed
1276 3378 1474 3444 libere,
1500 3384 1556 3434 et
1587 3386 1592 3390 ’

193 3475 319 3514 cum
339 3458 612 3515 dominio
640 3481 654 3514 ε
682 3475 817 3533 ergo
845 3460 1021 3517 motio
1047 3461 1344 3518 efficaciter
1365 3461 1555 3534 appli-

194 3555 343 3604 cans,
375 3540 504 3595 sive
532 3540 781 3594 occultus
803 3539 1022 3595 aillatus
1044 3543 1397 3598 voluntatem
1422 3548 1554 3596 tan-

195 3636 347 3690 gens,
375 3637 497 3677 non
542 3620 763 3676 inducit
792 3623 1181 3679 necessitatem
1210 3622 1549 3688 absolutam,

202 3705 259 3752 ut
298 3700 554 3756 haeretici
595 3699 996 3757 causabantur.
1043 3704 1111 3757 Et
1155 3702 1262 3757 huc
1310 3703 1557 3774 respexit

203 3779 459 3850 probatio
509 3779 771 3847 Concilii,
821 3781 1086 3852 quamvis
1127 3781 1394 3838 terminis
1438 3798 1556 3839 non

203 3860 336 3916 adeo
379 3861 656 3933 propriis,
702 3865 764 3916 a'c
794 3861 1066 3935 rigorosis
1116 3863 1176 3919 in
1224 3861 1557 3935 probatione

203 3956 361 3997 usum
392 3942 590 3997 fuerit.

118 4049 191 4080 res-
275 4020 679 4093 Respondetur
700 4020 947 4078 secundo
968 4018 1371 4079 authoritatem
1399 4023 1560 4078 illius

108 4101 163 4129 ‘⁰
205 4102 442 4158 concilii
490 4117 696 4174 parum
736 4117 838 4157 nos
866 4119 1146 4174 premere.
1176 4111 1233 4161 et
1260 4120 1374 4160 non
1402 4106 1560 4162 mul-

207 4187 322 4237 tum
367 4181 594 4238 roboris
637 4181 847 4250 nostris
886 4182 1248 4239 Adversariis
1287 4182 1557 4256 adjicere;

210 4279 340 4319 nam
383 4264 747 4336 provinciale
788 4264 914 4329 fuit,
945 4270 1002 4321 et
1039 4265 1310 4321 hactenus
1348 4281 1381 4320 a
1419 4264 1562 4321 Sede

207 4345 530 4414 Apostolica
559 4358 677 4397 non
704 4348 790 4399 est
813 4344 1207 4415 approbatum,
1241 4346 1332 4401 vel
1360 4341 1563 4400 confir-

209 4431 444 4480 matum.
471 4447 482 4450 ·

111 4526 160 4568 m
286 4509 414 4562 219.
468 4506 579 4562 Sed
620 4504 892 4563 adversus
934 4508 1081 4565 hanc
1104 4507 1412 4565 secundam
1440 4522 1564 4564 res-

108 4627 199 4667 „n
214 4590 552 4659 ponsionem
583 4588 879 4644 invehitur
900 4591 1106 4647 Suarez
1127 4592 1337 4663 prolog).
1360 4591 1414 4655 6,
1439 4607 1562 4663 cap.

108 4685 151 4714 cn.
211 4669 264 4735 5,
293 4686 447 4723 num.
474 4670 531 4732 6,
566 4667 665 4723 ubi
695 4669 911 4736 asserit,
946 4685 1302 4763 nonpossea
1329 4671 1567 4727 temeri-

215 4749 341 4804 tatis
362 4755 505 4806 nota
524 4748 788 4804 excusari
813 4763 966 4815 eum,
997 4752 1093 4822 qui
1121 4754 1400 4808 assereret
1419 4766 1568 4840 prae-

210 4828 425 4884 dictum
438 4828 768 4886 Concilium
783 4830 844 4885 in
855 4829 1046 4901 aliquo
1059 4829 1320 4905 dogmate
1329 4846 1569 4896 errasse

211 4909 300 4966 vel
327 4908 558 4983 aliquid
603 4909 813 4964 falsum
842 4909 1014 4967 fuisse
1040 4911 1110 4967 ab
1142 4928 1208 4969 eo
1232 4911 1564 4968 diffinitum.

214 4991 282 5043 Et
304 5007 462 5046 num.
509 4992 567 5055 7,
600 4987 803 5044 addit·
791 5011 803 5043 :
849 4988 1187 5048 Credendum
1223 4995 1446 5048 omnino
1469 5000 1565 5060 est,

1673 562 1784 600 non
1822 545 2060 617 defuisse
2100 546 2187 600 ini
2231 546 2511 615 sinyulare
2550 543 2806 617 ,Spiritus
2850 551 3027 602 sancti

1673 626 1979 691 auaeilium,
2013 633 2073 680 uc
2113 628 2409 699 prcesertim
2451 629 2509 681 in
2534 628 2783 682 doctrina
2810 627 2968 683 Fidei
2993 647 3029 682 a

1673 710 1903 762 veritate
1946 725 2054 764 non
2100 709 2397 765 aberraret.
2438 708 2596 774 Quod
2639 711 2857 782 probat,
2906 717 3027 765 tum

1672 789 1808 860 quia
1848 789 1994 845 illud
2033 791 2354 847 Concilium
2397 798 2799 865 congregatum
2839 798 2923 849 est
2959 808 3028 848 ex

1677 868 1937 941 pluribus
1969 871 2282 941 provinciis
2322 872 2662 937 Germaniae,
2702 878 2756 927 et
2784 874 2982 928 Galliae
3016 894 3027 927 :

1677 964 1811 1005 nam
1836 951 1898 1005 in
1925 967 1992 1007 eo
2015 952 2281 1023 praesedit
2302 952 2627 1008 Cardinalis
2656 949 2941 1009 A'ntonius
2962 952 3032 1008 de

1675 1032 1849 1086 Prato
1875 1031 2346 1104 Archiepiscopus
2373 1034 2743 1099 senonensis,
2768 1034 2865 1106 qui
2893 1035 3031 1089 Gal-

1676 1110 1785 1174 liae,
1817 1116 1873 1166 et
1899 1113 2223 1167 Germaniae
2250 1114 2478 1168 Primas
2507 1112 2848 1186 appellatur.
2883 1115 3031 1171 Tum

1668 1191 1809 1262 *quia
1851 1190 2200 1247 celebratum
2242 1197 2326 1249 est
2354 1189 2615 1259 Parisiis,
2650 1193 2800 1250 unde
2823 1196 3032 1251 verisi-

1676 1270 1815 1327 mile
1839 1275 1922 1327 est
1939 1270 2036 1332 illi.
2052 1271 2299 1331 adfuisse
2315 1289 2516 1330 omnes
2537 1274 2851 1347 Theologos
2876 1276 3034 1331 Pari-

1674 1352 1881 1408 siensis
1908 1353 2240 1410 Academias.
2274 1357 2420 1410 Tum
2450 1357 2581 1427 quia
2614 1372 2743 1411 cum
2773 1357 3033 1413 Christus

1674 1435 1954 1492 Dominus
2001 1437 2360 1506 promiserit,
2415 1438 2757 1511 ubicumque
2816 1440 3037 1497 fuerint

1674 1518 1997 1590 congregati
2016 1515 2147 1583 duo,
2168 1519 2260 1575 vel
2289 1524 2403 1576 tres
2432 1519 2493 1575 in
2524 1520 2762 1577 nomine
2782 1523 2918 1596 ejuS,
2941 1523 3039 1579 ad·
3076 1534 3079 1535 ’

1612 1666 1617 1671 .
1677 1596 1934 1651 futurum
1974 1611 2093 1652 esse
2114 1597 2179 1653 in
2207 1597 2398 1655 medio
2424 1613 2648 1663 eorum,
2679 1616 3033 1672 praesumen-

1674 1675 1812 1730 dum
1858 1680 1942 1731 est
1987 1677 2268 1747 Spiritum
2315 1683 2576 1734 sanctum
2620 1678 2903 1736 adstitisse
2944 1681 3032 1736 illi

1675 1755 2121 1828 congregationi,
2156 1756 2218 1811 in
2244 1772 2355 1828 qua
2385 1763 2463 1813 tot
2491 1758 2719 1813 Praelati
2749 1775 3035 1817 convene-

1679 1839 1829 1890 rant.
1874 1835 2019 1888 'l'um
2049 1834 2185 1906 quia
2220 1835 2364 1890 illud
2393 1837 2714 1893 Concilium
2743 1844 2875 1896 ante
2900 1855 3036 1896 cen·

1678 1919 1799 1968 tum
1813 1913 2227 1988 quinquaginta
2239 1914 2357 1972 fere
2370 1932 2552 1973 annos
2568 1922 2651 1973 est
2665 1917 3031 1988 celebratum,

1675 2001 1735 2052 et
1772 2010 1873 2068 per
1902 1996 2211 2052 Ecclesiam
2251 1996 2627 2071 divulgatum,
2661 1999 2801 2070 quin
2830 2001 3038 2074 aliquis

1676 2076 1747 2132 de
1777 2076 1900 2149 ejus
1940 2078 2285 2134 authoritate
2319 2077 2687 2145 dubitaverit,
2723 2081 2811 2136 vel
2840 2088 3036 2139 notam

1679 2158 1920 2232 alicujus
1963 2160 2182 2216 erroris
2226 2160 2521 2216 inusserit.
2572 2162 2719 2216 Tum
2766 2162 3033 2236 denique,

1678 2240 1813 2311 quia
1841 2240 2170 2298 virtualiter
2195 2245 2284 2297 est
2309 2240 2684 2313 approbatum
2715 2261 2746 2300 a
2777 2244 3028 2301 Concilio

1679 2319 2022 2378 Tridentino
2047 2346 2061 2387 ;
2093 2321 2196 2378 hoc
2222 2321 2432 2393 quippe
2457 2321 2778 2380 doctrinam
2807 2324 2876 2381 de
2900 2340 3037 2398 gra·
3129 2379 3131 2382 Α

1681 2404 1760 2458 tia
1787 2404 1848 2458 in
1864 2403 2180 2459 senonensi
2201 2401 2471 2459 traditam
2490 2406 2672 2479 magis
2693 2407 3034 2478 explicatam

1679 2483 1904 2541 definit.

1754 2568 2039 2621 Caeterum
2062 2564 2178 2621 haec
2199 2580 2315 2621 non
2344 2570 2571 2639 urgent.
2603 2569 2748 2623 Nam
2780 2570 3036 2644 peregri-
3050 2574 3250 2666 thlurndi·

1682 2660 1822 2701 num
1852 2649 1954 2710 est,
1986 2648 2042 2700 et
2069 2660 2301 2717 prorsus
2328 2645 2586 2702 insolens
2613 2647 2762 2719 apud
2790 2650 3037 2707 Theolo-

1680 2742 1779 2800 gos
1819 2730 2039 2782 tantam
2069 2727 2475 2784 authoritatem
2510 2728 2764 2786 Concilio
2798 2731 3037 2803 provin-

1683 2806 1834 2871 ciali,
1862 2806 1899 2861 ‘a
1926 2805 2066 2863 Sede
2093 2808 2412 2880 Apostolica
2443 2823 2558 2863 non
2586 2808 2928 2868 confirmato
2947 2810 3039 2869 de-

1683 2886 1855 2952 ferre,
1908 2893 1969 2940 ut
2013 2887 2337 2943 credendum
2380 2890 2602 2943 omnino
2642 2891 2715 2943 sit
2761 2889 3041 2963 Spiritum

1682 2973 1935 3023 sanctum
1966 2967 2053 3023 illi
2089 2968 2353 3040 adfuisse,
2398 2986 2462 3023 ne
2496 2971 2553 3023 in
2581 2971 2770 3047 aliquo
2796 2973 3043 3043 doymate

1682 3055 1912 3104 erraret.
1968 3047 2113 3112 Quid
2162 3050 2412 3122 amplius
2458 3051 2739 3108 tribuitur
2790 3055 3044 3111 Concilio

1684 3130 1972 3193 Generali‚
2017 3129 2165 3201 quod
2215 3132 2479 3188 Pontifex
2527 3131 2843 3205 approbat?
2894 3135 3043 3201 Quid

1686 3208 1962 3265 Catholici
1978 3214 2278 3282 expectant
2295 3213 2461 3284 Papae
2478 3211 3041 3283 determinationem,

1685 3294 1742 3344 et
1779 3288 2271 3361 approbationem,
2316 3293 2365 3347 si
2416 3298 2548 3348 ante
2596 3294 2760 3349 illam
2814 3295 3046 3353 credere

1688 3370 1928 3426 omnino
1948 3369 2173 3436 debent,
2197 3371 2557 3442 provinciale
2581 3375 2903 3431 Concilium
2929 3391 3045 3432 non

1687 3453 1952 3507 errasse?
1998 3452 2101 3508 Vel
2141 3454 2309 3524 quale
2347 3452 2522 3509 robur
2550 3453 2743 3528 adJicit
2767 3455 3049 3512 determi-

1689 3533 1848 3588 natio
1876 3531 2190 3598 Pontificis,
2224 3534 2272 3588 si
2298 3550 2363 3591 ea
2402 3551 2518 3591 non
2559 3540 2865 3609 expectata,
2912 3536 3050 3595 Fide

1688 3613 1973 3669 sancitum
2001 3617 2103 3676 est,
2136 3612 2284 3684 quod
2327 3616 2648 3671 Concilium
2674 3614 3045 3689 provinciale,

1692 3691 1967 3749 Pontifice
2003 3692 2324 3749 inconsulto
2350 3693 2603 3751 diffinit?
2641 3697 2747 3752 Sed
2773 3712 3048 3769 quorsum

1691 3772 1882 3828 Suarii
1910 3771 2260 3828 existimatio
2279 3774 2580 3830 collimat?
2602 3777 2781 3832 Plane
2810 3780 2871 3831 ut
2910 3777 3048 3833 fun-

1691 3854 2027 3910 damentum
2044 3857 2263 3908 sternat
2287 3854 2358 3910 iis
2383 3872 2507 3927 quae
2527 3864 2657 3913 tom.
2683 3860 2717 3913 2
2744 3859 2806 3912 cle
2837 3862 3046 3928 9ratia,

1605 3974 1611 3980 -
1693 3935 1784 3992 lib.
1818 3937 1873 4000 5,
1905 3952 2024 4007 cap.
2053 3934 2144 4002 43,
2171 3935 2388 4002 scribit,
2418 3935 2514 3991 ubi
2541 3937 2701 3994 docet
2728 3940 3048 3996 Concilium

1693 4019 2022 4073 senonense
2062 4023 2254 4089 aperte
2293 4017 2493 4075 docere
2518 4019 2639 4092 ejus
2677 4022 3046 4088 sententiam,

1683 4101 1749 4160 et
1776 4097 2069 4170 physicam
2111 4097 2771 4169 prfedeterminationem
2809 4103 3051 4159 omnino

1697 4179 1977 4236 refellere.
2023 4183 2157 4245 Quae
2183 4179 2230 4234 si
2270 4197 2408 4237 vera
2447 4187 2599 4248 sunt,
2645 4183 2781 4256 quid
2811 4185 3053 4240 ulterius

1694 4263 2059 4331 expectamus
2121 4261 2459 4332 Apostolicae
2522 4262 2683 4319 Sedis
2729 4264 3055 4338 Judicium?

1695 4337 1843 4404 Quid
1866 4338 1977 4395 sibi
2003 4345 2302 4397 reservant
2324 4341 2627 4399 Pontifices
2644 4343 2811 4418 hujus
2833 4351 3055 4403 contro-

1696 4421 1902 4478 versiae
1943 4422 2353 4478 resolutionem
2379 4424 2406 4477 Ρ
2436 4425 2636 4479 Actum
2676 4431 2761 4480 est
2793 4424 2863 4483 de
2889 4442 3055 4483 causa

1696 4502 2153 4568 Themistarum,
2180 4519 2352 4576 quam
2382 4505 2701 4561 Concilium
2730 4507 3058 4567 Senonense

1698 4585 1839 4642 adeo
1865 4586 2172 4642 manifeste
2219 4583 2538 4643 damnavit.
2570 4587 2717 4644 Victi
2752 4606 2971 4658 sumus,
3000 4598 3056 4649 et

1699 4666 2140 4731 absolutionem,
2172 4667 2265 4722 vel
2292 4682 2473 4724 causae
2515 4668 2896 4740 patrocinium
2937 4689 3054 4730 non

1699 4753 1783 4805 est
1804 4763 1907 4803 cur
1927 4751 2288 4819 expectemus
2304 4763 2335 4802 a
2357 4747 2499 4804 Sede
2518 4750 2859 4822 Apostolica,
2885 4768 3054 4824 quam

1701 4828 2030 4886 Concilium
2048 4828 2377 4885 Senonense
2396 4830 2560 4906 (quod
2575 4833 2634 4887 in
2648 4832 2802 4888 nullo
2816 4833 3063 4904 doymate

1700 4926 1913 4968 errasse
1938 4911 2160 4964 omnino
2183 4909 2507 4967 credendum
2528 4915 2644 4984 est),
2670 4930 2773 4971 sua
2794 4914 3062 4974 determi-

1703 4992 1939 5050 natione
1966 4992 2261 5064 praevenit.
