3647 5753
57 1767 118 1809 Ul·
146 1770 243 1810 elul·

83 1824 107 1867 Ι)
156 1826 235 1861 mo.

71 4099 223 4144 cundo.

1426 455 1606 511 DISP.
1650 454 1725 508 v1
1763 451 1932 508 DUB.
1975 451 2048 507 11.

275 643 336 683 se
364 631 516 683 tenet
544 643 615 683 ex
657 633 819 700 parte
848 627 1077 700 praemii
1113 628 1176 684 in
1209 642 1331 684 esse
1373 625 1595 701 praemii
1623 641 1636 677 :

275 706 373 764 sed
399 723 468 764 eo
502 708 642 780 ipso,
692 708 839 780 quod
868 710 1072 782 gratia,
1119 713 1181 764 ut
1220 708 1517 766 destruens
1550 706 1642 763 of-

277 787 501 844 fensam
554 787 619 843 fit
663 790 968 860 praem-ium
1015 789 1244 855 meriti,
1294 789 1470 846 etiam
1517 788 1641 860 ipsa

276 868 582 925 destructio
603 869 831 926 offensae
851 887 922 927 ex
947 876 1105 943 parte
1127 872 1352 944 praemii
1375 886 1436 927 se
1456 875 1636 937 tenet:

277 950 526 1025 intelligi
568 951 728 1007 enim
785 967 901 1007 non
949 951 1120 1013 valet,
1170 949 1455 1024 quomodo
1501 965 1640 1022 prae·

276 1030 462 1086 mium
493 1031 567 1086 sit
591 1032 796 1105 gratia,
832 1035 893 1086 ut
913 1046 1105 1086 secum
1127 1031 1288 1089 affert
1311 1030 1640 1088 destructio-

276 1128 411 1170 nem
458 1114 707 1182 offensas,
756 1117 811 1170 et
856 1113 1162 1171 destructio
1204 1130 1321 1172 non
1363 1129 1423 1171 se
1451 1117 1641 1170 teneat

274 1210 347 1252 ex
368 1201 528 1268 parte
549 1197 774 1269 praemii
808 1218 819 1251 :
846 1212 981 1270 ergo
1003 1197 1167 1253 valor
1189 1196 1386 1253 meriti
1415 1195 1485 1252 ad
1512 1211 1641 1269 gra-

274 1274 418 1331 tiam
446 1280 508 1330 ut
534 1275 867 1333 afferentem
907 1276 1357 1334 destructionem
1385 1275 1633 1341 offensas,

272 1354 438 1412 debet
466 1355 754 1429 adaequari
781 1372 895 1413 non
923 1358 1112 1413 solum
1141 1373 1271 1414 cum
1305 1357 1508 1431 gratia,
1540 1354 1637 1412 sed

272 1437 447 1495 etiam
464 1454 593 1494 cum
616 1438 846 1495 offensa:
868 1438 1252 1495 destructione
1274 1461 1288 1505 ;
1312 1454 1375 1494 ac
1398 1435 1639 1510 proinde

275 1516 440 1574 debet
455 1517 666 1575 habere
689 1524 909 1575 tantam
927 1519 1640 1591 aestimabilitatem,quan-

275 1603 393 1655 tam
421 1598 591 1656 habet
635 1602 997 1674 complexum
1040 1616 1111 1659 ex
1156 1601 1361 1675 gratia,
1410 1604 1468 1657 et
1506 1600 1637 1657 des-

275 1681 558 1737 tructione
584 1680 829 1737 offensae.
1482 1717 1491 1722 -

347 1755 438 1810 39.
472 1754 861 1811 Confirmatur
885 1755 1095 1829 primo,
1126 1755 1262 1829 quia
1283 1760 1466 1832 totum
1489 1752 1636 1811 illud

273 1835 444 1893 habet
496 1838 780 1893 rationem
848 1839 1072 1911 praemii
1138 1836 1635 1912 correspondentis

272 1920 484 1977 merito
523 1919 593 1976 de
619 1920 919 1995 condigno,
951 1920 1101 1995 quod
1142 1923 1289 1978 Deus
1318 1924 1547 1993 praestat
1576 1923 1636 1974 nt

272 2007 461 2058 motus
482 2016 514 2056 a
538 2002 745 2058 merito
765 2001 834 2057 de
861 2002 1143 2076 condigno
1170 2024 1182 2058 :
1225 2000 1324 2059 sed
1351 2001 1629 2073 implicat,

271 2081 418 2155 quod
451 2083 596 2137 Deus
618 2088 920 2139 moveatur
948 2100 980 2139 a
1008 2084 1219 2140 merito
1246 2082 1315 2139 de
1353 2080 1634 2156 condigno

273 2161 342 2218 ad
378 2161 788 2218 conferendum
836 2165 1085 2238 gratiam
1136 2169 1197 2218 ut
1241 2163 1632 2219 destruentem

270 2241 547 2298 offensam
591 2244 710 2307 Dei,
745 2244 888 2316 quin
928 2244 1126 2301 eodem
1157 2245 1367 2300 merito
1396 2259 1635 2300 movea-

271 2327 367 2376 tur
396 2320 465 2377 ad
490 2322 818 2394 praedictam
841 2324 1288 2382 destructionem
1313 2341 1325 2375 :
1358 2339 1493 2397 ergo
1516 2340 1632 2381 non

269 2401 456 2457 solum
498 2404 683 2475 gratia
710 2410 772 2459 ut
809 2403 1129 2469 destruens,
1161 2403 1258 2461 sed
1298 2404 1473 2460 etiam
1502 2403 1634 2460 des-

272 2483 478 2540 tructio
532 2485 654 2557 ipsa
708 2484 877 2541 habet
918 2488 1204 2543 rationem
1247 2486 1473 2558 praemii
1501 2501 1634 2543 cor-

274 2565 669 2638 respondentis
708 2568 918 2625 merito
955 2567 1024 2624 de
1050 2568 1365 2643 condigno;
1412 2572 1469 2624 et
1494 2584 1633 2625 con-

270 2652 572 2718 sequenter
617 2649 890 2704 meritum
939 2648 1103 2706 debet
1136 2664 1258 2706 esse
1303 2649 1520 2721 aequale
1568 2649 1631 2704 in

270 2727 715 2785 aestimabilitate
743 2745 860 2787 non
882 2732 1067 2787 solum
1090 2730 1291 2804 gratiae
1310 2729 1630 2787 destruenti

269 2809 566 2878 offensam,
598 2812 696 2868 sed
716 2813 890 2869 etiam
920 2812 1313 2870 destructioni.
1349 2812 1631 2869 Probatur

267 2892 494 2949 minor:
524 2894 801 2966 quoniam
824 2894 1003 2951 motio
1018 2893 1211 2950 efficax
1234 2892 1302 2950 ad
1324 2894 1631 2951 conferen-

268 2970 404 3030 dum
429 2976 682 3048 aliquam
713 2976 981 3041 formam,
1016 2981 1209 3034 movet
1234 2976 1412 3032 etiam
1441 2974 1630 3031 effica-

268 3055 408 3112 citer
470 3056 541 3112 ad
602 3056 921 3113 tollendum
991 3056 1439 3131 impedimenta,
1507 3058 1632 3112 sive

270 3138 737 3210 indispositiones
787 3155 918 3195 cum
984 3139 1191 3212 quibus
1242 3139 1374 3194 talis
1442 3138 1632 3193 forma

270 3219 467 3292 nequit
503 3219 789 3292 componi,
836 3219 951 3275 nisi
985 3217 1222 3274 aliunde
1268 3217 1457 3272 ablata
1502 3233 1632 3289 sup-

270 3306 603 3372 ponantur:
643 3298 740 3355 sed
791 3299 978 3372 gratia
1029 3303 1112 3353 est
1159 3295 1631 3368 incomponibilis

268 3398 397 3437 cum
444 3383 610 3456 gravi
660 3382 758 3436 Dei
800 3380 1035 3444 offensa,
1067 3381 1213 3436 etin
1257 3383 1453 3436 nostro
1498 3394 1631 3434 casu

270 3477 386 3518 non
413 3462 686 3532 supponit
728 3461 891 3517 illam
935 3459 1207 3527 ablatam,
1255 3459 1471 3531 alioqui
1515 3473 1632 3516 non

267 3547 413 3598 esset
457 3542 643 3615 gratia
691 3547 752 3597 ut
806 3539 1152 3597 conferenda
1200 3540 1499 3613 peccatori,
1533 3537 1633 3594 sed

267 3623 452 3698 gratia
475 3623 769 3696 praecisive
792 3628 1011 3694 accepta
1039 3644 1051 3678 :
1081 3638 1216 3696 ergo
1237 3621 1364 3677 fieri
1390 3637 1506 3678 non
1529 3636 1632 3692 po-

269 3709 394 3771 test,
451 3703 599 3776 quod
657 3707 804 3760 Deus
856 3710 1156 3761 moveatur
1221 3717 1254 3758 a
1308 3702 1517 3759 merito
1563 3700 1633 3758 de

246 3782 551 3859 ,condigno
577 3785 648 3841 ad
674 3785 1087 3843 conferendum
1133 3783 1381 3859 gratiam
1414 3788 1476 3838 ut
1501 3781 1633 3839 des-

269 3872 556 3925 truentem
580 3868 875 3935 offensam,
908 3873 965 3925 et
987 3867 1137 3941 quod
1179 3866 1379 3924 eodem
1422 3865 1633 3923 merito

272 3964 389 4006 non
433 3956 733 4006 moveatur
773 3948 842 4006 ad
883 3949 1112 4008 offensae
1160 3946 1626 4007 destructionem.

344 4031 733 4089 confirmatur
759 4032 1024 4100 secundo,
1056 4033 1394 4106 quia‘valor
1434 4030 1631 4086 meriti

270 4113 340 4179 de
364 4112 647 4188 condigno
688 4130 747 4170 se
779 4112 1036 4170 extendit
1064 4115 1133 4170 ad
1160 4129 1333 4171 omne
1360 4113 1528 4180 illud,
1561 4112 1631 4170 ad

270 4194 419 4268 quod
438 4211 499 4253 se
511 4195 767 4255 extendit
792 4197 1097 4253 causalitas
1113 4196 1354 4254 moralis
1375 4194 1631 4270 ejusdem

271 4278 466 4334 meriti
495 4299 508 4333 :
564 4278 718 4349 atqui
775 4278 1084 4334 causalitas
1134 4278 1373 4335 moralis
1434 4277 1629 4335 meriti

272 4364 523 4432 respectu
550 4358 749 4431 gratim
778 4364 838 4414 ut
864 4358 1213 4417 destruentis
1239 4358 1539 4426 offensam,
1571 4376 1632 4417 se

269 4441 526 4497 extendit
571 4439 638 4495 ad
680 4438 910 4496 offensae
953 4440 1445 4498 destructionem:
1494 4456 1632 4515 ergo

270 4522 436 4578 valor
476 4519 728 4593 praedicti
756 4521 950 4578 meriti
996 4521 1065 4578 ad
1105 4520 1347 4579 eandem
1376 4521 1633 4579 destruc-

269 4603 488 4660 tionem
540 4618 600 4659 se
645 4600 810 4658 debet
855 4603 1176 4670 extendere,
1208 4609 1264 4661 et
1314 4603 1424 4676 ipsi
1480 4601 1631 4659 adae-

268 4685 457 4758 quari.
488 4685 672 4758 MaJ’or
713 4683 943 4742 videtur
983 4685 1311 4751 manifesta,
1355 4686 1632 4759 quoniam

269 4767 414 4823 sicut
453 4782 619 4823 causa
667 4766 902 4840 physica
947 4774 1140 4825 causat
1186 4783 1287 4841 per
1331 4770 1627 4837 virtutem,

269 4848 352 4906 ita
371 4849 647 4905 meritum
669 4854 864 4905 causat
887 4866 984 4923 per
1005 4851 1260 4907 valorem
1290 4872 1303 4907 :
1332 4866 1469 4925 ergo
1488 4852 1635 4907 sicut

272 4928 336 4985 in
366 4928 619 5003 physicis
638 4930 825 4986 virtus
846 4946 1027 4987 causae
1046 4946 1107 4987 se
1128 4930 1386 4988 extendit
1406 4929 1477 4987 ad
1505 4948 1635 4988 om-

274 5009 392 5075 nia,
424 5008 494 5066 ad
520 5026 645 5083 quae
666 5026 726 5066 se
752 5010 1008 5068 extendit
1036 5011 1270 5085 physica
1296 5013 1628 5069 causalitas:

273 5089 353 5146 ita
379 5089 544 5146 valor
571 5091 770 5147 meriti
797 5107 857 5148 se
877 5090 1135 5148 extendit
1162 5093 1231 5149 ad
1258 5109 1431 5150 omne
1458 5092 1537 5161 id,
1565 5092 1635 5150 ad

3020 447 3130 501 817

1770 622 1920 697 quod
1966 639 2027 680 se
2069 620 2326 679 extendit
2352 620 2654 677 causalitas
2698 618 2821 692 ejus
2862 618 3122 675 moralis.

1770 707 1964 763 Minor
1993 709 2180 761 autem
2210 701 2478 760 suadetur
2502 719 2516 751 t
2542 707 2664 757 tum
2692 702 2827 773 quia
2853 700 2902 755 si
2931 717 3132 757 causa-

1772 791 1904 847 litas
1952 789 2190 846 moralis
2219 787 2411 844 meriti
2459 785 2529 844 de
2575 784 2857 858 condigno
2903 800 3022 840 non
3067 800 3127 841 se

1770 869 2104 927 extenderet
2131 868 2200 925 ad
2239 867 2682 924 destructionem
2728 864 2978 930 offensae,
3013 879 3132 921 non

1769 966 1832 1008 se
1851 950 2182 1008 extenderet
2199 948 2267 1005 ad
2290 948 2536 1022 gratiam
2554 947 3016 1004 utdestruentem
3040 944 3132 1000 of-

1772 1030 2013 1094 fensam,
2039 1027 2138 1085 sed
2159 1028 2386 1084 sisteret
2407 1029 2470 1084 in
2490 1027 2676 1102 gratia
2695 1024 3008 1083 secundum
3031 1039 3091 1080 se
3116 1046 3129 1081 :

1769 1130 1905 1188 ergo
1930 1111 1978 1167 si
2007 1116 2263 1167 meretur
2288 1111 2533 1185 gratiam
2564 1125 2680 1168 non
2706 1108 2893 1165 solum
2922 1122 3130 1163 secun-

1770 1193 1908 1250 dum
1930 1209 1991 1248 se
2009 1196 2317 1264 sumptam,
2339 1188 2443 1246 sed
2461 1189 2635 1246 etiam
2660 1193 2722 1244 ut
2742 1188 3131 1245 destruentem

1769 1274 2068 1338 offensam,
2101 1270 2419 1328 necessario
2446 1268 2774 1327 extenditur
2802 1266 2872 1324 ad
2900 1266 3131 1323 offensae

1769 1355 2237 1413 destructionem.
2270 1355 2417 1408 Tum
2443 1353 2638 1417 etiam,
2669 1351 2804 1425 quia
2829 1349 3132 1406 causalitas

1769 1441 2009 1496 moralis
2049 1438 2348 1495 destruens
2389 1435 2828 1492 fundamentum
2870 1448 2930 1488 se
2955 1431 3129 1488 etiam

1767 1520 2026 1577 extendit
2048 1519 2117 1576 ad
2139 1517 2584 1574 destructionem
2611 1514 2694 1569 rei
2724 1511 3006 1568 fundatas:
3031 1509 3129 1566 sed

1767 1602 2045 1657 meritum
2084 1600 2285 1675 gratiae
2335 1604 2396 1654 ut
2430 1594 2633 1653 dandae
2674 1593 2952 1667 peccatori
2997 1590 3131 1647 des—

1768 1682 1912 1738 truit
1964 1682 2409 1739 fundamentum
2461 1677 2689 1735 offensae
2742 1676 2862 1740 Dei,
2921 1688 3130 1746 nempe

1767 1763 2074 1830 maculam,
2107 1768 2162 1819 et
2199 1760 2558 1817 aversionem
2602 1757 2671 1814 ab
2714 1758 2833 1829 ipso
2871 1758 3004 1819 De0,
3036 1752 3127 1809 cui

1767 1844 1915 1900 ratio
1936 1843 2163 1900 oflensa:
2185 1842 2461 1900 innititur
2484 1858 2496 1893 :
2523 1855 2657 1913 ergo
2682 1854 2743 1894 se
2781 1834 3037 1894 extendit
3059 1832 3130 1889 ad

1765 1923 2211 1981 destructionem
2239 1922 2485 1980 offensae.
2512 1922 2657 1975 Tum
2698 1917 2963 1989 denique,
2994 1913 3131 1986 quia

1766 2005 2102 2079 praedictum
2133 2005 2408 2061 meritum
2437 2002 2615 2058 infert
2644 2001 2830 2072 reipsa
2872 1996 3131 2053 destruc·-

1766 2086 1981 2144 tionem
2004 2086 2248 2151 offensae,
2281 2090 2344 2140 ut
2362 2082 2678 2141 concedunt
2699 2077 3046 2137 adversarii:
3074 2081 3132 2132 at

1765 2185 1882 2226 non
1906 2169 2237 2225 causalitate
2259 2168 2509 2242 physica,
2535 2164 2633 2222 sed
2673 2162 2917 2228 morali;
2948 2160 3132 2233 siqui-

1764 2249 1895 2306 dem
1925 2249 2198 2306 meritum
2223 2254 2284 2303 ut
2323 2248 2597 2304 meritum
2625 2260 2742 2301 non
2771 2246 2964 2299 causat
2984 2241 3133 2313 phy—

1763 2331 1895 2397 sice,
1926 2330 2023 2388 sed
2051 2331 2382 2387 moraliter:
2406 2344 2542 2402 ergo
2567 2327 2866 2383 causalitas
2893 2323 3132 2380 moralis

1763 2413 1960 2469 meriti
1988 2428 2048 2469 se
2068 2412 2321 2469 extendit
2337 2409 2406 2466 ad
2430 2411 2613 2482 ipsam
2633 2408 2864 2465 offensae
2885 2405 3133 2461 destruc-

1762 2494 2002 2550 tionem.

1837 2582 1930 2637 40.
1975 2584 2088 2637 Nec
2127 2578 2372 2652 prodest,
2403 2578 2552 2652 quod
2593 2578 2656 2634 in
2698 2573 2965 2648 praedicta
3004 2572 3339 2665 res'vfflssuegn.

1764 2662 2043 2736 pensione
2096 2659 2343 2725 additur,
2401 2675 2607 2732 nempe
2656 2655 3121 2717 destructionem,
3149 2672 3321 2764 ιπξιέῐιιαιιι

3191 2773 3271 2813 tur.

1760 2744 1885 2800 sive
1911 2760 2018 2797 non
2043 2759 2152 2796 esse
2173 2741 2400 2797 offensa:
2427 2740 2546 2806 Dei,
2575 2755 2690 2799 non
2711 2733 3034 2808 comparari
3058 2729 3128 2786 ad
3164 2729 3189 2764 θ

1761 2823 2038 2881 meritum
2060 2823 2205 2879 sicut
2225 2821 2544 2878 terminum
2575 2816 2993 2881 immediatum,
3015 2810 3130 2885 pri-

1761 2906 2038 2969 marium,
2082 2910 2137 2961 et
2165 2919 2265 2976 per
2292 2920 2391 2969 se:
2432 2901 2527 2959 sed
2560 2906 2618 2956 ut
2658 2899 2975 2957 terminum
3003 2909 3130 2949 me-

1759 2985 2003 3050 diatum,
2036 2983 2462 3047 secundarium,
2495 2987 2552 3038 et
2591 2996 2692 3052 per
2732 2976 3008 3039 accidens,
3033 2974 3132 3046 qui

1762 3068 1944 3141 posita
1972 3066 2176 3140 gratia,
2209 3081 2332 3136 quae
2369 3069 2454 3121 est
2494 3061 2776 3118 terminus
2818 3055 3134 3130 primarius

1761 3150 1977 3212 meriti,
2014 3149 2248 3203 resultat
2305 3145 2534 3218 physice
2580 3141 2650 3198 ob
2698 3141 2991 3213 physicam
3033 3137 3131 3192 in-

1762 3227 2331 3301 compossibilitatem
2361 3224 2588 3283 ossensae
2613 3222 2806 3296 gravis
2832 3236 2963 3276 cum
2990 3236 3129 3294 gra-

1763 3307 1864 3364 tia.
1894 3308 2027 3371 Hoc,
2062 3307 2320 3377 inquam,
2346 3303 2591 3359 minime
2611 3299 2903 3366 satisfacit,
2936 3301 3034 3357 sed
3056 3316 3127 3357 ex

1762 3384 1930 3442 dictis
1983 3390 2192 3442 manet·
2221 3384 2535 3440 exclusum.
2592 3385 2739 3438 Nam
2809 3381 2872 3436 in
2921 3381 3129 3453 primis

1764 3468 1928 3533 falsa
1960 3474 2016 3525 et
2043 3469 2516 3539 inconsequenter
2553 3464 2785 3528 dicitur,
2824 3463 2971 3537 quod
2999 3464 3129 3521 des-

1765 3548 1972 3605 tructio
2018 3548 2246 3605 offensa:
2290 3562 2350 3602 se
2396 3544 2568 3602 habet
2606 3561 2705 3618 per
2756 3544 3019 3602 accidens
3059 3544 3128 3600 ad

1762 3629 2039 3686 meritum
2080 3627 2278 3703 gratiae
2319 3631 2382 3682 ut
2407 3625 2608 3682 dandae
2642 3626 2939 3698 peccatori,
2970 3632 3028 3682 et
3068 3632 3130 3681 ut

1761 3712 2009 3768 exercite
2059 3710 2431 3765 destructurae
2482 3707 2790 3774 offensam3
2853 3707 3127 3763 meritum

1762 3792 1922 3849 enirn
1966 3807 2067 3864 per
2093 3805 2153 3846 se
2193 3789 2432 3846 tendens
2458 3788 2527 3844 ad
2554 3789 2801 3861 gratiam
2832 3789 2909 3843 ita
2937 3802 3125 3859 accep-

1763 3879 1882 3930 tam
1913 3874 2110 3946 nequit
2137 3888 2254 3929 non
2305 3872 2479 3928 etiam
2520 3870 2754 3927 tendere
2800 3884 2902 3942 per
2946 3884 3010 3925 se
3056 3868 3126 3925 ad

1761 3957 1948 4029 ipsam
2013 3955 2242 4012 offensae
2305 3952 2785 4018 destructionem;
2840 3950 3125 4023 siquidem

1760 4037 1945 4112 gratia
1973 4037 2035 4092 in
2067 4051 2188 4092 esse
2215 4034 2476 4102 termini,
2508 4039 2565 4090 et
2597 4032 2821 4105 praemii
2853 4033 3128 4105 importat

1764 4134 1867 4191 per
1915 4132 1975 4173 se
2017 4117 2189 4172 talem
2223 4114 2687 4171 destructionem.
2721 4112 2879 4176 Quod
2934 4117 3126 4169 autem

1763 4200 2032 4273 praedicta
2069 4197 2376 4255 destructio
2404 4196 2690 4254 inferatur
2730 4195 2999 4261 mediate,
3032 4196 3126 4252 vel

1761 4278 2116 4344 immediate,
2164 4278 2465 4350 primario,
2495 4277 2585 4333 vel
2615 4275 2973 4342 secundario,
3006 4291 3127 4332 non

1761 4367 1998 4419 evacuat
2019 4360 2138 4417 vim
2163 4366 2372 4417 nostrae
2396 4358 2655 4424 rationis,
2680 4372 2806 4430 quae
2828 4358 2890 4412 in
2915 4374 2983 4415 eo
3005 4372 3124 4414 non

1762 4443 2069 4510 innititur;
2098 4440 2196 4497 sed
2225 4442 2288 4497 in
2324 4441 2445 4506 hoc,
2477 4438 2623 4512 quod
2654 4439 2930 4495 meritum
2960 4436 3125 4496 debet

1763 4522 1974 4580 habere
2001 4524 2256 4579 valorem
2283 4522 2560 4594 aequalem
2586 4520 2845 4593 praemio,
2877 4524 2932 4575 et
2958 4522 3121 4577 omni

1760 4620 1822 4662 se
1849 4603 2068 4660 tenenti
2088 4619 2160 4659 ex
2189 4608 2346 4675 parte
2376 4602 2617 4675 praemii.
2647 4599 2812 4657 Unde
2832 4616 2961 4657 cum
2990 4599 3121 4658 des-

1764 4687 1988 4753 tructi0,
2031 4687 2152 4743 sive
2179 4702 2289 4740 non
2314 4701 2423 4739 esse
2450 4683 2677 4741 offensae
2702 4684 2778 4740 sit
2815 4685 3121 4757 praemium

1764 4767 1924 4823 illius
1951 4766 2164 4831 meriti,
2201 4764 2349 4838 quod
2373 4765 2443 4821 de
2468 4764 2751 4838 condigno
2777 4771 2970 4821 causat
2994 4766 3123 4839 g'ra-

1762 4847 1905 4905 tiam
1929 4851 1991 4903 ut
2009 4845 2396 4903 destruentem
2420 4847 2725 4909 maculam,
2745 4850 2802 4902 et
2821 4846 3120 4912 offensam,

1763 4948 1906 5004 opus
1931 4935 2033 4995 est,
2065 4928 2212 5003 quod
2247 4928 2574 5004 hujusmodi
2615 4929 2891 4985 meritum
2919 4927 3128 4985 habeat

1764 5017 1990 5069 tantum
2015 5011 2291 5077 valorem,
2316 5015 2589 5083 quautam
2613 5008 3124 5065 aestimabilitatem

1769 5092 1940 5151 habet
1964 5091 2272 5150 destructio
2299 5090 2542 5158 offensas,
2567 5090 2690 5147 sive
2717 5090 2821 5147 hoc
2846 5089 2995 5163 quod
3016 5094 3119 5155 est,
