3647 5753
1465 392 1644 448 DISP.
1689 391 1761 458 11,
1804 391 1973 447 DUB.
2013 390 2139 449 vll.
2365 404 2366 407 ’
3100 395 3202 451 501

348 582 552 642 poena;
582 568 715 640 quia
743 583 845 641 per
874 570 1161 639 peccatum
1205 563 1375 621 habet
1402 564 1573 621 homo
1601 562 1715 620 ali-

346 650 504 725 quid,
536 667 607 708 ex
633 667 745 725 quo
788 650 1063 707 debeatur
1103 647 1357 705 carentia
1383 646 1596 703 divinae
1623 646 1716 703 vi·-

345 732 546 790 sionis.
593 734 819 790 Pariter
864 747 1000 806 ergo
1054 731 1187 787 licet
1224 730 1478 785 carentia
1516 728 1715 802 gratiae

347 818 481 869 ante
520 820 807 886 peccatum
848 828 966 868 non
1004 815 1151 867 esset
1191 808 1476 882 privatio;
1520 815 1713 865 tamen

344 911 419 953 ex
442 897 832 970 suppositione
862 894 1071 968 peccati
1108 894 1256 950 foret
1284 893 1546 966 privatio,
1578 892 1714 966 quia

339 978 462 1053 jam
505 979 739 1036 haberet
779 980 952 1036 homo
1001 975 1239 1049 aliquid,
1288 979 1515 1048 propter
1563 973 1712 1048 quod

344 1058 455 1131 ipsi
497 1058 803 1116 deberetur
833 1057 1092 1115 carentia
1131 1055 1351 1130 gratiae.
1383 1053 1711 1110 Praesertim

342 1139 496 1212 quia,
523 1140 811 1212 supposito
836 1143 1080 1211 peccat0,
1106 1137 1227 1210 jam
1250 1135 1488 1193 debetur
1503 1134 1706 1210 gratia,

343 1234 463 1276 non
489 1220 722 1291 quidem
754 1225 815 1274 ut
841 1235 900 1275 se
923 1223 1076 1275 tenet
1116 1232 1187 1272 ex
1214 1222 1374 1290 parte
1402 1215 1500 1272 Dei
1539 1229 1713 1271 exor-

342 1300 537 1356 nantis
578 1292 895 1363 hominem,
926 1298 1021 1355 sed
1069 1305 1127 1354 ut
1166 1313 1226 1354 se
1268 1302 1424 1354 tenet
1449 1312 1521 1353 ex
1548 1299 1712 1367 parte

344 1380 602 1438 hominis
628 1380 985 1455 subjicientis
1006 1396 1065 1437 se
1089 1383 1201 1437 Deo
1216 1403 1230 1446 ;
1264 1394 1399 1435 nam
1421 1376 1713 1450 supposita

348 1461 564 1520 offensa
629 1461 727 1517 Dei
785 1461 1246 1534 supernaturalis
1316 1458 1600 1523 authoris,
1656 1461 1714 1512 et

350 1542 506 1608 finis,
551 1541 714 1599 debet
748 1543 919 1599 homo
956 1559 1015 1600 se
1056 1542 1125 1601 ad
1169 1544 1338 1598 illum
1380 1545 1713 1597 convertere

354 1640 456 1698 per
522 1625 957 1682 conversionem
1020 1624 1540 1699 supernaturalem.
1603 1624 1711 1677 Po-

351 1710 571 1778 testque
622 1704 680 1760 id
723 1704 1002 1761 declarari
1042 1706 1305 1778 exemplo
1350 1718 1524 1775 supra
1577 1716 1713 1774 pro-

350 1785 557 1858 posito.

145 1876 339 1921 secunda
430 1868 595 1924 Unde
634 1868 808 1923 etiam
856 1871 1003 1939 patet
1045 1867 1113 1925 ad
1151 1868 1460 1925 secundam
1500 1862 1712 1922 confir-

147 1927 336 1971 uniuntur.
348 1948 697 2014 mationem;
729 1962 865 2002 nam
895 1948 1024 2003 licet
1063 1949 1237 2006 homo
1272 1950 1333 2004 in
1375 1946 1536 2021 puris
1573 1959 1712 2001 con-

348 2029 501 2086 ditus
539 2045 657 2086 non
699 2034 990 2087 teneretur
1029 2033 1237 2089 elicere
1276 2029 1712 2087 conversionem

348 2113 413 2169 in
442 2115 619 2168 Deum
649 2105 1149 2186 supernaturalem
1192 2113 1387 2178 finem,
1421 2116 1713 2168 teneretur

348 2198 543 2250 tamen
572 2210 689 2249 non
717 2195 898 2250 averti
939 2194 1011 2250 ab
1040 2195 1166 2252 illo:
1193 2200 1250 2251 et
1284 2209 1351 2250 eo
1393 2194 1532 2265 ipSO,
1563 2189 1712 2265 quod

350 2277 918 2349 peccaret-graviter,
964 2283 1321 2333 averteretur
1360 2292 1392 2331 a
1434 2277 1546 2332 Deo
1598 2274 1713 2331 fine

351 2361 469 2411 tam
511 2359 785 2425 naturali,
830 2375 1002 2431 quam
1042 2358 1506 2432 supernaturali;
1549 2363 1713 2429 atque

355 2434 483 2492 ideo
533 2438 821 2510 supposito
867 2440 1113 2511 peccato,
1151 2439 1382 2496 deberet
1422 2436 1492 2494 ad
1533 2440 1712 2494 Deum

284 2586 287 2591 ¹
357 2519 613 2573 converti
654 2518 757 2574 sub
805 2525 1042 2592 utraque
1089 2521 1345 2587 ratione;
1395 2514 1544 2592 quod
1584 2516 1712 2575 fieri

359 2611 478 2653 non
500 2601 680 2669 potest
706 2596 914 2671 absque
937 2600 1121 2675 gratia
1147 2599 1597 2674 supernaturali.

427 2678 563 2740 Quae
588 2675 846 2734 doctrina
874 2683 1053 2752 potest
1072 2680 1323 2752 amplius
1349 2678 1615 2736 roborari
1643 2695 1714 2735 ex

349 2772 436 2823 e0,
485 2757 635 2831 quod
681 2760 905 2816 homini
950 2761 1176 2819 condito
1230 2762 1294 2817 in
1336 2762 1499 2834 puris
1547 2763 1713 2818 nulla

345 2840 609 2915 specialis
634 2843 820 2915 gratia
847 2846 1148 2913 naturaliS,
1182 2847 1275 2902 vel
1303 2850 1713 2919 supernatura·

348 2922 423 2978 lis
448 2927 593 2978 esset
613 2922 822 2990 debita,
847 2927 941 2982 vel
965 2927 1281 2998 promissa;
1314 2942 1451 2982 nam
1475 2927 1538 2981 in
1562 2942 1712 2998 prae-

347 3002 498 3060 dicto
541 3008 689 3059 statu
737 3007 884 3061 Deus
931 3006 1288 3079 dispensaret
1334 3008 1564 3079 praecise
1610 3007 1713 3063 illa

349 3083 587 3148 auxilia,
634 3100 757 3157 quae
801 3087 1092 3158 supposita
1131 3089 1418 3144 creatione
1459 3086 1713 3143 hominis

348 3163 461 3237 ipsi
505 3163 805 3231 debentur,
848 3167 993 3222 sicut
1032 3166 1314 3224 debentur
1359 3169 1533 3225 etiam
1582 3166 1713 3223 aliis

347 3247 625 3303 creaturis
652 3246 720 3302 ad
762 3250 1122 3320 operationes
1148 3250 1260 3305 sibi
1287 3250 1708 3315 connaturaleS,

346 3331 403 3383 et
427 3343 552 3399 quae
582 3328 644 3382 in
672 3343 873 3383 earum
909 3329 1132 3385 viribus
1172 3329 1535 3387 naturalibus
1575 3344 1714 3386 con-

348 3406 631 3463 tinentur.
650 3406 814 3464 Unde
836 3410 1008 3467 homo
1036 3410 1101 3466 in
1128 3411 1288 3484 puris
1310 3409 1570 3468 conditus
1596 3425 1713 3465 non

347 3486 584 3545 haberet
627 3488 880 3560 aliquam
937 3491 1337 3549 rectitudinem
1375 3491 1708 3567 gratuitam,

348 3585 521 3642 quam
566 3585 665 3642 per
712 3578 1000 3643 peccatum
1053 3573 1397 3641 excluderet,
1441 3573 1715 3628 similiter

352 3667 469 3707 non
497 3655 641 3707 esset
667 3651 771 3707 sub
803 3654 930 3725 priv
935 3654 1125 3711 atione
1148 3655 1385 3732 alicujus
1405 3653 1624 3728 gratiae,
1652 3669 1715 3708 ac

349 3731 597 3806 denique
650 3748 767 3789 non
818 3741 1110 3792 teneretur
1155 3752 1215 3793 se
1269 3741 1603 3792 convertere
1650 3734 1714 3789 in

349 3814 530 3869 Deum
555 3819 618 3867 ut
645 3814 945 3871 authorem
973 3815 1171 3888 gratiae
1192 3815 1473 3871 naturalis
1493 3814 1715 3888 specia-

351 3894 487 3951 liter
508 3892 686 3961 dictae,
718 3894 816 3951 sed
842 3897 1027 3951 solum
1059 3903 1118 3952 ut
1147 3897 1446 3952 authorem
1472 3902 1709 3962 naturae,

349 3979 407 4032 et
432 3991 630 4032 eorum
659 3993 781 4048 quae
810 3984 1031 4034 naturae
1058 3978 1357 4034 debentur.
1391 3980 1474 4033 Ex
1507 3974 1716 4049 quibus

350 4057 922 4129 proportionabiliter
951 4060 1183 4115 motivis
1211 4059 1476 4116 inferunt
1501 4056 1716 4113 Adver-

348 4137 513 4203 sarii,
543 4154 657 4194 non
680 4155 801 4196 esse
825 4140 1204 4196 necessariam
1232 4141 1479 4215 gratiam
1508 4154 1715 4211 super-

351 4221 678 4274 naturalem
719 4220 789 4276 ad
834 4219 1276 4278 destructionem
1309 4221 1516 4295 peccati
1556 4235 1715 4276 com-

350 4298 518 4354 missi
560 4300 620 4355 in
673 4307 821 4357 statu
866 4319 1166 4374 purorum.
1200 4306 1267 4359 Et
1309 4310 1502 4360 tamen
1545 4316 1716 4359 nemo

348 4395 553 4437 eorum
596 4381 824 4438 audebit
852 4383 1173 4449 concedere,
1206 4384 1354 4456 quod
1396 4383 1465 4440 ad
1507 4382 1716 4439 remis-

349 4461 573 4517 sionem
606 4462 857 4535 praedicti
888 4465 1095 4537 peccati
1126 4479 1241 4521 non
1280 4466 1355 4520 sit
1397 4464 1717 4522 necessaria

352 4542 547 4614 aliqua
590 4545 779 4617 gratia
823 4545 1103 4617 specialis,
1152 4548 1354 4602 saltem
1410 4545 1709 4602 naturalis.

352 4627 503 4699 Ergo
540 4625 806 4697 praedicta
835 4627 1051 4684 motiva
1077 4626 1294 4685 debilia
1333 4634 1484 4695 sunt,
1517 4634 1572 4684 et
1601 4628 1716 4683 mi-

355 4706 517 4762 nime
554 4713 776 4778 urgent.
813 4708 974 4764 Unde
1000 4709 1143 4764 sicut
1172 4710 1280 4782 ipsi
1314 4709 1534 4776 docent,
1566 4707 1716 4782 quod

354 4785 418 4842 in
447 4785 717 4858 przedicto
743 4803 893 4853 casu,
928 4789 1059 4845 licet
1081 4794 1367 4862 peccatum
1393 4805 1508 4846 non
1529 4789 1718 4845 exclu-

354 4863 514 4923 deret
556 4865 959 4923 rectitudinem
1004 4870 1317 4943 gratuitam
1366 4868 1711 4933 naturalem,

355 4961 480 5019 quae
520 4949 655 5001 ante
697 4952 982 5018 peccatum
1017 4949 1283 5015 exercite,
1328 4954 1384 5005 et
1423 4949 1488 5004 in
1532 4949 1718 5020 seipsa

355 5031 817 5100 supponeretur3
883 5027 1270 5100 nihilominus
1345 5044 1463 5086 non
1533 5033 1720 5100 posset

1843 561 2055 634 expelli
2085 561 2199 618 nisi
2229 578 2329 635 per
2367 563 2648 638 gratiam:
2679 563 2760 619 ita
2786 567 2841 619 et
2869 579 2971 619 nos
2998 563 3208 619 asseri-

1846 658 1993 710 mus,
2037 642 2185 716 quod
2228 644 2359 701 licet
2398 650 2689 717 peccatum
2735 660 2853 702 non
2897 646 3209 717 expelleret

1846 724 2249 781 rectitudinem
2308 728 2811 800 supernaturalem
2866 729 3026 801 prius
3081 731 3206 782 actu

1844 804 2206 870 existentem,
2239 803 2456 863 destrui
2484 813 2680 866 tamen
2708 823 2824 864 non
2853 812 3056 880 posset,
3091 806 3203 863 nisi

1845 900 1948 956 per
1978 888 2483 957 supernaturalem
2514 886 2934 944 rectitudinem.
2968 890 3035 943 Et
3062 887 3206 943 sicut

1845 966 1954 1039 ipsi
1982 966 2197 1034 dicunt,
2242 967 2391 1040 quod
2419 969 2673 1026 carentia
2699 969 2897 1044 gratiae
2926 969 3209 1024 naturalis

1845 1053 1980 1104 ante
1995 1056 2288 1121 peccatum
2309 1056 2454 1107 esset
2474 1051 2720 1123 simplex
2744 1051 2987 1125 negatio,
3011 1056 3066 1105 et
3088 1054 3213 1124 post

1845 1129 2034 1203 ipsum
2063 1132 2208 1189 soret
2231 1133 2498 1206 privatio,
2525 1149 2647 1207 quae
2675 1149 2792 1190 non
2821 1133 2934 1190 nisi
2959 1148 3059 1206 per
3084 1148 3213 1207 gra-

1844 1210 1986 1266 tiam
2040 1213 2366 1268 naturalem
2422 1219 2606 1285 posset
2657 1213 2881 1270 excludi
2905 1237 2918 1279 3
2975 1213 3054 1268 ita
3107 1227 3211 1268 nos

1844 1289 2122 1347 affirmem
2133 1309 2216 1359 ηε,
2247 1291 2396 1364 quod
2419 1294 2674 1350 carentia
2699 1294 2898 1367 gratiae
2925 1306 3210 1365 superna-

1843 1371 2049 1428 turalis
2063 1379 2194 1430 ante
2211 1379 2500 1446 peccatum
2522 1380 2669 1432 esset
2687 1375 2934 1447 simplex
2957 1373 3203 1448 negatio,

1843 1458 1899 1511 et
1919 1460 2042 1526 post
2063 1455 2253 1528 ipsum
2276 1458 2552 1514 transiret
2572 1458 2634 1514 in
2658 1458 3064 1531 privationem,
3084 1472 3209 1530 quae

1844 1550 1962 1591 non
1979 1544 2164 1609 posset
2183 1540 2297 1595 nisi
2313 1556 2415 1613 per
2434 1539 2681 1615 gratiam
2702 1540 3206 1614 supernaturalem

1843 1616 2074 1689 expelli.
2107 1621 2186 1674 Ac
2213 1618 2459 1694 denique
2486 1625 2708 1684 caetera,
2734 1637 2858 1694 quae
2886 1624 3203 1693 opponunt,

1846 1703 2081 1769 possunt
2133 1699 2195 1755 in
2247 1700 2400 1774 ipsos
2443 1699 2550 1757 sub
2592 1700 2792 1785 eadem
2841 1702 2960 1758 fere
3021 1701 3209 1759 forma

1843 1781 2191 1852 retorqueri.

1916 1863 2045 1918 284.
2078 1864 2354 1937 Arguitur
2376 1864 2587 1922 tertio:
2626 1866 2901 1941 quoniam
2943 1866 3114 1923 homo
3143 1866 3408 1923 in'rertium

1846 1943 2006 2014 puris
2052 1945 2331 2013 conditus,
2380 1951 2437 2003 et
2480 1946 2732 2021 graviter
2782 1963 3034 2020 peccanS,
3088 1964 3204 2005 non
3219 1930 3412 2015 mfflffl.

1844 2021 2156 2081 offenderet
2176 2028 2357 2082 Deum
2387 2032 2448 2082 ut
2472 2029 2970 2120 supernaturalem
2998 2030 3205 2086 autho-

1845 2121 1988 2171 rem,
2022 2121 2126 2163 nec
2153 2115 2512 2181 averteretur
2554 2107 2626 2164 ab
2662 2110 2786 2182 ipso
2828 2117 2886 2166 ut
2920 2128 3205 2186 superna-

1844 2187 2021 2243 turali
2058 2186 2214 2244 fine:
2245 2204 2380 2264 ergo
2415 2187 2485 2244 ad
2523 2189 2920 2247 remissionem
2951 2192 3204 2264 praedicti

1845 2269 2053 2341 peccati
2096 2285 2214 2326 non
2249 2276 2394 2327 esset
2435 2271 2753 2327 necessaria
2787 2274 3085 2330 conversio
3105 2290 3207 2329 su-

1847 2351 2232 2421 pernaturalis
2267 2351 2329 2408 in
2356 2354 2556 2418 Deum,
2590 2368 2693 2408 nec
2721 2352 2836 2408 alia
2862 2360 3208 2427 supernatu-

1847 2429 1987 2485 ralis
2013 2431 2276 2488 mutatio.
2310 2434 2730 2505 Consequentia
2764 2440 2934 2507 patet.
2966 2437 3211 2491 Antece-

1844 2507 1987 2566 dens
2056 2516 2274 2569 autem.
2305 2512 2624 2570 ostenditur
2642 2536 2690 2582 3⁸
2718 2516 2854 2589 quia
2919 2515 3090 2571 homo
3146 2516 3210 2573 in

1846 2591 2114 2663 praedicto
2188 2598 2338 2650 statu
2419 2595 2711 2669 ignoraret
2789 2594 3210 2653 invincibiliter

1845 2674 2025 2728 Deum
2048 2675 2365 2742 authorem,
2392 2681 2447 2732 et
2469 2675 2644 2733 finem
2666 2678 3166 2749 supernaturalem
3188 2695 3201 2730 ι

1843 2753 1940 2810 sed
1963 2754 2292 2829 ignorantia
2317 2756 2682 2813 invincibilis
2709 2763 2901 2814 causat
2927 2759 3206 2815 involun-

1844 2838 2079 2904 tarium,
2114 2843 2172 2896 et
2208 2839 2360 2896 tollit
2388 2840 2670 2898 rationem
2700 2840 2909 2914 peccati
2938 2841 3087 2899 circa
3115 2857 3203 2908 ca,

1844 2935 1968 2992 quae
2007 2919 2275 2993 praedicto
2302 2920 2471 2978 modo
2498 2922 2866 2997 ignorantur;
2895 2930 2949 2979 et
2976 2924 3078 2980 hac
3110 2942 3207 2982 ra-

1845 3002 2019 3069 tione,
2044 3003 2141 3075 qui
2179 3003 2598 3061 invincibiliter
2628 3005 2855 3079 ignorat
2883 3006 3202 3074 hominem,

1844 3099 2012 3156 quem
2054 3084 2340 3151 interficit,
2383 3101 2503 3141 esse
2554 3086 2848 3150 clericum,
2896 3102 3013 3142 non
3059 3102 3209 3142 com-

1845 3164 2023 3220 mittit
2049 3165 2415 3239 sacrilegium
2444 3186 2456 3220 ε
2486 3181 2621 3240 ergo
2649 3167 2820 3223 homo
2849 3166 2912 3221 in
2943 3165 3208 3238 praedicto

1844 3250 1992 3301 statu
2026 3245 2278 3319 graviter
2309 3260 2560 3318 peccans,
2594 3262 2712 3304 non
2751 3246 2987 3303 offendit
3027 3250 3205 3302 Deum

1845 3332 1907 3381 ut
1932 3327 2430 3418 supernaturalem
2452 3327 2770 3396 authorem,
2799 3343 2900 3383 nec
2922 3328 3204 3385 avertitur

1846 3407 1950 3463 ab
1937 3423 2061 3478 ipso
2088 3413 2147 3463 ut
2172 3408 2596 3480 supernaturali
2626 3407 2761 3466 fine.

1920 3488 2316 3563 Respondetur
2376 3488 2637 3562 negando
2702 3491 3057 3548 antecedens,
3116 3489 3202 3545 Ad
3218 3513 3400 3563 Respon-

1845 3570 2003 3644 cujus
2026 3569 2418 3642 probationem
2446 3570 2751 3628 dicendum
2773 3579 2874 3638 est,
2901 3572 3050 3663 quod
3074 3573 3205 3629 licet
3266 3561 3345 3605 ⁵¹⁰·

1847 3651 2019 3707 homo
2056 3650 2116 3705 in
2146 3649 2416 3722 praedicto
2442 3655 2588 3706 statu
2631 3652 2923 3726 ignoraret
2951 3653 3205 3710 invinci-

1847 3730 2041 3788 biliter
2064 3732 2242 3786 Deum
2263 3729 2574 3787 secundum
2598 3734 2913 3807 propriam,
2939 3741 2993 3790 et
3016 3735 3206 3807 expli-

1847 3813 2019 3869 citam
2050 3811 2335 3868 rationem
2363 3812 2640 3880 authoris,
2671 3821 2726 3871 et
2765 3813 2900 3870 finis
2926 3832 3208 3887 superna-

1847 3892 2073 3960 turalis,
2104 3898 2461 3966 cognosceret
2502 3898 2696 3951 tamen
2738 3895 2883 3951 hanc
2924 3898 3208 3954 rationem

1847 3973 2143 4046 implicite,
2168 3978 2225 4028 et
2247 3972 2309 4028 in
2330 3972 2583 4039 confuso,
2610 3981 2888 4047 quatenus
2909 3992 3210 4050 cognosce-

1849 4062 1936 4112 ret
1961 4058 2140 4112 Deum
2166 4070 2288 4111 esse
2316 4059 2515 4122 Deum,
2550 4056 2654 4113 hoc
2679 4063 2782 4122 est,
2823 4074 3048 4132 summe
3077 4075 3210 4130 per-

1847 4138 2057 4195 fectum
2112 4138 2175 4193 in
2232 4138 2437 4211 seipso,
2486 4144 2544 4196 et
2594 4140 2891 4197 authorem
2944 4141 3209 4199 omnium

1848 4219 2230 4293 possibilium,
2255 4227 2761 4292 quantumcunque
2782 4222 3055 4279 excedant
3075 4239 3210 4296 cap-

1848 4305 1969 4355 tum
2015 4299 2373 4368 humanum;
2424 4300 2578 4356 inter
2629 4317 2762 4372 quae‘
2806 4309 3210 4374 computantur

1849 4380 2038 4452 reipsa
2056 4380 2285 4437 effectus
2311 4382 2796 4452 supernaturaleS‚
2822 4382 2884 4436 in
2911 4382 3112 4440 ordine
3139 4383 3209 4441 ad

1846 4476 1985 4532 quos
2013 4463 2158 4517 Deus
2185 4460 2395 4517 dicitur
2417 4461 2874 4532 supernaturalis
2901 4465 3123 4530 author,
3154 4468 3212 4521 et

1849 4542 2000 4598 finiS.
2019 4545 2127 4599 Per
2151 4549 2436 4615 peccatum
2454 4547 2644 4597 autem
2667 4548 3022 4602 averteretur
3040 4547 3211 4605 homo

1848 4642 1880 4682 a
1908 4627 2021 4680 Deo
2061 4623 2352 4696 adaequate
2391 4629 2636 4696 sumpto,
2669 4629 2724 4680 et
2763 4623 3081 4683 destrueret
3120 4630 3212 4685 af-

1849 4705 2048 4763 fective
2075 4710 2255 4761 totum
2297 4707 2496 4769 Deum,
2538 4709 2704 4776 prout
2731 4711 2814 4760 est
2845 4706 2907 4761 in
2935 4722 3027 4773 se;
3073 4723 3208 4765 nam

1847 4785 1980 4842 finis
2012 4786 2269 4853 ultimuS,
2290 4783 2359 4840 ad
2381 4798 2550 4856 quem
2576 4785 2933 4841 convertitur
2961 4801 3062 4857 per
3091 4805 3212 4859 pec—

1848 4872 2054 4931 catum,
2081 4864 2467 4922 contrariatur
2496 4866 2608 4921 Deo
2631 4870 2692 4920 ut
2712 4863 2815 4920 fini
2847 4866 3070 4932 ultim0,
3093 4875 3212 4927 tam

1849 4946 2121 5012 naturali,
2178 4961 2351 5019 quam
2407 4946 2870 5018 supernaturali;
2919 4952 2974 5000 et
3022 4945 3212 5019 ipsum

1847 5027 1953 5085 sub
1981 5026 2072 5085 his
2101 5023 2422 5085 rationibus
2463 5025 2798 5097 destrueret,
2830 5025 2880 5082 si
2909 5023 3214 5087 destructi-
