3647 5753
1424 465 1601 520 mse.
1647 462 1742 526 111,
1786 459 1953 514 Dua.
1999 458 2092 514 ιν.
3052 456 3172 511 595

311 651 493 708 ralem
515 648 712 724 gratiae
735 647 1117 721 receptionem
1139 660 1300 703 :cum
1320 658 1433 718 quo
1454 637 1669 712 optime

306 730 687 804 componitur,
720 728 868 802 quod
901 728 1100 785 eadem
1134 727 1320 801 gratia
1346 724 1420 779 sit
1449 718 1669 794 princi-

308 813 470 888 pium
511 811 834 869 effectivum
864 808 1144 882 praedictae
1168 801 1581 867 conversionis»,
1608 805 1670 856 ut

305 912 480 970 supra
518 893 889 968 exposuimus
950 895 982 961 ς
1030 892 1072 958 1,
1116 894 1172 947 et
1209 886 1559 961 exprimitur
1604 883 1669 940 in

307 976 654 1036 testimoniis
682 991 715 1032 a
742 974 907 1032 nobis
935 971 1144 1029 allatis.
1170 968 1508 1044 Negandum
1530 980 1669 1024 vero

302 1063 406 1128 est,
439 1055 587 1130 quod
608 1056 795 1131 gratia
819 1051 1180 1110 sanctificans
1204 1051 1282 1106 sit
1307 1048 1544 1114 donum,
1571 1051 1670 1104 aut

303 1138 648 1198 beneficium
692 1137 926 1193 realiter
952 1133 1286 1190 distinctum
1316 1131 1386 1188 ab
1407 1131 1512 1186 illa
1532 1144 1669 1203 gra-

303 1223 402 1289 tia,
434 1223 568 1295 quae'
584 1224 670 1277 est
697 1216 1050 1292 principium
1078 1215 1403 1273 effectivum
1425 1227 1669 1270 conver-

300 1302 482 1362 sionis
504 1300 762 1376 perfectae
802 1299 867 1355 in
895 1299 1095 1365 Deum,
1128 1312 1230 1370 per
1255 1310 1428 1369 quam
1461 1292 1670 1349 ultimo

302 1383 668 1458 disponimur
696 1380 766 1438 ad
781 1378 1086 1454 justitiam.
1119 1380 1234 1434 Nec
1259 1377 1364 1434 hoc
1387 1372 1672 1450 significa-

304 1469 463 1521 catur
491 1463 554 1517 in
597 1459 880 1535 praedictis
920 1457 1302 1524 testimoniis;
1342 1454 1441 1512 sed
1479 1455 1669 1511 solum

308 1550 510 1602 mutua
536 1541 937 1616 dependentia,
963 1544 1019 1597 et
1044 1538 1326 1596 connexio
1356 1537 1508 1592 inter
1540 1550 1669 1591 nos-

307 1634 426 1685 tros
473 1630 647 1691 actuS,
685 1628 740 1680 et
764 1623 1013 1698 gratiam
1044 1627 1106 1677 ut
1134 1619 1316 1678 libere
1347 1623 1667 1691 receptam;

306 1709 441 1782 quia
470 1722 574 1764 nos
603 1721 720 1761 non
761 1705 1023 1760 valemus
1062 1701 1306 1775 perfecte
1332 1698 1560 1772 disponi
1600 1694 1671 1753 ad

306 1788 574 1863 gratiam,
604 1786 717 1842 nisi
761 1800 863 1858 per
889 1782 1131 1841 eandem
1157 1781 1405 1856 gratiam
1433 1777 1673 1853 adjuve-

308 1885 442 1925 mur
480 1873 568 1924 :et
586 1865 773 1940 gratia
801 1864 998 1937 nequit
1023 1862 1222 1928 libere,
1254 1866 1311 1919 et
1331 1865 1673 1917 connatura-

309 1949 442 2006 liter
470 1948 533 2005 in
556 1946 750 2004 adulto
774 1944 971 2018 recipi,
1000 1944 1113 2000 nisi
1149 1943 1242 1999 hic
1267 1942 1446 1998 libere
1465 1957 1525 1998 se
1551 1939 1672 1996 dis-

311 2033 513 2102 ponat,
560 2033 617 2084 et
658 2027 906 2101 gratiam
959 2029 1221 2097 acceptet.
1256 2027 1438 2087 Quam
1486 2022 1672 2077 inter-

114 2127 278 2187 cqncu.
312 2110 695 2184 pretationem
740 2108 879 2164 salis
925 2105 1206 2180 expressit
1258 2104 1473 2161 Concil.
1537 2101 1673 2157 Tri-

97 2176 294 2221 'rudent
313 2189 466 2248 dent.
498 2206 629 2244 sess,
657 2190 711 2254 6,
737 2206 858 2261 cap.
890 2190 944 2253 5,
978 2186 1067 2241 his
1094 2184 1288 2242 verbis
1315 2206 1329 2240 ε
1367 2207 1392 2237 α
1422 2183 1587 2239 Unde
1610 2182 1672 2238 in

319 2293 344 2324 «
373 2270 551 2327 sacris
578 2269 781 2336 literiS,
807 2285 938 2325 cum
967 2267 1198 2332 dicitur,
1247 2264 1672 2325 Convertimini

318 2375 343 2402 «
376 2351 445 2409 ad
468 2367 581 2417 me,
608 2356 663 2407 et
683 2367 785 2426 ego
813 2355 1119 2408 convertar
1147 2348 1217 2405 ad
1244 2366 1364 2414 vos,
1393 2347 1674 2404 libertatis

318 2456 342 2484 «
375 2440 581 2489 nostrae
609 2431 1012 2489 admonemur.
1056 2435 1194 2486 Cum
1241 2428 1668 2502 respondemus»,

317 2536 342 2566 «
372 2514 657 2569 Converte
685 2528 787 2567 nos
812 2512 1054 2568 Domine
1075 2509 1145 2567 ad
1173 2516 1244 2578 te,
1278 2516 1333 2566 et
1374 2513 1674 2567 converte-

320 2609 525 2658 «mur,
573 2593 673 2649 Dei
716 2609 820 2649 nos
856 2592 1045 2666 gratia
1086 2592 1397 2664 praeveniri
1435 2588 1675 2647 confite-

96 2686 149 2727 D.
173 2684 277 2727 Tho.
320 2697 345 2728 α
377 2691 529 2730 mur.
564 2696 589 2725 1>
644 2677 712 2729 Et
740 2680 822 2732 est
849 2673 1100 2747 profecto
1127 2678 1192 2731 D.
1237 2675 1444 2730 Thom.
1486 2678 1667 2749 quaest.

310 2756 400 2821 28,
430 2755 494 2810 de
550 2753 710 2812 Verit.
756 2762 869 2811 art.
899 2757 953 2820 4,
988 2753 1086 2809 ubi
1118 2754 1385 2827 proponit
1414 2752 1670 2824 primum

311 2841 718 2910 argumentum
758 2835 865 2892 sub
893 2835 996 2892 hac
1022 2834 1209 2893 forma
1241 2856 1255 2892 ε
1291 2857 1316 2888 α
1349 2834 1496 2891 Illud
1524 2831 1673 2907 quod

316 2939 340 2971 «
365 2916 833 2991 justificationem
879 2918 1155 2990 sequitur,
1190 2934 1307 2974 non
1354 2909 1672 2991 requiritur

316 3021 340 3049 «
371 2998 440 3054 ad
457 2998 929 3072 justificationem
966 2999 1098 3056 :sed
1127 2998 1349 3056 moveri
1373 2998 1437 3055 in
1467 3000 1666 3063 Deum,

317 3101 341 3131 (ι
370 3095 500 3135 cum
520 3081 613 3135 ‘sit
636 3096 705 3136 ex
734 3080 939 3154 gratia,
967 3079 1438 3154 justificationem
1478 3078 1673 3151 sequi·

317 3182 342 3212 «
372 3164 496 3227 tur;
530 3159 681 3216 unde
701 3159 914 3215 dicitur
934 3160 1149 3217 Thren.
1174 3161 1237 3220 4:
1268 3162 1549 3216 Converte
1569 3172 1672 3212 nos

317 3262 341 3292 α
373 3240 616 3298 Domine
663 3239 731 3297 ad
781 3244 854 3304 te,
917 3244 975 3295 et
1019 3244 1423 3297 convertemur
1471 3259 1484 3293 ε
1537 3253 1674 3311 ergo

320 3342 343 3373 a
371 3325 559 3378 motus
588 3319 758 3376 liberi
782 3318 1012 3375 arbitrii
1042 3319 1106 3375 in
1142 3320 1320 3374 Deum
1351 3334 1467 3375 non
1494 3323 1578 3374 est
1602 3317 1674 3374 de

318 3423 343 3455 (ι
371 3402 480 3470 his,
506 3416 633 3473 quaa
654 3400 1032 3472 requiruntur
1053 3398 1125 3455 ad
1142 3397 1667 3470 justificationem.»

313 3481 381 3535 Et
409 3479 714 3553 respondet
741 3480 804 3534 in
851 3478 1003 3534 hunc
1042 3476 1277 3534 modum
1323 3499 1336 3533 :
1392 3500 1417 3531 α
1467 3477 1673 3533 Dicen-

319 3580 344 3610 «
372 3557 531 3625 dum,
557 3557 706 3631 quod
738 3557 960 3613 moveri
991 3558 1053 3613 in
1083 3560 1262 3613 Deum
1294 3572 1393 3630 por
1421 3556 1673 3612 liberum

320 3662 344 3692 «
374 3640 703 3706 arbitrium,
730 3638 988 3711 sequitur
1009 3638 1432 3711 quodammodo
1468 3638 1674 3696 ordine

320 3744 345 3773 a
376 3728 598 3780 naturae
637 3722 838 3798 gratiae
880 3720 1254 3787 infusionem,
1315 3736 1433 3778 non
1481 3726 1672 3778 autem

319 3826 343 3857 α
375 3807 648 3875 tempore.
683 3802 892 3858 Gratim
920 3806 1110 3858 autem
1140 3802 1357 3858 infusio
1383 3807 1466 3857 est
1490 3817 1671 3857 unum

317 3905 341 3934 «
370 3899 593 3947 eorum,
637 3899 761 3956 quae
792 3882 1168 3955 requiruntur
1198 3881 1267 3938 ad
1309 3881 1675 3957 justificatio-

319 3986 344 4015 «
374 3978 529 4020 nem.
576 3962 741 4019 Unde
788 3978 905 4019 non
962 3962 1222 4035 sequitur
1265 3967 1498 4036 propter
1544 3962 1666 4030 hoc,

318 4068 343 4098 (ι
372 4045 520 4118 quod
541 4050 730 4103 motus
759 4043 928 4102 liberi
959 4045 1189 4101 arbitrii
1215 4044 1276 4100 in
1306 4048 1485 4102 Deum
1508 4045 1673 4120 justi-

319 4151 343 4181 α
372 4127 695 4186 ficationem
716 4133 1054 4200 sequatur.»
1078 4126 1187 4183 Ubi
1210 4127 1279 4184 de
1295 4134 1473 4193 motu,
1499 4143 1669 4200 quem

313 4212 375 4267 in
417 4211 521 4268 illo
547 4210 789 4268 articulo
818 4211 1054 4268 resolvit
1086 4226 1206 4267 esse
1232 4209 1670 4283 dispositionem

311 4292 381 4351 ad
421 4292 909 4366 justificationem,
942 4293 1147 4349 asserit
1171 4292 1436 4365 consequi
1476 4293 1546 4350 ad
1574 4292 1672 4349 in-

311 4374 595 4431 fusionem
612 4374 829 4449 gratiae‚
849 4379 905 4431 et
930 4375 1034 4430 hac
1058 4374 1279 4432 ratione
1301 4375 1497 4438 vitari,
1522 4373 1670 4447 quod

305 4453 772 4530 justificationem
812 4462 1115 4529 sequatur:
1146 4472 1261 4512 non
1288 4455 1520 4530 quidem
1555 4457 1671 4513 alia

312 4537 554 4602 ratione,
581 4537 694 4592 nisi
721 4537 857 4609 quia
885 4537 985 4594 ille
1015 4542 1225 4604 motus,
1258 4544 1315 4595 et
1333 4538 1522 4611 gratia
1543 4538 1671 4612 jus-

311 4616 532 4675 tificans
560 4623 760 4676 mutuo
779 4634 840 4674 se
867 4617 1210 4691 praecedunt‚
1238 4623 1295 4674 et
1322 4618 1393 4674 ab
1420 4619 1670 4676 invicem

311 4698 634 4772 dependent
656 4698 719 4755 in
740 4698 968 4755 diverso
986 4714 1197 4774 genere
1218 4715 1420 4755 causae.
1445 4701 1516 4754 Et
1536 4699 1672 4756 hinc

312 4787 465 4856 patet
510 4780 581 4837 ad
636 4780 893 4854 primum
940 4782 1359 4847 testimonium,
1423 4788 1479 4840 et
1521 4781 1672 4857 quod

203 4901 211 4909 -
311 4862 716 4937 consequentia
755 4878 826 4919 ex
852 4879 919 4920 eo
957 4862 1195 4921 deducta
1220 4865 1295 4920 sit
1340 4863 1667 4938 illegitima.

94 4949 194 5009 Alia
214 4953 298 5009 tes-
386 4948 478 5004 91.
537 4943 622 4999 Ad
681 4943 994 5000 secundum
1056 4945 1233 5002 etiam
1281 4948 1434 5017 patet
1484 4961 1556 5003 ex
1603 4950 1665 5003 D.

97 5006 279 5102 ‘ffissffla
311 5030 515 5087 Thom.
549 5024 766 5081 ibidem
790 5026 903 5082 lect.
937 5027 991 5092 5,
1017 5020 1166 5082 circa
1185 5026 1366 5096 finem,
1403 5023 1498 5080 ubi
1528 5026 1671 5083 rela-

94 5104 279 5193 D⁰f¹¹÷¹fflj
314 5113 387 5170 tis
426 5112 511 5169 eis
538 5106 750 5175 verbi8‚
804 5106 917 5181 Qui
955 5108 1140 5178 diliqit
1183 5125 1284 5175 me,
1335 5108 1597 5180 diliyelur
1634 5127 1670 5166 a

1802 633 1972 690 Patre
2010 650 2143 701 meo,
2177 631 2368 705 inquit
2393 651 2406 688 ε
2442 652 2469 685 α
2498 631 2605 689 Sed
2632 632 2739 688 hoc
2768 630 2832 687 in
2861 630 3053 703 primo
3074 644 3168 686 as-

1808 737 1835 768 α
1866 719 2026 787 pectu
2054 713 2283 770 videtur
2325 712 2660 771 absurdum.
2699 710 2973 785 Nunquid
3008 709 3167 768 enim

1808 819 1835 850 α
1863 799 2011 853 Deus
2056 794 2248 870 diligit
2293 811 2430 864 nos,
2471 796 2605 869 quia
2650 794 2954 869 diligimus
2992 794 3169 849 eum?

1806 899 1833 931 «
1864 877 2047 934 Absit.
2079 877 2296 934 Dicitur
2317 877 2477 935 enim
2508 880 2554 947 l,
2578 879 2745 936 Joan.
2772 879 2831 933 4.
2853 879 2982 932 Non
3005 874 3168 948 quasi

1806 982 1834 1015 α
1865 960 2244 1018 dilexerimus
2307 963 2507 1030 Deum,
2560 959 2659 1019 sed
2704 959 2982 1034 quoniam
3047 957 3170 1030 ipse

1806 1063 1835 1098 α
1866 1042 2028 1116 prior
2066 1041 2271 1099 dilexit
2299 1057 2423 1100 nos.
2477 1042 2608 1100 Ideo
2646 1041 2974 1108 dicendum,
3019 1038 3171 1112 quod

1805 1146 1833 1176 ι(
1865 1124 2223 1181 intellectum
2265 1123 2437 1196 hujus
2464 1124 2743 1182 habemus
2784 1139 2854 1179 ex
2901 1122 3014 1187 his,
3045 1136 3177 1201 quaa

1809 1227 1836 1259 α
1864 1205 2010 1278 dicta
2049 1209 2185 1261 sunt
2222 1221 2397 1278 supra
2450 1225 2465 1261 ε
2514 1205 2623 1271 Qui
2671 1204 2843 1261 habet
2895 1200 3172 1258 mandata

1809 1311 1837 1342 α
1866 1304 2013 1356 mea,
2045 1291 2102 1345 et
2127 1293 2320 1345 servat
2342 1305 2429 1355 ea,
2458 1287 2563 1345 ille
2601 1292 2685 1346 est
2711 1287 2810 1361 qui
2831 1286 3026 1359 diligit
3052 1298 3164 1340 me.

1809 1391 1836 1424 a
1866 1374 1994 1428 Non
2041 1370 2201 1426 enim
2232 1369 2314 1426 ibi
2360 1368 2591 1437 dicitur,
2624 1368 2773 1443 quod
2802 1368 2929 1425 ideo
2957 1364 3165 1439 diligit,

1810 1475 1837 1506 α
1865 1453 1998 1527 quia
2043 1456 2235 1510 servat
2281 1452 2588 1519 mandata;
2637 1450 2736 1508 sed
2774 1450 2911 1523 quia
2953 1447 3163 1521 diligit,

1808 1557 1836 1589 «
1867 1535 1997 1592 ideo
2024 1534 2297 1593 mandata
2320 1536 2542 1610 implet.
2570 1537 2639 1590 Et
2659 1535 2765 1591 hoc
2785 1532 2956 1589 modo
2978 1531 3167 1588 dicen-

1811 1638 1838 1669 α
1866 1615 2004 1671 dum
2026 1621 2110 1673 est
2136 1615 2247 1683 hic,
2271 1616 2424 1688 quod
2451 1616 2580 1674 ideo
2599 1615 2727 1688 quis
2757 1614 2949 1689 diligit
2975 1613 3167 1669 Chris·

1808 1719 1836 1750 <1
1869 1701 2014 1764 tum,
2039 1697 2172 1770 quia
2201 1697 2467 1773 diligitur
2508 1714 2541 1754 a
2573 1699 2778 1763 Patre;
2808 1701 2865 1752 et
2899 1712 3017 1753 non
3037 1693 3175 1751 ideo

1809 1801 1836 1831 (ι
1868 1778 2151 1854 diligitur,
2215 1781 2349 1854 quia
2408 1779 2623 1854 diligit.
2664 1779 2973 1854 Diligimus
3031 1792 3178 1851 ergo

1810 1883 1836 1914 «
1867 1861 2076 1928 filium,
2102 1863 2239 1935 quia
2262 1865 2429 1920 Pater
2446 1861 2637 1936 diligit
2660 1877 2785 1918 nos.
2809 1860 2990 1917 Habet
3010 1860 3170 1916 enim

1812 1964 1839 1994 α
1868 1943 1974 1999 hoc
2001 1959 2174 1999 verus
2218 1960 2402 2010 amor,
2436 1949 2499 2000 ut
2543 1948 2763 2000 amatos
2806 1941 2877 1998 ad
2919 1939 3180 1998 amantis

1812 2046 1838 2076 α
1869 2023 2237 2082 dilectionem
2275 2025 2484 2082 trahat.
2522 2045 2548 2077 i>
2581 2026 2664 2080 Ex
2710 2023 2917 2096 quibus
2965 2023 3165 2095 liquet,
3209 2091 3210 2098 ἵ

1805 2103 2173 2161 dilectionem
2203 2111 2480 2172 nostram,
2526 2120 2637 2178 qua
2667 2105 2872 2161 ultimo
2907 2103 3171 2178 disponi-

1807 2203 1942 2243 mur
1971 2186 2041 2243 ad
2080 2189 2349 2262 gratiam,
2396 2205 2514 2246 non
2543 2188 2860 2260 praecedere
2885 2181 3174 2261 simplici-

1805 2274 1895 2325 ter
1936 2268 2322 2334 dilectionem,
2356 2286 2468 2343 qua
2513 2271 2662 2326 Deus
2709 2268 2874 2327 nobis
2921 2268 3175 2343 gratiam

1807 2350 2214 2420 communicat,
2265 2350 2362 2408 sed
2410 2349 2600 2423 potius
2650 2365 2772 2407 esse
2816 2352 3068 2424 signum,
3120 2353 3177 2405 et

1809 2430 2074 2487 effectum
2105 2430 2386 2503 praedictae
2434 2430 2760 2487 dilectionis
2775 2453 2788 2496 ;
2839 2437 3005 2502 atque
3047 2429 3182 2485 ideo

1807 2529 2134 2587 supponere
2169 2514 2416 2588 gratiam
2443 2512 2914 2578 sanctificantem,
2942 2528 3066 2585 quae
3092 2516 3180 2568 est

1809 2596 2097 2652 terminus
2125 2595 2450 2653 dilectionis
2477 2595 2707 2661 divinae,
2752 2594 2916 2667 juxta
2958 2593 3173 2650 doctri-

1808 2692 1946 2732 nam
1974 2675 2230 2750 ejusdem
2280 2677 2347 2730 D.
2398 2676 2606 2733 Thom.
2660 2676 2762 2732 hac
2797 2679 2843 2741 1,
2886 2677 2939 2734 2.
2987 2681 3168 2752 quast.

1806 2760 1935 2822 ⁷110,
1962 2765 2071 2814 art.
2115 2760 2162 2814 l.
2195 2756 2411 2814 Eodem
2441 2757 2561 2815 fere
2584 2756 2754 2829 modo
2774 2758 3015 2829 exponit
3047 2759 3174 2812 An-

1804 2841 2019 2915 gelicus
2084 2843 2405 2914 Praeceptor
2471 2841 2705 2898 tertium
2773 2839 3173 2898 testimonium

1805 2922 2021 2980 ibidem
2047 2923 2163 2980 lect.
2189 2924 2244 2990 3,
2277 2920 2375 2977 ubi
2404 2921 2476 2979 ad
2515 2924 2617 2980 illa
2650 2922 2825 2980 verba
2853 2945 2866 2980 ε
2905 2922 3053 2995 Quia
3080 2940 3180 2980 vos

1808 3023 1890 3062 me
1927 3008 2152 3075 amatis,
2185 3004 2346 3062 addit
2384 3026 2398 3061 ε
2448 3028 2473 3059 «
2506 3005 2776 3063 Probatio
2803 3021 2922 3062 non
2962 3011 3046 3062 est
3072 3022 3173 3079 per

1813 3112 1840 3144 α
1868 3104 2119 3153 causam,
2156 3088 2291 3160 quia
2322 3092 2384 3143 ut
2422 3086 2635 3145 dicitur
2670 3090 2716 3154 1,
2747 3091 2915 3144 Joan.
2945 3089 2978 3141 4
3007 3090 3172 3144 :Non

1815 3192 1841 3222 α
1871 3169 2036 3243 quasi
2059 3168 2439 3225 dilexerimus
2460 3185 2614 3235 eum,
2633 3167 3030 3241 sedquoniam
3053 3167 3182 3241 ipse

1813 3272 1841 3304 α
1871 3251 2031 3323 prior
2056 3248 2261 3306 dilexit
2312 3266 2433 3306 nos.
2488 3248 2597 3305 Sed
2641 3253 2726 3306 est
2774 3265 2874 3322 per
2914 3251 3170 3323 signum,

1814 3352 1840 3383 α
1869 3329 2131 3403 quiahoc
2157 3330 2369 3401 ipsum,
2411 3328 2562 3402 quod
2602 3345 2707 3385 nos
2753 3331 2932 3386 Deum
2974 3328 3179 3404 diligi-

1814 3432 1842 3464 α
1870 3426 2018 3475 mus,
2063 3414 2147 3465 est
2187 3409 2437 3483 signum,
2481 3408 2632 3483 quod
2685 3408 2807 3482 ipse
2844 3413 3000 3466 amat
3048 3424 3169 3467 nos

1814 3514 1840 3543 «ι
1870 3490 2031 3556 Quod
2077 3491 2236 3547 enim
2288 3507 2587 3565 possumus
2616 3494 2795 3548 Deum
2845 3507 3060 3557 amare,
3092 3496 3175 3548 est

1814 3593 1841 3625 α
1869 3586 1940 3627 ex
1961 3570 2111 3627 dono
2135 3571 2252 3627 Dei.
2286 3573 2458 3629 Rom.
2478 3573 2513 3625 5
2529 3595 2544 3629 ι
2561 3571 2820 3627 Charitas
2842 3572 2940 3628 Dei
2963 3571 3173 3628 diffusa

1814 3671 1842 3703 α
1870 3651 2039 3708 estin
2058 3650 2326 3707 cordibus
2357 3651 2567 3707 nostris
2591 3667 2691 3724 per
2712 3652 2992 3725 Spiritum
3014 3667 3172 3708 sanc-

1813 3754 1840 3786 «
1871 3739 2015 3799 tum,
2058 3732 2158 3805 qui
2198 3731 2362 3789 datus
2400 3735 2486 3788 est
2525 3731 2712 3789 nobis,
2756 3754 2782 3783 2>
2826 3733 2937 3788 Ubi
2988 3733 3174 3790 obiter

1808 3814 2270 3888 ponderandum*
2298 3818 2384 3871 est
2424 3815 2479 3870 S.
2544 3818 2842 3872 Doctorem
2898 3831 3169 3882 asserere.

1810 3914 1916 3954 nos
1945 3913 2061 3954 non
2110 3914 2271 3970 posse
2306 3900 2486 3953 Deum
2513 3895 2758 3971 diligere
2785 3896 2995 3970 absque
3021 3897 3176 3955 dono

1806 3979 2125 4046 charitatis,
2161 3995 2261 4053 per
2284 3978 2434 4052 quod
2457 3980 2708 4052 Spiritus
2728 3985 2957 4036 sanctus
2976 3980 3036 4035 in
3066 3996 3174 4037 nos

1805 4059 2117 4125 inhabitat;
2146 4058 2296 4132 quod
2326 4059 2578 4132 profecto
2622 4064 2707 4117 est
2731 4058 2948 4117 donum
2996 4059 3165 4117 habi-

1806 4142 1977 4208 tuale,
2019 4145 2076 4197 et
2113 4140 2359 4213 qualitas
2405 4156 2770 4213 permanens,
2805 4146 2864 4195 ut
2904 4156 3167 4197 commu·-

1805 4224 1959 4279 niter
1979 4220 2184 4278 docent
2202 4220 2495 4296 Theologi.
2517 4223 2825 4295 Utriusque
2853 4222 2960 4279 loci
2982 4222 3170 4278 inter-

1806 4301 2189 4377 pretationem
2230 4300 2482 4359 breviter
2528 4303 2860 4376 complexus
2899 4307 2984 4360 est
3013 4303 3169 4361 idem

1804 4386 1869 4441 D.
1896 4384 2100 4441 Thom.
2133 4389 2316 4459 quw-rt.
2340 4384 2432 4452 27,
2457 4384 2522 4440 de
2578 4383 2745 4443 Verit.
2795 4391 2905 4440 art.
2938 4386 2973 4439 2
3011 4385 3087 4440 ad
3120 4388 3166 4452 1,

1803 4467 1904 4525 ubi
1952 4467 2032 4524 ait
2081 4487 2094 4522 ι
2148 4490 2172 4520 α
2221 4464 2556 4534 Dicendum,
2600 4466 2751 4539 quod
2793 4469 2940 4524 Deus
2979 4467 3172 4541 diligit

1809 4571 1836 4604 α
1866 4550 2175 4624 diligentes
2199 4563 2291 4616 se;
2318 4564 2436 4606 non
2464 4553 2660 4605 tamen
2696 4549 2796 4617 ita,
2828 4549 2977 4624 quod
3002 4549 3172 4608 dilec-

1811 4651 1838 4683 α
1868 4630 1947 4687 tio
1985 4646 2046 4686 se
2092 4629 2464 4704 diligentium
2503 4630 2578 4685 sit
2620 4630 2786 4695 ratio,
2831 4647 3009 4705 quare
3049 4632 3177 4705 ipse

1811 4732 1838 4763 α
1867 4709 2087 4786 diligat,
2115 4709 2214 4767 sed
2253 4711 2439 4784 potius
2460 4727 2493 4768 e
2511 4726 2807 4768 converso,
2835 4733 2861 4763 »
2895 4714 2965 4767 Et
2992 4712 3171 4784 loqui·

1804 4798 1901 4850 tur
1941 4793 2249 4849 manifeste
2275 4791 2345 4850 de
2387 4793 2710 4861 dilectione,
2742 4809 2854 4867 qua
2895 4795 3040 4851 Deus
3066 4808 3173 4851 nos

1804 4875 1996 4950 diligit
2018 4874 2385 4933 infundendo
2414 4876 2632 4935 donum
2672 4875 2872 4951 gratiae
2910 4875 3170 4933 sanctifi-

1803 4957 2005 5024 cantiS,
2039 4962 2101 5012 ut
2120 4955 2418 5014 evidenter
2448 4961 2669 5014 constat
2706 4972 2777 5013 ex
2804 4962 3165 5030 argumente,

1804 5040 1894 5096 cui
1925 5039 2247 5113 respondet,
2291 5045 2444 5097 etex
2491 5055 2730 5113 corpore
2776 5039 3024 5095 articuli.
3059 5043 3174 5099 Per

1803 5136 1929 5194 quae
1951 5120 2205 5193 amplius
2232 5120 2556 5189 innotescit,
2581 5124 2863 5195 quantum
2891 5119 3169 5179 cohaereat
