3647 5753
1295 379 1473 435 DISP.
1518 380 1639 446 v11,
1685 381 1852 436 DUB.
1927 382 2023 436 111.
2991 391 3063 445 32·

190 560 293 617 pro
321 544 490 604 libito
509 563 622 604 suo
665 548 981 607 decrevisse
1018 548 1322 622 purificare
1358 548 1562 607 condi-

191 628 391 693 tionoe,
422 628 537 684 sub
583 629 792 702 quibus
843 630 1101 703 praevidit
1148 638 1303 689 actus
1349 631 1562 690 liberos

188 708 411 763 futuros
464 731 480 774 ;
547 716 720 782 atque
758 708 886 767 ideo
930 712 1179 768 voluisse
1215 711 1563 770 constituere

189 790 425 843 Petrum
477 788 544 844 in
587 789 694 846 hac
717 806 910 847 rerum
937 790 1104 858 serie,
1148 797 1205 849 et
1248 792 1458 849 Judam
1498 793 1562 849 in

185 868 319 924 alia.
352 871 422 924 Et
453 875 596 927 tunc
639 870 870 928 demum
923 874 1156 946 agnovit
1195 874 1342 930 Deus
1392 880 1451 930 ut
1477 874 1564 931 fu-

187 957 317 1007 tura
337 949 627 1018 absoluta,
652 954 799 1025 quod
822 955 1016 1012 Petrus
1040 959 1349 1023 consentiet,
1375 964 1424 1012 et
1453 957 1563 1014 Ju-

184 1032 288 1086 das
312 1049 422 1086 non
445 1036 765 1089 consentiet.
789 1035 847 1090 Si
869 1035 1028 1091 enim
1052 1035 1387 1109 priusquam
1417 1040 1564 1094 Deus

184 1112 563 1185 explorasset,
596 1113 734 1185 quid
782 1115 982 1172 Petrus
1001 1122 1145 1173 esset
1199 1116 1262 1172 in
1288 1117 1390 1173 tali
1411 1117 1564 1175 serie

190 1195 460 1257 facturus,
513 1191 863 1251 decrevisset
897 1199 1018 1271 ejus
1056 1212 1418 1266 consensum,
1470 1199 1563 1255 vel

185 1278 579 1347 exponeretur
605 1276 856 1347 periculo
871 1277 1264 1334 frustrationis
1291 1279 1577 1335 volunta-⁴

191 1355 262 1410 tis
288 1356 560 1429 proprias,
588 1359 683 1414 vel
711 1356 940 1415 laederet
961 1358 1285 1416 libertatem
1309 1360 1514 1418 alienae
1546 1382 1560 1417 ε

192 1443 501 1507 utrumque
524 1442 728 1493 autem
766 1439 983 1494 vitatur
1027 1439 1379 1497 intendendo
1423 1456 1563 1497 con-

188 1532 418 1573 sensum
445 1518 610 1573 Petri
639 1517 702 1574 in
730 1520 830 1575 tali
853 1521 1164 1585 occasione,
1199 1521 1261 1577 in
1288 1537 1400 1593 qua
1428 1538 1566 1595 pree·

189 1595 332 1652 vidit
358 1596 533 1652 illum
565 1614 692 1655 esse
721 1599 999 1656 futurum.
1039 1600 1247 1657 Ultimo
1274 1608 1559 1670 asserunt,

190 1681 365 1733 Deum
394 1676 466 1734 de
493 1678 666 1743 facto.
698 1685 755 1737 et
782 1681 843 1736 in
868 1686 1016 1736 statu
1059 1680 1318 1739 absoluto
1346 1683 1566 1739 auxilia

191 1762 356 1815 Petro
389 1760 679 1825 conferre,
718 1766 780 1815 ut
823 1763 1158 1830 consentiat,
1210 1763 1317 1820 sub
1356 1763 1567 1838 quibus

189 1855 320 1895 eum
349 1845 531 1912 praevi
553 1841 627 1896 lit
652 1856 1090 1909 consensurum,
1120 1849 1177 1900 et
1205 1845 1322 1902 haec
1361 1849 1567 1902 vocant

191 1920 453 1992 efficacia,
504 1922 646 1993 quia
693 1921 1084 1979 infallibiliter
1110 1940 1452 1981 consensum
1481 1940 1567 1980 as-

193 2009 530 2074 sequuntur.
565 2005 705 2066 Quae
745 2005 938 2059 onmia
969 2011 1309 2079 acceperunt
1345 2022 1416 2063 ex
1438 2008 1566 2063 Mo-

196 2083 313 2137 lina
342 2082 517 2156 hujus
543 2083 802 2140 scientiae
822 2085 1026 2141 mediae
1054 2087 1307 2152 Doctore,
1335 2092 1396 2141 ut
1423 2087 1569 2142 rela-

198 2162 396 2235 tisejus
410 2161 612 2219 verbis
626 2164 1011 2235 praemisimus
1026 2166 1167 2238 disp.
1193 2168 1235 2232 1,
1254 2184 1374 2239 cap.
1387 2168 1442 2232 6,
1463 2168 1563 2236 52.

111 2258 187 2301 col·
266 2244 361 2297 57.
403 2243 509 2297 His
539 2243 846 2317 principiis
873 2242 1089 2301 firmati
1128 2247 1465 2302 existimant
1507 2261 1569 2301 se

106 2312 364 2400 {iffifacile
399 2325 702 2398 explicare
744 2325 1017 2399 quidquid
1091 2328 1304 2402 ingerit
1363 2329 1426 2384 in
1466 2328 1570 2383 bac

106 2407 161 2449 iis·
200 2404 442 2461 materia
467 2404 888 2474 difficultatem,
933 2412 988 2464 et
1033 2408 1325 2480 perspicue
1370 2424 1570 2466 occur-

202 2501 328 2542 rere
349 2484 441 2551 iis,
467 2502 608 2558 quae
636 2487 910 2544 adversus
937 2486 1076 2544 duas
1113 2490 1427 2547 sententias
1471 2489 1572 2545 du-

204 2564 309 2621 biis
337 2565 800 2638 praecedentibus
829 2568 1037 2624 relatas
1075 2570 1465 2641 opposuimus.
1506 2572 1572 2625 In

206 2646 402 2718 primis
423 2645 636 2703 dicunt
661 2647 900 2713 salvari,
932 2647 1081 2720 quod
1102 2647 1349 2706 efficacia
1375 2650 1573 2724 gratiae

206 2742 316 2783 non
356 2727 428 2782 sit
469 2725 877 2785 denominatio
914 2729 1236 2786 extrinseca
1275 2729 1574 2803 desumpta

204 2805 272 2861 ab
296 2805 492 2864 eflectu
517 2832 532 2875 ;
566 2823 710 2863 nam
739 2806 1137 2865 antecedenter
1164 2808 1234 2865 ad
1281 2811 1450 2866 illum
1479 2809 1575 2866 da-

203 2895 295 2944 tur
337 2891 524 2963 gratia
576 2890 856 2957 excitans,
919 2889 1137 2948 babens
1196 2890 1573 2949 infallibilem

202 2971 630 3028 connexionem
674 2987 805 3026 cum
853 2971 994 3043 ipso,
1065 2988 1182 3029 non
1232 2972 1466 3047 quidem
1503 2988 1577 3030 ex

208 3050 521 3121 praedicatis
572 3050 977 3107 essentialibus
1020 3053 1239 3126 gratiae,
1297 3053 1395 3110 sed
1441 3054 1576 3126 quia

205 3129 391 3188 subest
448 3132 715 3188 scientiae
767 3131 971 3189 mediae
1016 3131 1087 3190 de
1131 3138 1341 3192 eventu
1390 3134 1578 3207 reipsa

209 3211 413 3269 futuro.
441 3214 659 3269 Dicunt
704 3213 878 3269 etiam
919 3215 1155 3280 salvari,
1180 3214 1329 3287 quod
1351 3220 1579 3286 antece-

205 3292 404 3350 denter
456 3293 531 3350 ad
583 3308 926 3349 consensum
973 3295 1125 3350 nihil
1196 3296 1578 3353 intrinsecum

211 3376 574 3448 imprimitur
631 3376 932 3439 voluntati,
965 3392 1065 3449 per
1105 3377 1256 3450 quod
1301 3377 1580 3436 determi-

213 3464 373 3514 netur
395 3457 468 3514 ad
485 3457 969 3515 consentiendum
989 3482 1004 3524 3
1026 3459 1160 3530 quia
1186 3458 1460 3532 quidquid
1490 3458 1580 3515 illi

211 3540 694 3604 communicatur,
712 3543 889 3611 potest
901 3537 1154 3597 absolute
1167 3557 1295 3597 cum
1320 3540 1579 3597 dissensu

211 3621 495 3695 conjungi,
527 3625 591 3677 et
631 3635 747 3676 non
773 3618 963 3675 differt
1008 3635 1041 3675 a
1066 3620 1252 3694 gratia
1278 3619 1580 3677 sufficienti

215 3717 310 3774 per
346 3700 586 3775 aliquod
633 3699 998 3773 praedicatum
1040 3702 1442 3759 intrinsecum.
1472 3701 1582 3759 Sed

215 3788 322 3838 tota
345 3782 622 3846 efficacia,
647 3781 770 3838 sive
789 3778 1124 3837 infallibilis
1149 3783 1429 3839 connexio
1450 3797 1581 3838 cum

214 3876 485 3920 consensu
509 3860 707 3920 oritur
735 3875 805 3918 ex
833 3859 1017 3917 libera
1037 3861 1446 3934 suppositione,
1472 3878 1585 3933 qua

218 3943 559 3999 voluntasse
592 3955 742 3997 nunc
780 3939 1146 4006 determinat,
1176 3947 1232 3998 et
1258 3940 1329 3997 ab
1371 3947 1586 3998 aeterno

222 4023 457 4092 praevisa
482 4026 575 4080 est
604 4019 707 4076 tali
740 4020 941 4093 gratias
986 4035 1355 4077 consensura.
1380 4021 1587 4077 Dicunt

222 4102 627 4166 nihilominus
658 4100 905 4175 gratiam
932 4100 1329 4164 sufficientem,
1360 4107 1416 4158 et
1461 4101 1587 4159 effi-

222 4197 399 4239 cacem
420 4183 667 4239 differre
688 4180 1087 4239 antecedenter
1114 4181 1178 4238 in
1211 4182 1434 4239 ratione
1451 4198 1588 4257 gra-

225 4262 329 4328 tiae,
353 4268 410 4321 et
449 4260 719 4321 beneficii
752 4285 767 4328 ;
809 4262 1084 4333 quoniam
1137 4263 1323 4336 majus
1368 4260 1589 4320 benefi-

224 4342 367 4399 cium
386 4342 450 4398 fit
477 4342 710 4400 homini
730 4357 860 4396 cum
877 4348 1110 4398 vocatur
1122 4342 1184 4398 in
1198 4343 1582 4408 eaoccasione,

226 4427 278 4476 et
321 4439 448 4478 cum
475 4439 545 4480 ea
578 4422 890 4485 vocatione,
916 4419 1023 4476 sub
1061 4420 1270 4495 quibus
1312 4422 1589 4494 praevisus

229 4507 307 4557 est
329 4518 736 4568 consensurus,
767 4517 940 4574 qnam
981 4502 1030 4557 si
1072 4502 1177 4559 illa
1202 4501 1509 4568 occasione,
1536 4507 1592 4560 et

233 4582 330 4639 illa
366 4584 668 4641 vocatione
718 4589 1037 4649 vocaretur,
1080 4581 1187 4638 sub
1223 4582 1431 4654 quibus
1470 4581 1592 4638 dis-

233 4677 502 4720 sensurus
531 4661 972 4736 praevidebatur.
1009 4661 1174 4719 Unde
1199 4663 1374 4719 etiam
1397 4661 1592 4719 dicunt

234 4758 291 4799 se
330 4745 556 4801 salvare
601 4742 1055 4816 independenter
1082 4760 1116 4800 a
1165 4743 1349 4818 gratia
1398 4758 1498 4815 per
1533 4760 1595 4801 se

235 4820 453 4891 efficaci,
485 4822 638 4896 quod
660 4821 928 4889 discretio
950 4824 1101 4880 inter
1121 4823 1590 4889 consentientem,

239 4909 291 4959 et
332 4902 770 4962 dissentientem
801 4910 1097 4962 revocetur
1141 4905 1203 4960 in
1230 4904 1497 4979 gratiam,
1540 4911 1598 4962 et

238 4981 385 5054 quod
436 5000 588 5040 unus
647 5000 769 5041 non
834 4985 1008 5058 possit
1073 4983 1269 5042 inflari
1323 4983 1599 5042 adversus

1696 558 1877 614 alium
1903 582 1918 625 3
1961 575 2096 616 nam
2124 564 2391 634 quamvis
2423 566 2649 639 utrique
2688 567 2886 625 eadem
2910 571 3065 626 enti-

1696 641 1872 697 tative
1915 644 2101 715 gratia
2146 647 2623 715 communicetur,
2673 650 3062 725 nihilominus

1694 721 1792 793 qui
1828 724 2124 786 consentit,
2154 739 2384 798 semper
2424 727 2593 785 habet
2621 731 2899 803 majorem
2926 747 3063 805 gra-

1697 802 1837 858 tiam
1867 802 1929 858 in
1956 818 2078 859 esse
2103 805 2321 878 gratiae,
2347 808 2483 879 quia
2504 812 2651 866 Deus
2680 810 2849 867 illum
2893 827 3063 869 cons-

1696 884 1854 953 tituit
1901 884 1963 940 in
2009 900 2077 941 ea
2125 901 2321 943 rerum
2368 890 2537 954 serie,
2573 897 2629 947 et
2654 906 2721 947 ea
2767 893 3065 951 vocatione

1697 969 1877 1029 vocat,
1910 963 2016 1019 sub
2055 965 2264 1038 quibus
2292 968 2566 1040 praevidet
2606 986 3060 1040 consensurum;

1695 1043 1845 1116 quod
1875 1043 2216 1101 beneficium
2248 1063 2363 1105 non
2401 1054 2628 1122 praestat
2646 1052 2699 1107 ei
2727 1052 2824 1123 qui
2848 1051 3065 1110 dissen-

1698 1126 1785 1181 tit.
1837 1123 2092 1182 Tandem
2122 1125 2319 1183 dicunt
2362 1128 2465 1185 hac
2487 1130 2582 1185 via
2618 1132 2834 1188 salvari
2886 1134 3063 1190 simul

1697 1212 1753 1262 et
1792 1205 2118 1264 libertatem
2165 1208 2416 1275 arbitrii,
2459 1215 2514 1266 et
2553 1218 2752 1268 cuncta
2817 1229 2944 1285 quae
2995 1214 3066 1274 de

1697 1285 1941 1343 efficacia
1980 1285 2195 1344 divinae
2238 1290 2458 1363 gratiae,
2511 1297 2681 1365 atque
2718 1293 3064 1353 certitudine

1699 1365 2218 1439 praedestinationis
2242 1369 2551 1428 traduntur
2572 1373 2636 1428 in
2663 1374 2977 1446 Scriptura,
3010 1383 3065 1433 et

1698 1447 1986 1513 Conciliis,
2012 1464 2136 1520 quae
2152 1450 2320 1506 aliter
2340 1452 2637 1509 conciliari
2664 1469 2781 1511 non
2805 1464 3060 1528 possunt.

1700 1525 2011 1584 Videamus
2034 1544 2187 1585 nunc
2214 1546 2290 1586 an
2324 1548 2525 1588 verum
2555 1531 2764 1590 dicant.

2318 1726 2447 1793 91.

1786 1867 2061 1940 Neyativa
2099 1880 2366 1933 sententia
2410 1883 2716 1953 pra-fertur,
2740 1890 2790 1937 ct
2813 1885 2997 1955 primo

2059 1967 2379 2025 aryumemo
2417 1962 2705 2033 probatur.

1777 2079 1869 2135 58.
1916 2081 2228 2140 Dicendum
2292 2092 2392 2153 est,
2444 2090 2691 2162 gratiam
2739 2107 2856 2148 non
2927 2098 3267 2160 esse,C⁰1.¹⁰¹u-

1706 2174 1809 2249 nec
1835 2158 1947 2217 dici
1970 2163 2267 2232 efficacem,
2297 2168 2428 2239 quia
2483 2169 2649 2227 detur
2675 2187 2742 2230 eo
2791 2178 3066 2246 tempore,
3130 2157 3211 2189 ⁵¹⁰·

1704 2255 1768 2303 m
1784 2256 1896 2311 quo
1912 2257 2012 2313 per
2032 2244 2331 2302 scientiam
2351 2248 2601 2306 mediam
2620 2254 2860 2323 praevisa
2877 2260 2961 2310 est
2976 2253 3072 2310 ha-

1706 2318 1898 2378 bitura
1923 2322 2183 2381 effectum
2209 2349 2224 2393 ;
2254 2332 2309 2384 et
2335 2338 2744 2403 consequenter
2774 2350 2889 2391 non
2922 2338 3072 2390 recte

1704 2402 1915 2473 exponi
1932 2418 2130 2460 veram
2146 2407 2428 2464 rationem
2445 2412 2648 2484 gratiae
2661 2413 2926 2487 efficacisj
2936 2418 3070 2469 uxta

1706 2482 1992 2555 principia
2041 2485 2321 2557 praedictae
2342 2490 2615 2550 scientiae.
2649 2495 2807 2551 Hanc
2834 2496 3069 2553 conclu-

1705 2562 1931 2618 sionem
1978 2562 2180 2621 docent
2220 2568 2282 2623 Ι).
2315 2570 2549 2645 August.
2600 2579 2656 2631 et
2700 2576 2768 2629 D.
2819 2574 3068 2632 Thomas
3102 2600 3140 2640 1>
3158 2600 3243 2641 Au-

1708 2643 1847 2700 locis
1887 2645 2043 2703 infra
2070 2647 2405 2718 referendis,
2436 2670 2576 2726 quos
2592 2662 2910 2728 sequuntur
2937 2673 3066 2715 om-
3078 2649 3283 2741 ssgsffffi·

1710 2741 1810 2782 11oe
1867 2727 2196 2794 Thomistae,
2254 2734 2311 2787 et
2358 2732 2460 2790 alii
2521 2736 2715 2807 plures
2784 2737 3069 2796 Authores
3127 2756 3229 2790 mas-

1707 2804 1883 2864 dubio
1927 2810 2183 2882 sequenti
2230 2811 2466 2871 citandi.
2526 2816 2825 2874 possemus
2878 2825 3069 2876 autem

1710 2890 1875 2946 illam
1916 2893 2077 2962 quasi
2123 2910 2158 2950 a
2199 2897 2381 2966 priori
2432 2897 2673 2969 probare
2724 2900 3077 2959 ostendendo

1710 2970 2236 3042 impossibilitatem
2258 2979 2509 3035 scientim
2550 2979 2754 3037 mediae
2781 2980 2852 3037 ob
2902 2997 3078 3054 repu-

1709 3051 2011 3123 gnantiam
2024 3051 2224 3127 objecti
2254 3057 2433 3124 illius,
2458 3058 2607 3130 quod
2647 3065 2730 3116 est
2758 3061 3079 3133 inexplica-

1710 3130 1826 3188 bile
1858 3153 1872 3188 :
1922 3134 2073 3192 unde
2100 3141 2214 3193 tota
2256 3139 2544 3203 machina,
2580 3156 2705 3214 quae
2752 3142 2900 3198 circa
2930 3158 3079 3214 prae-

1706 3216 1928 3269 sentem
1972 3213 2364 3275 difficultatem
2403 3234 2579 3292 supra
2626 3219 3079 3278 fundamentum

1710 3294 1963 3352 scientiae
1977 3296 2180 3355 mediae
2206 3302 2573 3368 construitur,
2594 3317 2661 3359 eo
2686 3303 2958 3359 convulso
2979 3302 3083 3361 de·
3153 3350 3159 3355 .

1713 3375 1945 3435 cideret.
1970 3377 2077 3434 Sed
2103 3380 2237 3451 quia
2263 3379 2320 3436 id
2351 3382 2461 3438 late
2487 3382 2726 3440 fecimus
2749 3384 2869 3441 loco
2906 3400 3084 3456 supra

1713 3457 1903 3523 citato,
1933 3459 2082 3515 solas
2107 3474 2201 3516 eas
2223 3460 2588 3534 probationes
2639 3479 2792 3520 nunc
2838 3463 3082 3520 induce-

1715 3553 1863 3604 mus,
1894 3553 2018 3611 quae
2036 3540 2359 3611 specialiter
2387 3537 2701 3614 respiciunt
2728 3550 3082 3616 praesentem

1716 3617 2131 3675 difficultatem.

1792 3695 2077 3754 Probatur
2122 3714 2258 3773 ergo
2305 3700 2538 3771 primo:
2597 3702 2871 3774 quoniam
2920 3702 3083 3774 juxta
3115 3705 3298 3763 Pri-mum

1719 3776 2003 3849 principia
2025 3777 2277 3834 scientias
2318 3779 2522 3836 mediae
2560 3782 2819 3839 salvatur
2838 3781 3084 3838 efficacia
3125 3764 3277 3846 sfflff'..

1717 3857 1919 3931 gratiae
1980 3856 2435 3930 independenter
2476 3876 2507 3916 a
2558 3861 2798 3918 scientia
2846 3861 3037 3918 media
3070 3859 3283 3917 :mentum

1716 3952 1852 4010 ergo
1877 3937 2065 4011 gratia
2111 3952 2227 3993 non
2262 3937 2474 3994 dicitur
2525 3938 2739 4007 efficax,
2771 3942 2907 4014 quia
2942 3958 3087 3999 cou-

1718 4017 1938 4074 feratur
1981 4031 2049 4074 eo
2075 4022 2353 4089 tempore,
2386 4017 2450 4074 in
2476 4035 2589 4091 quo
2637 4035 2738 4092 per
2783 4022 3088 4096 scientiam

1717 4096 1969 4155 mediam
2042 4097 2389 4170 praevidetur
2460 4097 2729 4156 habitura
2798 4100 3083 4159 effectum.

1721 4177 2134 4250 Consequentia
2175 4184 2257 4235 est
2303 4179 2630 4244 manifesta,
2662 4185 2719 4237 et
2746 4180 3091 4239 antecedens

1721 4254 2043 4313 ostenditur
2070 4277 2083 4313 ε
2136 4257 2411 4329 quoniam
2440 4257 2510 4314 ab
2537 4257 2753 4315 eisdem
2785 4260 3091 4334 principiis

1722 4336 2002 4411 dependet
2027 4353 2336 4395 consensus
2363 4344 2556 4397 noster
2582 4339 2646 4395 in
2673 4345 2819 4396 statu
2858 4340 3093 4398 absolu-

1722 4421 1799 4483 to,
1832 4433 1865 4472 a
1890 4416 2095 4489 quibus
2125 4434 2225 4491 per
2263 4419 2566 4477 scientiam
2595 4419 2848 4477 mediam
2879 4423 3094 4493 praevi-

1723 4496 1893 4555 detur
1942 4495 2264 4571 dependere
2333 4500 2398 4554 in
2450 4505 2598 4557 statu
2650 4499 3088 4559 conditionato:

1724 4579 1881 4651 atqui
1919 4579 1981 4635 in
2013 4584 2161 4634 statu
2209 4578 2597 4637 conditionate
2626 4579 2909 4654 dependet
2950 4598 3095 4639 con-

1725 4675 1971 4716 sensusa
1987 4659 2173 4733 gratia
2192 4658 2400 4716 efficaci
2417 4659 2825 4733 independenti
2848 4677 2879 4717 a
2895 4662 3096 4719 scien-

1726 4739 1806 4795 tia
1832 4738 2026 4798 media
2060 4754 2231 4812 :ergo
2251 4737 2415 4810 juxta
2461 4739 2629 4812 hujus
2650 4741 2902 4796 scientia)
2926 4743 3095 4812 prin-

1727 4819 1878 4891 cipia
1898 4819 2153 4873 salvatur
2178 4817 2364 4891 gratia
2407 4816 2603 4873 efficax
2643 4817 3095 4891 independenter

1728 4915 1763 4956 a
1790 4899 1896 4954 tuli
1924 4897 2183 4953 scientia.
2207 4895 2390 4968 Major
2432 4895 2727 4968 probatur,
2761 4904 2816 4953 et
2837 4898 3095 4970 explica-

1731 4989 1825 5039 tur
1858 5002 1871 5037 :
1893 4978 2166 5053 quoniam
2192 4976 2451 5034 futurum
2472 4974 2578 5032 sub
2592 4977 2919 5035 conditione
2936 4984 3092 5035 tran-
