3647 5753
466 473 577 531 562
1135 473 1229 529 DE
1267 470 1874 528 DISPOSITIONIBUS
1911 471 2008 525 AD
2044 452 2709 530 JUSTIFICATIONEM.

467 666 610 709 nare
637 650 708 708 ad
736 650 1234 724 participationem
1275 650 1558 724 praedictae
1597 650 1820 718 formae,

465 738 524 791 et
540 731 773 789 tandem
805 749 1011 806 parare
1030 734 1464 791 connaturalem
1485 730 1744 799 modum,
1769 736 1828 789 et

467 814 641 881 viam,
674 818 735 869 ut
761 813 949 871 forma
977 813 1306 887 recipiatur,
1334 819 1397 868 ut
1421 829 1492 871 ex
1513 811 1588 868 iis
1612 828 1737 885 quas
1762 812 1829 869 in

467 893 829 954 naturalibus
855 895 1211 970 contingunt,
1237 894 1562 952 edocemur.

543 977 688 1042 Quia
714 992 852 1034 vero
885 977 948 1033 in
988 976 1158 1051 huJus
1178 974 1340 1031 dubii
1368 974 1654 1032 decisione
1675 965 1830 1026 haud

470 1057 625 1117 levis
660 1058 1051 1115 controversia
1089 1062 1173 1115 est
1214 1056 1363 1131 apud
1406 1051 1693 1113 Authores
1713 1062 1831 1108 non

469 1142 658 1200 solum
704 1140 854 1197 circa
898 1140 1310 1198 resolutionem
1341 1138 1597 1197 absolute
1625 1143 1835 1194 teuen-

471 1224 626 1292 dam,
657 1223 755 1280 sed
792 1223 966 1280 etiam
993 1223 1142 1280 circa
1171 1227 1424 1280 mentem
1456 1223 1520 1278 D.
1553 1220 1789 1276 Thomae
1814 1239 1829 1283 3

468 1305 540 1363 de
560 1321 671 1379 qua
696 1303 960 1360 dubitant
987 1320 1105 1361 non
1145 1304 1335 1361 solum
1375 1301 1636 1360 extranei
1664 1296 1835 1372 (quod

466 1402 673 1460 parum
698 1385 977 1456 referret),
998 1384 1097 1442 sed
1118 1385 1293 1441 etiam
1320 1384 1499 1457 aliqui
1517 1376 1837 1439 S.Doctoris

463 1466 731 1539 discipuli
759 1489 772 1533 ;
799 1465 1009 1523 idcirco
1030 1470 1252 1539 oportet
1275 1466 1436 1538 prius
1458 1463 1674 1529 videre,
1698 1457 1836 1533 quid

465 1552 533 1607 in
578 1549 681 1604 hac
707 1563 874 1603 causa
901 1546 1130 1611 sentiat,
1162 1549 1219 1602 et
1259 1544 1477 1603 doceat.
1504 1539 1837 1600 Praesertim

469 1632 606 1707 quia
633 1629 730 1686 ubi
751 1629 872 1704 ejus
899 1643 1064 1684 mens
1110 1627 1277 1685 nobis
1332 1627 1501 1700 plene
1548 1622 1833 1689 illuxerit,

478 1712 713 1786 ancipiti
735 1726 871 1767 cura
893 1724 1012 1766 non
1048 1707 1443 1766 distrahamur
1471 1707 1536 1764 in
1558 1705 1730 1779 hujus
1753 1701 1839 1760 rei

477 1793 765 1852 decisione
789 1817 804 1860 ;
861 1789 1007 1848 illud
1051 1790 1213 1848 enim
1271 1806 1499 1864 semper
1544 1802 1843 1847 censemus

481 1877 694 1941 verius,
720 1875 870 1949 quod
892 1874 1114 1931 Doctori
1140 1879 1335 1932 nostro
1357 1873 1634 1947 probatur
1660 1869 1844 1944 magis

481 1957 794 2023 conforme,
818 1961 876 2013 et
919 1956 1043 2029 ejus
1087 1955 1391 2029 principiis
1440 1951 1839 2012 cohaerentius.

1091 2140 1124 2209 g
1165 2140 1233 2194 11.

728 2286 1024 2359 Praefertur
1055 2303 1193 2359 pars
1231 2286 1599 2361 affirmativa.

276 2431 450 2479 conclu·

328 2481 407 2525 sio.
561 2437 654 2490 46.
681 2433 996 2491 Dicendum
1011 2439 1113 2501 est,
1133 2433 1282 2507 quod
1293 2450 1422 2491 secu
1431 2432 1610 2489 ndum
1632 2430 1849 2489 doctri-

490 2532 628 2572 nam
646 2516 713 2570 D.
738 2516 941 2573 Thom.
974 2523 1127 2574 actus
1149 2516 1631 2581 contritionis,vel
1654 2513 1851 2571 chari-

490 2598 625 2654 tatis
650 2597 825 2654 eliciti
867 2599 930 2653 in
959 2599 1198 2655 instanti
1223 2596 1650 2672 justificationis
1679 2594 1848 2667 impii

491 2675 806 2750 procedunt
826 2676 1082 2734 effective
1134 2678 1205 2734 ab
1243 2676 1443 2734 eadem
1468 2677 1657 2751 gratia
1683 2690 1852 2731 sanc-

485 2755 757 2824 tificante,
785 2757 854 2815 ad
876 2773 1049 2830 quam
1079 2758 1284 2814 ultimo
1311 2757 1644 2831 disponunt.
1694 2757 1853 2812 Hauc

485 2838 912 2897 conclusionem
931 2837 1132 2897 docent
1146 2838 1456 2896 Thomistae
1473 2838 1849 2913 antiquiores„

485 2920 801 2993 gravioreS,
825 2924 884 2975 et
904 2920 1096 2992 plures
1119 2920 1183 2975 in
1206 2934 1470 2986 numero,
1497 2924 1558 2975 ut
1579 2936 1648 2976 ex
1665 2918 1856 2975 dicen-

488 2998 577 3054 dis
602 3000 732 3055 dub.
761 3016 867 3076 seq.
896 2999 1176 3056 constabit
1207 3023 1221 3055 ι
1264 2998 1413 3072 quod
1436 3014 1553 3056 non
1582 3000 1643 3055 in
1665 2998 1856 3055 effica-

491 3080 635 3137 citer
653 3079 953 3153 persuadet
968 3080 1017 3153 ej
1027 3096 1090 3135 us
1112 3080 1435 3137 veritatem.
1459 3081 1605 3135 Nam
1627 3079 1857 3152 quando

496 3160 796 3219 evidenter
820 3177 936 3218 non
957 3167 1194 3228 constat,
1220 3176 1343 3234 quae
1363 3162 1438 3218 sit
1459 3176 1625 3218 mens
1646 3162 1703 3217 S.
1723 3163 1857 3218 Doc-

499 3245 640 3302 toris
662 3288 675 3312 ,
727 3243 874 3300 illud
927 3244 1391 3316 praesumendum
1444 3250 1531 3301 est
1580 3244 1851 3311 tenuisse,

499 3324 650 3400 quod
676 3327 795 3400 ejus
819 3325 1115 3400 graviores
1134 3325 1426 3400 discipuli,
1476 3330 1532 3382 et
1573 3327 1858 3399 praecipue

500 3408 884 3477 Dominicani,
915 3409 1303 3466 communiter
1330 3409 1776 3482 amplectuntur.

575 3488 858 3546 Probatur
876 3489 1551 3563 primo,quiasecundum
1570 3492 1632 3547 D.
1648 3490 1853 3547 Thom.

499 3572 685 3648 gratia
706 3569 1023 3644 justificans
1048 3578 1132 3628 est
1178 3574 1339 3646 prior
1364 3573 1706 3645 simpliciter
1733 3580 1860 3630 actu

501 3651 897 3717 contritionis,
954 3652 1045 3708 vel
1104 3652 1434 3719 charitatis,
1486 3662 1613 3725 quo‘
1645 3652 1861 3724 impius

500 3737 571 3793 ad
596 3736 839 3794 eandem
885 3736 1133 3811 gratiam
1185 3734 1511 3809 disponitur
1542 3758 1556 3792 ε
1586 3752 1721 3810 ergo
1749 3736 1862 3791 hu-

493 3820 746 3895 jusmodi
775 3825 930 3876 actus
958 3817 1211 3892 procedit
1255 3819 1325 3876 ab
1372 3818 1477 3875 illa
1527 3824 1799 3891 tanquam
1829 3833 1863 3873 a

498 3901 785 3974 principio
805 3900 1083 3958 effectivo.
1109 3897 1395 3955 Probatur
1413 3898 1819 3972 consequentia
1845 3917 1860 3953 ε

497 3988 623 4040 tum
662 3983 798 4055 quia
841 3982 891 4037 si
918 3981 1096 4038 semel
1121 3981 1310 4055 gratia
1339 3979 1604 4054 praecedit
1628 3980 1863 4054 simpli-

500 4065 641 4121 citer
670 4062 1001 4137 praedictum
1030 4067 1239 4128 actum,
1267 4067 1446 4133 potest
1473 4077 1605 4119 eum
1632 4061 1858 4127 elicere,

499 4151 558 4204 et
601 4143 904 4218 superfluit
955 4141 1116 4199 aliud
1161 4142 1449 4200 auxilium
1495 4141 1780 4198 sufficiens
1832 4158 1866 4199 a

499 4226 687 4302 gratia
744 4224 1079 4281 distinctum
1115 4244 1129 4279 ε
1178 4229 1302 4279 tum
1348 4222 1484 4296 quia
1528 4220 1863 4278 Adversarii

500 4309 782 4382 praecipue
827 4305 1075 4363 fundant
1123 4321 1289 4362 suam
1317 4305 1653 4377 opinionem
1682 4303 1746 4359 in
1772 4318 1861 4371 ρο,

499 4388 650 4463 quod
677 4392 984 4445 causantur
1029 4402 1090 4444 se
1138 4402 1254 4443 non
1309 4401 1469 4457 posse
1512 4385 1861 4459 intelligere,

498 4468 783 4544 quomodo
792 4469 979 4543 gratia
995 4466 1271 4540 praecedat
1291 4466 1636 4539 simpliciter
1652 4472 1861 4536 actum,

506 4567 538 4608 a
557 4568 668 4624 quo
694 4558 969 4626 tanquam
1019 4567 1052 4607 a
1090 4548 1464 4623 dispositione
1490 4548 1554 4605 in
1574 4566 1676 4606 sua
1704 4549 1869 4605 infu-

503 4633 666 4691 sione
690 4631 989 4706 dependet.
1021 4629 1378 4688 Antecedens
1419 4636 1610 4687 autem
1637 4629 1869 4688 videtur

505 4714 672 4773 nobis
698 4713 936 4771 evidens
962 4729 1034 4770 ex
1060 4713 1301 4770 articulo
1328 4714 1362 4767 8
1403 4712 1572 4786 hujus
1612 4711 1871 4785 quaestio·

312 4807 367 4851 n.
389 4798 619 4864 Tho.niS,
646 4794 744 4853 ubi
793 4794 1041 4868 inquirit
1086 4797 1152 4852 D.
1202 4796 1408 4852 Thom.
1436 4795 1644 4850 Utrum
1670 4794 1871 4866 gratiae

505 4878 723 4936 infusio
749 4877 823 4932 sit
852 4877 1041 4949 prima
1069 4876 1273 4935 ordine
1314 4880 1534 4933 naturae
1578 4876 1733 4933 inter
1777 4890 1865 4942 ea,

504 4975 630 5033 quae
660 4958 1034 5030 requiruntur
1061 4956 1129 5014 ad
1151 4955 1623 5031 Justificationem
1652 4955 1820 5028 impii
1844 4958 1871 5012 ’ἑ

504 5044 561 5097 et
589 5037 893 5112 respondet
924 5059 937 5094 ε
984 5059 1011 5090 α
1055 5037 1389 5105 Dicendum,
1423 5037 1573 5110 quod
1604 5036 1873 5111 praedicta

514 5141 542 5173 ιι
582 5123 842 5192 quatuor,
868 5133 992 5190 quae
1015 5118 1388 5192 requiruntur
1410 5117 1480 5175 ad
1508 5116 1873 5194 justificatio-

301 3490 472 3537 runda-

289 3547 484 3587 mentum.

446 5342 511 5389 Ἃ,

1965 670 1991 702 α
2033 664 2168 705 nem
2190 647 2379 722 impii,
2412 656 2669 725 tempore
2694 650 2927 724 quidem
2954 656 3091 708 sunt
3121 651 3323 717 simul,

1966 751 1992 785 α
2033 731 2167 803 quia
2182 729 2514 804 justificatio
2534 732 2704 805 impii
2728 749 2846 790 non
2875 739 2960 791 est
2985 732 3325 789 successiva.

1965 831 1992 863 α
2034 810 2142 868 Sed
2156 811 2362 869 ordine
2383 818 2606 869 naturae
2627 828 2810 870 unum
2832 811 3035 871 eorum
3058 817 3144 870 est
3164 812 3329 887 prius

1966 913 1992 945 α
2037 893 2240 950 altere.
2271 894 2340 948 Et
2360 892 2514 951 inter
2552 910 2620 952 ea
2659 895 2914 952 naturali
2954 893 3161 953 ordine
3201 893 3328 967 pri-

1969 994 1996 1026 «
2036 988 2199 1029 mum
2226 978 2312 1032 est
2329 975 2530 1049 gratiae
2550 974 2786 1043 infusio,
2807 974 3124 1033 secundum
3139 979 3329 1032 motus

1970 1075 1997 1107 α
2037 1053 2232 1111 liberii
2279 1054 2507 1112 arbitrii
2560 1056 2624 1112 in
2671 1059 2871 1125 Deum,
2922 1055 3162 1113 tertium
3204 1070 3331 1113 mo-

1968 1156 1994 1188 «
2037 1139 2130 1191 tus
2151 1135 2325 1194 liberi
2348 1135 2577 1194 arbitrii
2608 1137 2673 1195 in
2701 1143 3012 1210 peccatum,
3061 1140 3334 1210 quartum

1972 1237 1999 1270 «
2038 1232 2177 1274 vero
2202 1222 2286 1275 est
2314 1217 2580 1276 remissio
2620 1221 2818 1292 culpae.
2851 1219 3025 1292 Cujus
3052 1217 3201 1274 ratio
3226 1221 3329 1282 est,

1973 1319 2000 1351 α
2040 1298 2173 1371 quia
2197 1298 2278 1355 ‘in
2325 1298 2581 1372 quolibet
2619 1306 2780 1358 motu
2821 1297 3171 1357 naturaliter
3211 1297 3333 1371 pri-

1974 1405 2001 1437 α
2040 1398 2204 1439 mum
2231 1387 2316 1439 est
2341 1382 2520 1440 motio
2563 1383 2746 1456 ipsius
2778 1381 3069 1440 moventis
3087 1406 3101 1449 ;
3131 1396 3334 1439 secun-

1973 1485 1999 1518 «
2042 1461 2181 1520 dum
2208 1468 2398 1519 autem
2426 1467 2511 1520 est
2557 1462 2856 1536 dispositio
2902 1463 3183 1529 materiae,
3214 1461 3335 1520 sive

1976 1568 2003 1600 α
2044 1550 2235 1602 motus
2283 1545 2463 1617 ipsius
2490 1545 2765 1615 mobilis;
2798 1545 3070 1602 ultimum
3096 1560 3234 1602 vero
3252 1545 3337 1602 est

1978 1648 2004 1680 α
2045 1624 2196 1695 finis,
2227 1627 2320 1683 vel
2350 1626 2640 1683 terminus
2667 1625 2974 1684 moventis.
3007 1628 3137 1698 Ipsa
3162 1625 3335 1699 igitur

1979 1731 2005 1763 α
2048 1709 2149 1766 Dei
2171 1709 2457 1766 moventis
2483 1709 2662 1766 motio
2687 1715 2772 1766 est
2790 1709 2988 1783 gratias
3010 1708 3247 1774 infusio,
3275 1711 3339 1763 ut

1980 1812 2006 1846 α
2047 1791 2264 1848 dictum
2310 1797 2396 1849 est
2414 1808 2590 1865 supra
2623 1795 2853 1866 (nempe
2880 1798 2987 1849 art.
3020 1794 3079 1863 6)
3106 1816 3121 1859 ;
3150 1797 3338 1849 motus

1980 1896 2005 1928 «
2050 1879 2262 1939 autem,
2312 1876 2404 1932 vel
2456 1874 2754 1948 dispositio
2805 1874 3040 1931 mobilis
3088 1879 3174 1931 est
3229 1873 3339 1929 du-

1982 1979 2008 2010 «
2052 1958 2182 2030 plex
2209 1963 2397 2013 motus
2426 1956 2596 2014 liberi
2621 1955 2890 2025 arbitrii;
2922 1956 3209 2013 terminus
3235 1971 3341 2011 au-

1983 2063 2010 2095 «
2049 2047 2187 2106 tem,
2212 2042 2306 2097 vel
2329 2039 2462 2096 finis
2488 2045 2676 2097 motus
2702 2046 2787 2095 est
2830 2039 3097 2096 remissio
3138 2040 3334 2112 culpae,

1984 2144 2011 2176 α
2051 2126 2114 2177 ut
2139 2137 2209 2178 ex
2235 2119 2577 2193 supradictis
2604 2125 2755 2193 patet
2801 2118 3092 2191 (videlicet
3118 2125 3227 2176 art.
3256 2120 3338 2191 6).

1985 2224 2010 2256 α
2053 2203 2120 2257 Et
2142 2200 2271 2259 ideo
2293 2202 2546 2257 naturali
2569 2200 2774 2257 ordine
2797 2201 3053 2273 primum
3081 2201 3144 2256 in
3166 2198 3339 2274 justi-

1986 2308 2012 2340 «
2060 2282 2324 2340 ficatione
2350 2283 2519 2356 impii
2540 2288 2625 2340 est
2650 2283 2850 2357 gratiae
2871 2282 3103 2347 infusio,
3128 2297 3340 2338 secun-

1987 2387 2012 2418 «
2055 2363 2193 2420 dum
2231 2367 2317 2419 est
2355 2371 2543 2419 motus
2602 2362 2773 2419 liberi
2834 2363 3095 2429 arbitrii,
3150 2367 3255 2419 etc.
3304 2380 3333 2412 n

1981 2444 2176 2501 Gratia
2198 2443 2392 2518 igitur,
2407 2459 2531 2517 quae
2554 2442 2625 2499 ad
2641 2442 3066 2517 justificandum
3090 2442 3344 2516 impium

1983 2525 2331 2593 infunditur,
2362 2532 2448 2581 est
2485 2524 2798 2582 secundum
2836 2528 2903 2580 D.
2935 2525 3137 2582 Thom.
3183 2522 3348 2595 prior

1982 2605 2187 2664 ordine
2204 2612 2339 2663 natu
2349 2622 2442 2672 rae,
2460 2612 2625 2680 atque
2647 2606 2775 2663 ideo
2794 2606 3152 2679 simpliciter,
3173 2620 3348 2677 quam

1985 2692 2139 2744 actus
2178 2685 2490 2759 disponens
2541 2685 2612 2743 ad
2664 2687 3048 2760 receptionem
3088 2683 3349 2760 ejusdem

1983 2769 2202 2844 gratiae.
2254 2768 2581 2825 Praesertim
2624 2769 2760 2841 quia
2810 2767 3011 2826 eodem
3064 2766 3234 2825 modo
3286 2767 3342 2823 S.

1985 2854 2188 2909 Doctor
2217 2849 2499 2923 praeponit
2523 2850 2769 2925 gratiam
2799 2849 2946 2906 actui
2994 2847 3344 2923 disponenti,

1987 2950 2049 2990 ac
2094 2933 2421 2990 remissioni
2468 2933 2759 3006 culpae;et
2802 2936 3023 2989 certum
3064 2937 3169 2997 est,
3199 2929 3351 3005 quod

1985 3013 2169 3090 gratia
2185 3011 2503 3087 justificans
2520 3012 2783 3085 praecedit
2802 3011 3150 3084 simpliciter
3170 3012 3258 3068 cul
3265 3027 3352 3085 pae

1990 3110 2416 3153 remissionem.

2060 3171 2153 3227 47.
2202 3168 2491 3241 Praecipua
2539 3167 2851 3241 responsio,
2881 3182 2996 3240 qua
3025 3166 3160 3223 huic
3187 3167 3351 3225 testi-
3406 3184 3515 3243 ειη-

1988 3253 2185 3310 monio
2230 3256 2536 3309 occurrunt
2586 3249 2942 3316 Adversarii,
2972 3257 3060 3307 est
3099 3253 3166 3305 D.
3196 3251 3352 3308 Tho-
3391 3244 3519 3287 ‘¹⁰¹³‘

1990 3352 2148 3393 mam
2176 3335 2414 3392 nomine
2440 3332 2752 3391 infusionis
2789 3333 2990 3408 gratiae
3017 3348 3136 3390 nou
3176 3332 3354 3389 intel-

1991 3420 2170 3494 ligere
2197 3417 2550 3475 infusionem
2571 3415 2770 3491 gratiae
2792 3414 3105 3472 habitualis
3144 3414 3354 3490 justifi-

1990 3500 2188 3565 cantiS,
2231 3497 2330 3555 sed
2375 3497 2726 3554 infusionem
2770 3499 2971 3570 gratias
3017 3496 3356 3554 auxiliantis

1993 3580 2246 3645 actualis,
2275 3594 2375 3651 per
2413 3594 2609 3650 quam,
2640 3578 2931 3651 inquiunt,
2965 3584 3160 3636 movet
3209 3580 3358 3635 Deus

1995 3660 2245 3718 liberum
2268 3658 2580 3715 arbitrium
2607 3657 2678 3714 ad
2707 3662 2880 3724 actuS,
2916 3658 3122 3731 quibus
3147 3675 3209 3716 se
3232 3656 3357 3714 dis-

1995 3742 2173 3815 ponit.
2220 3738 2384 3796 Unde
2421 3756 2493 3796 ex
2533 3739 2803 3812 praedicta
2850 3739 3191 3796 authoritate
3232 3753 3356 3795 non

1993 3823 2254 3887 habetur,
2286 3821 2435 3895 quod
2467 3822 2652 3897 gratia
2678 3821 3039 3880 sanctificans
3075 3821 3148 3876 sit
3188 3819 3355 3893 prior

1993 3904 2338 3977 simpliciter
2353 3909 2477 3960 actu
2499 3901 2837 3975 disponente
2853 3902 2925 3959 ad
2945 3903 2995 3976 ej
3005 3919 3066 3958 us
3087 3901 3361 3974 receptio-

1995 4002 2149 4052 nem,
2180 3984 2277 4042 sed
2303 3984 2452 4058 quod
2477 3986 2665 4060 gratia
2691 3985 2983 4042 auxilians
3013 3984 3183 4040 illum
3210 3983 3361 4041 sim-

1995 4066 2223 4140 pliciter
2269 4065 2564 4139 praecedat.
2591 4064 2751 4130 Quod
2797 4064 2965 4122 facile
3005 4063 3358 4131 admittitur,

1994 4149 2093 4207 sed
2108 4153 2364 4207 nostram
2382 4146 2757 4205 assertionem
2774 4146 3023 4203 minime
3036 4146 3184 4204 confi
3192 4152 3366 4203 rmat.

2072 4231 2187 4287 Hoc
2205 4234 2400 4286 tamen
2426 4227 2700 4303 effugium
2721 4225 3022 4284 efficaciter
3049 4226 3368 4299 praecludi-
3379 4238 3564 4284 coam

1999 4316 2111 4378 tur,
2142 4311 2279 4385 quia
2326 4311 2429 4367 illa
2474 4310 2678 4385 gratia,
2729 4324 2901 4381 quam
2939 4311 3002 4365 D.
3029 4310 3236 4368 Thom.
3264 4324 3371 4370 no·
3437 4294 3521 4334 ω’·

1998 4393 2159 4449 mine
2186 4391 2497 4448 infusionis
2536 4389 2737 4465 gratiae
2759 4387 3064 4463 significat,
3096 4390 3368 4462 praecedit

1999 4472 2339 4547 simpliciter
2379 4478 2566 4528 actum
2620 4469 3023 4541 disponentem
3050 4469 3123 4527 ad
3167 4487 3370 4545 recep-

1999 4558 2218 4615 tionem
2243 4554 2441 4630 gratiae
2465 4552 2970 4618 sanctificantiS,ut
2988 4554 3107 4609 haec
3128 4569 3371 4627 respon-

2000 4638 2085 4694 sio
2112 4634 2382 4701 admittit,
2408 4637 2463 4690 et
2482 4637 2701 4690 constat
2726 4632 3027 4691 evidenter
3054 4650 3125 4691 ex
3156 4639 3319 4691 textu
3352 4656 3368 4691 ε

2000 4717 2156 4791 atqui
2185 4718 2247 4772 D.
2273 4715 2478 4771 Thom.
2524 4714 2761 4771 nomine
2809 4714 3124 4771 infusionis
3163 4716 3375 4789 gratiae

2000 4798 2283 4875 significat
2329 4795 2576 4872 gratiam
2617 4794 3076 4869 justificantem:
3113 4813 3251 4872 ergo
3298 4812 3377 4855 ex

2001 4885 2195 4938 mente
2220 4881 2278 4934 S.
2295 4880 2515 4935 Doctor.
2546 4877 2732 4951 gratia
2753 4876 3073 4951 justificans
3091 4883 3177 4935 est
3203 4878 3375 4950 prior

2001 4961 2342 5036 simpliciter
2383 4964 2523 5028 actu,
2548 4958 2645 5032 qui
2694 4958 2765 5015 ad
2810 4960 2934 5035 eJ’us
2979 4961 3376 5032 receptionem

2002 5041 2271 5116 disponit.
2297 5038 2492 5097 Minor
2530 5038 2852 5097 ostenditur
2892 5039 3103 5113 primo,
3134 5038 3272 5112 quia
3302 5040 3373 5096 D.

2005 5125 2214 5181 Thom.
2232 5121 2471 5197 opponit
2490 5135 2607 5176 suae
2626 5118 2900 5179 doctrinae
2921 5122 3182 5196 primum
3204 5136 3382 5195 argu·
3415 5145 3582 5191 nm,

3103 5199 3378 5252 mentum
