3647 5753
483 456 586 512 196
1499 455 1593 510 DE
1631 453 1905 511 GRATIA
1944 453 2286 544 EFFICACI.

476 621 649 691 nihil,
679 628 737 680 et
782 640 898 681 non
925 624 1075 681 entis
1124 626 1301 683 nullae
1328 629 1465 681 sunt
1507 624 1833 698 qualitates.

479 700 539 756 Id
569 717 721 769 vero,
752 703 899 776 quod
920 720 981 760 se
1004 709 1156 762 tenet
1174 719 1247 761 ex
1274 708 1434 776 parte
1456 711 1610 761 actus
1632 702 1833 777 primi,

468 786 531 840 et
549 787 635 839 est
653 782 1109 860 inconjungibile
1127 801 1259 842 cum
1289 786 1483 858 aliquo
1510 791 1655 853 actu,
1684 785 1839 843 tollit

477 867 811 935 potestatem
852 864 921 920 ad
951 865 1153 934 illum;
1198 866 1333 940 quia
1370 870 1613 937 potestas
1645 864 1716 921 ad
1744 882 1840 922 ac-

477 949 601 1001 tum
646 946 957 1003 secundum
1007 948 1237 1020 respicit
1275 948 1464 1021 ipsum
1493 951 1556 1003 ut
1592 950 1841 1023 conjun-

475 1024 729 1100 gendum
767 1042 897 1083 cum
945 1028 1215 1099 potentia,
1247 1032 1462 1083 etcum
1502 1026 1587 1083 eis
1630 1045 1754 1100 quae
1780 1043 1841 1085 se

476 1112 676 1164 tenent
699 1123 768 1164 ex
796 1113 958 1180 parte
982 1109 1163 1166 illius.
1194 1110 1374 1166 Porro
1411 1109 1717 1169 existentia
1743 1110 1841 1167 in-

477 1192 668 1244 creata
714 1189 936 1245 ratione
983 1194 1203 1246 naturae
1248 1189 1313 1245 in
1359 1205 1427 1245 ea
1478 1190 1712 1248 inclusae
1756 1197 1842 1249 est

473 1283 708 1324 summa
751 1268 1021 1325 sanctitas
1045 1269 1282 1327 cuilibet
1328 1275 1552 1342 peccato
1598 1272 1841 1330 omnino

476 1362 806 1421 repugnans
854 1369 866 1404 :
896 1350 1158 1421 quocirca
1185 1349 1455 1424 conjungi
1486 1352 1683 1424 nequit
1710 1368 1841 1409 cum

480 1430 671 1502 aliquo
699 1436 936 1502 peccato.
985 1429 1150 1488 Unde
1194 1433 1555 1505 suppositum
1583 1439 1840 1491 creatum

469 1509 727 1566 existens
775 1524 874 1582 per
917 1509 1284 1567 existentiam
1336 1511 1599 1568 divinam
1626 1555 1639 1578 ,
1695 1520 1843 1571 esset

478 1588 818 1662 simpliciter
845 1590 1247 1663 impeccabile;
1288 1591 1425 1664 quia
1448 1609 1521 1649 ex
1548 1599 1708 1666 parte
1749 1594 1842 1667 ip-

470 1670 597 1726 -sius
648 1675 801 1725 actus
849 1671 1024 1743 primi
1072 1677 1133 1727 ut
1179 1670 1551 1729 determinati
1611 1689 1713 1746 per
1764 1676 1843 1731 il-

480 1751 600 1806 lam
627 1748 992 1806 existentiam
1036 1751 1421 1823 pertinentem
1461 1768 1564 1825 per
1603 1753 1841 1810 modum

471 1827 823 1885 *conditionis
874 1828 943 1885 ad
996 1829 1244 1887 eundem
1297 1836 1486 1888 actum
1547 1832 1837 1904 primum,

481 1913 745 1966 maneret
785 1909 1126 1981 simpliciter
1175 1907 1435 1984 ligatum,
1485 1917 1541 1968 et
1592 1913 1844 1986 impedi-

479 1994 607 2045 tum
651 1988 724 2046 ad
776 2004 892 2045 non
942 1988 1323 2062 peccandum;
1355 1996 1522 2064 atque
1567 1992 1695 2050 ideo
1726 2010 1843 2052 non

482 2068 719 2126 haberet
738 2068 1191 2126 indifferentiam
1208 2070 1277 2126 ad
1297 2071 1644 2143 peccandum
1659 2073 1845 2131 adbuc

484 2150 550 2206 in
567 2165 736 2207 sensu
758 2148 964 2206 diviso.
990 2148 1291 2206 Auxilium
1322 2156 1510 2208 autem
1541 2152 1611 2209 ab
1631 2152 1845 2210 intrin-

473 2246 608 2289 seco
632 2229 826 2287 efficax
855 2232 1018 2294 nullo
1063 2231 1234 2288 modo
1259 2233 1509 2304 pertinet
1553 2233 1622 2290 ad
1654 2239 1841 2291 actum

485 2312 762 2384 primum,
815 2326 916 2368 nec
957 2327 1057 2384 per
1085 2310 1321 2368 modum
1368 2313 1585 2381 formae,
1618 2328 1722 2371 nec
1741 2332 1844 2388 per

483 2391 720 2449 modum
765 2391 1112 2449 conditionis
1163 2392 1352 2464 ipsum
1404 2395 1800 2452 constituentis
1825 2419 1839 2463 ;

482 2471 580 2528 sed
601 2477 685 2528 est
707 2471 995 2545 adaequate
1022 2478 1185 2528 extra
1211 2473 1383 2529 illum
1412 2480 1468 2531 et
1492 2475 1679 2532 solum
1708 2491 1844 2548 per-2

482 2551 629 2607 tinet
654 2550 725 2607 ad
751 2551 1089 2607 exercitium
1120 2551 1279 2607 illius
1306 2557 1460 2609 actus
1485 2554 1738 2621 secundi,
1771 2554 1842 2611 ad

477 2647 653 2705 <quem
695 2633 1042 2689 eliciendum
1071 2635 1550 2692 communicatur.
1590 2639 1844 2701 Quamo-

483 2711 648 2768 brem
673 2711 751 2767 ita
778 2711 1171 2769 infallibiliter
1197 2713 1374 2769 infert
1396 2715 1728 2786 praedictum
1758 2732 1846 2773 ac-

484 2800 629 2861 tum,
661 2793 810 2866 quod
852 2794 1239 2850 nihilominus
1288 2795 1564 2869 relinquit
1608 2813 1842 2855 omnem

488 2875 800 2949 potentiam
848 2875 1193 2948 proximam,
1242 2881 1298 2933 et
1342 2878 1688 2951 expeditam,
1719 2897 1844 2953 quae

485 2959 821 3032 requiritur,
853 2963 910 3015 et
935 2958 1139 3016 sufficit
1185 2959 1253 3016 ad
1289 2962 1475 3017 actum
1521 2962 1841 3035 oppositum

482 3041 548 3097 in
588 3056 758 3098 sensu
786 3038 975 3095 diviso
1007 3060 1020 3095 ε
1049 3038 1199 3112 quod
1231 3040 1370 3097 satis
1394 3047 1479 3097 est
1505 3040 1575 3098 ad
1605 3042 1845 3101 liberta-

484 3126 598 3177 tem
618 3163 631 3186 ,
680 3125 737 3177 et
787 3123 1119 3192 potestatem
1167 3119 1466 3192 peccandi,
1520 3125 1582 3176 ut
1626 3128 1845 3180 constat

479 3218 554 3260 ex
581 3200 763 3257 dictis
802 3205 891 3256 An
919 3208 1111 3257 autem
1153 3201 1283 3258 fieri
1315 3202 1506 3275 possit,
1537 3203 1687 3276 quod
1709 3222 1844 3278 per-

481 3299 625 3341 sona
669 3287 856 3339 creata
902 3283 1108 3339 existat
1133 3298 1234 3355 per
1277 3283 1642 3342 existentiam
1688 3286 1845 3344 divi-

484 3378 640 3429 nam,
667 3367 729 3418 ut
750 3362 864 3417 haec
877 3360 1244 3419 confirmatio
1263 3363 1556 3436 supponit,
1586 3381 1701 3423 non
1717 3383 1845 3439 per-

485 3443 629 3500 tinet
654 3441 724 3499 ad
752 3443 903 3498 hunc
937 3443 1142 3509 locum,
1174 3442 1272 3499 sed
1304 3443 1373 3500 ad
1413 3445 1449 3500 3
1477 3450 1718 3518 partem,
1745 3446 1842 3504 ubi

485 3525 592 3583 hoc
616 3523 856 3581 dubium
884 3523 1233 3581 decidemus

1047 3695 1079 3761 ς
1119 3693 1294 3748 xvn.

633 3847 989 3919 Proponitur,
1041 3852 1092 3901 et
1137 3847 1378 3903 diluitur
1423 3848 1692 3906 decimum

704 3933 1086 3998 aryumentum
1112 3925 1599 3985 Adversariorum.

294 4125 422 4167 Deci-
489 4144 494 4151 ,
555 4090 686 4147 275.
736 4089 1013 4163 Arguitur
1048 4086 1316 4145 decimo:
1359 4090 1635 4160 quoniam
1662 4089 1713 4145 si
1749 4106 1844 4146 re-

310 4184 418 4217 mum
482 4169 733 4241 quiritur
783 4168 1069 4225 auxilium
1116 4182 1187 4223 ex
1230 4183 1293 4224 se
1337 4167 1532 4225 efficax
1555 4212 1568 4235 ,
1617 4169 1844 4226 tollitur

274 4232 468 4316 ωἷῖἦῗιῖιι.
484 4249 687 4309 orandi
717 4250 1039 4314 necessitas,
1088 4254 1143 4305 et
1186 4248 1405 4305 utilitas
1433 4270 1447 4306 ι
1496 4265 1845 4323 consequens

484 4332 682 4405 nequit
707 4330 932 4388 admitti
963 4350 976 4384 ε
1004 4345 1139 4403 ergo
1161 4329 1444 4385 auxilium
1475 4346 1592 4387 non
1618 4338 1702 4388 est
1720 4331 1844 4388 effi-

484 4428 588 4469 cax
613 4427 685 4468 ex
729 4427 806 4479 se,
838 4416 893 4467 et
932 4408 1002 4467 ab
1048 4409 1382 4467 intrinseco.
1426 4409 1706 4468 Probatur
1751 4429 1846 4469 se-

486 4491 672 4565 quela,
702 4492 838 4563 quia
876 4490 1000 4546 sive
1020 4505 1272 4557 oremus,
1303 4490 1427 4547 sive
1449 4506 1565 4548 non
1587 4507 1840 4562 oremuS,

487 4570 638 4628 nihil
666 4569 801 4627 boni
830 4569 1122 4638 faciemuS,
1156 4569 1270 4626 nisi
1299 4570 1518 4628 auxilio
1542 4587 1614 4629 ex
1639 4588 1700 4629 se
1722 4572 1846 4630 effi-

485 4654 600 4712 caci
648 4652 1073 4727 praeveniamur
1106 4671 1119 4707 =
1166 4652 1216 4707 si
1245 4658 1436 4710 autem
1462 4668 1530 4710 eo
1558 4654 1847 4726 praeveni-

488 4749 641 4802 mur,
667 4732 791 4790 sive
816 4748 1065 4798 oremus,
1096 4731 1218 4789 sive
1247 4747 1364 4790 non
1392 4748 1643 4801 oremus,
1673 4734 1844 4792 infal-

488 4816 731 4873 libiliter
752 4813 1122 4888 operabimur
1138 4831 1300 4889 :ergo
1319 4830 1390 4872 ex
1413 4815 1694 4888 positione
1715 4818 1848 4874 talis

489 4898 696 4955 auxilii
719 4896 940 4953 tollitur
963 4896 1200 4963 militae,
1223 4902 1280 4954 et
1297 4896 1597 4954 necessitas
1616 4898 1842 4966 orandi,

488 4983 546 5034 et
570 4976 768 5035 omnia
794 4975 1202 5034 committenda
1227 4981 1362 5034 sunt
1387 4979 1502 5035 Deo
1531 4979 1641 5036 tale
1678 4980 1848 5035 auxi-

413 5067 420 5073 ·
490 5059 638 5115 lium
664 5057 1013 5126 concedenti,
1049 5059 1137 5116 vel
1178 5058 1501 5134 deneganti.
1532 5062 1644 5118 Hoc
1672 5077 1848 5135 argu-

1972 629 2232 680 mentum
2273 623 2481 697 saepius
2527 622 2816 679 inculcant
2857 619 3226 687 Adversarii,
3276 626 3334 677 et

1974 702 2255 777 praecipue
2295 703 2518 760 Lessius
2564 703 2657 758 lib.
2706 703 2770 756 de
2807 703 3054 777 praedest.
3108 709 3235 758 sect.
3271 704 3551 768 &cessim

1972 804 2129 842 num.
2187 787 2268 852 17,
2315 784 2413 840 ubi
2441 784 2644 841 asserit
2673 801 2773 858 per
2813 789 3070 842 nostram
3114 784 3335 842 doctri·
3500 793 3503 796 “

1975 881 2109 922 nam
2137 867 2408 921 orationes
2434 865 2793 937 refrigescere,
2816 872 2867 920 et
2892 866 3165 935 eaetinyui.

2049 945 2438 1002 confirmatur
2463 960 2535 1001 ex
2554 944 2755 1003 eodem
2782 944 3036 1002 Authore
3057 946 3122 1001 in
3142 944 3337 1017 dispu-
3375 960 3547 1004 confir-

1977 1026 2191 1082 tatione
2228 1024 2299 1082 de
2343 1025 2529 1100 gratia
2554 1024 2781 1091 efficaci,
2812 1043 2936 1099 cap.
2966 1027 3022 1091 9,
3052 1042 3205 1082 num.
3247 1027 3332 1090 12,
3378 1015 3536 1054 matur.

1977 1106 2075 1163 ubi
2114 1123 2184 1164 ex
2206 1112 2402 1164 nostra
2421 1107 2706 1165 sententia
2738 1108 2974 1181 colligit,
3005 1128 3033 1160 α
3061 1107 3274 1162 frustra
3302 1122 3338 1162 a

1983 1211 2009 1242 «
2050 1190 2165 1244 Deo
2190 1186 2314 1244 dari
2345 1188 2544 1245 omnia
2571 1189 2688 1244 alia
2715 1188 2933 1245 auxilia
2974 1187 3338 1260 praevenien-

1983 1289 2010 1319 «
2053 1266 2151 1332 tia,
2200 1267 2249 1323 si
2297 1282 2414 1323 non
2454 1268 2651 1323 statuit
2695 1266 2835 1323 dare
2863 1265 3009 1321 illud
3050 1266 3337 1322 auxilium

1984 1369 2010 1399 ι(
2054 1363 2155 1418 per
2180 1362 2240 1402 se
2260 1346 2487 1414 efficax3
2516 1348 2620 1403 scit
2661 1346 2822 1403 enim
2853 1347 3001 1402 Deus
3039 1345 3338 1402 hominem

1984 1448 2009 1477 a
2054 1441 2170 1481 non
2210 1442 2372 1498 posse
2400 1426 2519 1482 illis
2557 1427 2637 1482 uti
2669 1426 2795 1483 sine
2828 1426 3082 1482 motione
3106 1425 3334 1483 efficaci.

1984 1529 2010 1561 α
2052 1507 2140 1564 Sic
2167 1508 2380 1564 frustra
2418 1507 2562 1564 datae
2599 1513 2787 1565 essent
2814 1508 2972 1564 vires
3019 1509 3333 1574 naturales,

1984 1611 2010 1641 «
2054 1588 2164 1644 nisi
2193 1589 2477 1645 statuisset
2515 1589 2691 1644 simul
2721 1587 2859 1644 dare
2885 1603 3054 1643 suum
3094 1602 3338 1644 concur-

1985 1692 2011 1722 «
2051 1686 2201 1737 sum,
2249 1670 2383 1741 quia
2428 1670 2555 1726 sine
2579 1685 2647 1727 eo
2694 1669 2815 1724 illis
2862 1669 2943 1725 uti
2973 1683 3092 1725 non
3136 1685 3341 1741 ¹possu-

1985 1771 2011 1803 «
2054 1765 2200 1806 mus.
2249 1749 2505 1822 Denique
2548 1749 2766 1806 frustra
2809 1754 2982 1806 erunt
3053 1753 3335 1822 pracepta,

1985 1852 2011 1885 α
2055 1830 2269 1886 frustra
2311 1831 2574 1898 consilia,
2623 1830 2839 1887 frustra
2884 1829 3337 1893 exhortationes,

1985 1933 2011 1963 «
2051 1915 2108 1967 et
2133 1911 2552 1983 correptiones;
2580 1926 2750 1967 nemo
2776 1910 2935 1966 enim
2965 1909 3056 1965 his
3084 1907 3226 1965 bene
3253 1909 3339 1965 uti

1985 2013 2012 2043 α
2054 1991 2262 2064 poterit
2283 1991 2409 2047 sine
2437 1991 2654 2046 auxilio
2680 1990 2909 2056 efficaci,
2939 1988 3089 2062 quod
3113 2005 3228 2046 non
3252 1993 3337 2046 est

1985 2095 2012 2125 «
2052 2073 2117 2128 in
2143 2072 2263 2146 ejus
2291 2077 2583 2146 potestate.
2612 2092 2638 2123 η

2054 2155 2171 2212 Hoc
2215 2158 2618 2230 argumentum
2667 2168 2863 2210 recens
2908 2167 3026 2210 non
3071 2157 3186 2219 est,
3236 2153 3337 2211 sed
3379 2169 3538 2221 Argu-

1979 2232 2125 2308 quod
2148 2236 2269 2308 jam
2290 2235 2433 2292 olim
2463 2233 2776 2308 Pelagiani‚
2809 2237 2865 2289 et
2889 2226 3567 2313 semipelagiani¹¹¹„.‘,{¹t¹,‚‘}!.¹‚¹¹

1981 2317 2360 2390 procuderant
2379 2321 2577 2375 contra
2594 2316 2941 2372 sententiam
2957 2317 3014 2371 S.
3033 2318 3338 2390 Augustini
3372 2323 3561 2371 quet-r.

1978 2399 2129 2456 circa
2164 2397 2747 2471 praedestinationem,
2779 2402 2835 2452 et
2872 2395 3137 2471 gratiam.
3174 2397 3341 2455 Unde

1981 2481 2218 2535 Faustus
2277 2477 2520 2551 insignis
2572 2477 3062 2550 Semipelagianus
3114 2477 3211 2534 lib.
3268 2480 3564 2543 Issus-tus

1978 2577 2098 2632 cap.
2129 2560 2184 2623 4,
2234 2558 2315 2613 sic
2357 2560 2651 2620 Doctorem
2700 2557 3001 2630 impugnat
3055 2577 3067 2611 ε
3122 2578 3148 2610 α
3191 2557 3340 2622 Quid

1986 2661 2012 2691 α
2053 2653 2219 2694 orare
2264 2637 2488 2694 homini
2538 2636 2795 2709 proderit
2845 2637 2909 2693 in
2959 2653 3075 2694 una
3126 2637 3339 2694 harum

1986 2741 2012 2772 (ι
2053 2717 2300 2775 duarum
2344 2717 2672 2775 conditione
2716 2717 3071 2776 omnimodis
3121 2718 3340 2777 consti-

1986 2822 2012 2852 «
2053 2803 2211 2856 tuto?
2238 2802 2383 2855 Nam
2424 2798 2530 2855 etsi
2578 2797 2647 2855 ad
2675 2814 2847 2871 quam
2890 2804 3110 2871 partem
3161 2799 3340 2856 fuerit

1987 2904 2014 2934 α
2055 2880 2374 2952 deputatus,
2401 2880 2647 2954 ignorat;
2668 2884 2970 2953 utramque
2992 2885 3183 2937 tamen
3214 2896 3343 2953 par·

1987 2985 2013 3017 «
2055 2969 2170 3021 tem
2196 2960 2467 3027 defixam,
2497 2967 2553 3019 et
2580 2961 3007 3019 immutabilem
3039 2978 3155 3019 non
3184 2962 3347 3036 igno·

1987 3068 2013 3098 α
2057 3050 2164 3101 rat.
2210 3065 2235 3095 »
2275 3042 2348 3099 Et
2387 3044 2543 3115 infra
2569 3060 2586 3095 :
2620 3064 2645 3094 «
2674 3042 2782 3107 Qui
2814 3059 3016 3110 unum,
3045 3045 3251 3120 inquit,
3278 3043 3344 3099 in

1987 3148 2014 3178 α
2055 3125 2279 3199 origine
2307 3123 2615 3196 perditum,
2647 3123 2894 3180 alterum
2944 3124 3006 3179 in
3045 3122 3346 3196 praedesti-

1987 3227 2013 3259 «
2057 3205 2289 3262 natione
2334 3203 2582 3260 affirmat
2608 3204 2870 3268 electum,
2919 3203 3047 3261 vide
3072 3220 3185 3275 quo
3226 3204 3347 3260 im—

1987 3305 2014 3338 «
2056 3283 2233 3357 proba
2259 3283 2624 3357 persuasione
2668 3282 2915 3340 declinet
2961 3282 3139 3356 :quid
3183 3283 3343 3340 enim

1988 3386 2014 3417 α
2056 3362 2211 3421 aliud
2241 3363 2396 3430 dicit,
2425 3362 2536 3418 nisi
2564 3361 2714 3435 quod
2748 3361 3032 3436 adJutorio
3058 3362 3343 3419 orationis

1987 3468 2013 3498 «
2057 3450 2256 3502 neuter
2283 3444 2539 3519 indiget?
2567 3464 2593 3495 »
2624 3443 2788 3500 Unde
2816 3448 3039 3500 tantum
3069 3444 3244 3508 abest,
3279 3449 3344 3499 ut

1980 3524 2088 3582 hoc
2113 3524 2627 3599 argumentationis
2671 3539 2879 3598 genere
2918 3521 3334 3589 deterreamur,

1982 3610 2042 3661 ut
2084 3606 2268 3677 potius
2315 3605 2467 3661 hisce
2515 3604 2994 3661 Adversariorum
3031 3603 3341 3660 assultibus

1979 3684 2389 3743 confirmemur
2422 3707 2435 3741 :
2483 3684 2968 3758 deprehendimus
2993 3685 3154 3742 enim
3196 3700 3342 3742 ean-

1979 3765 2111 3824 dem
2155 3781 2277 3823 esse
2322 3769 2386 3822 D.
2429 3765 2754 3840 Augustini,
2805 3772 2861 3823 et
2907 3767 3338 3824 Thomistarum

1978 3847 2345 3913 sententiam,
2395 3862 2524 3902 cum
2580 3846 2877 3904 videamus
2919 3847 3121 3904 eadem
3167 3862 3344 3920 argu-

1980 3933 2173 3985 menta
2200 3929 2342 3985 olim
2387 3927 2601 4001 obJ'ecta
2646 3928 2819 3986 fuisse
2846 3945 2879 3985 a
2915 3929 3131 4003 Pelagii
3163 3927 3343 3985 disci-

1981 4008 2131 4080 pulis
2157 4012 2352 4064 contra
2381 4009 2783 4082 Augustinum,
2832 4015 2889 4065 et
2916 4025 3069 4066 nunc
3108 4007 3275 4082 objici
3308 4027 3343 4067 a

1978 4088 2210 4145 Molinae
2235 4086 2526 4160 discipulis
2553 4093 2752 4147 contra
2779 4090 3121 4147 Thomistas.
3168 4089 3345 4146 Pari-

1979 4174 2069 4226 ter
2094 4184 2179 4233 ea,
2222 4184 2348 4240 quae
2378 4169 2600 4226 Lessius
2646 4170 2709 4226 in
2755 4170 2861 4226 illa
2902 4169 3347 4229 confirmatione

1981 4250 2275 4323 ponderat,
2306 4256 2370 4306 ut
2413 4251 2682 4325 rigorem,
2715 4258 2770 4308 et
2796 4253 3160 4325 asperitatem
3203 4268 3349 4310 nos-

1980 4336 2083 4387 trae
2109 4331 2440 4388 assertionis
2479 4331 2756 4398 ostendat,
2784 4333 2903 4406 jam
2933 4334 3075 4390 olim
3118 4350 3348 4406 praeve-

1982 4416 2195 4468 nerunt
2238 4411 2704 4485 semipelagiani,
2753 4414 2850 4486 qui
2878 4414 3092 4471 eisdem
3138 4416 3348 4487 queri-

1981 4492 2196 4549 moniis
2235 4489 2509 4548 adversus
2553 4492 2877 4550 doctrinam
2927 4497 2985 4551 S.
3035 4494 3346 4569 Augustini

1980 4573 2522 4631 obmurmurarunt.
2540 4573 2705 4631 Unde
2726 4574 2991 4632 dicebant
3010 4576 3159 4650 apud
3177 4577 3354 4633 Pros-

1984 4670 2185 4727 perum
2214 4653 2276 4708 in
2304 4653 2467 4727 epist.
2513 4653 2582 4711 ad
2609 4656 2989 4729 Augustinum
3025 4678 3039 4713 ε
3075 4678 3100 4709 α
3128 4658 3355 4729 Super—

1988 4756 2013 4788 «
2056 4733 2171 4791 flua
2215 4733 2328 4791 erit
2376 4734 2678 4801 industria,
2722 4741 2780 4792 et
2824 4735 3039 4793 laboris
3078 4736 3344 4804 indictio,

1989 4838 2015 4868 «
2057 4817 2214 4891 cujus
2265 4816 2553 4893 studium,
2603 4822 2791 4876 stante
2834 4820 3130 4886 electione,
3182 4820 3354 4877 frus-

1989 4922 2016 4954 α
2057 4899 2326 4956 trandum
2354 4900 2444 4957 sit.
2475 4922 2499 4951 »
2526 4903 2594 4956 Et
2621 4901 2771 4975 apud
2795 4902 3085 4959 Hilarium
3116 4903 3178 4959 in
3198 4904 3359 4976 epis-

1984 4982 2099 5038 tola
2121 4979 2190 5038 ad
2210 4980 2456 5038 eundem
2484 4983 2538 5037 S.
2572 4985 2868 5053 Doctorem
2896 5004 2909 5039 ε
2947 5005 2973 5036 «
2997 4983 3053 5038 Si
3082 4984 3163 5039 sic
3191 5000 3354 5056 prae-

1991 5087 2016 5117 «
2056 5062 2325 5120 destinati
2348 5069 2482 5119 sunt
2505 5063 2573 5120 ad
2600 5070 2898 5138 utramque
2920 5070 3161 5138 partem,
3189 5071 3251 5122 ut
3272 5066 3351 5124 de

3214 5148 3356 5205 aliis
