3647 5753
76 991 199 1033 ΗΜ·

1368 423 1544 479 msP.
1590 423 1710 489 Vll,
1755 425 1918 482 DUB.
1965 428 2007 483 1.
3066 444 3104 498 9

246 608 491 662 traxerit
519 622 666 670 eum,
710 610 766 662 et
796 603 981 678 gratia
1025 602 1221 660 efficax
1245 645 1258 669 ,
1311 607 1372 657 ut
1409 616 1608 659 omnes

245 690 466 752 Patres,
499 690 558 743 et
599 686 961 758 Expositores
1006 682 1207 741 docent
1237 706 1250 740 ε
1281 682 1378 740 sed
1423 682 1608 756 gratia

246 770 507 835 trahenS,
540 769 604 824 in
631 772 908 840 quantum
955 766 1093 822 talis
1117 806 1131 831 ,
1177 764 1444 838 praecedit
1472 780 1608 821 nos-

246 860 397 908 tram
447 849 908 922 cooperationem
943 863 1122 922 :ergo
1164 848 1350 922 gratia
1383 852 1506 911 est,
1551 853 1608 904 et

247 932 458 989 dicitur
485 929 683 986 efficax
710 926 1109 985 antecedenter
1142 926 1213 983 ad
1241 927 1428 984 illam.
1462 929 1607 984 Pro-

52 1013 414 1090 Μῃηωῷαωι·
440 1011 640 1066 minor
685 1025 768 1067 ex
798 1011 862 1065 D.
894 1012 1127 1082 August.
1174 1008 1266 1064 lib.
1321 1010 1366 1073 l,
1415 1014 1606 1063 contra

53 1902 202 1943 contir-

41 1957 162 1992 smtur
186 1954 223 1993 3.

36 3603 196 3646 Erasio.

252 1094 388 1147 duas
412 1089 667 1163 epistolas
694 1088 882 1157 Pelaq.
911 1104 1030 1160 cap.
1062 1088 1154 1153 20,
1186 1086 1284 1143 ubi
1321 1087 1403 1143 ait
1429 1107 1443 1142 ε
1473 1086 1608 1143 Tra-

250 1176 406 1229 hitur
427 1188 547 1242 eryo
570 1173 733 1228 miris
776 1171 953 1226 modis
974 1212 986 1235 ‚
1013 1177 1075 1225 ut
1114 1170 1261 1236 velit,
1287 1169 1356 1224 ab
1383 1170 1478 1225 illo
1512 1172 1609 1247 qui

253 1256 404 1310 novit
424 1257 572 1309 intus
597 1255 658 1308 in
706 1253 841 1324 ipsis
867 1252 1151 1308 hominum
1197 1251 1447 1307 cordibus
1489 1268 1608 1323 ope-

247 1337 387 1403 rari,
414 1341 602 1389 nonus
628 1333 890 1399 homines,
918 1332 1060 1409 quod
1096 1333 1218 1402 fieri
1262 1349 1369 1386 non
1407 1338 1600 1404 potest,

245 1416 484 1471 nolentes
504 1415 730 1471 credant
751 1433 770 1480 ‚·
794 1414 886 1469 sed
912 1420 972 1468 ut
1011 1414 1244 1469 volentes
1276 1430 1348 1468 ea:
1367 1414 1606 1468 nolenti-

240 1497 340 1552 bns
358 1498 522 1567 fiant.
550 1495 746 1552 Gratia
773 1499 986 1561 autem,
1010 1510 1138 1567 quae
1176 1510 1247 1551 ex
1276 1493 1606 1551 nolentibus

247 1577 384 1634 facit
408 1578 685 1641 volentes,
718 1573 982 1648 praecedit
1020 1580 1281 1632 nostrum
1309 1575 1477 1638 velle,
1519 1574 1605 1629 si-

243 1655 484 1728 quidem
513 1654 659 1711 illud
687 1661 881 1712 causat
912 1678 924 1711 ·.
953 1671 1089 1728 ergo
1125 1655 1311 1729 gratia
1350 1654 1600 1718 trahens,

249 1740 312 1795 in
380 1744 662 1811 quantum
716 1738 866 1806 talis,
899 1736 1293 1810 operationem
1345 1742 1604 1793 nostram

245 1820 531 1894 praecedit.

316 1900 710 1958 confirmatur
759 1900 965 1964 tertio,
1011 1904 1068 1956 et
1110 1898 1430 1972 explicatur
1476 1915 1605 1955 am-

240 1985 393 2056 plius
419 2005 433 2038 :
456 1984 594 2056 quia
625 1983 908 2039 auxilium
942 1997 1052 2054 quo
1075 1984 1222 2038 Deus
1250 1981 1400 2046 facit,
1430 1987 1490 2037 ut
1516 1981 1605 2038 fa-

238 2064 478 2132 ciamus,
520 2065 686 2137 juxta
728 2063 873 2119 illud
903 2062 1184 2119 Ezechiel.
1234 2060 1603 2117 362Faciam

238 2152 296 2199 nt
341 2146 400 2199 in
446 2146 731 2217 pra-ceptis
774 2145 906 2199 meis
946 2142 1253 2207 ambuletur,
1299 2149 1349 2196 et
1381 2142 1603 2211 judicia

235 2244 355 2282 mea
375 2226 724 2291 custodiatis,
753 2231 803 2279 et
835 2226 1146 2298 operemini,
1194 2229 1278 2279 est
1316 2225 1602 2281 auxilium

232 2307 462 2373 effictum
495 2304 782 2378 siquidem
813 2305 996 2378 reipsa
1023 2306 1264 2361 sortitur
1291 2305 1553 2362 effectum
1587 2326 1600 2360 ε

230 2388 333 2445 sed
375 2389 698 2455 auxilium,
748 2404 858 2459 quo
888 2390 1034 2443 Deus
1062 2382 1640 2454 facitutfaciamuS,‘

235 2467 509 2541 praecedit
536 2468 929 2541 operationem
962 2473 1216 2525 nostram
1244 2489 1257 2524 ε
1281 2484 1418 2542 ergo
1444 2468 1603 2524 auxi-

237 2551 389 2606 lium
428 2550 624 2606 efficax
665 2548 833 2606 habet
871 2565 994 2605 esse
1020 2551 1133 2606 tale
1179 2548 1598 2616 antecedenter,

232 2636 294 2686 et
315 2630 770 2702 independenter
787 2647 817 2685 a
836 2628 1105 2702 praedicta
1118 2631 1470 2703 operatione.
1489 2631 1604 2686 Mi-

238 2728 372 2779 nor,
393 2714 454 2767 in
470 2729 582 2784 qua
599 2718 812 2785 poterat
827 2728 947 2769 esse
962 2711 1280 2781 difficultas.
1300 2717 1518 2769 constat
1531 2728 1604 2771 ex

229 2792 402 2847 dictis
437 2793 580 2865 disp.
622 2795 676 2858 4,
720 2792 845 2848 dub.
889 2795 945 2859 6,
991 2794 1262 2866 quoniam
1292 2793 1599 2857 auxilium,

235 2889 351 2945 quo
380 2874 529 2929 Deus
555 2872 686 2929 facit
715 2880 775 2930 ut
803 2873 1097 2940 faciamus,
1130 2874 1374 2947 applicat
1403 2890 1505 2930 nos
1533 2871 1603 2929 ad

239 2954 570 3011 faciendum
606 2976 618 3009 :
647 2955 791 3010 sicut
815 2955 1114 3028 impulsus,
1140 2971 1250 3027 quo
1277 2955 1517 3010 facimus
1545 2960 1602 3010 ut

232 3036 506 3091 cultellus
520 3033 758 3100 scindat,
786 3036 1031 3108 applicat
1050 3037 1346 3092 cultellum
1369 3034 1439 3091 ad
1459 3035 1604 3091 scin·

231 3114 490 3171 dendum
521 3138 534 3171 :
556 3115 654 3172 sed
678 3114 734 3171 id
755 3132 867 3188 quo
887 3117 1079 3189 aliqua
1098 3132 1266 3173 causa
1288 3116 1604 3188 applicatur

233 3194 305 3250 ad
332 3195 712 3267 operandum,
743 3197 1008 3268 praecedit
1034 3200 1160 3266 ejus
1187 3197 1598 3268 operationem,

236 3282 298 3331 ut
339 3282 492 3348 patet
519 3293 588 3333 ex
628 3278 893 3350 exemplo
933 3277 1266 3334 immediate
1293 3280 1598 3351 proposit0,

231 3361 290 3412 et
317 3356 607 3413 inductive
629 3363 810 3429 potest
833 3358 1055 3414 ostendi
1090 3379 1103 3413 z
1131 3374 1266 3432 ergo
1293 3359 1598 3424 auxilium,

233 3454 350 3510 quo
390 3440 539 3495 Deus
585 3438 719 3495 facit
758 3444 819 3494 ut
867 3439 1161 3509 faciamus,
1207 3440 1603 3512 operationem

235 3527 499 3578 nostram
529 3520 812 3594 praecedit.

324 3604 405 3658 15.
451 3603 611 3659 Dices
633 3602 939 3668 verificari,
971 3602 1120 3675 quod
1148 3606 1294 3659 Deus
1315 3605 1522 3670 trahat,
1548 3609 1605 3662 et

235 3683 409 3739 saciat
440 3700 544 3740 nos
571 3683 775 3749 iacere,
804 3699 921 3740 non
946 3677 1096 3756 quia*
1110 3684 1506 3754 antecedenter
1533 3684 1604 3740 ad

232 3763 636 3835 operationem
678 3769 932 3820 nostram
974 3763 1275 3836 imprimat
1324 3765 1601 3820 voluntati

232 3843 463 3917 aliquid
493 3842 885 3901 infallibiliter
913 3846 1275 3918 conjunctum
1298 3862 1426 3902 cum
1457 3862 1604 3918 prze-

229 3924 389 3980 dicta
417 3924 785 3997 operatione;
831 3924 929 3981 sed
968 3926 1101 3998 quia
1142 3926 1342 4000 gratiae
1383 3943 1605 3999 praeve-

233 4006 425 4062 nienti
476 4004 737 4080 adjungit
780 4022 1113 4063 concursum
1164 4009 1600 4075 simultaneum,

227 4103 349 4158 quo
378 4086 562 4158 posito
601 4086 991 4144 infallibiliter
1030 4089 1337 4153 trahimur,
1382 4095 1439 4145 et
1466 4089 1606 4145 saci-

231 4183 368 4222 mus
397 4187 411 4222 :
438 4165 733 4239 praedictus
761 4175 948 4225 autem
975 4186 1281 4226 concursus
1304 4185 1420 4226 non
1441 4176 1607 4226 ante-

230 4246 390 4302 cedit
412 4248 874 4320 cooperationem
901 4255 1176 4316 nostram,
1194 4249 1293 4306 sed
1308 4265 1434 4306 eam
1460 4248 1606 4305 indi-

231 4328 407 4383 vulse
438 4329 744 4385 comitatur
777 4350 790 4384 τ
821 4329 974 4386 unde
1002 4346 1117 4386 non
1150 4330 1425 4403 sequitur,
1457 4329 1606 4403 quod

230 4408 438 4480 aliqua
480 4410 667 4482 gratia
715 4411 1089 4484 praeveniens,
1136 4418 1197 4467 ut
1246 4412 1608 4484 praeveniens

234 4486 456 4544 habeat
483 4489 855 4547 infallibilem
879 4506 1092 4547 nexum
1113 4508 1241 4547 cum
1265 4498 1461 4549 nostra
1480 4507 1609 4564 ope·

231 4570 493 4638 ratione,
525 4570 614 4627 vel
642 4571 894 4644 aliquam
934 4570 1238 4628 efficaciam
1267 4571 1608 4629 anteceden-

228 4657 378 4708 tem.
731 4668 738 4674 '

36 4749 204 4792 μειερ.
311 4728 425 4786 Sed
458 4735 656 4786 contra
674 4736 759 4787 est
773 4734 956 4804 primo
977 4751 995 4785 .·
1016 4732 1300 4796 Quoniam
1323 4730 1606 4788 auxilium

36 4807 56 4842 r
71 4800 194 4842 ml·

37 4849 171 4902 npu-

36 4899 173 5032 Γ..

226 4825 352 4883 quo
380 4812 529 4866 Deus
572 4826 676 4867 nos
703 4812 898 4879 trahit,
927 4818 984 4869 et
1021 4828 1093 4869 ex
1122 4810 1450 4871 nolentibus
1476 4810 1610 4867 facit

230 4891 520 4955 volentes,
540 4890 750 4948 etfacit
770 4897 833 4947 ut
853 4891 1147 4960 faciamus,
1169 4892 1247 4948 im
1256 4897 1439 4963 portat
1459 4889 1610 4948 ordi·

225 4986 374 5028 nem
421 4971 772 5028 causalitatis
816 4984 990 5045 supra
1035 4973 1426 5045 operationem
1473 4987 1610 5027 nos-

225 5057 391 5108 tram
428 5050 570 5108 :sed
614 5067 922 5109 concursus
959 5052 1336 5110 simultaneus
1375 5052 1477 5109 Dei
1506 5067 1610 5109 ne-

383 5143 683 5204 Salmant.
724 5143 886 5204 Curs.
939 5146 1165 5216 theoloq.
1215 5152 1345 5203 tom.
1396 5142 1463 5202 X.

1740 604 1866 676 quit
1902 606 2235 678 praedictum
2282 611 2547 670 ordinem
2596 616 2930 689 importare,
2974 636 3102 676 cum

1740 684 1812 740 ab
1840 688 2172 758 operatione
2200 698 2395 749 nostra
2424 697 2657 753 realiter
2684 713 2799 753 non
2827 699 3056 757 differat
3090 723 3102 757 :

1739 781 1876 840 ergo
1921 783 1993 823 ex
2046 770 2103 825 vi
2155 787 2460 830 concursus
2518 777 2852 835 simultanei
2910 780 3106 854 nequit

1741 846 2048 915 verificari,
2081 850 2231 922 quod
2272 855 2419 910 Deus
2460 871 2563 913 nos
2604 859 2810 923 trahat,
2842 864 2898 915 et
2940 860 3108 917 iaciat

1741 933 1802 982 ut
1830 927 2140 998 faciamus;
2187 933 2284 989 sed
2326 938 2645 994 necessario
2691 940 3106 996 recurrendum

1738 1013 1823 1062 est
1863 1007 1933 1063 ad
1980 1010 2210 1082 aliquod
2257 1015 2541 1072 auxilium
2590 1020 2927 1078 antecedens
2961 1043 2973 1076 :
3007 1022 3109 1080 hoc

1739 1093 1930 1145 autem
1963 1092 2158 1164 nequit
2182 1097 2490 1155 consistere
2520 1099 2581 1154 in
2608 1102 2729 1156 sola
2756 1103 2941 1174 gratia
2982 1103 3107 1159 suf-

1739 1167 1974 1237 ficienti,
2007 1178 2067 1227 nt
2093 1173 2377 1232 sufficiens
2414 1184 2531 1245 est;
2574 1180 2858 1251 siquidem
2897 1183 3013 1239 liaec
3036 1198 3110 1240 ex

1737 1264 1797 1307 se
1826 1265 1943 1307 non
1970 1258 2053 1308 est
2080 1255 2331 1322 trahens,
2363 1258 2461 1314 sed
2491 1266 2687 1332 potens
2719 1262 2980 1331 trahere;
3008 1279 3108 1320 nec

1738 1330 1873 1387 iacit
1902 1348 2005 1389 nos
2044 1334 2331 1403 facienteS,
2377 1339 2474 1395 sed
2522 1340 2757 1398 factivos
2792 1365 2804 1399 :
2835 1359 2972 1419 ergo
3001 1347 3107 1402 ne'-

1736 1412 1982 1469 cessario
2008 1413 2428 1474 admittendum
2451 1425 2538 1475 est
2560 1421 2789 1493 aliquod
2820 1424 3107 1479 auxilium

1737 1490 2079 1550 antecedens
2130 1496 2342 1564 efficax,
2401 1500 2551 1570 quod
2603 1508 2728 1558 actu
2788 1503 2997 1568 trahat,
3053 1510 3110 1561 et

1739 1572 1907 1629 faciat
1935 1573 2139 1633 facere.
2171 1576 2436 1645 Secundo,
2485 1596 2621 1637 nam
2648 1584 2696 1639 si
2736 1583 2862 1640 ideo
2896 1583 3110 1641 dicitur

1738 1655 1886 1711 Deus
1933 1655 2116 1714 facere
2152 1665 2214 1715 ut
2238 1660 2537 1729 iaciamus,
2581 1665 2717 1736 quia
2764 1665 3110 1724 simultanee

1737 1734 1933 1791 influit
1954 1736 2017 1792 in
2046 1744 2306 1796 nostrum
2337 1740 2523 1799 facere
2541 1767 2555 1810 ;
2588 1746 2805 1816 pariter
2835 1761 2937 1802 nos
2964 1746 3111 1804 dice·

1735 1831 1871 1870 mur
1895 1816 2080 1874 facere
2101 1825 2162 1875 ut
2184 1819 2353 1877 faciat
2374 1824 2537 1889 DeuS,
2561 1825 2696 1895 quia
2717 1827 2892 1881 etiam
2919 1826 3112 1883 influi-

1736 1912 1867 1951 mus
1894 1898 1955 1953 in
1985 1897 2186 1965 facere,
2218 1916 2318 1957 seu
2338 1918 2678 1960 concursum
2711 1907 2809 1962 Dei
2844 1928 2857 1962 :
2887 1913 2942 1964 et
2970 1923 3112 1965 con-

1734 1984 2039 2050 sequenter
2066 1979 2210 2035 sicut
2246 1980 2476 2049 dicitur,
2522 1984 2669 2056 quod
2697 1989 2852 2041 salus
2881 2004 2997 2045 non
3027 1994 3111 2044 est

1735 2058 1984 2113 volentis
2032 2058 2305 2127 hominiS,
2335 2063 2434 2119 sed
2477 2066 2575 2121 Dei
2624 2066 2985 2134 miserentis;
3030 2068 3110 2124 ita

1735 2135 1972 2205 dicetur,
2003 2138 2150 2210 quod
2187 2142 2343 2196 salus
2372 2159 2489 2200 non
2515 2151 2599 2200 est
2628 2146 2958 2202 miserentis
2982 2148 3102 2213 Dei,

1735 2217 1834 2275 sed
1862 2220 2110 2277 volentis
2149 2223 2405 2279 hominis
2438 2247 2451 2282 ε
2481 2225 2631 2297 quod
2676 2233 2866 2284 lamen
2910 2229 3109 2284 nullus

1737 2301 2201 2358 Christianorum
2239 2305 2472 2362 audebit
2514 2324 2786 2377 asserere,
2822 2316 2882 2366 ut
2921 2311 3109 2384 arguit

1735 2388 1968 2457 August.
1996 2386 2057 2439 in
2077 2383 2369 2444 Euchirid.
2396 2390 2470 2443 ad
2492 2388 2752 2449 Laurent.
2787 2410 2908 2465 cap.
2937 2394 3028 2457 32,
3055 2398 3111 2448 et

1738 2464 1909 2520 latius
1935 2465 2316 2537 expendimus
2345 2468 2465 2525 loco
2491 2486 2665 2542 supra
2704 2474 2892 2537 citato,
2944 2488 3102 2529 num.

1743 2547 1864 2604 118.
1904 2546 2103 2615 Tertio,
2123 2550 2257 2622 quia
2288 2552 2431 2606 Deus
2459 2550 2747 2624 dispensat
2772 2570 2941 2609 suum
2969 2570 3109 2611 con-

1734 2642 1965 2682 cursum
2006 2627 2419 2685 simultaneum
2448 2629 2610 2703 juxta
2651 2633 3021 2706 exigentiam,
3054 2638 3109 2689 et

1735 2706 2167 2778 dispositionem
2198 2708 2615 2781 principiorum
2647 2712 3107 2769 antecedentium

1735 2786 1925 2858 ipsum
1961 2802 2320 2854 concursum,
2356 2796 2415 2844 ut
2446 2789 2507 2846 in
2538 2792 2898 2848 naturalibus
2941 2809 3108 2850 cons—

1736 2873 1816 2924 tat
1850 2885 2026 2943 :ergo
2065 2876 2368 2943 antequam
2414 2874 2560 2929 Deus
2600 2874 2962 2949 intelligatur
3005 2891 3107 2932 nos

1736 2949 2082 3006 simultanee
2109 2951 2354 3017 trahere,
2388 2952 2479 3008 vel
2523 2952 2708 3010 iacere
2739 2960 3105 3027 utsuperna-

1737 3031 2003 3087 turaliter
2049 3032 2342 3098 faciamuS,
2375 3032 2542 3090 debet
2583 3036 2951 3114 praeintelligi
2991 3037 3106 3094 ali-

1735 3111 1885 3186 quod
1939 3111 2285 3185 principium
2332 3114 2567 3188 exigens
2627 3118 2800 3172 talem
2869 3116 3103 3175 modum

1735 3191 2112 3249 concurrendi
2165 3214 2178 3248 :
2225 3193 2324 3250 sed
2372 3195 2695 3269 hujusmodi
2746 3197 3100 3269 principium

1738 3274 1936 3346 nequit
1960 3273 2268 3331 consistere
2309 3275 2633 3332 formaliter
2662 3277 2722 3332 in
2753 3284 2947 3335 nostra
2972 3295 3106 3336 coo-

1739 3355 2053 3427 peratione,
2084 3355 2366 3428 siquidem
2397 3358 2513 3414 haec
2542 3359 2706 3415 nullo
2746 3358 2915 3416 modo
2956 3377 3106 3431 prae-

1736 3435 1885 3491 cedit
1929 3453 2266 3494 concursum
2323 3438 2420 3495 Dei
2480 3440 2895 3495 simultaneum
2946 3461 2959 3496 ε
3004 3457 3106 3498 nec

1738 3514 1891 3571 valet
1909 3517 2215 3574 consistere
2235 3518 2296 3573 in
2312 3518 2433 3573 sola
2456 3518 2707 3575 naturali
2733 3518 3104 3591 dispositione

1738 3596 1909 3653 liberi
1938 3598 2188 3663 arbitrii,
2220 3615 2347 3655 cum
2378 3599 2494 3656 haec
2516 3615 2632 3656 non
2653 3601 2842 3674 exigat
2861 3617 3103 3657 concur-

1736 3695 1866 3733 sum
1924 3680 2335 3735 simnltaneum
2387 3683 2885 3752 supernaturalem
2940 3703 2952 3736 :
3004 3698 3105 3738 nec

1737 3760 1971 3816 tandem
1999 3761 2308 3816 consistere
2338 3767 2517 3833 potest
2544 3764 2602 3818 in
2630 3764 2752 3818 sola
2778 3763 2962 3836 gratia
2991 3765 3106 3819 suf-

1739 3838 1974 3905 ficienti,
2009 3845 2069 3894 ut
2103 3839 2387 3896 sufficiens
2417 3842 2646 3913 praecise
2671 3848 2781 3908 est;
2821 3843 3103 3914 siquidem

1738 3920 1860 3976 haec
1891 3920 1955 3975 in
1996 3926 2278 3992 quantum
2320 3921 2467 3988 taliS‚
2498 3927 2582 3977 est
2610 3938 2840 3994 prorsus
2870 3923 3102 3981 indiffe-

1740 4017 1891 4066 rens
1937 4007 1993 4058 et
2032 4001 2102 4058 ad
2151 4018 2333 4058 unum
2382 4019 2498 4060 non
2545 4003 2891 4061 determinat
2923 4028 2936 4062 :
2967 4023 3101 4080 ergo

1738 4081 2047 4139 consistere
2085 4081 2251 4140 debet
2297 4083 2360 4139 in
2407 4083 2597 4156 aliquo
2645 4086 2860 4158 praevio
2903 4089 3103 4161 gratia}

1739 4161 2040 4220 sufficienti
2068 4162 2452 4236 superaddito,
2500 4180 2600 4237 per
2639 4165 2786 4238 quod
2816 4166 2883 4221 ad
2926 4183 3101 4240 agen-

1739 4242 1878 4299 dum
1927 4244 2344 4303 determinetur
2359 4269 2374 4313 3
2415 4245 2567 4319 quod
2608 4247 2756 4303 nihil
2802 4247 2957 4304 aliud
2998 4255 3099 4314 est,

1739 4342 1912 4398 quam
1936 4327 2220 4383 auxilium
2242 4326 2438 4398 efficax
2464 4349 2476 4383 ε
2503 4328 2604 4385 hoc
2626 4328 2801 4402 igitur
2828 4329 3108 4385 antecedit

1741 4412 1860 4462 tam
1907 4407 2300 4479 operationem
2348 4413 2624 4474 nostram,
2651 4425 2822 4479 quam
2863 4425 3105 4467 concur—

1739 4504 1867 4543 sum
1892 4490 1990 4545 Dei
2017 4490 2453 4547 simultaneum.

1815 4568 1903 4623 Ad
1922 4569 2060 4634 haec,
2090 4570 2423 4642 priusquam
2443 4573 2588 4626 Deus
2609 4571 2954 4629 simultanee
2975 4590 3106 4630 con-

1741 4652 1937 4704 currat
1987 4665 2116 4704 cum
2165 4651 2459 4707 voluntate
2505 4657 2718 4716 nostra,
2761 4651 3108 4726 intelligitur

1741 4728 2069 4801 specialiter
2110 4729 2199 4785 illi
2242 4730 2575 4803 conjunctus
2603 4732 2664 4787 in
2701 4739 2823 4788 actu
2869 4735 3060 4805 primo
3093 4756 3105 4790 :

1744 4811 1889 4866 alias
1915 4826 2060 4866 caeco
2088 4810 2257 4868 modo
2295 4817 2675 4880 concurreret,
2705 4818 2761 4870 et
2801 4830 3110 4872 concursus

1745 4890 1983 4947 actualis
2023 4896 2167 4947 esset
2206 4894 2321 4947 Deo
2357 4891 2646 4959 fortuitus,
2677 4894 2826 4967 quod
2854 4893 2965 4951 dici
2997 4912 3112 4954 non

1744 4974 1928 5042 potest
1960 4971 2157 5043 :atqui
2186 4970 2450 5043 specialis
2489 4971 2592 5027 illa
2630 4974 2968 5048 conjunctio,
3013 4991 3110 5031 seu

1743 5051 1885 5110 ordo
1919 5052 2072 5110 inter
2110 5055 2312 5122 Deum,
2344 5058 2400 5110 et
2424 5055 2778 5113 voluntatem
2821 5062 3095 5123 nostram,
