3647 5753
78 946 191 990 Nota
205 947 244 991 8.

77 2173 241 2217 eccles.

56 4620 238 4666 Resolu-

40 4672 109 4716 tio
124 4670 231 4714 dim-

40 4721 234 4766 enitatis.

1318 455 1498 510 DISP.
1540 454 1612 523 11,
1654 454 1819 510 DUB.
1865 453 2173 512 UNICUM.
3020 453 3136 510 705

273 623 535 692 omnino,
567 628 625 681 et
666 625 919 699 gratuita
964 625 1239 684 donatio:
1289 642 1354 682 ac
1390 624 1640 698 denique

273 706 414 779 ipse,
464 709 562 785 qui
593 708 880 766 retribuit.
908 709 1139 782 praecise
1164 715 1248 766 est
1289 708 1633 775 benefactor,

273 793 330 844 et
369 785 615 844 donator
668 803 739 845 ex
787 786 1167 855 liberalitate3
1218 788 1381 845 nullo
1445 794 1637 845 autem

277 865 446 924 modo
475 874 900 926 remunerator.

357 948 442 1004 11.
476 948 730 1022 Denique
751 948 993 1007 observa
1013 949 1327 1007 discrimen
1350 950 1506 1006 inter
1526 948 1639 1005 tri-

277 1029 408 1101 plex
457 1028 602 1085 illud
647 1029 918 1089 decentiae
942 1047 1140 1106 genus,
1171 1031 1320 1105 quod
1361 1031 1424 1088 in
1453 1030 1638 1104 priori

278 1113 521 1171 notabili
548 1115 931 1187 explicuimus
977 1130 1158 1171 :nam
1209 1114 1274 1170 in
1322 1113 1532 1187 prim0,
1581 1117 1639 1171 et

273 1194 523 1252 secundo
567 1212 698 1253 casu
744 1195 1002 1252 debitum
1049 1195 1342 1262 decentiae,
1371 1193 1523 1267 quod
1554 1192 1636 1250 ibi

271 1281 379 1343 est,
408 1281 562 1333 tenet
598 1292 658 1333 se
699 1276 927 1350 praecise
970 1292 1041 1335 ex
1082 1281 1241 1349 parte
1272 1275 1390 1341 Dei,
1423 1274 1637 1332 funda-

274 1363 480 1433 turque
520 1360 585 1415 in
610 1361 731 1417 sola
770 1361 891 1434 ejus
918 1358 1337 1427 misericordia,
1370 1357 1637 1416 liberali-

272 1444 406 1505 tate,
437 1445 496 1497 et
520 1438 792 1498 bonitate.
837 1439 999 1506 Quod
1038 1440 1200 1497 enim
1243 1445 1540 1514 congruat,
1573 1443 1637 1495 ut

272 1521 574 1594 congruit,
626 1522 805 1579 Deum
859 1522 1194 1579 benefacere
1248 1519 1637 1593 peccatoribus

273 1598 549 1658 beneficia
568 1600 639 1658 ab
658 1618 726 1659 eo
749 1601 1188 1675 postulantibus,
1215 1616 1334 1658 non
1355 1607 1439 1660 est
1462 1617 1637 1675 prop·

273 1686 361 1739 ter
423 1682 618 1755 aliqua
688 1699 891 1740 eorum
945 1700 1136 1756 opera,
1193 1699 1318 1756 quae
1362 1681 1636 1757 obiective

274 1762 593 1829 moraliter,
641 1768 807 1837 atque
855 1763 995 1821 adeo
1026 1781 1127 1838 per
1171 1764 1409 1823 modum
1436 1763 1633 1820 meriti

272 1848 543 1900 moveant
572 1842 642 1900 ad
671 1844 777 1900 hoc
796 1843 1060 1900 divinam
1084 1846 1441 1901 voluntatem
1457 1868 1473 1912 ;
1502 1859 1633 1900 cum

276 1925 338 1981 in
378 1923 481 1990 eis,
532 1924 788 1997 quandiu
819 1931 1135 1998 peccatores
1162 1931 1419 1992 manent,
1471 1926 1636 1981 nulla

275 2021 449 2077 opera
488 2007 605 2063 sint
632 2010 746 2063 Deo
785 2004 981 2081 digna,
1015 2012 1072 2063 et
1091 2024 1218 2080 quae
1245 2008 1300 2065 ei
1330 2008 1590 2079 placeant
1622 2026 1635 2061 ε

282 2085 438 2142 Dona
480 2089 628 2142 enim
681 2090 998 2161 iniquorum
1041 2106 1151 2144 non
1209 2090 1408 2162 probat
1453 2088 1638 2146 Altis-

278 2169 471 2224 simus.
539 2168 743 2224 Eccles.
801 2168 891 2224 34.
945 2169 1109 2226 Unde
1156 2185 1260 2226 nec
1305 2174 1440 2225 sunt
1485 2167 1635 2242 apud

280 2250 457 2305 Deum
487 2249 725 2305 alterius
772 2249 965 2320 pretii,
1019 2266 1200 2324 neque
1229 2249 1299 2306 ab
1328 2266 1395 2308 eo
1424 2266 1636 2323 appro-

276 2328 488 2385 bantur
515 2330 577 2384 in
606 2326 809 2385 ordine
833 2326 903 2385 ad
934 2330 1463 2387 remunerationem
1499 2329 1633 2388 :sed
1674 2406 1680 2411 .

275 2411 404 2469 ideo
451 2412 555 2468 hoc
581 2426 901 2485 congruum
949 2419 1050 2481 est,
1092 2414 1227 2487 quia
1253 2412 1410 2470 decet
1455 2414 1636 2470 Deum

272 2510 499 2551 summe
520 2493 758 2559 honum,
779 2493 1104 2562 liberalem,
1126 2501 1182 2553 et
1198 2495 1633 2553 misericordem

272 2576 474 2649 largiri
497 2575 763 2650 gratiam,
786 2581 842 2632 et
869 2577 1132 2633 conferre
1154 2575 1430 2635 beneficia
1455 2577 1633 2632 etiam

271 2658 544 2725 inimiciS,
578 2658 717 2713 dum
764 2673 831 2715 ea
878 2660 1215 2732 suppliciter
1241 2660 1626 2732 expostulant,

270 2745 325 2797 et
345 2739 416 2797 ad
439 2741 541 2798 illa
572 2740 900 2813 recipienda
940 2758 1000 2798 se
1026 2741 1229 2799 divina
1256 2742 1472 2799 virtute
1508 2741 1632 2798 dis-

271 2826 509 2894 ponunt.
547 2824 619 2876 At
645 2820 708 2876 in
750 2821 919 2878 tertio
949 2837 1101 2890 casu,
1132 2821 1392 2880 debitum
1421 2821 1631 2880 decen-

269 2905 363 2961 tiae
383 2909 537 2961 tenet
556 2919 617 2960 se
645 2919 762 2961 non
792 2905 983 2962 solum
1011 2922 1082 2963 ex
1112 2910 1272 2979 parte
1299 2907 1399 2963 Dei
1431 2921 1631 2964 remu-

269 2987 548 3051 nerantis,
588 2985 684 3042 sed
712 2986 887 3044 etiam
915 3004 986 3044 ex
1015 2994 1176 3060 parte
1218 2987 1474 3045 hominis
1501 3003 1632 3046 me-

267 3068 475 3135 rentis;
539 3066 818 3124 fundatur
864 3070 1024 3126 enim
1081 3070 1186 3125 hoc
1243 3068 1502 3126 debitum
1565 3069 1629 3125 in

166 3165 175 3180 =
264 3163 477 3215 amore,
508 3152 565 3203 et
591 3148 869 3216 amicitia,
900 3165 1028 3221 quae
1070 3155 1206 3205 sunt
1233 3149 1387 3205 inter
1421 3149 1624 3216 Deum,

262 3233 317 3284 et
339 3228 640 3285 hominem
663 3251 677 3292 ;
697 3227 815 3283 haec
841 3234 1033 3285 autem
1058 3244 1129 3285 ex
1153 3232 1312 3302 parte
1334 3227 1632 3300 utriusque

261 3309 512 3366 extremi
560 3322 621 3362 se
667 3312 883 3365 tenent.
941 3309 1010 3362 Et
1064 3308 1168 3366 hac
1230 3308 1454 3365 ratione
1499 3324 1630 3364 cum

263 3391 437 3447 homo
467 3389 566 3446 Dei
602 3388 820 3444 amicus
850 3388 920 3445 ab
969 3405 1035 3446 eo
1064 3391 1329 3462 postulat,
1361 3406 1417 3445 v.
1450 3405 1506 3463 g.
1534 3405 1632 3446 sa-

266 3474 446 3529 lutem
476 3471 808 3546 peccatoriS,
858 3473 1122 3546 congruit
1150 3475 1331 3530 Deum
1359 3472 1507 3529 hanc
1532 3489 1629 3529 sa-

270 3554 449 3609 lutem
502 3551 829 3618 concedere,
880 3567 998 3609 non
1050 3553 1280 3626 praecise
1325 3553 1462 3626 quia
1508 3553 1629 3626 ipse

270 3633 472 3700 bonus,
525 3633 821 3699 liberalis,
874 3651 939 3691 ac
1002 3636 1331 3693 misericors
1375 3640 1479 3701 est,
1528 3635 1628 3692 sed

266 3719 441 3776 etiam
463 3717 600 3792 quia
629 3717 680 3773 is
699 3717 798 3790 qui
823 3719 1087 3789 postulat,
1116 3718 1336 3775 amicus
1356 3719 1478 3792 ejus
1499 3723 1582 3774 est
1611 3742 1624 3785 ;

268 3798 486 3855 amicus
515 3797 673 3854 enim
698 3798 792 3871 jus
818 3796 1102 3870 quoddam
1146 3797 1317 3855 habet
1344 3798 1406 3853 in
1452 3797 1622 3864 bona,

265 3888 325 3937 et
351 3880 414 3937 in
444 3881 695 3938 actiones
737 3880 923 3946 amici,
955 3896 1020 3938 eo
1047 3878 1198 3953 quod
1244 3895 1408 3936 amor
1428 3882 1449 3950 (
1469 3885 1532 3935 ut
1558 3882 1622 3938 D.

265 3963 472 4020 Thom.
524 3959 711 4018 aiebat
749 3961 870 4018 loco
910 3961 1003 4017 cit.
1049 3975 1120 4016 ex
1145 3961 1250 4032 4,)
1299 3961 1431 4017 iacit
1477 3960 1627 4018 bona

266 4045 586 4102 amicorum
621 4041 741 4097 illis
769 4043 1101 4098 communia
1144 4066 1158 4100 z
1192 4042 1344 4099 unde
1370 4048 1426 4099 et
1452 4042 1626 4100 homo

266 4129 330 4185 in
357 4127 544 4202 gratia
570 4126 910 4182 constitutus
930 4125 1023 4198 jus
1049 4124 1337 4197 quoddam
1365 4124 1536 4182 habet
1565 4127 1626 4182 in

265 4209 415 4268 bona
444 4209 563 4273 Dei.
613 4206 966 4281 debeturque
995 4207 1085 4263 illi
1113 4208 1306 4282 aliquo
1335 4207 1524 4273 modo,
1556 4222 1625 4266 eo

263 4290 414 4363 quod
478 4288 757 4361 adimplet
801 4290 903 4347 Dei
964 4290 1338 4356 voluntatem,
1391 4294 1452 4346 ut
1503 4291 1625 4363 ipse

266 4375 413 4430 Deus
459 4371 670 4430 bonam
711 4372 832 4446 ejus
872 4372 1230 4428 voluntatem
1284 4371 1617 4446 adimpleat,

264 4453 641 4526 concedatque
669 4452 778 4518 illi,
829 4453 978 4526 quod
1010 4451 1080 4509 ab
1118 4468 1185 4510 eo
1237 4453 1623 4511 amicabiliter

264 4534 606 4609 expostulat.

351 4611 432 4666 12.
466 4609 550 4663 Ex
596 4607 687 4661 his
733 4621 848 4664 non
893 4606 1006 4662 erit
1052 4605 1280 4665 difficile
1306 4608 1618 4681 explicare,

269 4710 362 4760 an,
387 4697 445 4749 et
467 4689 751 4764 quomodo
787 4689 934 4746 ratio
962 4691 1160 4749 meriti
1187 4692 1251 4748 in
1300 4692 1509 4749 merito
1553 4691 1625 4750 de

266 4788 517 4848 congruo
583 4772 925 4844 reperiatur,
976 4777 1031 4827 et
1075 4788 1185 4846 qua
1238 4773 1503 4847 analogia
1550 4773 1625 4830 sit

265 4856 508 4928 analoga
529 4851 760 4917 divisio,
791 4868 904 4925 qua
932 4853 1208 4909 meritum
1248 4852 1530 4910 dividitur
1560 4856 1624 4912 in

263 4950 604 5014 congruum,
625 4939 681 4991 et
701 4933 1069 5010 condignum.
1091 4935 1322 4993 Etenim
1340 4935 1624 5010 loquendo

264 5022 336 5080 de
360 5019 571 5078 merito
609 5017 847 5091 congrui
898 5018 962 5074 in
1012 5017 1219 5090 prima,
1268 5023 1326 5076 et
1375 5019 1625 5077 secunda

264 5103 608 5177 acceptione,
680 5118 880 5159 veram
940 5099 1265 5174 judicamus
1309 5101 1622 5160 secundam

1770 626 2136 691 sententiam,
2163 641 2286 700 quae
2305 624 2465 683 docet
2490 623 2822 700 huiusmodi
2852 623 3131 680 meritum

1770 709 2159 781 metaphorice
2196 710 2405 777 solum,
2437 713 2493 765 et
2529 707 2845 781 improprie
2868 703 2981 760 dici
3006 721 3134 762 me-

1773 788 1972 856 ritum,
2006 791 2448 863 nullatenusque
2488 804 2689 846 veram
2717 787 2915 844 meriti
2947 786 3133 843 ratio-

1771 885 1927 938 nem,
1954 870 2138 927 adhuc
2181 870 2496 928 secundum
2524 867 2682 943 quid,
2714 873 2769 924 et
2798 865 3132 940 imperfecte

1770 951 2084 1009 intrinsece
2112 952 2173 1008 in
2201 968 2269 1010 eo
2307 951 2576 1024 reperiri.
2607 953 2676 1007 Et
2700 948 2845 1005 ratio
2869 948 3131 1005 desumi-

1770 1039 1867 1090 tur
1906 1050 1978 1091 ex
2023 1035 2206 1101 dictis,
2256 1035 2392 1109 quia
2437 1035 2500 1090 in
2546 1030 2874 1107 hujusmodi
2920 1030 3133 1088 merito

1771 1116 1936 1173 nulla
1958 1115 2258 1173 invenitur
2286 1116 2432 1173 ratio
2466 1115 2636 1190 juris,
2663 1115 2755 1171 vel
2796 1111 2972 1169 debiti
3001 1127 3133 1169 mo-

1772 1197 1914 1253 ralis
1938 1212 2010 1255 ex
2034 1203 2194 1271 parte
2220 1196 2517 1263 merentis,
2543 1211 2669 1268 quae
2699 1208 2932 1251 movere
2954 1192 3132 1264 possit

1770 1278 1842 1336 ad
1878 1280 2408 1338 remunerationem
2436 1278 2698 1333 divinam
2721 1276 3082 1333 voluntatem
3112 1297 3127 1341 ;

1769 1360 1868 1418 sed
1908 1366 2091 1418 totum
2136 1360 2394 1417 debitum
2440 1357 2712 1415 decentiae
2757 1361 2911 1413 tenet
2958 1370 3018 1411 se
3056 1369 3131 1410 ex

1769 1448 1931 1516 parte
1956 1442 2134 1499 solius
2162 1441 2282 1508 Dei,
2316 1446 2376 1496 ut
2396 1457 2550 1495 num.
2578 1438 2804 1512 praeced.
2838 1435 3123 1507 explicui-

1768 1541 1901 1581 mus
1928 1568 1941 1579 .
1965 1523 2076 1580 Ubi
2105 1529 2296 1580 autem
2340 1524 2571 1578 nullum
2610 1526 2695 1578 est
2721 1519 2998 1584 debitum,
3032 1519 3124 1575 vel

1763 1606 1858 1681 jus
1877 1621 1948 1662 ex
1970 1609 2129 1679 parte
2145 1604 2439 1666 merentis.
2462 1603 2626 1660 nulla
2649 1607 2828 1674 potest
2846 1615 2968 1656 esse
2987 1614 3127 1655 vera

1769 1687 1920 1743 ratio
1963 1685 2178 1753 meriti,
2213 1685 2396 1741 adhuc
2441 1682 2793 1757 imperfecte,
2825 1686 2880 1737 et
2919 1695 3130 1736 secun-

1767 1766 1907 1824 dum
1929 1766 2066 1840 quid
2082 1791 2095 1834 ;
2132 1782 2261 1823 cum
2288 1766 2435 1822 ratio
2463 1763 2656 1821 meriti
2705 1763 2769 1818 in
2795 1760 3008 1828 debito,
3033 1761 3127 1817 vel

1761 1852 1895 1926 jure
1920 1851 2209 1915 consistat,
2243 1855 2304 1905 ut
2343 1864 2414 1904 ex
2465 1847 2633 1903 dictis
2677 1862 2831 1901 num.
2872 1844 2955 1909 13,
2987 1843 3128 1899 satis

1767 1936 2006 1990 constat.
2055 1931 2200 1995 Quia
2247 1946 2383 1988 vero
2428 1927 2833 2001 metaphorice,
2866 1930 2924 1982 et
2970 1926 3128 1999 large

1766 2013 2036 2089 quaelibet
2077 2013 2375 2085 dispositio
2421 2011 2492 2068 ad
2540 2010 2790 2068 formam
2829 2009 3129 2066 consuevit

1755 2098 1879 2155 'dici
1902 2097 2177 2154 meritum
2201 2094 2271 2152 ad
2318 2095 2501 2159 illam,
2531 2099 2627 2150 aut
2653 2094 2828 2150 etiam
2859 2090 3128 2164 quaelibet

1767 2179 1902 2239 boni
1931 2178 2316 2251 consequutio,
2344 2194 2444 2234 seu
2473 2174 2738 2233 beneficii
2768 2173 3123 2247 impeti-atim

1769 2261 1898 2319 ideo
1935 2261 2125 2318 omnis
2151 2260 2248 2333 qui
2293 2275 2354 2316 se
2380 2256 2634 2331 disponit
2660 2254 2862 2311 divina
2909 2255 3127 2310 virtute

1767 2343 1839 2401 ad
1878 2344 2125 2418 gratiam
2171 2339 2578 2414 recipiendam,
2612 2339 2704 2395 vel
2731 2338 2830 2410 qui
2859 2335 3124 2409 precibus

1766 2441 1799 2482 a
1830 2428 1941 2482 Deo
1969 2421 2246 2480 beneficia
2278 2421 2661 2494 consequitur,
2714 2417 3122 2491 metaphorice,

1765 2511 1822 2563 et
1861 2505 2178 2577 improprie
2217 2502 2427 2559 dicitur
2454 2503 2575 2558 haec
2601 2500 2816 2556 mereri
2852 2520 2864 2554 :
2911 2497 3029 2561 ubi,
3067 2501 3129 2551 ut

1764 2590 2006 2648 constat,
2063 2599 2275 2641 nomen
2317 2582 2512 2639 meriti
2555 2581 2791 2654 propria
2836 2576 3130 2653 significa-

1766 2669 1923 2725 tione
1968 2667 2308 2734 extrahitur,
2348 2673 2402 2722 et
2449 2664 2700 2721 sumitur
2747 2679 2850 2737 pro
2895 2660 3129 2735 physica

1764 2748 2156 2822 dispositione,
2183 2752 2237 2805 et
2266 2762 2367 2819 pro
2397 2746 2834 2818 impetratione,

1838 2832 1910 2885 At
1947 2828 1995 2886 si
2042 2843 2233 2888 sermo
2277 2825 2376 2885 fiat
2414 2825 2484 2884 de
2536 2825 2744 2884 merito
2771 2823 3011 2899 congrui
3062 2822 3125 2880 in

1761 2910 1931 2968 tertia
1960 2910 2301 2984 acceptione,
2325 2912 2495 2981 prout
2515 2907 2792 2963 fundatur
2821 2906 2884 2962 in
2906 2920 3121 2973 amore,

1760 2999 1816 3051 et
1846 2991 2117 3059 amicitia,
2150 3007 2450 3049 censemus
2475 2989 2721 3062 reperiri
2751 2989 2814 3044 in
2845 2987 2946 3042 illo
2968 3003 3123 3050 vere,

1760 3081 1815 3132 et
1845 3075 2156 3131 intrinsece
2198 3074 2484 3129 rationem
2528 3071 2743 3136 meriti,
2796 3068 3128 3141 imperfecte

1763 3161 1976 3220 tamen,
1997 3160 2053 3211 et
2073 3153 2388 3210 secundum
2410 3150 2567 3224 quid.
2589 3152 2760 3224 Cujus
2784 3150 2930 3205 ratio
2951 3148 3142 3204 etiam-

1763 3237 2087 3293 desumitur
2113 3251 2185 3292 ex
2211 3235 2378 3290 dictis
2427 3256 2440 3289 ε
2488 3234 2763 3306 quoniam
2813 3231 2876 3285 in
2923 3230 3126 3304 hujus-

1762 3316 1922 3374 modi
1952 3316 2158 3373 merito
2178 3331 2250 3371 ex
2271 3319 2431 3387 parte
2455 3312 2733 3370 merentis
2755 3310 2911 3367 adest
2933 3311 3126 3383 aliqua

1765 3397 1913 3453 ratio
1940 3395 2138 3460 debiti,
2172 3412 2269 3452 seu
2318 3393 2548 3466 aliquod
2590 3393 2702 3466 jue,
2740 3408 2865 3463 quae
2889 3407 3126 3449 movere

1763 3475 1987 3549 possint
2011 3474 2286 3547 objective
2325 3473 2394 3529 ad
2435 3473 2524 3527 sui
2556 3471 3125 3537 remunerationem;

1763 3573 1883 3614 non
1928 3557 2088 3613 enim
2140 3554 2396 3611 debitum
2429 3554 2717 3619 decentiae,
2748 3552 2899 3625 quod
2929 3553 2991 3608 in
3020 3553 3123 3610 hoc

1761 3638 1971 3695 merito
2015 3641 2118 3702 est,
2150 3640 2304 3692 tenet
2348 3653 2408 3692 se
2459 3636 2691 3708 praecise
2716 3650 2787 3691 ex
2821 3640 2979 3707 parte
3022 3634 3122 3690 Dei

1762 3719 2210 3782 remunerantis,
2252 3716 2352 3773 sed
2393 3718 2569 3774 etiam
2598 3733 2668 3773 ex
2696 3721 2856 3788 parte
2876 3715 3036 3790 justi,
3067 3721 3124 3772 et

1761 3802 1933 3857 amici
1976 3799 2096 3864 Dei,
2143 3797 2363 3870 aliquid
2405 3797 2474 3853 ab
2524 3812 2592 3855 eo
2639 3796 2907 3853 amicitiae
2954 3797 3122 3852 titulo

1761 3882 2123 3955 postulantis,
2151 3885 2211 3935 ut
2232 3884 2448 3937 constat
2468 3895 2538 3935 ex
2561 3876 2725 3934 dictis
2753 3894 2905 3933 num.
2927 3878 2985 3933 9.
3010 3876 3120 3933 Ubi

1759 3979 1899 4021 vero
1928 3962 2228 4019 invenitur
2255 3977 2324 4017 ex
2373 3966 2535 4033 parte
2586 3959 2864 4015 merentis
2890 3955 3118 4031 aliquod

1754 4043 1867 4117 jus,
1894 4042 1976 4098 ibi
2007 4042 2318 4098 intrinsece
2352 4039 2610 4096 inveniri
2641 4054 2867 4096 necesse
2910 4043 2996 4094 est
3024 4054 3121 4095 ra-

1761 4125 1979 4183 tionem
2022 4122 2216 4179 meriti
2265 4120 2453 4177 eidem
2494 4120 2613 4193 juri
2667 4119 3121 4192 proportionati;

1760 4210 1927 4278 atque
1955 4203 2094 4261 adeo
2123 4217 2326 4259 verum
2368 4201 2645 4256 meritum
2675 4198 3024 4271 imperfecte,
3063 4204 3121 4256 et

1757 4285 2071 4345 secundum
2116 4284 2272 4359 quid,
2306 4282 2405 4339 ubi
2443 4284 2535 4356 jus
2559 4287 2643 4339 est
2673 4283 2783 4338 tale
2811 4284 2999 4339 solum
3025 4296 3120 4338 se-

1756 4366 2011 4427 cundum
2037 4365 2193 4441 quid,
2217 4365 2384 4439 quale
2404 4369 2488 4420 est
2501 4364 2596 4437 jus
2617 4363 2902 4431 amicitiae,
2924 4362 2994 4420 de
3007 4379 3118 4436 quo

1757 4449 2080 4524 loquimur..
2353 4450 2357 4453 ’

1833 4534 1918 4588 Ex
1945 4546 2056 4603 quo
2080 4545 2278 4585 rursus
2304 4525 2692 4594 inferendum,
2724 4532 2782 4584 et
2807 4525 3114 4583 dicendum
3129 4544 3307 4603 0⁰⁰5&-

1756 4619 1861 4680 est,
1892 4612 2040 4687 quod
2084 4627 2212 4670 cum
2254 4611 2527 4667 meritum
2555 4609 2837 4665 dividitur
2865 4610 2929 4666 in
2977 4626 3119 4667 con-
3148 4599 3313 4640 ‘'¹¹⁰¹‘'-

1756 4713 1989 4772 gruum,
2027 4700 2084 4751 et
2133 4691 2502 4765 condignum,
2535 4695 2763 4763 sumpto
2792 4692 3000 4749 merito
3048 4691 3118 4747 de

1754 4793 2008 4852 congruo
2037 4775 2099 4832 in
2130 4775 2232 4831 hac
2260 4773 2560 4847 posteriori
2590 4774 2928 4846 acceptione,
2960 4771 3119 4829 divi-

1755 4858 1844 4916 sio
1870 4863 1954 4915 est
1999 4856 2240 4930 analoga
2269 4855 2532 4929 analogia
2562 4853 3118 4927 proportionalitatis

1758 4938 2032 5012 propriam
2064 4936 2211 4993 ratio
2243 4935 2403 4992 enim
2430 4933 2750 5009 significata
2773 4950 2873 5007 per
2903 4950 3117 4992 nomen

1757 5022 2066 5096 analogum
2090 5018 2419 5086 intrinsece,
2445 5018 2710 5091 quamvis
2732 5018 3111 5089 inaequaliter,

1756 5105 1821 5161 in
1850 5108 2090 5178 utroque
2116 5103 2415 5177 analogato
2444 5101 2748 5176 reperitur.
2785 5101 2852 5155 At
2897 5100 2946 5156 si
2990 5117 3116 5157 me-
