3647 5753
1396 358 1573 416 DISP.
1619 359 1714 427 1v,
1756 360 1924 416 DUB.
1944 354 1949 358 ’
1967 361 2060 417 IV.
3026 369 3138 424 665

281 561 306 592 α
347 536 538 596 ficatio
564 540 933 593 mortuorum
970 538 1069 592 :et
1095 539 1290 592 tamen
1329 534 1644 592 Dominum

280 641 307 673 α
349 618 671 685 confitetur,
686 622 742 674 et
768 632 979 691 regem,
1000 630 1170 689 quem
1193 614 1349 672 videt
1375 613 1642 689 supplicii

46 710 255 764 D·Gre8·
282 724 309 757 α
346 702 436 760 sui
476 717 598 761 esse
637 703 961 758 consortem
1006 718 1033 753 »
1078 701 1145 755 D.
1194 700 1409 773 Gregor
1457 698 1543 753 lib.
1580 700 1644 754 18

272 785 477 846 Moral.
520 801 643 859 cap.
694 784 777 850 13,
809 782 892 839 ait
927 804 939 840 ε
988 804 1014 836 «
1061 784 1128 839 In
1163 782 1332 841 corde
1353 780 1643 839 Fidelium

277 890 302 922 «
350 873 468 925 tres
488 881 857 941 summopere
880 881 1119 923 manere
1141 866 1382 923 virtutes
1401 870 1644 925 testatur

280 970 306 1004 α
347 951 540 1021 Apost.
572 946 766 1014 fidem,
796 962 979 1021 spem,
1011 951 1068 1004 et
1108 947 1475 1011 charitatem3
1504 962 1643 1019 quas

281 1052 308 1084 α
348 1035 578 1087 cunctas
612 1028 801 1085 subita
840 1028 1091 1102 repletus
1115 1029 1320 1104 gratia,
1351 1033 1407 1087 et
1433 1028 1644 1101 accepit

46 1114 308 1171 nehus...
351 1116 542 1178 Latr0,
568 1115 625 1168 et
661 1111 919 1167 servavit
959 1110 1022 1166 in
1062 1125 1246 1167 cruce.
1287 1131 1313 1163 »
1362 1113 1428 1166 D.
1454 1109 1640 1182 Chry—

275 1202 412 1257 sost.
438 1192 641 1251 homil.
668 1191 737 1249 de
758 1195 952 1259 Cruce,
982 1194 1040 1248 et
1081 1192 1327 1248 Latrone
1354 1212 1368 1247 ε
1396 1211 1422 1243 «
1451 1189 1637 1258 Videt,

282 1304 310 1338 ot
351 1277 559 1351 inquit,
572 1276 632 1332 in
655 1274 977 1342 tormentiS,
996 1278 1053 1331 et
1074 1279 1350 1345 tanquam
1373 1273 1436 1329 in
1457 1272 1643 1348 gloria

278 1386 306 1417 α
355 1360 574 1419 adorat.
605 1355 773 1413 Videt
799 1356 862 1412 in
888 1371 1072 1423 cruce,
1104 1358 1161 1411 et
1184 1359 1344 1429 rogat
1373 1353 1538 1430 quasi
1579 1353 1641 1410 in

281 1469 307 1501 «
350 1442 509 1501 coelis
547 1437 863 1496 sedentem.
887 1437 1058 1495 Videt
1089 1435 1554 1501 condemnatum,
1586 1439 1645 1491 et

282 1552 309 1582 «
355 1540 548 1602 regem
574 1526 818 1588 invocat,
858 1519 1092 1577 dicens:
1124 1519 1365 1576 Domine
1388 1530 1643 1574 memen-

281 1633 308 1665 «
358 1616 415 1667 to
436 1609 572 1676 mei,
599 1621 730 1663 cum
763 1602 997 1660 veneris
1042 1602 1107 1657 in
1155 1614 1398 1674 regnum
1450 1603 1636 1653 tuum.

287 1716 313 1746 α
355 1689 708 1749 crucifixum
756 1684 935 1753 vides,
978 1689 1035 1742 et
1082 1698 1274 1757 regem
1322 1681 1639 1755 praedicas:

286 1799 312 1829 «
353 1775 418 1831 in
447 1773 606 1848 ligno
645 1767 896 1844 pendere
940 1764 1144 1836 cernis,
1163 1770 1220 1822 et
1246 1765 1520 1822 coelorum
1549 1779 1642 1820 re-

417 5052 711 5113 Salmant.
745 5048 908 5112 Curs.
935 5051 1156 5126 theolog.
1181 5059 1311 5111 tom.
1343 5051 1414 5112 X.
1503 5033 1506 5034 ⁷

1782 558 1809 590 «
1849 554 1963 612 gna
2008 538 2356 596 meditaris?
2396 543 2440 595 Ο
2481 539 2823 599 admiranda
2870 545 3136 602 Latronis

1779 641 1805 672 α
1847 623 2184 679 conversio!
2226 644 2252 674 1>
2296 622 2524 678 Similia
2568 623 2779 682 habent
2820 629 2887 681 D.
2928 627 3350 686 Ambr.D.Amh.

1774 719 1938 759 serm.
1968 703 2041 757 45
2061 707 2118 760 et
2148 704 2240 769 50,
2274 705 2338 760 D.
2376 704 2610 778 August.
2642 723 2801 763 serm.
2840 708 2903 763 de
2936 709 3079 782 seria
3103 694 3208 764 3⁰·
3228 693 3333 743 ΜΒ·

1761 782 2087 850 paschatis,
2112 791 2161 838 et
2180 801 2340 840 serm.
2375 786 2476 841 120
2496 786 2560 841 cle
2580 793 2830 860 tempore,
2859 792 2925 844 D.
2945 789 3137 864 cyril-
3152 812 3207 854 D.
3221 811 3357 865 cyril.

1774 864 1868 919 Ius
1896 863 1988 921 lib.
2020 866 2056 921 2
2082 866 2146 920 de
2177 864 2405 923 Adorat.
2431 873 2486 923 et
2519 867 2621 924 alii
2651 871 2847 926 Patres
2874 887 3129 928 commu-

1775 944 1948 1001 niter.
2001 944 2283 1018 Additque
2327 948 2382 1003 S.
2432 947 2774 1005 Vincentius
2838 952 3349 1008 Feri-eriuss.v1ne.

1771 1041 1932 1080 serm.
1992 1025 2057 1081 de
2109 1026 2243 1082 bono
2297 1026 2564 1094 Latrone,
2616 1045 2748 1085 eum
2794 1046 3137 1088 conversum
3167 1010 3334 1055 Femr·

1772 1108 1950 1165 fuisse
1982 1107 2191 1166 umbra
2235 1108 2448 1166 Christi
2502 1110 2804 1189 pendentis
2848 1114 2913 1169 in
2954 1130 3137 1178 cruce,

1771 1206 1897 1262 quae
1914 1194 2159 1265 gyrante
2184 1190 2301 1246 sole
2323 1191 2494 1247 illum
2537 1193 2740 1268 attigit.
2775 1195 2911 1257 Quae
2943 1194 3143 1253 omnia

1772 1273 1913 1331 satis
1953 1270 2330 1343 probabiliter
2390 1274 2735 1345 persuadent
2774 1278 2832 1333 S.
2876 1277 3146 1333 Latronis

1772 1355 2213 1414 conversionem
2243 1353 2419 1411 fuisse
2446 1355 2876 1415 miraculosam.
2906 1361 2984 1415 De
3007 1359 3143 1415 aliis

1771 1433 2269 1504 conversionibus,
2295 1440 2359 1490 ut
2390 1436 2594 1494 Mariae
2620 1438 2992 1514 Magdalenae‚
3020 1442 3145 1495 Au-

1771 1517 2010 1594 gustini,
2036 1517 2299 1591 Pelagiae,
2332 1521 2389 1573 et
2433 1518 2705 1585 aliorum,
2742 1536 2860 1577 non
2901 1524 2984 1576 est
3037 1537 3142 1594 par

1773 1598 2072 1658 certitudo‘.
2119 1601 2189 1654 Et
2234 1600 2352 1656 haec
2402 1598 2472 1657 de
2514 1601 2925 1674 justificatione
2971 1602 3141 1676 impii

1773 1681 1924 1738 dicta
1950 1679 2251 1738 sufficiant.
2532 1684 2535 1687 '

2916 5058 2992 5115 43
