3647 5753
1492 429 1673 487 DISP.
1716 426 1811 494 VI,
1857 423 2023 480 DUB.
2081 422 2156 477 11.-
3111 405 3222 463 829

372 644 399 673 α
447 618 728 694 passionis
755 617 877 691 eius
908 617 1180 687 operatur
1222 609 1285 665 in
1330 599 1724 665 sacramentis,

377 726 401 755 α
445 707 505 757 ut
531 713 706 772 supra
746 696 961 753 dictum
995 698 1102 750 cst.
1129 692 1196 745 Et
1221 688 1357 763 quia
1385 684 1570 741 virtus
1598 696 1731 753 pas-

375 808 403 838 «
445 784 627 842 sionis
653 782 953 853 copulatur
987 774 1152 833 nobis
1181 788 1281 847 per
1306 768 1481 826 fidem
1503 767 1733 837 (secun-

375 888 400 920 «
446 865 583 922 dum
608 861 752 919 illud
776 864 941 918 Rom.
973 861 1037 915 3:
1059 859 1238 921 Quem
1263 848 1564 925 proposuit
1586 848 1733 901 Deus

379 971 405 1001 «
451 945 884 1019 propitiatorem
923 956 1024 1013 per
1045 937 1219 995 fidem
1246 935 1311 990 in
1332 929 1613 1004 sanguine
1643 927 1734 998 ip-

377 1049 403 1079 «
450 1026 589 1095 sius)
616 1040 788 1097 quam
829 1020 1004 1077 fidem
1042 1033 1141 1091 per
1170 1012 1594 1071 invocationem
1627 1021 1736 1062 no—

380 1130 405 1160 «
450 1106 629 1163 minis
650 1103 865 1162 Christi
890 1105 1308 1174 protestamur;
1339 1093 1467 1149 ideo
1487 1085 1736 1146 secundo

379 1211 405 1240 «
451 1186 521 1244 ad
552 1190 887 1261 potestatem
914 1176 1289 1242 excellentiae,
1316 1188 1489 1246 quam
1531 1168 1732 1224 Chris-

380 1291 404 1321 «
450 1274 539 1324 tus
568 1268 739 1325 habet
760 1267 821 1322 in
844 1258 1239 1323 sacramentiS,
1288 1255 1556 1328 pertinet,
1589 1246 1739 1323 quod

380 1374 404 1405 α
451 1352 514 1408 in
542 1352 663 1426 ejus
691 1348 930 1406 nomine
972 1344 1333 1401 sacramenta
1372 1332 1740 1394 sanctificen-

383 1456 409 1487 «
455 1439 567 1490 tur.
598 1434 668 1487 Et
693 1430 828 1503 quia
869 1445 938 1485 ex
965 1426 1088 1499 ejus
1128 1419 1493 1479 institutione
1546 1430 1740 1471 sacra-

384 1537 410 1567 «
453 1521 648 1571 menta
677 1513 952 1568 virtutem
981 1507 1262 1569 obtinent,
1295 1500 1431 1558 inde
1456 1502 1559 1561 est,
1590 1493 1738 1568 quod

384 1618 409 1649 α
453 1596 621 1653 tertio
643 1593 712 1650 ad
740 1592 1144 1650 excellentiam
1190 1582 1480 1658 potestatis
1526 1576 1737 1633 Christi

384 1702 409 1732 «
455 1679 722 1752 pertinet,
756 1673 905 1747 quod
953 1671 1073 1743 ipse
1113 1669 1212 1742 qui
1263 1665 1419 1723 dedit
1463 1662 1739 1718 virtutem

385 1782 409 1811 «
454 1758 829 1815 sacramentis
856 1797 868 1821 ,
941 1751 1122 1826 potuit
1181 1748 1487 1804 instituere
1547 1756 1743 1797 sacra-

384 1862 411 1891 «
455 1844 666 1896 menta.
716 1840 787 1894 Et
824 1835 960 1909 quia
1006 1847 1174 1888 causa
1218 1844 1335 1886 non
1364 1822 1645 1898 dependet
1671 1818 1742 1877 ab

387 1944 410 1975 «
452 1921 673 1986 effectu,
720 1918 818 1975 sed
849 1917 1036 1991 potius
1056 1931 1087 1970 e
1113 1926 1407 1974 converso,
1440 1910 1644 1981 quarto
1673 1902 1743 1958 ad

387 2024 412 2053 α
454 2000 856 2057 excellentiam
889 1994 1180 2069 potestatis
1208 1989 1421 2047 Christi
1471 1986 1738 2060 pertinet,

388 2108 412 2136 «
453 2082 603 2155 quod
636 2083 755 2155 ipse
804 2079 987 2154 potuit
1034 2075 1297 2135 effectum
1351 2072 1745 2126 sacramento-

387 2187 411 2217 «
462 2181 593 2221 rum
634 2164 761 2219 sine
807 2162 1168 2217 sacramento
1195 2153 1480 2212 conferre.
1525 2171 1550 2201 ›>
1597 2152 1746 2214 Quas

384 2246 749 2304 conditiones
802 2240 1038 2297 brevius
1093 2233 1494 2308 recapitulavit
1525 2237 1640 2287 art.
1683 2231 1740 2295 4,

383 2345 490 2406 seq.
525 2332 585 2383 ut
610 2329 828 2382 constat
849 2338 918 2378 ex
942 2319 1133 2377 verbis
1160 2332 1337 2390 supra
1366 2313 1562 2371 relatis
1588 2329 1744 2367 num.

380 2408 602 2482 praeced.
638 2403 802 2460 Unde
825 2399 1100 2458 confundi
1132 2413 1249 2454 non
1278 2395 1444 2453 debet
1470 2393 1748 2450 meritum

384 2488 585 2563 gratiae
612 2486 741 2542 aliis
772 2482 978 2539 dandae
1004 2496 1134 2538 cum
1172 2482 1440 2551 potestate
1461 2474 1749 2533 excellen-

385 2568 518 2633 tim,
550 2568 669 2623 haec
695 2564 855 2621 enim
881 2577 1057 2635 supra
1086 2556 1419 2632 praedictum
1473 2555 1749 2611 meritum

389 2650 547 2707 addit
592 2647 950 2705 conditiones
1023 2640 1286 2716 proxime
1359 2638 1582 2695 relatas.
1635 2637 1754 2692 Hoc

389 2730 681 2802 supposito
706 2773 719 2796 ‚
764 2722 1179 2800 obJ'ectionibus
1220 2718 1526 2793 propositis
1581 2715 1751 2772 facile

391 2812 731 2875 occurritur,
764 2815 820 2866 et
846 2806 1022 2862 simul
1050 2803 1331 2878 detegitur
1359 2797 1746 2874 aequivocatio,

389 2910 563 2969 quam
585 2892 901 2950 continent.

407 3017 411 3021 -
465 2975 549 3031 Ad
562 2976 803 3048 primam
818 2969 1098 3028 concessis
1122 2965 1454 3040 praemissis,
1487 2959 1752 3035 neganda

386 3064 472 3114 est
507 3055 929 3128 consequentia,
955 3068 1081 3124 quae
1105 3065 1222 3106 non
1252 3054 1402 3105 recte
1428 3063 1499 3103 ex
1525 3045 1609 3100 eis
1632 3043 1754 3099 col-

389 3139 631 3214 ligitur:
664 3153 800 3193 nam
840 3141 960 3192 esto
1016 3132 1085 3189 ad
1135 3131 1241 3186 hoc
1284 3134 1346 3184 ut
1386 3125 1594 3199 aliquis
1622 3123 1755 3178 aliis

385 3220 635 3294 gratiam
690 3214 1100 3289 justificantem
1157 3209 1331 3281 possit
1384 3205 1455 3262 de
1505 3217 1756 3276 congruo

391 3300 623 3363 mereri,
677 3311 795 3353 non
844 3293 1175 3366 requiratur
1220 3305 1286 3346 ea
1332 3285 1535 3360 gratiae
1566 3283 1756 3356 pleni-

389 3381 561 3438 tudo:
593 3376 984 3435 nihilominus
1043 3372 1113 3429 ad
1154 3367 1484 3426 habendum
1534 3371 1755 3422 tantam

386 3459 793 3517 excellentiam
820 3453 1112 3527 potestatis
1132 3450 1335 3507 decens
1358 3451 1500 3513 erat,
1528 3451 1589 3501 ut
1611 3446 1758 3501 Deus

392 3542 691 3599 hominem
737 3537 956 3612 insigni
1000 3535 1189 3610 gratia
1238 3536 1565 3590 exornaret.
1598 3526 1757 3592 Quod

391 3623 671 3697 expressit
692 3624 757 3676 D.
785 3621 995 3676 Thom.
1023 3634 1143 3675 non
1165 3614 1418 3672 sistendo
1440 3614 1503 3669 in
1525 3611 1754 3676 merito,

393 3706 491 3761 sed
546 3700 965 3777 progrediendo
1013 3699 1084 3756 ad
1135 3698 1282 3754 alias
1340 3692 1756 3753 excellentias:

400 3810 425 3839 α
473 3785 669 3843 Dando
709 3785 909 3862 inquit,
956 3782 1058 3839 eis*
1098 3774 1317 3836 tantam
1345 3777 1545 3852 gratias
1567 3774 1761 3849 pleni-

396 3891 421 3920 «
467 3867 748 3930 tudinem,
806 3868 864 3919 ut
914 3876 1117 3920 eorum
1177 3859 1389 3916 merita
1439 3871 1760 3929 operaren-

394 3973 421 4002 «
469 3957 563 4006 tur
590 3948 659 4004 ad
687 3947 1181 4003 sacramentorum
1204 3940 1451 4006 effectus,
1487 3942 1550 3993 ut
1578 3935 1649 3993 ad
1677 3935 1764 3992 in-

400 4054 425 4084 «
470 4030 828 4088 vocationem
888 4024 1145 4082 nominis
1192 4022 1454 4095 ipsorum
1501 4016 1764 4075 sanctifi—

403 4138 426 4166 «
470 4116 739 4171 carentur
784 4112 1181 4171 sacramenta,
1242 4109 1299 4160 et
1354 4108 1416 4160 ut
1461 4103 1569 4176 ipsi
1632 4116 1763 4174 pos-

401 4220 428 4247 «
468 4199 595 4251 sent
640 4194 998 4249 sacramenta
1040 4189 1364 4252 instituere,
1396 4191 1454 4242 et
1491 4184 1619 4240 sine
1647 4183 1763 4239 ritu

404 4303 428 4332 α
471 4280 965 4335 sacramentorum
1041 4271 1306 4328 effectum
1373 4272 1766 4324 sacramento-

405 4382 428 4413 «
476 4374 605 4415 rum
626 4354 911 4413 conterre.
958 4372 984 4404 υ
1013 4354 1163 4416 Quas
1190 4348 1573 4424 perfectiones
1601 4352 1765 4405 vocat

399 4437 823 4514 plenitudinem
888 4434 1106 4509 gratiae,
1182 4436 1353 4505 prout
1398 4431 1518 4487 haec
1580 4427 1768 4504 signi-

398 4520 530 4578 ficat
559 4535 676 4577 non
722 4518 906 4574 solam
946 4514 1195 4590 gratiam
1237 4512 1615 4577 habitualem,
1667 4509 1766 4566 sed

396 4604 576 4662 etiam
620 4602 735 4658 alia
761 4599 1127 4657 charismata.
1153 4602 1210 4652 et
1236 4595 1388 4653 dona
1416 4597 1769 4666 supernatu-

402 4685 568 4743 ralia.

478 4766 564 4822 Ad
602 4761 904 4821 secundam
935 4758 1312 4833 respondetur
1342 4758 1405 4813 D.
1438 4757 1649 4814 Thom.
1679 4756 1770 4813 lo-

401 4849 501 4922 qui
550 4845 620 4903 de
672 4843 882 4900 merito
925 4843 996 4899 de
1033 4855 1303 4915 congruo,
1334 4852 1452 4896 non
1476 4837 1772 4910 praecisive

404 4934 647 5003 accepto,
691 4924 789 4983 sed
831 4930 892 4981 ut
929 4925 1232 4999 conjuncto
1254 4921 1387 4978 aliis
1412 4920 1771 4978 excellentiis

406 5013 670 5087 proxime
699 5007 914 5074 relatis,
964 5013 1019 5064 et
1047 5011 1214 5080 prout
1243 5021 1375 5077 pars
1400 5004 1565 5076 quasi
1615 5002 1772 5059 inte-

403 5094 585 5170 gralis
636 5089 925 5165 potestatis
969 5086 1326 5145 excellentias
1354 5091 1447 5143 :et
1482 5087 1563 5143 ita
1587 5083 1772 5142 consi·

1862 594 2126 653 deratum
2156 607 2274 650 non
2304 589 2413 647 fuit
2440 588 2503 645 in
2530 588 2593 643 B.
2625 583 2889 658 Virgine,
2928 580 3073 636 sicut
3120 593 3223 634 nec

1865 681 2109 750 potestas
2135 670 2511 730 excellentiae.
3007 658 3010 659 ⁷

1939 756 2025 812 Ad
2065 758 2286 812 tertiam
2330 748 2650 810 omittendo
2680 745 3023 821 praemissas,
3056 755 3226 814 nega-

1867 856 1997 896 mus
2053 833 2539 909 consequentiam,
2604 829 2739 903 quia
2799 830 2918 883 esto
2982 827 3227 896 potestas

1867 921 2057 979 danda
2097 923 2370 976 creaturae
2411 913 2703 986 analogice
2731 907 3069 966 conveniret
3095 920 3225 961 cum

1871 1008 2108 1076 utraque
2136 999 2349 1057 Christi
2382 1001 2686 1070 potestate;
2719 991 2889 1048 aliter
2929 995 3144 1052 tamen,
3170 990 3229 1042 et

1871 1086 2039 1143 aliter
2062 1109 2077 1153 ς
2106 1098 2241 1139 nam
2269 1097 2398 1138 cum
2432 1082 2702 1151 potestate
2723 1070 3089 1130 authoritatis
3134 1084 3231 1125 so-

1871 1168 1993 1223 lum
2036 1165 2444 1237 analogaretur
2482 1159 2587 1216 sub
2614 1159 2883 1227 conceptu
2914 1151 3224 1227 potestatiS,
3331 1154 3340 1163 '

1872 1262 1991 1304 non
2019 1248 2209 1300 autem
2236 1242 2341 1299 sub
2383 1245 2654 1313 conceptu
2698 1233 3084 1298 authoritatiS,
3130 1246 3230 1287 seu

1874 1328 2075 1402 primas
2097 1324 2330 1381 virtutis
2352 1347 2365 1390 ;
2398 1338 2534 1378 nam
2558 1322 2675 1376 haec
2703 1317 2848 1374 ratio
2876 1315 3038 1370 nullo
3059 1311 3231 1370 modo

1873 1408 2160 1483 reperitur
2182 1405 2244 1461 in
2272 1411 2553 1460 creatura.
2580 1404 2860 1457 Caeterum
2888 1411 3018 1452 cum
3043 1399 3231 1467 potes-

1874 1497 1986 1549 tate
2011 1488 2365 1549 excellentiae
2391 1486 2670 1544 existente
2710 1483 2774 1538 in
2803 1481 3027 1537 Christo
3054 1479 3230 1535 etiam

1872 1574 2275 1646 analogaretur
2296 1567 2401 1623 sub
2422 1569 2693 1639 conceptu
2709 1558 3235 1633 excellentiaepquia

1876 1658 2022 1716 ratio
2048 1652 2407 1712 excellentias
2437 1654 2678 1723 repertae
2706 1648 2769 1703 in
2797 1644 3024 1701 Christo
3057 1642 3233 1698 etiam

1876 1736 2209 1796 conveniret
2252 1738 2552 1798 creaturae,
2604 1730 2736 1786 licet
2766 1724 3146 1798 inaequaliter,
3179 1726 3236 1779 et

1875 1836 2006 1877 cum
2035 1815 2305 1873 inferiori
2337 1813 2532 1870 modo.

1951 1899 2036 1954 Ad
2059 1897 2328 1953 ultimam
2352 1909 2625 1968 negamus
2648 1891 2957 1953 minorem,
2983 1886 3117 1959 quia
3134 1883 3238 1939 illa

1878 1981 2026 2038 ratio
2072 1977 2446 2035 sufficientem
2492 1972 2958 2032 convenientiam
2988 1965 3238 2032 adducit,

1880 2080 1954 2121 ne
1981 2061 2239 2118 Christus
2265 2059 2335 2116 de
2363 2059 2509 2115 sacto
2531 2060 2865 2131 potestatem
2885 2048 3239 2108 excellentias

1880 2143 2048 2200 alteri
2101 2138 2456 2196 commiserit
2494 2161 2507 2194 ι
2533 2152 2660 2193 ·nec
2704 2134 2864 2192 enim
2917 2135 3064 2188 esset
3116 2130 3242 2185 leve

1879 2223 2166 2281 motivum
2194 2220 2264 2277 ad
2305 2217 2763 2277 constituendam
2789 2214 2966 2271 etiam
2988 2226 3150 2283 spem
3178 2210 3242 2265 in

1882 2306 1984 2363 illo
2012 2304 2265 2370 homine,
2293 2305 2390 2376 qui
2418 2300 2552 2357 aliis
2580 2303 2765 2372 posset
2789 2299 3033 2353 salutem
3058 2293 3241 2350 infal-

1883 2386 2128 2443 libiliter
2156 2385 2382 2448 afferre,
2422 2378 2699 2454 quidquid
2726 2379 2801 2434 sit
2820 2377 2889 2433 de
2910 2375 3100 2441 mod0,
3132 2391 3244 2448 quo

1884 2468 2050 2524 illam
2072 2469 2349 2524 causaret.
2380 2464 2446 2517 Et
2476 2463 2542 2516 D.
2572 2460 2776 2517 Thom.
2813 2456 3138 2531 ponderans
3166 2455 3243 2512 il-

1886 2548 1986 2605 lud
2012 2547 2448 2613 inconvenienS,
2486 2558 2602 2599 non
2634 2541 2883 2614 respexit
2914 2540 3144 2613 praecise
3172 2536 3242 2594 ad

1887 2631 2034 2687 alias
2085 2628 2444 2687 conditiones
2491 2623 2781 2697 potestatis
2829 2621 3184 2679 excellentiae
3230 2642 3242 2675 ε

1887 2713 2039 2770 unde
2090 2716 2213 2785 post
2257 2710 2362 2766 illa
2408 2706 2606 2771 verba,
2639 2705 2724 2763 Ne
2752 2700 2812 2760 i'n
2861 2705 3076 2760 homine
3102 2720 3248 2776 spem

1884 2802 2160 2871 ponerent,
2219 2792 2416 2849 statim
2465 2790 2659 2864 adjicit
2692 2811 2703 2845 :
2734 2788 2811 2846 Et
2849 2805 2914 2843 ne
2952 2793 3122 2842 essent
3156 2784 3250 2839 di-

1886 2899 2046 2938 versa
2087 2884 2455 2943 sacramenta,
2486 2893 2559 2931 ex
2597 2874 2794 2953 quibus
2814 2872 3015 2929 divisio
3041 2872 3101 2925 in
3140 2867 3249 2925 Ec-

1887 2965 2052 3021 etesia
2078 2966 2336 3026 oriretur,
2368 2961 2511 3015 sicut
2537 2959 2687 3030 apud
2714 2957 2837 3012 illos
2858 2958 2954 3031 qui
2978 2953 3245 3020 dicebant,

1887 3044 2007 3113 Eyo
2027 3061 2152 3100 sum
2173 3042 2362 3108 Pauli,
2388 3056 2481 3109 eqo
2509 3046 2695 3093 autem
2735 3035 2949 3108 Apollo,
2993 3050 3098 3104 eqo·
3125 3049 3251 3087 vero

1891 3124 2097 3196 Cepheo,
2125 3129 2188 3178 ut
2207 3122 2417 3178 dicitur
2448 3122 2495 3183 l,
2530 3119 2604 3174 ad
2628 3117 2881 3174 Corinth.
2926 3117 2970 3171 l.

1962 3206 2054 3260 56.
2110 3203 2388 3276 Arguitur
2438 3195 2686 3256 secundo
2744 3217 2757 3251 ε

1891 3280 2200 3339 transfudit
2228 3278 2596 3339 demeritorie
2618 3282 2906 3350 peccatum
2929 3275 2998 3332 ad
3027 3291 3156 3332 suos
3183 3273 3255 3330 fi-

1892 3447 2104 3505 mereri
2128 3446 2374 3520 gratiam
2401 3443 2767 3501 remissivam
2792 3441 3018 3513 peccati.
3048 3438 3259 3496 Proba-

1891 3538 1988 3589 tur
2026 3527 2430 3602 consequentia
2479 3549 2492 3584 :
2549 3541 2685 3583 nam
2733 3524 2865 3580 licet
2908 3522 3258 3580 demeritum

1892 3614 2100 3671 Adami
2122 3627 2194 3669 ex
2213 3626 2273 3667 se
2292 3612 2482 3668 solum
2506 3607 2771 3680 respiciat
2786 3607 2906 3680 ejus
2930 3621 3254 3679 personam,

1896 3696 2283 3754 nihilominus
2334 3692 2625 3765 supposito
2686 3697 2846 3763 pacto
2899 3689 2998 3746 Dei
3044 3690 3261 3746 consti-

1896 3778 2108 3835 tuentis
2161 3775 2447 3832 Adamum
2498 3778 2666 3846 caput
2715 3772 2945 3847 generis
2991 3772 3255 3840 humani,

1896 3860 2258 3925 sufficienter,
2290 3863 2345 3914 et
2390 3855 2671 3930 condigne
2713 3860 3016 3912 extensum
3060 3861 3144 3912 est
3191 3854 3262 3912 ad

1896 3939 2314 4000 demerendum
2361 3936 2632 3995 omnibus
2685 3935 3021 3993 hominibus
3067 3958 3081 3994 ε
3126 3951 3263 4011 ergo

1899 4025 2030 4081 licet
2058 4028 2212 4080 actus
2239 4019 2572 4077 meritorius
2618 4016 2824 4074 Adami
2863 4033 2936 4074 ex
2974 4035 3036 4075 se
3073 4019 3262 4074 solum

1899 4104 2214 4178 respexerit
2253 4100 2469 4159 bonum
2499 4100 2797 4173 personale
2825 4100 3038 4172 ipsius;
3071 4104 3263 4157 tamen

1899 4184 2197 4243 accedente
2219 4188 2378 4257 pacto
2398 4182 2496 4238 Dei
2517 4187 2703 4254 posset
2715 4180 2948 4239 extendi
2972 4180 3040 4237 ad
3063 4196 3267 4239 omnes

1899 4269 2185 4334 homines,
2217 4266 2545 4338 cunctisque
2573 4264 2893 4337 promereri
2919 4266 3169 4339 gratiam
3195 4262 3268 4321 de

1898 4348 2182 4422 condigno
2215 4370 2228 4404 :
2260 4348 2322 4404 in
2361 4363 2430 4405 eo
2456 4351 2663 4410 autem,
2694 4344 2844 4417 quod
2872 4347 3019 4403 Deus
3060 4345 3268 4402 faceret

1899 4430 2006 4487 hoc
2052 4434 2295 4502 pactum,
2348 4429 2513 4484 nulla
2558 4427 2941 4501 repugnantia
2983 4431 3259 4501 apparet:

1900 4527 2058 4587 ergO,
2089 4519 2196 4568 etc.

1976 4592 2062 4647 Ad
2090 4591 2195 4648 hoc
2213 4594 2617 4665 argumentum
2641 4590 2764 4663 jam
2805 4589 2927 4647 fere
2954 4594 3173 4647 constat
3197 4606 3270 4647 ex
3281 4595 3479 4641 Diluitur.

1901 4689 2076 4746 supra
2125 4671 2312 4730 dictis.
2361 4674 2525 4726 Nunc
2584 4670 2840 4727 breviter
2892 4671 3271 4744 respondetur

1901 4771 2163 4814 concesso
2205 4752 2582 4820 antecedenti,
2615 4753 2877 4826 negando
2917 4770 3272 4827 consequen-

1903 4838 2087 4904 tiam;
2142 4852 2279 4893 nam
2334 4836 2462 4909 plus
2522 4835 2842 4908 requiritur
2899 4834 2969 4892 ad
3024 4835 3270 4907 bonum,

1904 4936 2079 4994 quam
2120 4918 2190 4976 ad
2238 4920 2480 4975 malum.
2514 4916 2679 4974 Unde
2716 4918 2862 4974 sicut
2901 4934 2972 4976 ex
3007 4934 3092 4983 eo,
3125 4918 3275 4992 quod

1904 5001 2218 5076 singularis
2236 5015 2479 5075 persona
2493 5015 2593 5072 per
2609 5004 2795 5056 actum
2814 5001 3272 5071 peccaminosum

1906 5090 2198 5142 mereatur
2222 5083 2336 5140 sibi
2373 5081 2759 5156 privationem
2786 5082 3005 5156 gratiae‚
3038 5098 3155 5138 non
3181 5097 3277 5138 se-

3268 3115 3286 3155 l
3300 3110 3355 3203 ull
3366 3109 3462 3155 cor.

2813 3212 2948 3251 nam
3000 3194 3254 3251 Adamus
3290 3190 3444 3254 seiun-

3268 3260 3364 3304 dum
3382 3270 3446 3303 ar-

1891 3367 2001 3424 lios
2028 3387 2040 3421 :
2070 3380 2205 3438 ergo
2225 3362 2508 3420 divinitus
2547 3359 2730 3434 potuit
2755 3360 2837 3433 eis
2864 3358 2933 3416 de
2971 3357 3256 3431 condigno
3284 3318 3452 3403 gaffin
