<?xml version="1.0" encoding="UTF-8"?>
<!DOCTYPE html PUBLIC "-//W3C//DTD XHTML 1.0 Transitional//EN"
    "http://www.w3.org/TR/xhtml1/DTD/xhtml1-transitional.dtd">
<html xmlns="http://www.w3.org/1999/xhtml" xml:lang="en" lang="en">
 <head>
  <title>
</title>
<meta http-equiv="Content-Type" content="text/html;charset=utf-8" />
  <meta name='ocr-system' content='tesseract 3.04.00' />
  <meta name='ocr-capabilities' content='ocr_page ocr_carea ocr_par ocr_line ocrx_word'/>
</head>
<body>
  <div class='ocr_page' id='page_1' title='image "./collegiisalmant00carmgoog_0685.png"; bbox 0 0 3647 5753; ppageno 0'>
   <div class='ocr_carea' id='block_1_1' title="bbox 12 538 1660 683">
    <p class='ocr_par' dir='ltr' id='par_1_1' title="bbox 12 538 1660 683">
     <span class='ocr_line' id='line_1_1' title="bbox 39 538 251 581; baseline 0 0"><span class='ocrx_word' id='word_1_1' title='bbox 39 538 251 581; x_wconf 80' lang='lat' dir='ltr'>Confir-</span> 
     </span>
     <span class='ocr_line' id='line_1_2' title="bbox 12 594 1660 683; baseline 0.008 -28"><span class='ocrx_word' id='word_1_2' title='bbox 12 594 249 633; x_wconf 82' lang='lat' dir='ltr'>·matur.</span> <span class='ocrx_word' id='word_1_3' title='bbox 292 601 418 659; x_wconf 83' lang='lat' dir='ltr'>citae</span> <span class='ocrx_word' id='word_1_4' title='bbox 463 604 766 681; x_wconf 88' lang='lat' dir='ltr'>objectioni</span> <span class='ocrx_word' id='word_1_5' title='bbox 802 630 815 664; x_wconf 90' lang='lat'>:</span> <span class='ocrx_word' id='word_1_6' title='bbox 863 611 1002 683; x_wconf 90' lang='lat' dir='ltr'>quia</span> <span class='ocrx_word' id='word_1_7' title='bbox 1052 610 1184 671; x_wconf 90' lang='lat' dir='ltr'>licet</span> <span class='ocrx_word' id='word_1_8' title='bbox 1230 614 1549 681; x_wconf 88' lang='lat' dir='ltr'>conversi0,</span> <span class='ocrx_word' id='word_1_9' title='bbox 1603 618 1660 670; x_wconf 87' lang='lat' dir='ltr'>et</span> 
     </span>
    </p>
   </div>
   <div class='ocr_carea' id='block_1_2' title="bbox 44 2492 259 2539">
    <p class='ocr_par' dir='ltr' id='par_1_2' title="bbox 44 2492 259 2539">
     <span class='ocr_line' id='line_1_3' title="bbox 44 2492 259 2539; baseline -0.009 0"><span class='ocrx_word' id='word_1_10' title='bbox 44 2498 110 2539; x_wconf 87' lang='lat' dir='ltr'>D.</span> <span class='ocrx_word' id='word_1_11' title='bbox 138 2492 259 2538; x_wconf 76' lang='lat' dir='ltr'>Tho.</span> 
     </span>
    </p>
   </div>
   <div class='ocr_carea' id='block_1_3' title="bbox 1442 320 3158 427">
    <p class='ocr_par' dir='ltr' id='par_1_3' title="bbox 1442 320 3158 427">
     <span class='ocr_line' id='line_1_4' title="bbox 1442 320 3158 427; baseline 0.007 -13"><span class='ocrx_word' id='word_1_12' title='bbox 1442 359 1618 415; x_wconf 84' lang='lat' dir='ltr'>DISP.</span> <span class='ocrx_word' id='word_1_13' title='bbox 1663 359 1758 427; x_wconf 89' lang='lat' dir='ltr'>1v,</span> <span class='ocrx_word' id='word_1_14' title='bbox 1802 320 1968 419; x_wconf 75' lang='lat' dir='ltr'>bna.</span> <span class='ocrx_word' id='word_1_15' title='bbox 2013 362 2107 419; x_wconf 91' lang='lat' dir='ltr'>1v.</span> <span class='ocrx_word' id='word_1_16' title='bbox 3046 370 3158 426; x_wconf 84' lang='lat'>663</span> 
     </span>
    </p>
   </div>
   <div class='ocr_carea' id='block_1_4' title="bbox 368 519 1659 588">
    <p class='ocr_par' dir='ltr' id='par_1_4' title="bbox 368 519 1659 588">
     <span class='ocr_line' id='line_1_5' title="bbox 368 519 1659 588; baseline 0.008 -12"><span class='ocrx_word' id='word_1_17' title='bbox 368 520 459 577; x_wconf 82' lang='lat'>61.</span> <span class='ocrx_word' id='word_1_18' title='bbox 506 522 899 582; x_wconf 81' lang='lat' dir='ltr'>confirmatur</span> <span class='ocrx_word' id='word_1_19' title='bbox 940 529 1291 588; x_wconf 90' lang='lat' dir='ltr'>occurrendo</span> <span class='ocrx_word' id='word_1_20' title='bbox 1318 529 1547 586; x_wconf 91' lang='lat' dir='ltr'>cuidam</span> <span class='ocrx_word' id='word_1_21' title='bbox 1569 519 1659 586; x_wconf 84' lang='lat' dir='ltr'>ta-</span> 
     </span>
    </p>
   </div>
   <div class='ocr_carea' id='block_1_5' title="bbox 281 684 1681 4934">
    <p class='ocr_par' dir='ltr' id='par_1_5' title="bbox 281 684 1681 4934">
     <span class='ocr_line' id='line_1_6' title="bbox 285 684 1657 768; baseline 0.01 -30"><span class='ocrx_word' id='word_1_22' title='bbox 285 684 616 757; x_wconf 74' lang='lat' dir='ltr'>justificatio</span> <span class='ocrx_word' id='word_1_23' title='bbox 658 689 824 745; x_wconf 89' lang='lat' dir='ltr'>Pauli</span> <span class='ocrx_word' id='word_1_24' title='bbox 873 691 1019 749; x_wconf 88' lang='lat' dir='ltr'>facta</span> <span class='ocrx_word' id='word_1_25' title='bbox 1073 709 1192 750; x_wconf 92' lang='lat' dir='ltr'>non</span> <span class='ocrx_word' id='word_1_26' title='bbox 1228 693 1403 751; x_wconf 87' lang='lat' dir='ltr'>fuerit</span> <span class='ocrx_word' id='word_1_27' title='bbox 1448 694 1657 768; x_wconf 84' lang='lat' dir='ltr'><strong>absque</strong></span> 
     </span>
     <span class='ocr_line' id='line_1_7' title="bbox 288 767 1657 844; baseline 0.009 -22"><span class='ocrx_word' id='word_1_28' title='bbox 288 767 498 822; x_wconf 83' lang='lat' dir='ltr'>actuali</span> <span class='ocrx_word' id='word_1_29' title='bbox 524 770 574 843; x_wconf 87' lang='lat' dir='ltr'>ej</span> <span class='ocrx_word' id='word_1_30' title='bbox 584 786 646 825; x_wconf 88' lang='lat' dir='ltr'>us</span> <span class='ocrx_word' id='word_1_31' title='bbox 673 769 1068 844; x_wconf 86' lang='lat' dir='ltr'>dispositione,</span> <span class='ocrx_word' id='word_1_32' title='bbox 1104 775 1494 833; x_wconf 89' lang='lat' dir='ltr'>nihilominus</span> <span class='ocrx_word' id='word_1_33' title='bbox 1516 793 1657 834; x_wconf 89' lang='lat' dir='ltr'>con-</span> 
     </span>
     <span class='ocr_line' id='line_1_8' title="bbox 284 838 1657 930; baseline 0.009 -29"><span class='ocrx_word' id='word_1_34' title='bbox 284 847 415 923; x_wconf 86' lang='lat' dir='ltr'>tigit</span> <span class='ocrx_word' id='word_1_35' title='bbox 457 838 666 922; x_wconf 60' lang='lat' dir='ltr'>absque</span> <span class='ocrx_word' id='word_1_36' title='bbox 712 852 900 920; x_wconf 91' lang='lat' dir='ltr'>modo,</span> <span class='ocrx_word' id='word_1_37' title='bbox 951 870 1124 928; x_wconf 90' lang='lat' dir='ltr'>quem</span> <span class='ocrx_word' id='word_1_38' title='bbox 1183 856 1308 929; x_wconf 89' lang='lat' dir='ltr'>ipsa</span> <span class='ocrx_word' id='word_1_39' title='bbox 1358 856 1657 930; x_wconf 90' lang='lat' dir='ltr'>dispositio</span> 
     </span>
     <span class='ocr_line' id='line_1_9' title="bbox 281 928 1657 1010; baseline 0.009 -26"><span class='ocrx_word' id='word_1_40' title='bbox 281 928 545 1003; x_wconf 92' lang='lat' dir='ltr'>poscebat</span> <span class='ocrx_word' id='word_1_41' title='bbox 576 954 588 988; x_wconf 90' lang='lat'>:</span> <span class='ocrx_word' id='word_1_42' title='bbox 619 949 754 1008; x_wconf 90' lang='lat' dir='ltr'>ergo</span> <span class='ocrx_word' id='word_1_43' title='bbox 794 934 902 990; x_wconf 87' lang='lat' dir='ltr'>fuit</span> <span class='ocrx_word' id='word_1_44' title='bbox 941 952 1014 992; x_wconf 81' lang='lat' dir='ltr'>ex</span> <span class='ocrx_word' id='word_1_45' title='bbox 1066 937 1170 993; x_wconf 88' lang='lat' dir='ltr'>hac</span> <span class='ocrx_word' id='word_1_46' title='bbox 1200 943 1361 1010; x_wconf 90' lang='lat' dir='ltr'>parte</span> <span class='ocrx_word' id='word_1_47' title='bbox 1393 941 1657 997; x_wconf 89' lang='lat' dir='ltr'>miracu-</span> 
     </span>
     <span class='ocr_line' id='line_1_10' title="bbox 284 1011 1653 1090; baseline 0.007 -23"><span class='ocrx_word' id='word_1_48' title='bbox 284 1012 423 1068; x_wconf 88' lang='lat' dir='ltr'>losa.</span> <span class='ocrx_word' id='word_1_49' title='bbox 464 1011 748 1071; x_wconf 85' lang='lat' dir='ltr'>Probatur</span> <span class='ocrx_word' id='word_1_50' title='bbox 774 1016 1133 1085; x_wconf 87' lang='lat' dir='ltr'>antecedens,</span> <span class='ocrx_word' id='word_1_51' title='bbox 1164 1019 1302 1090; x_wconf 86' lang='lat' dir='ltr'>quia</span> <span class='ocrx_word' id='word_1_52' title='bbox 1330 1019 1559 1076; x_wconf 89' lang='lat' dir='ltr'>adultus</span> <span class='ocrx_word' id='word_1_53' title='bbox 1591 1026 1653 1077; x_wconf 91' lang='lat' dir='ltr'>ut</span> 
     </span>
     <span class='ocr_line' id='line_1_11' title="bbox 284 1095 1656 1170; baseline 0.007 -22"><span class='ocrx_word' id='word_1_54' title='bbox 284 1095 1145 1170; x_wconf 65' lang='lat' dir='ltr'>connaturaliter,disponatur</span> <span class='ocrx_word' id='word_1_55' title='bbox 1198 1098 1268 1156; x_wconf 92' lang='lat' dir='ltr'>ad</span> <span class='ocrx_word' id='word_1_56' title='bbox 1322 1103 1656 1159; x_wconf 90' lang='lat' dir='ltr'>conversio-</span> 
     </span>
     <span class='ocr_line' id='line_1_12' title="bbox 292 1178 1658 1255; baseline 0.006 -23"><span class='ocrx_word' id='word_1_57' title='bbox 292 1191 448 1244; x_wconf 84' lang='lat' dir='ltr'>nem,</span> <span class='ocrx_word' id='word_1_58' title='bbox 475 1182 528 1232; x_wconf 88' lang='lat' dir='ltr'>et</span> <span class='ocrx_word' id='word_1_59' title='bbox 555 1178 823 1251; x_wconf 89' lang='lat' dir='ltr'>gratiam,</span> <span class='ocrx_word' id='word_1_60' title='bbox 859 1178 1079 1255; x_wconf 82' lang='lat' dir='ltr'>indiget</span> <span class='ocrx_word' id='word_1_61' title='bbox 1106 1183 1322 1254; x_wconf 75' lang='lat' dir='ltr'>praevia</span> <span class='ocrx_word' id='word_1_62' title='bbox 1368 1182 1658 1240; x_wconf 87' lang='lat' dir='ltr'>delibera-</span> 
     </span>
     <span class='ocr_line' id='line_1_13' title="bbox 293 1258 1656 1336; baseline 0.007 -24"><span class='ocrx_word' id='word_1_63' title='bbox 293 1258 471 1322; x_wconf 85' lang='lat' dir='ltr'>tione,</span> <span class='ocrx_word' id='word_1_64' title='bbox 504 1274 605 1329; x_wconf 88' lang='lat' dir='ltr'>per</span> <span class='ocrx_word' id='word_1_65' title='bbox 630 1275 801 1330; x_wconf 90' lang='lat' dir='ltr'>quam</span> <span class='ocrx_word' id='word_1_66' title='bbox 843 1276 962 1318; x_wconf 92' lang='lat' dir='ltr'>non</span> <span class='ocrx_word' id='word_1_67' title='bbox 1002 1262 1213 1331; x_wconf 87' lang='lat' dir='ltr'>subit0,</span> <span class='ocrx_word' id='word_1_68' title='bbox 1245 1262 1344 1321; x_wconf 90' lang='lat' dir='ltr'>sed</span> <span class='ocrx_word' id='word_1_69' title='bbox 1375 1265 1656 1336; x_wconf 89' lang='lat' dir='ltr'>paulatim</span> 
     </span>
     <span class='ocr_line' id='line_1_14' title="bbox 293 1338 1657 1418; baseline 0.007 -25"><span class='ocrx_word' id='word_1_70' title='bbox 293 1339 580 1410; x_wconf 88' lang='lat' dir='ltr'>(quamvis</span> <span class='ocrx_word' id='word_1_71' title='bbox 629 1338 690 1394; x_wconf 91' lang='lat' dir='ltr'>in</span> <span class='ocrx_word' id='word_1_72' title='bbox 731 1340 835 1397; x_wconf 87' lang='lat' dir='ltr'>hoc</span> <span class='ocrx_word' id='word_1_73' title='bbox 877 1344 1082 1418; x_wconf 83' lang='lat' dir='ltr'>major,</span> <span class='ocrx_word' id='word_1_74' title='bbox 1116 1350 1215 1400; x_wconf 90' lang='lat' dir='ltr'>aut</span> <span class='ocrx_word' id='word_1_75' title='bbox 1250 1345 1446 1402; x_wconf 90' lang='lat' dir='ltr'>minor</span> <span class='ocrx_word' id='word_1_76' title='bbox 1493 1362 1657 1403; x_wconf 88' lang='lat' dir='ltr'>mora</span> 
     </span>
     <span class='ocr_line' id='line_1_15' title="bbox 293 1418 1658 1498; baseline 0.007 -23"><span class='ocrx_word' id='word_1_77' title='bbox 293 1418 631 1492; x_wconf 83' lang='lat' dir='ltr'>intercedat)</span> <span class='ocrx_word' id='word_1_78' title='bbox 667 1422 928 1480; x_wconf 86' lang='lat' dir='ltr'>trahatur</span> <span class='ocrx_word' id='word_1_79' title='bbox 950 1424 1019 1482; x_wconf 89' lang='lat' dir='ltr'>ad</span> <span class='ocrx_word' id='word_1_80' title='bbox 1034 1427 1440 1498; x_wconf 82' lang='lat' dir='ltr'>perfectionem</span> <span class='ocrx_word' id='word_1_81' title='bbox 1466 1451 1479 1495; x_wconf 89' lang='grc'><strong>;</strong></span> <span class='ocrx_word' id='word_1_82' title='bbox 1501 1427 1658 1495; x_wconf 83' lang='lat' dir='ltr'>unde</span> 
     </span>
     <span class='ocr_line' id='line_1_16' title="bbox 293 1498 1654 1577; baseline 0.008 -23"><span class='ocrx_word' id='word_1_83' title='bbox 293 1498 427 1555; x_wconf 90' lang='lat' dir='ltr'>huic</span> <span class='ocrx_word' id='word_1_84' title='bbox 445 1503 810 1558; x_wconf 88' lang='lat' dir='ltr'>connaturali</span> <span class='ocrx_word' id='word_1_85' title='bbox 835 1506 1177 1577; x_wconf 88' lang='lat' dir='ltr'>procedendi</span> <span class='ocrx_word' id='word_1_86' title='bbox 1202 1507 1371 1566; x_wconf 91' lang='lat' dir='ltr'>modo</span> <span class='ocrx_word' id='word_1_87' title='bbox 1389 1508 1654 1566; x_wconf 90' lang='lat' dir='ltr'>adversa-</span> 
     </span>
     <span class='ocr_line' id='line_1_17' title="bbox 291 1580 1658 1662; baseline 0.008 -27"><span class='ocrx_word' id='word_1_88' title='bbox 291 1585 405 1646; x_wconf 86' lang='lat' dir='ltr'>tur,</span> <span class='ocrx_word' id='word_1_89' title='bbox 437 1580 586 1653; x_wconf 89' lang='lat' dir='ltr'>quod</span> <span class='ocrx_word' id='word_1_90' title='bbox 613 1582 741 1653; x_wconf 90' lang='lat' dir='ltr'>quis</span> <span class='ocrx_word' id='word_1_91' title='bbox 760 1598 793 1638; x_wconf 88' lang='lat' dir='ltr'>e</span> <span class='ocrx_word' id='word_1_92' title='bbox 814 1587 1069 1644; x_wconf 88' lang='lat' dir='ltr'>maximo</span> <span class='ocrx_word' id='word_1_93' title='bbox 1093 1594 1378 1662; x_wconf 82' lang='lat' dir='ltr'>peccatore</span> <span class='ocrx_word' id='word_1_94' title='bbox 1425 1587 1522 1646; x_wconf 87' lang='lat' dir='ltr'>fiat</span> <span class='ocrx_word' id='word_1_95' title='bbox 1563 1606 1658 1646; x_wconf 89' lang='lat' dir='ltr'>re-</span> 
     </span>
     <span class='ocr_line' id='line_1_18' title="bbox 293 1656 1660 1744; baseline 0.009 -26"><span class='ocrx_word' id='word_1_96' title='bbox 293 1656 463 1736; x_wconf 80' lang='lat' dir='ltr'>pente</span> <span class='ocrx_word' id='word_1_97' title='bbox 501 1664 892 1725; x_wconf 88' lang='lat' dir='ltr'>sanctissimus</span> <span class='ocrx_word' id='word_1_98' title='bbox 924 1693 937 1727; x_wconf 91' lang='lat'><strong>:</strong></span> <span class='ocrx_word' id='word_1_99' title='bbox 994 1673 1147 1744; x_wconf 89' lang='lat' dir='ltr'>atqui</span> <span class='ocrx_word' id='word_1_100' title='bbox 1196 1675 1409 1730; x_wconf 87' lang='lat' dir='ltr'>Paulus</span> <span class='ocrx_word' id='word_1_101' title='bbox 1447 1674 1512 1731; x_wconf 90' lang='lat' dir='ltr'>in</span> <span class='ocrx_word' id='word_1_102' title='bbox 1556 1690 1660 1730; x_wconf 91' lang='lat' dir='ltr'>sua</span> 
     </span>
     <span class='ocr_line' id='line_1_19' title="bbox 291 1749 1660 1830; baseline 0.007 -27"><span class='ocrx_word' id='word_1_103' title='bbox 291 1749 669 1806; x_wconf 87' lang='lat' dir='ltr'>conversione</span> <span class='ocrx_word' id='word_1_104' title='bbox 696 1767 812 1807; x_wconf 90' lang='lat' dir='ltr'>non</span> <span class='ocrx_word' id='word_1_105' title='bbox 841 1756 1113 1826; x_wconf 85' lang='lat' dir='ltr'>processit</span> <span class='ocrx_word' id='word_1_106' title='bbox 1153 1772 1223 1813; x_wconf 84' lang='lat' dir='ltr'>ex</span> <span class='ocrx_word' id='word_1_107' title='bbox 1267 1750 1483 1830; x_wconf 78' lang='lat' dir='ltr'>praevia</span> <span class='ocrx_word' id='word_1_108' title='bbox 1508 1756 1660 1814; x_wconf 91' lang='lat' dir='ltr'>deli-</span> 
     </span>
     <span class='ocr_line' id='line_1_20' title="bbox 297 1828 1660 1911; baseline 0.008 -27"><span class='ocrx_word' id='word_1_109' title='bbox 297 1828 607 1900; x_wconf 75' lang='lat' dir='ltr'>beratione,</span> <span class='ocrx_word' id='word_1_110' title='bbox 637 1838 732 1888; x_wconf 90' lang='lat' dir='ltr'>aut</span> <span class='ocrx_word' id='word_1_111' title='bbox 753 1850 824 1891; x_wconf 81' lang='lat' dir='ltr'>ex</span> <span class='ocrx_word' id='word_1_112' title='bbox 847 1836 1097 1893; x_wconf 87' lang='lat' dir='ltr'>motibus</span> <span class='ocrx_word' id='word_1_113' title='bbox 1117 1838 1660 1911; x_wconf 82' lang='lat' dir='ltr'>supernaturalibus</span> 
     </span>
     <span class='ocr_line' id='line_1_21' title="bbox 294 1913 1660 1986; baseline 0.008 -18"><span class='ocrx_word' id='word_1_114' title='bbox 294 1913 814 1986; x_wconf 81' lang='lat' dir='ltr'>imperfectioribus</span> <span class='ocrx_word' id='word_1_115' title='bbox 848 1938 861 1972; x_wconf 75' lang='lat' dir='ltr'><em>z</em></span> <span class='ocrx_word' id='word_1_116' title='bbox 890 1918 989 1974; x_wconf 90' lang='lat' dir='ltr'>sed</span> <span class='ocrx_word' id='word_1_117' title='bbox 1042 1919 1232 1978; x_wconf 89' lang='lat' dir='ltr'>subito</span> <span class='ocrx_word' id='word_1_118' title='bbox 1278 1937 1349 1978; x_wconf 83' lang='lat' dir='ltr'>ex</span> <span class='ocrx_word' id='word_1_119' title='bbox 1402 1923 1660 1979; x_wconf 84' lang='lat' dir='ltr'>maximo</span> 
     </span>
     <span class='ocr_line' id='line_1_22' title="bbox 293 2000 1660 2076; baseline 0.007 -25"><span class='ocrx_word' id='word_1_120' title='bbox 293 2000 601 2067; x_wconf 83' lang='lat' dir='ltr'>peccatore,</span> <span class='ocrx_word' id='word_1_121' title='bbox 627 2004 683 2053; x_wconf 89' lang='lat' dir='ltr'>et</span> <span class='ocrx_word' id='word_1_122' title='bbox 722 2001 1021 2058; x_wconf 82' lang='lat' dir='ltr'>actualiter</span> <span class='ocrx_word' id='word_1_123' title='bbox 1062 2008 1436 2076; x_wconf 86' lang='lat' dir='ltr'>persequente</span> <span class='ocrx_word' id='word_1_124' title='bbox 1468 2005 1660 2061; x_wconf 87' lang='lat' dir='ltr'>Eccle-</span> 
     </span>
     <span class='ocr_line' id='line_1_23' title="bbox 291 2078 1661 2154; baseline 0.009 -21"><span class='ocrx_word' id='word_1_125' title='bbox 291 2078 438 2134; x_wconf 86' lang='lat' dir='ltr'>siam</span> <span class='ocrx_word' id='word_1_126' title='bbox 470 2079 588 2144; x_wconf 89' lang='lat' dir='ltr'>Dei,</span> <span class='ocrx_word' id='word_1_127' title='bbox 622 2079 802 2137; x_wconf 87' lang='lat' dir='ltr'>factus</span> <span class='ocrx_word' id='word_1_128' title='bbox 842 2089 926 2140; x_wconf 90' lang='lat' dir='ltr'>est</span> <span class='ocrx_word' id='word_1_129' title='bbox 971 2086 1390 2154; x_wconf 86' lang='lat' dir='ltr'>sanctissimus,</span> <span class='ocrx_word' id='word_1_130' title='bbox 1418 2093 1472 2144; x_wconf 88' lang='lat' dir='ltr'>et</span> <span class='ocrx_word' id='word_1_131' title='bbox 1502 2103 1661 2145; x_wconf 89' lang='lat' dir='ltr'>asse-</span> 
     </span>
     <span class='ocr_line' id='line_1_24' title="bbox 291 2159 1660 2242; baseline 0.011 -31"><span class='ocrx_word' id='word_1_132' title='bbox 291 2163 502 2231; x_wconf 89' lang='lat' dir='ltr'>quutus</span> <span class='ocrx_word' id='word_1_133' title='bbox 530 2159 638 2227; x_wconf 81' lang='lat' dir='ltr'>fuit</span> <span class='ocrx_word' id='word_1_134' title='bbox 677 2164 997 2220; x_wconf 87' lang='lat' dir='ltr'>maximam</span> <span class='ocrx_word' id='word_1_135' title='bbox 1041 2168 1451 2238; x_wconf 80' lang='lat' dir='ltr'>perfectionem</span> <span class='ocrx_word' id='word_1_136' title='bbox 1481 2184 1499 2235; x_wconf 92' lang='grc'><strong>,·</strong></span> <span class='ocrx_word' id='word_1_137' title='bbox 1525 2184 1660 2242; x_wconf 89' lang='lat' dir='ltr'>ergo</span> 
     </span>
     <span class='ocr_line' id='line_1_25' title="bbox 294 2239 1661 2322; baseline 0.007 -28"><span class='ocrx_word' id='word_1_138' title='bbox 294 2239 427 2295; x_wconf 90' lang='lat' dir='ltr'>licet</span> <span class='ocrx_word' id='word_1_139' title='bbox 444 2239 566 2312; x_wconf 85' lang='lat' dir='ltr'>ejus</span> <span class='ocrx_word' id='word_1_140' title='bbox 586 2243 885 2300; x_wconf 82' lang='lat' dir='ltr'>conversio</span> <span class='ocrx_word' id='word_1_141' title='bbox 902 2260 1019 2302; x_wconf 90' lang='lat' dir='ltr'>non</span> <span class='ocrx_word' id='word_1_142' title='bbox 1043 2246 1218 2305; x_wconf 86' lang='lat' dir='ltr'>fuerit</span> <span class='ocrx_word' id='word_1_143' title='bbox 1236 2246 1446 2322; x_wconf 87' lang='lat' dir='ltr'>absque</span> <span class='ocrx_word' id='word_1_144' title='bbox 1468 2248 1661 2320; x_wconf 87' lang='lat' dir='ltr'>aliqua</span> 
     </span>
     <span class='ocr_line' id='line_1_26' title="bbox 296 2321 1661 2396; baseline 0.009 -19"><span class='ocrx_word' id='word_1_145' title='bbox 296 2322 503 2378; x_wconf 88' lang='lat' dir='ltr'>actuali</span> <span class='ocrx_word' id='word_1_146' title='bbox 544 2321 935 2396; x_wconf 89' lang='lat' dir='ltr'>dispositione,</span> <span class='ocrx_word' id='word_1_147' title='bbox 981 2328 1368 2387; x_wconf 89' lang='lat' dir='ltr'>nihilominus</span> <span class='ocrx_word' id='word_1_148' title='bbox 1397 2347 1515 2387; x_wconf 90' lang='lat' dir='ltr'>non</span> <span class='ocrx_word' id='word_1_149' title='bbox 1555 2331 1661 2388; x_wconf 91' lang='lat' dir='ltr'>ob-</span> 
     </span>
     <span class='ocr_line' id='line_1_27' title="bbox 296 2403 1661 2486; baseline 0.01 -29"><span class='ocrx_word' id='word_1_150' title='bbox 296 2403 549 2460; x_wconf 82' lang='lat' dir='ltr'>servavit</span> <span class='ocrx_word' id='word_1_151' title='bbox 566 2405 734 2461; x_wconf 94' lang='lat' dir='ltr'>illum</span> <span class='ocrx_word' id='word_1_152' title='bbox 752 2408 1009 2475; x_wconf 91' lang='lat' dir='ltr'>modum,</span> <span class='ocrx_word' id='word_1_153' title='bbox 1024 2427 1195 2483; x_wconf 91' lang='lat' dir='ltr'>quem</span> <span class='ocrx_word' id='word_1_154' title='bbox 1219 2413 1341 2486; x_wconf 87' lang='lat' dir='ltr'>ipsa</span> <span class='ocrx_word' id='word_1_155' title='bbox 1357 2413 1661 2486; x_wconf 89' lang='lat' dir='ltr'>dispositio</span> 
     </span>
     <span class='ocr_line' id='line_1_28' title="bbox 298 2487 1655 2565; baseline 0.01 -24"><span class='ocrx_word' id='word_1_156' title='bbox 298 2487 588 2560; x_wconf 88' lang='lat' dir='ltr'>poscebat.</span> <span class='ocrx_word' id='word_1_157' title='bbox 632 2489 791 2553; x_wconf 88' lang='lat' dir='ltr'>Quod</span> <span class='ocrx_word' id='word_1_158' title='bbox 835 2494 1057 2565; x_wconf 8' lang='lat' dir='ltr'>,optime</span> <span class='ocrx_word' id='word_1_159' title='bbox 1122 2494 1282 2553; x_wconf 88' lang='lat' dir='ltr'>docet</span> <span class='ocrx_word' id='word_1_160' title='bbox 1335 2498 1400 2553; x_wconf 92' lang='lat' dir='ltr'>D.</span> <span class='ocrx_word' id='word_1_161' title='bbox 1450 2497 1655 2554; x_wconf 86' lang='lat' dir='ltr'>Thom.</span> 
     </span>
     <span class='ocr_line' id='line_1_29' title="bbox 296 2571 1657 2645; baseline 0.01 -22"><span class='ocrx_word' id='word_1_162' title='bbox 296 2576 478 2641; x_wconf 63' lang='grc' dir='ltr'>φωνεῖ.</span> <span class='ocrx_word' id='word_1_163' title='bbox 536 2571 757 2642; x_wconf 72' lang='lat' dir='ltr'>praeced.</span> <span class='ocrx_word' id='word_1_164' title='bbox 812 2581 923 2632; x_wconf 81' lang='lat' dir='ltr'>art.</span> <span class='ocrx_word' id='word_1_165' title='bbox 969 2577 1005 2632; x_wconf 91' lang='grc'>2</span> <span class='ocrx_word' id='word_1_166' title='bbox 1043 2577 1117 2632; x_wconf 83' lang='lat' dir='ltr'>ad</span> <span class='ocrx_word' id='word_1_167' title='bbox 1167 2580 1223 2645; x_wconf 90' lang='grc'>2,</span> <span class='ocrx_word' id='word_1_168' title='bbox 1277 2578 1371 2634; x_wconf 89' lang='lat' dir='ltr'>his</span> <span class='ocrx_word' id='word_1_169' title='bbox 1416 2579 1657 2637; x_wconf 84' lang='lat' dir='ltr'>verbis:</span> 
     </span>
     <span class='ocr_line' id='line_1_30' title="bbox 306 2650 1661 2735; baseline 0.013 -34"><span class='ocrx_word' id='word_1_170' title='bbox 306 2671 332 2702; x_wconf 77' lang='grc' dir='ltr'>(ι</span> <span class='ocrx_word' id='word_1_171' title='bbox 377 2650 712 2720; x_wconf 87' lang='lat' dir='ltr'>Dicendum,</span> <span class='ocrx_word' id='word_1_172' title='bbox 742 2655 890 2726; x_wconf 92' lang='lat' dir='ltr'>quod</span> <span class='ocrx_word' id='word_1_173' title='bbox 937 2673 1067 2713; x_wconf 91' lang='lat' dir='ltr'>cum</span> <span class='ocrx_word' id='word_1_174' title='bbox 1117 2659 1290 2718; x_wconf 90' lang='lat' dir='ltr'>homo</span> <span class='ocrx_word' id='word_1_175' title='bbox 1318 2659 1386 2716; x_wconf 89' lang='lat' dir='ltr'>ad</span> <span class='ocrx_word' id='word_1_176' title='bbox 1414 2662 1661 2735; x_wconf 79' lang='lat' dir='ltr'>gratiam</span> 
     </span>
     <span class='ocr_line' id='line_1_31' title="bbox 306 2742 1661 2814; baseline 0.012 -27"><span class='ocrx_word' id='word_1_177' title='bbox 306 2755 350 2787; x_wconf 64' lang='lat' dir='ltr'>&lt;c</span> <span class='ocrx_word' id='word_1_178' title='bbox 374 2748 434 2790; x_wconf 90' lang='lat' dir='ltr'>se</span> <span class='ocrx_word' id='word_1_179' title='bbox 475 2751 802 2808; x_wconf 82' lang='lat' dir='ltr'>praeparare</span> <span class='ocrx_word' id='word_1_180' title='bbox 850 2755 970 2796; x_wconf 90' lang='lat' dir='ltr'>non</span> <span class='ocrx_word' id='word_1_181' title='bbox 1009 2742 1203 2814; x_wconf 89' lang='lat' dir='ltr'>possit,</span> <span class='ocrx_word' id='word_1_182' title='bbox 1234 2744 1347 2799; x_wconf 89' lang='lat' dir='ltr'>nisi</span> <span class='ocrx_word' id='word_1_183' title='bbox 1388 2747 1502 2802; x_wconf 90' lang='lat' dir='ltr'>Deo</span> <span class='ocrx_word' id='word_1_184' title='bbox 1528 2761 1661 2802; x_wconf 90' lang='lat' dir='ltr'>eum</span> 
     </span>
     <span class='ocr_line' id='line_1_32' title="bbox 304 2818 1658 2895; baseline 0.013 -26"><span class='ocrx_word' id='word_1_185' title='bbox 304 2837 330 2869; x_wconf 79' lang='grc' dir='ltr'><strong>α</strong></span> <span class='ocrx_word' id='word_1_186' title='bbox 374 2818 778 2890; x_wconf 79' lang='lat' dir='ltr'>praeveniente,</span> <span class='ocrx_word' id='word_1_187' title='bbox 804 2827 860 2879; x_wconf 90' lang='lat' dir='ltr'>et</span> <span class='ocrx_word' id='word_1_188' title='bbox 887 2830 1154 2883; x_wconf 87' lang='lat' dir='ltr'>movente</span> <span class='ocrx_word' id='word_1_189' title='bbox 1178 2825 1247 2882; x_wconf 90' lang='lat' dir='ltr'>ad</span> <span class='ocrx_word' id='word_1_190' title='bbox 1272 2826 1510 2895; x_wconf 90' lang='lat' dir='ltr'>bonum,</span> <span class='ocrx_word' id='word_1_191' title='bbox 1539 2844 1658 2887; x_wconf 89' lang='lat' dir='ltr'>non</span> 
     </span>
     <span class='ocr_line' id='line_1_33' title="bbox 301 2899 1665 2983; baseline 0.011 -30"><span class='ocrx_word' id='word_1_192' title='bbox 301 2920 328 2952; x_wconf 84' lang='lat'>«</span> <span class='ocrx_word' id='word_1_193' title='bbox 373 2899 550 2957; x_wconf 84' lang='lat' dir='ltr'>refert</span> <span class='ocrx_word' id='word_1_194' title='bbox 585 2903 801 2976; x_wconf 87' lang='lat' dir='ltr'>(utique</span> <span class='ocrx_word' id='word_1_195' title='bbox 841 2905 912 2963; x_wconf 91' lang='lat' dir='ltr'>ad</span> <span class='ocrx_word' id='word_1_196' title='bbox 956 2908 1297 2966; x_wconf 86' lang='lat' dir='ltr'>salvandam</span> <span class='ocrx_word' id='word_1_197' title='bbox 1343 2909 1665 2983; x_wconf 72' lang='lat' dir='ltr'>dispositio-⁴</span> 
     </span>
     <span class='ocr_line' id='line_1_34' title="bbox 302 2989 1665 3061; baseline 0.012 -25"><span class='ocrx_word' id='word_1_198' title='bbox 302 3003 326 3033; x_wconf 68' lang='grc' dir='ltr'>κ</span> <span class='ocrx_word' id='word_1_199' title='bbox 375 2998 509 3039; x_wconf 87' lang='lat' dir='ltr'>nem</span> <span class='ocrx_word' id='word_1_200' title='bbox 539 3000 641 3056; x_wconf 88' lang='lat' dir='ltr'>pro</span> <span class='ocrx_word' id='word_1_201' title='bbox 667 2989 871 3060; x_wconf 88' lang='lat' dir='ltr'>gratia,</span> <span class='ocrx_word' id='word_1_202' title='bbox 900 3005 1018 3061; x_wconf 83' lang='lat' dir='ltr'>non</span> <span class='ocrx_word' id='word_1_203' title='bbox 1056 2990 1126 3047; x_wconf 91' lang='lat' dir='ltr'>ad</span> <span class='ocrx_word' id='word_1_204' title='bbox 1167 2992 1512 3049; x_wconf 87' lang='lat' dir='ltr'>salvandum</span> <span class='ocrx_word' id='word_1_205' title='bbox 1535 3010 1665 3052; x_wconf 90' lang='lat' dir='ltr'>mo-</span> 
     </span>
     <span class='ocr_line' id='line_1_35' title="bbox 303 3061 1665 3147; baseline 0.012 -32"><span class='ocrx_word' id='word_1_206' title='bbox 303 3085 327 3115; x_wconf 89' lang='lat'>«</span> <span class='ocrx_word' id='word_1_207' title='bbox 373 3061 533 3136; x_wconf 90' lang='lat' dir='ltr'>dum)</span> <span class='ocrx_word' id='word_1_208' title='bbox 575 3071 767 3123; x_wconf 91' lang='lat' dir='ltr'>utrum</span> <span class='ocrx_word' id='word_1_209' title='bbox 821 3068 1029 3139; x_wconf 89' lang='lat' dir='ltr'>subito,</span> <span class='ocrx_word' id='word_1_210' title='bbox 1087 3074 1179 3128; x_wconf 89' lang='lat' dir='ltr'>vel</span> <span class='ocrx_word' id='word_1_211' title='bbox 1229 3073 1509 3147; x_wconf 88' lang='lat' dir='ltr'>paulatim</span> <span class='ocrx_word' id='word_1_212' title='bbox 1551 3074 1665 3130; x_wconf 88' lang='lat' dir='ltr'>ali-</span> 
     </span>
     <span class='ocr_line' id='line_1_36' title="bbox 305 3145 1667 3228; baseline 0.013 -32"><span class='ocrx_word' id='word_1_213' title='bbox 305 3166 330 3196; x_wconf 79' lang='lat'>«</span> <span class='ocrx_word' id='word_1_214' title='bbox 371 3145 497 3217; x_wconf 91' lang='lat' dir='ltr'>quis</span> <span class='ocrx_word' id='word_1_215' title='bbox 511 3146 580 3203; x_wconf 87' lang='lat' dir='ltr'>ad</span> <span class='ocrx_word' id='word_1_216' title='bbox 605 3149 911 3221; x_wconf 84' lang='lat' dir='ltr'>perfectam</span> <span class='ocrx_word' id='word_1_217' title='bbox 935 3156 1418 3227; x_wconf 80' lang='lat' dir='ltr'>praeparationem</span> <span class='ocrx_word' id='word_1_218' title='bbox 1452 3172 1667 3228; x_wconf 86' lang='lat' dir='ltr'>perve-</span> 
     </span>
     <span class='ocr_line' id='line_1_37' title="bbox 303 3227 1667 3296; baseline 0.01 -16"><span class='ocrx_word' id='word_1_219' title='bbox 303 3247 329 3277; x_wconf 76' lang='grc' dir='ltr'>ι(</span> <span class='ocrx_word' id='word_1_220' title='bbox 377 3227 500 3284; x_wconf 88' lang='lat' dir='ltr'>niat</span> <span class='ocrx_word' id='word_1_221' title='bbox 532 3228 956 3289; x_wconf 85' lang='lat' dir='ltr'>:diciturenim</span> <span class='ocrx_word' id='word_1_222' title='bbox 987 3236 1177 3293; x_wconf 87' lang='lat' dir='ltr'>Eccles</span> <span class='ocrx_word' id='word_1_223' title='bbox 1205 3258 1218 3292; x_wconf 77' lang='lat' dir='ltr'><strong><em>z</em></strong></span> <span class='ocrx_word' id='word_1_224' title='bbox 1253 3240 1338 3294; x_wconf 92' lang='lat' dir='ltr'>ll.</span> <span class='ocrx_word' id='word_1_225' title='bbox 1365 3237 1555 3295; x_wconf 87' lang='lat' dir='ltr'>Facile</span> <span class='ocrx_word' id='word_1_226' title='bbox 1581 3244 1667 3296; x_wconf 91' lang='lat' dir='ltr'>est</span> 
     </span>
     <span class='ocr_line' id='line_1_38' title="bbox 306 3307 1660 3392; baseline 0.012 -31"><span class='ocrx_word' id='word_1_227' title='bbox 306 3328 332 3359; x_wconf 86' lang='lat' dir='ltr'>&lt;t</span> <span class='ocrx_word' id='word_1_228' title='bbox 375 3307 438 3364; x_wconf 91' lang='lat' dir='ltr'>in</span> <span class='ocrx_word' id='word_1_229' title='bbox 468 3310 645 3365; x_wconf 91' lang='lat' dir='ltr'>oculis</span> <span class='ocrx_word' id='word_1_230' title='bbox 658 3313 779 3386; x_wconf 84' lang='lat' dir='ltr'>ejus</span> <span class='ocrx_word' id='word_1_231' title='bbox 800 3313 989 3373; x_wconf 90' lang='lat' dir='ltr'>subito</span> <span class='ocrx_word' id='word_1_232' title='bbox 1013 3316 1314 3375; x_wconf 88' lang='lat' dir='ltr'>honestare</span> <span class='ocrx_word' id='word_1_233' title='bbox 1331 3335 1660 3392; x_wconf 87' lang='lat' dir='ltr'>pauperem.</span> 
     </span>
     <span class='ocr_line' id='line_1_39' title="bbox 307 3391 1667 3473; baseline 0.011 -30"><span class='ocrx_word' id='word_1_234' title='bbox 307 3413 332 3443; x_wconf 86' lang='lat'>«</span> <span class='ocrx_word' id='word_1_235' title='bbox 376 3391 668 3466; x_wconf 84' lang='lat' dir='ltr'>Contingit</span> <span class='ocrx_word' id='word_1_236' title='bbox 715 3400 907 3452; x_wconf 85' lang='lat' dir='ltr'>autem</span> <span class='ocrx_word' id='word_1_237' title='bbox 949 3399 1307 3473; x_wconf 88' lang='lat' dir='ltr'>quandoque,</span> <span class='ocrx_word' id='word_1_238' title='bbox 1339 3401 1490 3473; x_wconf 90' lang='lat' dir='ltr'>quod</span> <span class='ocrx_word' id='word_1_239' title='bbox 1519 3404 1667 3458; x_wconf 92' lang='lat' dir='ltr'>Deus</span> 
     </span>
     <span class='ocr_line' id='line_1_40' title="bbox 307 3467 1667 3555; baseline 0.013 -32"><span class='ocrx_word' id='word_1_240' title='bbox 307 3467 355 3523; x_wconf 70' lang='grc' dir='ltr'>α’</span> <span class='ocrx_word' id='word_1_241' title='bbox 378 3481 572 3531; x_wconf 89' lang='lat' dir='ltr'>movet</span> <span class='ocrx_word' id='word_1_242' title='bbox 598 3477 894 3535; x_wconf 89' lang='lat' dir='ltr'>hominem</span> <span class='ocrx_word' id='word_1_243' title='bbox 927 3480 995 3536; x_wconf 89' lang='lat' dir='ltr'>ad</span> <span class='ocrx_word' id='word_1_244' title='bbox 1025 3483 1254 3555; x_wconf 89' lang='lat' dir='ltr'>aliquod</span> <span class='ocrx_word' id='word_1_245' title='bbox 1278 3484 1516 3551; x_wconf 91' lang='lat' dir='ltr'>bonum,</span> <span class='ocrx_word' id='word_1_246' title='bbox 1550 3500 1667 3541; x_wconf 91' lang='lat' dir='ltr'>non</span> 
     </span>
     <span class='ocr_line' id='line_1_41' title="bbox 312 3556 1668 3638; baseline 0.014 -36"><span class='ocrx_word' id='word_1_247' title='bbox 312 3572 338 3601; x_wconf 73' lang='lat' dir='ltr'>a</span> <span class='ocrx_word' id='word_1_248' title='bbox 380 3556 575 3609; x_wconf 88' lang='lat' dir='ltr'>tamen</span> <span class='ocrx_word' id='word_1_249' title='bbox 624 3557 978 3628; x_wconf 81' lang='lat' dir='ltr'>perfectum3</span> <span class='ocrx_word' id='word_1_250' title='bbox 1028 3567 1083 3617; x_wconf 90' lang='lat' dir='ltr'>et</span> <span class='ocrx_word' id='word_1_251' title='bbox 1141 3564 1272 3619; x_wconf 90' lang='lat' dir='ltr'>talis</span> <span class='ocrx_word' id='word_1_252' title='bbox 1326 3565 1668 3638; x_wconf 84' lang='lat' dir='ltr'>praeparatio</span> 
     </span>
     <span class='ocr_line' id='line_1_42' title="bbox 310 3634 1668 3718; baseline 0.01 -31"><span class='ocrx_word' id='word_1_253' title='bbox 310 3652 336 3688; x_wconf 77' lang='lat' dir='ltr'>&lt;t</span> <span class='ocrx_word' id='word_1_254' title='bbox 379 3634 646 3704; x_wconf 81' lang='lat' dir='ltr'>praecedit</span> <span class='ocrx_word' id='word_1_255' title='bbox 672 3638 939 3711; x_wconf 83' lang='lat' dir='ltr'>gratiam.</span> <span class='ocrx_word' id='word_1_256' title='bbox 967 3640 1073 3696; x_wconf 88' lang='lat' dir='ltr'>Sed</span> <span class='ocrx_word' id='word_1_257' title='bbox 1089 3643 1429 3718; x_wconf 90' lang='lat' dir='ltr'>quandoque</span> <span class='ocrx_word' id='word_1_258' title='bbox 1469 3646 1668 3703; x_wconf 88' lang='lat' dir='ltr'>statim</span> 
     </span>
     <span class='ocr_line' id='line_1_43' title="bbox 310 3714 1668 3793; baseline 0.013 -28"><span class='ocrx_word' id='word_1_259' title='bbox 310 3733 336 3766; x_wconf 75' lang='grc' dir='ltr'><strong>κ</strong></span> <span class='ocrx_word' id='word_1_260' title='bbox 380 3714 624 3784; x_wconf 88' lang='lat' dir='ltr'>perfecte</span> <span class='ocrx_word' id='word_1_261' title='bbox 662 3726 857 3776; x_wconf 86' lang='lat' dir='ltr'>movet</span> <span class='ocrx_word' id='word_1_262' title='bbox 899 3720 1189 3793; x_wconf 82' lang='lat' dir='ltr'>ipsum-ad</span> <span class='ocrx_word' id='word_1_263' title='bbox 1218 3722 1455 3793; x_wconf 88' lang='lat' dir='ltr'>bonum,</span> <span class='ocrx_word' id='word_1_264' title='bbox 1488 3733 1544 3783; x_wconf 89' lang='lat' dir='ltr'>et</span> <span class='ocrx_word' id='word_1_265' title='bbox 1569 3743 1668 3782; x_wconf 90' lang='lat' dir='ltr'>su-</span> 
     </span>
     <span class='ocr_line' id='line_1_44' title="bbox 309 3792 1669 3879; baseline 0.013 -33"><span class='ocrx_word' id='word_1_266' title='bbox 309 3816 335 3846; x_wconf 82' lang='grc' dir='ltr'>α</span> <span class='ocrx_word' id='word_1_267' title='bbox 378 3792 497 3853; x_wconf 90' lang='lat' dir='ltr'>bito</span> <span class='ocrx_word' id='word_1_268' title='bbox 554 3801 801 3873; x_wconf 85' lang='lat' dir='ltr'>gratiam</span> <span class='ocrx_word' id='word_1_269' title='bbox 848 3802 1021 3860; x_wconf 89' lang='lat' dir='ltr'>homo</span> <span class='ocrx_word' id='word_1_270' title='bbox 1073 3806 1295 3879; x_wconf 87' lang='lat' dir='ltr'>accipit,</span> <span class='ocrx_word' id='word_1_271' title='bbox 1352 3809 1669 3866; x_wconf 88' lang='lat' dir='ltr'>secundum</span> 
     </span>
     <span class='ocr_line' id='line_1_45' title="bbox 308 3875 1671 3960; baseline 0.012 -32"><span class='ocrx_word' id='word_1_272' title='bbox 308 3897 333 3927; x_wconf 67' lang='grc' dir='ltr'><strong>α</strong></span> <span class='ocrx_word' id='word_1_273' title='bbox 379 3875 527 3932; x_wconf 86' lang='lat' dir='ltr'>illud</span> <span class='ocrx_word' id='word_1_274' title='bbox 569 3882 734 3941; x_wconf 83' lang='lat' dir='ltr'>Joan.</span> <span class='ocrx_word' id='word_1_275' title='bbox 765 3885 822 3939; x_wconf 84' lang='lat'>6.</span> <span class='ocrx_word' id='word_1_276' title='bbox 853 3886 1055 3941; x_wconf 88' lang='lat' dir='ltr'>Omnis</span> <span class='ocrx_word' id='word_1_277' title='bbox 1094 3888 1193 3960; x_wconf 86' lang='lat' dir='ltr'>qui</span> <span class='ocrx_word' id='word_1_278' title='bbox 1245 3889 1468 3946; x_wconf 88' lang='lat' dir='ltr'>audivit</span> <span class='ocrx_word' id='word_1_279' title='bbox 1496 3907 1529 3947; x_wconf 89' lang='lat' dir='ltr'>a</span> <span class='ocrx_word' id='word_1_280' title='bbox 1557 3892 1671 3945; x_wconf 90' lang='lat' dir='ltr'>Pa-</span> 
     </span>
     <span class='ocr_line' id='line_1_46' title="bbox 311 3962 1669 4031; baseline 0.015 -23"><span class='ocrx_word' id='word_1_281' title='bbox 311 3978 335 4008; x_wconf 78' lang='lat'>«</span> <span class='ocrx_word' id='word_1_282' title='bbox 379 3963 486 4025; x_wconf 89' lang='lat' dir='ltr'>tre,</span> <span class='ocrx_word' id='word_1_283' title='bbox 518 3967 576 4019; x_wconf 89' lang='lat' dir='ltr'>et</span> <span class='ocrx_word' id='word_1_284' title='bbox 596 3962 810 4031; x_wconf 87' lang='lat' dir='ltr'>didicit,</span> <span class='ocrx_word' id='word_1_285' title='bbox 844 3966 1002 4022; x_wconf 89' lang='lat' dir='ltr'>venit</span> <span class='ocrx_word' id='word_1_286' title='bbox 1031 3966 1101 4024; x_wconf 90' lang='lat' dir='ltr'>ad</span> <span class='ocrx_word' id='word_1_287' title='bbox 1138 3985 1250 4026; x_wconf 89' lang='lat' dir='ltr'>me.</span> <span class='ocrx_word' id='word_1_288' title='bbox 1283 3972 1351 4026; x_wconf 87' lang='lat' dir='ltr'>Et</span> <span class='ocrx_word' id='word_1_289' title='bbox 1380 3971 1459 4028; x_wconf 89' lang='lat' dir='ltr'>ita</span> <span class='ocrx_word' id='word_1_290' title='bbox 1486 3972 1669 4029; x_wconf 89' lang='lat' dir='ltr'>conti-</span> 
     </span>
     <span class='ocr_line' id='line_1_47' title="bbox 312 4040 1673 4127; baseline 0.015 -36"><span class='ocrx_word' id='word_1_291' title='bbox 312 4060 338 4091; x_wconf 92' lang='lat'>«</span> <span class='ocrx_word' id='word_1_292' title='bbox 379 4040 462 4113; x_wconf 92' lang='lat' dir='ltr'>git</span> <span class='ocrx_word' id='word_1_293' title='bbox 490 4044 684 4112; x_wconf 86' lang='lat' dir='ltr'>Paulo,</span> <span class='ocrx_word' id='word_1_294' title='bbox 716 4046 1067 4119; x_wconf 71' lang='lat' dir='ltr'>quia-subito</span> <span class='ocrx_word' id='word_1_295' title='bbox 1102 4066 1234 4106; x_wconf 91' lang='lat' dir='ltr'>cum</span> <span class='ocrx_word' id='word_1_296' title='bbox 1281 4059 1427 4109; x_wconf 88' lang='lat' dir='ltr'>esset</span> <span class='ocrx_word' id='word_1_297' title='bbox 1454 4054 1518 4110; x_wconf 91' lang='lat' dir='ltr'>in</span> <span class='ocrx_word' id='word_1_298' title='bbox 1548 4070 1673 4127; x_wconf 91' lang='lat' dir='ltr'>pro-</span> 
     </span>
     <span class='ocr_line' id='line_1_48' title="bbox 309 4128 1674 4202; baseline 0.01 -23"><span class='ocrx_word' id='word_1_299' title='bbox 309 4141 335 4173; x_wconf 82' lang='lat'><strong>«</strong></span> <span class='ocrx_word' id='word_1_300' title='bbox 373 4140 571 4201; x_wconf 89' lang='lat' dir='ltr'>gressu</span> <span class='ocrx_word' id='word_1_301' title='bbox 612 4128 842 4201; x_wconf 88' lang='lat' dir='ltr'>peccati,</span> <span class='ocrx_word' id='word_1_302' title='bbox 896 4129 1141 4202; x_wconf 88' lang='lat' dir='ltr'>perfecte</span> <span class='ocrx_word' id='word_1_303' title='bbox 1183 4139 1407 4190; x_wconf 90' lang='lat' dir='ltr'>motum</span> <span class='ocrx_word' id='word_1_304' title='bbox 1448 4142 1534 4192; x_wconf 91' lang='lat' dir='ltr'>est</span> <span class='ocrx_word' id='word_1_305' title='bbox 1579 4152 1674 4192; x_wconf 90' lang='lat' dir='ltr'>cor</span> 
     </span>
     <span class='ocr_line' id='line_1_49' title="bbox 311 4209 1676 4283; baseline 0.008 -21"><span class='ocrx_word' id='word_1_306' title='bbox 311 4229 338 4262; x_wconf 72' lang='grc' dir='ltr'><strong>α</strong></span> <span class='ocrx_word' id='word_1_307' title='bbox 383 4209 505 4283; x_wconf 90' lang='lat' dir='ltr'>ejus</span> <span class='ocrx_word' id='word_1_308' title='bbox 546 4224 578 4264; x_wconf 98' lang='lat' dir='ltr'>a</span> <span class='ocrx_word' id='word_1_309' title='bbox 617 4212 748 4276; x_wconf 90' lang='lat' dir='ltr'>Deo,</span> <span class='ocrx_word' id='word_1_310' title='bbox 781 4209 1086 4281; x_wconf 80' lang='lat' dir='ltr'>audiendo,</span> <span class='ocrx_word' id='word_1_311' title='bbox 1121 4219 1176 4270; x_wconf 89' lang='lat' dir='ltr'>et</span> <span class='ocrx_word' id='word_1_312' title='bbox 1221 4215 1584 4280; x_wconf 89' lang='lat' dir='ltr'>addiscendo.</span> <span class='ocrx_word' id='word_1_313' title='bbox 1617 4223 1676 4275; x_wconf 89' lang='lat' dir='ltr'>et</span> 
     </span>
     <span class='ocr_line' id='line_1_50' title="bbox 311 4287 1674 4372; baseline 0.01 -31"><span class='ocrx_word' id='word_1_314' title='bbox 311 4309 338 4341; x_wconf 88' lang='lat'><strong><em>«</em></strong></span> <span class='ocrx_word' id='word_1_315' title='bbox 378 4287 704 4351; x_wconf 80' lang='lat' dir='ltr'>veniend03</span> <span class='ocrx_word' id='word_1_316' title='bbox 749 4296 805 4347; x_wconf 90' lang='lat' dir='ltr'>et</span> <span class='ocrx_word' id='word_1_317' title='bbox 856 4290 986 4349; x_wconf 91' lang='lat' dir='ltr'>ideo</span> <span class='ocrx_word' id='word_1_318' title='bbox 1051 4292 1242 4351; x_wconf 88' lang='lat' dir='ltr'>subito</span> <span class='ocrx_word' id='word_1_319' title='bbox 1288 4302 1374 4354; x_wconf 88' lang='lat' dir='ltr'>est</span> <span class='ocrx_word' id='word_1_320' title='bbox 1425 4298 1674 4372; x_wconf 85' lang='lat' dir='ltr'>gratiam</span> 
     </span>
     <span class='ocr_line' id='line_1_51' title="bbox 313 4374 1670 4448; baseline 0.01 -24"><span class='ocrx_word' id='word_1_321' title='bbox 313 4392 339 4424; x_wconf 79' lang='grc' dir='ltr'><strong>α</strong></span> <span class='ocrx_word' id='word_1_322' title='bbox 381 4376 781 4442; x_wconf 79' lang='lat' dir='ltr'>consequutus,</span> <span class='ocrx_word' id='word_1_323' title='bbox 827 4392 852 4423; x_wconf 83' lang='grc'>»</span> <span class='ocrx_word' id='word_1_324' title='bbox 900 4375 969 4428; x_wconf 89' lang='lat' dir='ltr'>Et</span> <span class='ocrx_word' id='word_1_325' title='bbox 1014 4374 1235 4432; x_wconf 86' lang='lat' dir='ltr'>similia</span> <span class='ocrx_word' id='word_1_326' title='bbox 1288 4378 1457 4435; x_wconf 90' lang='lat' dir='ltr'>habet</span> <span class='ocrx_word' id='word_1_327' title='bbox 1509 4382 1570 4435; x_wconf 83' lang='lat' dir='ltr'>in</span> <span class='ocrx_word' id='word_1_328' title='bbox 1614 4383 1670 4448; x_wconf 89' lang='grc'>4,</span> 
     </span>
     <span class='ocr_line' id='line_1_52' title="bbox 306 4452 1670 4533; baseline 0.008 -26"><span class='ocrx_word' id='word_1_329' title='bbox 306 4452 435 4508; x_wconf 77' lang='lat' dir='ltr'>dist.</span> <span class='ocrx_word' id='word_1_330' title='bbox 465 4453 548 4516; x_wconf 88' lang='lat'>17,</span> <span class='ocrx_word' id='word_1_331' title='bbox 576 4453 821 4528; x_wconf 77' lang='lat' dir='ltr'>quaest.l,</span> <span class='ocrx_word' id='word_1_332' title='bbox 853 4461 962 4510; x_wconf 83' lang='lat' dir='ltr'>art.</span> <span class='ocrx_word' id='word_1_333' title='bbox 995 4457 1050 4521; x_wconf 86' lang='grc'>2,</span> <span class='ocrx_word' id='word_1_334' title='bbox 1083 4460 1403 4533; x_wconf 59' lang='lat' dir='ltr'>quantiano.</span> <span class='ocrx_word' id='word_1_335' title='bbox 1443 4462 1488 4527; x_wconf 91' lang='lat'>1,</span> <span class='ocrx_word' id='word_1_336' title='bbox 1516 4461 1592 4516; x_wconf 87' lang='lat' dir='ltr'>ad</span> <span class='ocrx_word' id='word_1_337' title='bbox 1614 4462 1670 4518; x_wconf 84' lang='lat'>4.</span> 
     </span>
     <span class='ocr_line' id='line_1_53' title="bbox 309 4533 1669 4615; baseline 0.009 -27"><span class='ocrx_word' id='word_1_338' title='bbox 309 4535 383 4588; x_wconf 85' lang='lat' dir='ltr'>Et</span> <span class='ocrx_word' id='word_1_339' title='bbox 407 4535 466 4589; x_wconf 85' lang='lat' dir='ltr'>in</span> <span class='ocrx_word' id='word_1_340' title='bbox 485 4533 666 4588; x_wconf 74' lang='lat' dir='ltr'>eodem</span> <span class='ocrx_word' id='word_1_341' title='bbox 687 4535 742 4599; x_wconf 87' lang='grc'>4,</span> <span class='ocrx_word' id='word_1_342' title='bbox 775 4534 910 4591; x_wconf 73' lang='grc' dir='ltr'><strong><em>ἀίει.</em></strong></span> <span class='ocrx_word' id='word_1_343' title='bbox 939 4539 993 4602; x_wconf 90' lang='grc'>4,</span> <span class='ocrx_word' id='word_1_344' title='bbox 1021 4548 1206 4615; x_wconf 60' lang='lat' dir='ltr'>quast.</span> <span class='ocrx_word' id='word_1_345' title='bbox 1232 4541 1284 4608; x_wconf 88' lang='lat'>3,</span> <span class='ocrx_word' id='word_1_346' title='bbox 1319 4550 1433 4597; x_wconf 78' lang='lat' dir='ltr'>art.</span> <span class='ocrx_word' id='word_1_347' title='bbox 1455 4546 1492 4599; x_wconf 92' lang='grc'>2</span> <span class='ocrx_word' id='word_1_348' title='bbox 1519 4543 1595 4599; x_wconf 83' lang='lat' dir='ltr'>ad</span> <span class='ocrx_word' id='word_1_349' title='bbox 1613 4544 1669 4610; x_wconf 84' lang='lat'>3,</span> 
     </span>
     <span class='ocr_line' id='line_1_54' title="bbox 307 4612 1678 4695; baseline 0.007 -25"><span class='ocrx_word' id='word_1_350' title='bbox 307 4612 408 4671; x_wconf 92' lang='lat' dir='ltr'>ubi</span> <span class='ocrx_word' id='word_1_351' title='bbox 435 4612 613 4680; x_wconf 88' lang='lat' dir='ltr'>docet,</span> <span class='ocrx_word' id='word_1_352' title='bbox 639 4613 790 4685; x_wconf 89' lang='lat' dir='ltr'>quod</span> <span class='ocrx_word' id='word_1_353' title='bbox 818 4617 965 4673; x_wconf 90' lang='lat' dir='ltr'>Deus</span> <span class='ocrx_word' id='word_1_354' title='bbox 992 4620 1169 4675; x_wconf 91' lang='lat' dir='ltr'>etiam</span> <span class='ocrx_word' id='word_1_355' title='bbox 1206 4621 1269 4676; x_wconf 89' lang='lat' dir='ltr'>in</span> <span class='ocrx_word' id='word_1_356' title='bbox 1304 4622 1414 4689; x_wconf 91' lang='lat' dir='ltr'>his,</span> <span class='ocrx_word' id='word_1_357' title='bbox 1446 4640 1571 4695; x_wconf 80' lang='lat' dir='ltr'>quae</span> <span class='ocrx_word' id='word_1_358' title='bbox 1606 4623 1678 4681; x_wconf 91' lang='lat' dir='ltr'>ad</span> 
     </span>
     <span class='ocr_line' id='line_1_55' title="bbox 307 4694 1680 4777; baseline 0.009 -27"><span class='ocrx_word' id='word_1_359' title='bbox 307 4694 557 4772; x_wconf 87' lang='lat' dir='ltr'>gratiam</span> <span class='ocrx_word' id='word_1_360' title='bbox 596 4696 905 4767; x_wconf 88' lang='lat' dir='ltr'>pertinent,</span> <span class='ocrx_word' id='word_1_361' title='bbox 958 4722 984 4752; x_wconf 80' lang='grc' dir='ltr'>α</span> <span class='ocrx_word' id='word_1_362' title='bbox 1033 4700 1370 4775; x_wconf 88' lang='lat' dir='ltr'>quandoque</span> <span class='ocrx_word' id='word_1_363' title='bbox 1409 4711 1680 4777; x_wconf 89' lang='lat' dir='ltr'>operatur</span> 
     </span>
     <span class='ocr_line' id='line_1_56' title="bbox 314 4777 1680 4856; baseline 0.009 -26"><span class='ocrx_word' id='word_1_364' title='bbox 314 4799 341 4830; x_wconf 77' lang='grc' dir='ltr'><strong>α</strong></span> <span class='ocrx_word' id='word_1_365' title='bbox 363 4782 570 4851; x_wconf 67' lang='lat' dir='ltr'>prester</span> <span class='ocrx_word' id='word_1_366' title='bbox 591 4777 776 4850; x_wconf 87' lang='lat' dir='ltr'>legem</span> <span class='ocrx_word' id='word_1_367' title='bbox 790 4782 1012 4837; x_wconf 84' lang='lat' dir='ltr'>naturae</span> <span class='ocrx_word' id='word_1_368' title='bbox 1036 4781 1197 4850; x_wconf 77' lang='lat' dir='ltr'>»(hoc</span> <span class='ocrx_word' id='word_1_369' title='bbox 1217 4792 1302 4838; x_wconf 86' lang='lat' dir='ltr'>est</span> <span class='ocrx_word' id='word_1_370' title='bbox 1323 4792 1528 4856; x_wconf 77' lang='lat' dir='ltr'>praeter</span> <span class='ocrx_word' id='word_1_371' title='bbox 1551 4802 1680 4842; x_wconf 91' lang='lat' dir='ltr'>mo-</span> 
     </span>
     <span class='ocr_line' id='line_1_57' title="bbox 307 4857 1681 4934; baseline 0.007 -19"><span class='ocrx_word' id='word_1_372' title='bbox 307 4857 452 4915; x_wconf 88' lang='lat' dir='ltr'>dum</span> <span class='ocrx_word' id='word_1_373' title='bbox 473 4857 672 4932; x_wconf 80' lang='lat' dir='ltr'>gratiae</span> <span class='ocrx_word' id='word_1_374' title='bbox 694 4864 1178 4934; x_wconf 90' lang='lat' dir='ltr'>connaturalem,)</span> <span class='ocrx_word' id='word_1_375' title='bbox 1198 4886 1223 4917; x_wconf 72' lang='grc' dir='ltr'>ε(</span> <span class='ocrx_word' id='word_1_376' title='bbox 1255 4864 1400 4921; x_wconf 89' lang='lat' dir='ltr'>sicut</span> <span class='ocrx_word' id='word_1_377' title='bbox 1419 4872 1475 4923; x_wconf 88' lang='lat' dir='ltr'>et</span> <span class='ocrx_word' id='word_1_378' title='bbox 1494 4867 1681 4923; x_wconf 90' lang='lat' dir='ltr'>mira-</span> 
     </span>
    </p>
   </div>
   <div class='ocr_carea' id='block_1_6' title="bbox 314 4938 1684 5012">
    <p class='ocr_par' dir='ltr' id='par_1_6' title="bbox 314 4938 1684 5012">
     <span class='ocr_line' id='line_1_58' title="bbox 314 4938 1684 5012; baseline 0.007 -18"><span class='ocrx_word' id='word_1_379' title='bbox 314 4962 344 4994; x_wconf 77' lang='lat'>«</span> <span class='ocrx_word' id='word_1_380' title='bbox 366 4938 496 4996; x_wconf 90' lang='lat' dir='ltr'>cula</span> <span class='ocrx_word' id='word_1_381' title='bbox 508 4938 643 4995; x_wconf 85' lang='lat' dir='ltr'>facit</span> <span class='ocrx_word' id='word_1_382' title='bbox 663 4944 871 5012; x_wconf 81' lang='lat' dir='ltr'>praeter</span> <span class='ocrx_word' id='word_1_383' title='bbox 886 4944 1137 5002; x_wconf 90' lang='lat' dir='ltr'>rationes</span> <span class='ocrx_word' id='word_1_384' title='bbox 1150 4947 1480 5005; x_wconf 79' lang='lat' dir='ltr'>seminales,</span> <span class='ocrx_word' id='word_1_385' title='bbox 1497 4949 1565 5005; x_wconf 91' lang='lat' dir='ltr'>Et</span> <span class='ocrx_word' id='word_1_386' title='bbox 1581 4947 1684 5004; x_wconf 92' lang='lat' dir='ltr'>hu-</span> 
     </span>
    </p>
   </div>
   <div class='ocr_carea' id='block_1_7' title="bbox 307 5015 1678 5101">
    <p class='ocr_par' dir='ltr' id='par_1_7' title="bbox 307 5015 1678 5101">
     <span class='ocr_line' id='line_1_59' title="bbox 307 5015 1678 5101; baseline 0.007 -27"><span class='ocrx_word' id='word_1_387' title='bbox 307 5015 345 5074; x_wconf 68' lang='grc' dir='ltr'><em>ἀ</em></span> <span class='ocrx_word' id='word_1_388' title='bbox 363 5017 618 5097; x_wconf 80' lang='lat' dir='ltr'>jusmodi</span> <span class='ocrx_word' id='word_1_389' title='bbox 633 5024 720 5077; x_wconf 89' lang='lat' dir='ltr'>est</span> <span class='ocrx_word' id='word_1_390' title='bbox 733 5024 1086 5093; x_wconf 89' lang='lat' dir='ltr'>permutatio</span> <span class='ocrx_word' id='word_1_391' title='bbox 1101 5025 1415 5085; x_wconf 85' lang='lat' dir='ltr'>voluntatis</span> <span class='ocrx_word' id='word_1_392' title='bbox 1451 5042 1678 5101; x_wconf 85' lang='lat' dir='ltr'>eorum,</span> 
     </span>
    </p>
   </div>
   <div class='ocr_carea' id='block_1_8' title="bbox 1787 533 3384 5103">
    <p class='ocr_par' dir='ltr' id='par_1_8' title="bbox 1794 533 3159 757">
     <span class='ocr_line' id='line_1_60' title="bbox 1795 533 3159 608; baseline 0.011 -25"><span class='ocrx_word' id='word_1_393' title='bbox 1795 552 1822 583; x_wconf 79' lang='grc' dir='ltr'><strong>α</strong></span> <span class='ocrx_word' id='word_1_394' title='bbox 1867 533 1965 607; x_wconf 90' lang='lat' dir='ltr'>qui</span> <span class='ocrx_word' id='word_1_395' title='bbox 2014 534 2214 608; x_wconf 75' lang='lat' dir='ltr'>gratias</span> <span class='ocrx_word' id='word_1_396' title='bbox 2258 538 2611 595; x_wconf 88' lang='lat' dir='ltr'>contrariam</span> <span class='ocrx_word' id='word_1_397' title='bbox 2654 540 3012 598; x_wconf 87' lang='lat' dir='ltr'>voluntatem</span> <span class='ocrx_word' id='word_1_398' title='bbox 3050 542 3159 598; x_wconf 87' lang='lat' dir='ltr'>ha·-</span> 
     </span>
     <span class='ocr_line' id='line_1_61' title="bbox 1797 615 3158 685; baseline 0.007 -16"><span class='ocrx_word' id='word_1_399' title='bbox 1797 637 1825 669; x_wconf 83' lang='lat'>«</span> <span class='ocrx_word' id='word_1_400' title='bbox 1862 615 2013 679; x_wconf 90' lang='lat' dir='ltr'>bent,</span> <span class='ocrx_word' id='word_1_401' title='bbox 2047 632 2165 673; x_wconf 91' lang='lat' dir='ltr'>non</span> <span class='ocrx_word' id='word_1_402' title='bbox 2188 618 2378 675; x_wconf 89' lang='lat' dir='ltr'>solum</span> <span class='ocrx_word' id='word_1_403' title='bbox 2413 619 2632 685; x_wconf 91' lang='lat' dir='ltr'>habitu,</span> <span class='ocrx_word' id='word_1_404' title='bbox 2658 621 2755 677; x_wconf 88' lang='lat' dir='ltr'>sed</span> <span class='ocrx_word' id='word_1_405' title='bbox 2778 624 2953 680; x_wconf 91' lang='lat' dir='ltr'>etiam</span> <span class='ocrx_word' id='word_1_406' title='bbox 2983 629 3108 680; x_wconf 86' lang='lat' dir='ltr'>actu</span> <span class='ocrx_word' id='word_1_407' title='bbox 3144 645 3158 679; x_wconf 70' lang='grc' dir='ltr'><strong><em>ε</em></strong></span> 
     </span>
     <span class='ocr_line' id='line_1_62' title="bbox 1794 696 2785 757; baseline 0.006 -9"><span class='ocrx_word' id='word_1_408' title='bbox 1794 716 1821 748; x_wconf 83' lang='grc'><strong>«</strong></span> <span class='ocrx_word' id='word_1_409' title='bbox 1865 696 2010 752; x_wconf 89' lang='lat' dir='ltr'>sicut</span> <span class='ocrx_word' id='word_1_410' title='bbox 2044 698 2223 754; x_wconf 86' lang='lat' dir='ltr'>Paulo</span> <span class='ocrx_word' id='word_1_411' title='bbox 2245 699 2448 755; x_wconf 88' lang='lat' dir='ltr'>accidit</span> <span class='ocrx_word' id='word_1_412' title='bbox 2468 704 2593 757; x_wconf 88' lang='lat' dir='ltr'>Act.</span> <span class='ocrx_word' id='word_1_413' title='bbox 2626 702 2711 755; x_wconf 91' lang='lat'>10.</span> <span class='ocrx_word' id='word_1_414' title='bbox 2761 723 2785 754; x_wconf 72' lang='lat'>&gt;2</span> 
     </span>
    </p>

    <p class='ocr_par' dir='ltr' id='par_1_9' title="bbox 1787 777 3373 2898">
     <span class='ocr_line' id='line_1_63' title="bbox 1866 777 3362 866; baseline 0.004 -32"><span class='ocrx_word' id='word_1_415' title='bbox 1866 777 2256 835; x_wconf 85' lang='lat' dir='ltr'>Confirmatur</span> <span class='ocrx_word' id='word_1_416' title='bbox 2290 781 2561 851; x_wconf 88' lang='lat' dir='ltr'>secundo,</span> <span class='ocrx_word' id='word_1_417' title='bbox 2592 783 2728 856; x_wconf 87' lang='lat' dir='ltr'>quia</span> <span class='ocrx_word' id='word_1_418' title='bbox 2767 783 2837 839; x_wconf 92' lang='lat' dir='ltr'>ad</span> <span class='ocrx_word' id='word_1_419' title='bbox 2880 782 3162 858; x_wconf 87' lang='lat' dir='ltr'>justifica·</span> <span class='ocrx_word' id='word_1_420' title='bbox 3176 807 3362 866; x_wconf 61' lang='lat' dir='ltr'>Fulcitur</span> 
     </span>
     <span class='ocr_line' id='line_1_64' title="bbox 1790 857 3373 938; baseline 0.005 -25"><span class='ocrx_word' id='word_1_421' title='bbox 1790 858 2010 914; x_wconf 89' lang='lat' dir='ltr'>tionem</span> <span class='ocrx_word' id='word_1_422' title='bbox 2039 859 2208 933; x_wconf 88' lang='lat' dir='ltr'>impii</span> <span class='ocrx_word' id='word_1_423' title='bbox 2234 860 2440 918; x_wconf 86' lang='lat' dir='ltr'>factam</span> <span class='ocrx_word' id='word_1_424' title='bbox 2456 864 2769 920; x_wconf 90' lang='lat' dir='ltr'>secundum</span> <span class='ocrx_word' id='word_1_425' title='bbox 2790 865 3025 922; x_wconf 91' lang='lat' dir='ltr'>modum</span> <span class='ocrx_word' id='word_1_426' title='bbox 3047 865 3161 938; x_wconf 89' lang='lat' dir='ltr'>ipsi</span> <span class='ocrx_word' id='word_1_427' title='bbox 3182 857 3373 911; x_wconf 74' lang='lat' dir='ltr'>amptius.</span> 
     </span>
     <span class='ocr_line' id='line_1_65' title="bbox 1791 942 3161 1005; baseline 0.005 -8"><span class='ocrx_word' id='word_1_428' title='bbox 1791 944 2232 999; x_wconf 85' lang='lat' dir='ltr'>connaturalem</span> <span class='ocrx_word' id='word_1_429' title='bbox 2261 942 2620 1003; x_wconf 88' lang='lat' dir='ltr'>desideratur</span> <span class='ocrx_word' id='word_1_430' title='bbox 2656 953 2811 1004; x_wconf 90' lang='lat' dir='ltr'>actus</span> <span class='ocrx_word' id='word_1_431' title='bbox 2851 946 2985 1004; x_wconf 88' lang='lat' dir='ltr'>fidei</span> <span class='ocrx_word' id='word_1_432' title='bbox 3020 970 3033 1003; x_wconf 78' lang='lat' dir='ltr'><strong><em>z</em></strong></span> <span class='ocrx_word' id='word_1_433' title='bbox 3062 947 3161 1005; x_wconf 90' lang='lat' dir='ltr'>sed</span> 
     </span>
     <span class='ocr_line' id='line_1_66' title="bbox 1790 1023 3163 1104; baseline 0.006 -24"><span class='ocrx_word' id='word_1_434' title='bbox 1790 1023 1885 1081; x_wconf 88' lang='lat' dir='ltr'>hic</span> <span class='ocrx_word' id='word_1_435' title='bbox 1943 1032 2098 1082; x_wconf 89' lang='lat' dir='ltr'>actus</span> <span class='ocrx_word' id='word_1_436' title='bbox 2133 1030 2592 1086; x_wconf 89' lang='lat' dir='ltr'>connaturaliter</span> <span class='ocrx_word' id='word_1_437' title='bbox 2637 1032 2887 1103; x_wconf 86' lang='lat' dir='ltr'>exposcit</span> <span class='ocrx_word' id='word_1_438' title='bbox 2941 1032 3163 1104; x_wconf 88' lang='lat' dir='ltr'>aliquas</span> 
     </span>
     <span class='ocr_line' id='line_1_67' title="bbox 1790 1108 3164 1186; baseline 0.004 -23"><span class='ocrx_word' id='word_1_439' title='bbox 1790 1108 2241 1180; x_wconf 78' lang='lat' dir='ltr'>praeparationes</span> <span class='ocrx_word' id='word_1_440' title='bbox 2279 1114 2536 1183; x_wconf 89' lang='lat' dir='ltr'>tempore</span> <span class='ocrx_word' id='word_1_441' title='bbox 2575 1112 2969 1168; x_wconf 88' lang='lat' dir='ltr'>antecedentes</span> <span class='ocrx_word' id='word_1_442' title='bbox 2993 1128 3164 1186; x_wconf 90' lang='lat' dir='ltr'>:ergo</span> 
     </span>
     <span class='ocr_line' id='line_1_68' title="bbox 1788 1189 3169 1264; baseline 0.003 -20"><span class='ocrx_word' id='word_1_443' title='bbox 1788 1204 1926 1244; x_wconf 90' lang='lat' dir='ltr'>cum</span> <span class='ocrx_word' id='word_1_444' title='bbox 1959 1189 2175 1244; x_wconf 87' lang='lat' dir='ltr'>Paulus</span> <span class='ocrx_word' id='word_1_445' title='bbox 2226 1189 2419 1245; x_wconf 84' lang='lat' dir='ltr'>nullas</span> <span class='ocrx_word' id='word_1_446' title='bbox 2460 1191 2861 1264; x_wconf 88' lang='lat' dir='ltr'>dispositiones</span> <span class='ocrx_word' id='word_1_447' title='bbox 2901 1192 3169 1249; x_wconf 89' lang='lat' dir='ltr'>habuerit</span> 
     </span>
     <span class='ocr_line' id='line_1_69' title="bbox 1791 1270 3166 1344; baseline 0.004 -20"><span class='ocrx_word' id='word_1_448' title='bbox 1791 1274 1924 1325; x_wconf 87' lang='lat' dir='ltr'>ante</span> <span class='ocrx_word' id='word_1_449' title='bbox 1962 1284 2128 1325; x_wconf 91' lang='lat' dir='ltr'>suam</span> <span class='ocrx_word' id='word_1_450' title='bbox 2156 1270 2613 1338; x_wconf 88' lang='lat' dir='ltr'>conversionem,</span> <span class='ocrx_word' id='word_1_451' title='bbox 2639 1289 2763 1344; x_wconf 80' lang='lat' dir='ltr'>quae</span> <span class='ocrx_word' id='word_1_452' title='bbox 2786 1271 2858 1328; x_wconf 90' lang='lat' dir='ltr'>ad</span> <span class='ocrx_word' id='word_1_453' title='bbox 2887 1272 3082 1341; x_wconf 88' lang='lat' dir='ltr'>fidem,</span> <span class='ocrx_word' id='word_1_454' title='bbox 3109 1279 3166 1329; x_wconf 91' lang='lat' dir='ltr'>et</span> 
     </span>
     <span class='ocr_line' id='line_1_70' title="bbox 1787 1350 3161 1429; baseline 0.005 -24"><span class='ocrx_word' id='word_1_455' title='bbox 1787 1352 2037 1425; x_wconf 88' lang='lat' dir='ltr'>gratiam</span> <span class='ocrx_word' id='word_1_456' title='bbox 2064 1350 2468 1419; x_wconf 87' lang='lat' dir='ltr'>conducerent,</span> <span class='ocrx_word' id='word_1_457' title='bbox 2495 1351 2593 1409; x_wconf 89' lang='lat' dir='ltr'>sed</span> <span class='ocrx_word' id='word_1_458' title='bbox 2621 1356 2809 1427; x_wconf 90' lang='lat' dir='ltr'>potius</span> <span class='ocrx_word' id='word_1_459' title='bbox 2838 1356 3161 1429; x_wconf 88' lang='lat' dir='ltr'>oppositam</span> 
     </span>
     <span class='ocr_line' id='line_1_71' title="bbox 1790 1430 3161 1509; baseline 0.004 -21"><span class='ocrx_word' id='word_1_460' title='bbox 1790 1430 2327 1504; x_wconf 88' lang='lat' dir='ltr'>indispositionem;</span> <span class='ocrx_word' id='word_1_461' title='bbox 2357 1434 2618 1505; x_wconf 88' lang='lat' dir='ltr'>sequitur</span> <span class='ocrx_word' id='word_1_462' title='bbox 2646 1437 2975 1509; x_wconf 66' lang='lat' dir='ltr'>praedictam</span> <span class='ocrx_word' id='word_1_463' title='bbox 3020 1453 3161 1493; x_wconf 91' lang='lat' dir='ltr'>con-</span> 
     </span>
     <span class='ocr_line' id='line_1_72' title="bbox 1791 1513 3163 1576; baseline 0.004 -6"><span class='ocrx_word' id='word_1_464' title='bbox 1791 1513 2118 1570; x_wconf 88' lang='lat' dir='ltr'>versionem</span> <span class='ocrx_word' id='word_1_465' title='bbox 2135 1530 2252 1571; x_wconf 91' lang='lat' dir='ltr'>non</span> <span class='ocrx_word' id='word_1_466' title='bbox 2272 1514 2446 1571; x_wconf 86' lang='lat' dir='ltr'>fuisse</span> <span class='ocrx_word' id='word_1_467' title='bbox 2470 1515 2679 1573; x_wconf 87' lang='lat' dir='ltr'>factam</span> <span class='ocrx_word' id='word_1_468' title='bbox 2700 1517 3018 1575; x_wconf 89' lang='lat' dir='ltr'>secundum</span> <span class='ocrx_word' id='word_1_469' title='bbox 3043 1534 3163 1576; x_wconf 93' lang='lat' dir='ltr'>mo-</span> 
     </span>
     <span class='ocr_line' id='line_1_73' title="bbox 1790 1596 3157 1675; baseline 0.004 -24"><span class='ocrx_word' id='word_1_470' title='bbox 1790 1596 1929 1652; x_wconf 91' lang='lat' dir='ltr'>dum</span> <span class='ocrx_word' id='word_1_471' title='bbox 1951 1598 2385 1655; x_wconf 87' lang='lat' dir='ltr'>connaturalem</span> <span class='ocrx_word' id='word_1_472' title='bbox 2432 1598 2591 1655; x_wconf 90' lang='lat' dir='ltr'>intra</span> <span class='ocrx_word' id='word_1_473' title='bbox 2631 1600 2898 1658; x_wconf 91' lang='lat' dir='ltr'>ordinem</span> <span class='ocrx_word' id='word_1_474' title='bbox 2936 1601 3157 1675; x_wconf 85' lang='lat' dir='ltr'>gratiae,</span> 
     </span>
     <span class='ocr_line' id='line_1_74' title="bbox 1792 1676 3163 1750; baseline 0.005 -17"><span class='ocrx_word' id='word_1_475' title='bbox 1792 1683 1958 1750; x_wconf 88' lang='lat' dir='ltr'>atque</span> <span class='ocrx_word' id='word_1_476' title='bbox 2014 1676 2142 1734; x_wconf 88' lang='lat' dir='ltr'>ideo</span> <span class='ocrx_word' id='word_1_477' title='bbox 2197 1678 2375 1734; x_wconf 83' lang='lat' dir='ltr'>fuisse</span> <span class='ocrx_word' id='word_1_478' title='bbox 2441 1681 2872 1739; x_wconf 84' lang='lat' dir='ltr'>miraculosam.</span> <span class='ocrx_word' id='word_1_479' title='bbox 2950 1684 3163 1740; x_wconf 79' lang='lat' dir='ltr'>Caetera</span> 
     </span>
     <span class='ocr_line' id='line_1_75' title="bbox 1789 1761 3164 1838; baseline 0.004 -22"><span class='ocrx_word' id='word_1_480' title='bbox 1789 1766 2071 1826; x_wconf 89' lang='lat' dir='ltr'>constant,</span> <span class='ocrx_word' id='word_1_481' title='bbox 2092 1766 2147 1817; x_wconf 89' lang='lat' dir='ltr'>et</span> <span class='ocrx_word' id='word_1_482' title='bbox 2162 1762 2358 1818; x_wconf 89' lang='lat' dir='ltr'>minor</span> <span class='ocrx_word' id='word_1_483' title='bbox 2379 1761 2653 1820; x_wconf 86' lang='lat' dir='ltr'>suadetur</span> <span class='ocrx_word' id='word_1_484' title='bbox 2681 1786 2694 1820; x_wconf 90' lang='lat'>:</span> <span class='ocrx_word' id='word_1_485' title='bbox 2721 1770 2841 1820; x_wconf 91' lang='lat' dir='ltr'>tum</span> <span class='ocrx_word' id='word_1_486' title='bbox 2864 1766 3000 1838; x_wconf 88' lang='lat' dir='ltr'>quia</span> <span class='ocrx_word' id='word_1_487' title='bbox 3022 1764 3164 1825; x_wconf 88' lang='lat' dir='ltr'>fides</span> 
     </span>
     <span class='ocr_line' id='line_1_76' title="bbox 1790 1843 3164 1919; baseline 0.006 -20"><span class='ocrx_word' id='word_1_488' title='bbox 1790 1843 2246 1901; x_wconf 87' lang='lat' dir='ltr'>connaturaliter</span> <span class='ocrx_word' id='word_1_489' title='bbox 2291 1852 2602 1919; x_wconf 88' lang='lat' dir='ltr'>generatur</span> <span class='ocrx_word' id='word_1_490' title='bbox 2640 1863 2711 1903; x_wconf 85' lang='lat' dir='ltr'>ex</span> <span class='ocrx_word' id='word_1_491' title='bbox 2769 1848 2986 1916; x_wconf 91' lang='lat' dir='ltr'>auditu,</span> <span class='ocrx_word' id='word_1_492' title='bbox 3039 1851 3164 1908; x_wconf 88' lang='lat' dir='ltr'>sive</span> 
     </span>
     <span class='ocr_line' id='line_1_77' title="bbox 1792 1926 3161 2001; baseline 0.004 -19"><span class='ocrx_word' id='word_1_493' title='bbox 1792 1942 1896 2000; x_wconf 87' lang='lat' dir='ltr'>per</span> <span class='ocrx_word' id='word_1_494' title='bbox 1944 1931 2245 1983; x_wconf 83' lang='lat' dir='ltr'>externam</span> <span class='ocrx_word' id='word_1_495' title='bbox 2299 1926 2783 2000; x_wconf 82' lang='lat' dir='ltr'>praedicationem,</span> <span class='ocrx_word' id='word_1_496' title='bbox 2835 1947 2959 2001; x_wconf 79' lang='lat' dir='ltr'>quae</span> <span class='ocrx_word' id='word_1_497' title='bbox 3009 1937 3161 1988; x_wconf 89' lang='lat' dir='ltr'>tem-</span> 
     </span>
     <span class='ocr_line' id='line_1_78' title="bbox 1794 2007 3157 2081; baseline 0.004 -17"><span class='ocrx_word' id='word_1_498' title='bbox 1794 2022 1931 2080; x_wconf 90' lang='lat' dir='ltr'>pore</span> <span class='ocrx_word' id='word_1_499' title='bbox 1946 2007 2211 2080; x_wconf 79' lang='lat' dir='ltr'>praecedit</span> <span class='ocrx_word' id='word_1_500' title='bbox 2232 2023 2552 2064; x_wconf 88' lang='lat' dir='ltr'>assensum.</span> <span class='ocrx_word' id='word_1_501' title='bbox 2573 2011 2720 2065; x_wconf 88' lang='lat' dir='ltr'>Tum</span> <span class='ocrx_word' id='word_1_502' title='bbox 2746 2011 2882 2081; x_wconf 87' lang='lat' dir='ltr'>quia</span> <span class='ocrx_word' id='word_1_503' title='bbox 2903 2011 3157 2081; x_wconf 85' lang='lat' dir='ltr'>credere,</span> 
     </span>
     <span class='ocr_line' id='line_1_79' title="bbox 1792 2089 3158 2164; baseline 0.004 -19"><span class='ocrx_word' id='word_1_504' title='bbox 1792 2094 1855 2145; x_wconf 91' lang='lat' dir='ltr'>ut</span> <span class='ocrx_word' id='word_1_505' title='bbox 1888 2105 1958 2146; x_wconf 87' lang='lat' dir='ltr'>ex</span> <span class='ocrx_word' id='word_1_506' title='bbox 1986 2091 2049 2146; x_wconf 92' lang='lat' dir='ltr'>D.</span> <span class='ocrx_word' id='word_1_507' title='bbox 2077 2092 2315 2164; x_wconf 86' lang='lat' dir='ltr'>August.</span> <span class='ocrx_word' id='word_1_508' title='bbox 2345 2089 2551 2147; x_wconf 88' lang='lat' dir='ltr'>docent</span> <span class='ocrx_word' id='word_1_509' title='bbox 2597 2090 2891 2164; x_wconf 90' lang='lat' dir='ltr'>Theologi,</span> <span class='ocrx_word' id='word_1_510' title='bbox 2917 2098 3002 2147; x_wconf 91' lang='lat' dir='ltr'>est</span> <span class='ocrx_word' id='word_1_511' title='bbox 3029 2110 3158 2150; x_wconf 90' lang='lat' dir='ltr'>cum</span> 
     </span>
     <span class='ocr_line' id='line_1_80' title="bbox 1793 2169 3358 2248; baseline 0.001 -20"><span class='ocrx_word' id='word_1_512' title='bbox 1793 2187 2026 2229; x_wconf 89' lang='lat' dir='ltr'>assensu</span> <span class='ocrx_word' id='word_1_513' title='bbox 2073 2172 2368 2244; x_wconf 86' lang='lat' dir='ltr'>cogitare:</span> <span class='ocrx_word' id='word_1_514' title='bbox 2417 2169 2513 2227; x_wconf 91' lang='lat' dir='ltr'>sed</span> <span class='ocrx_word' id='word_1_515' title='bbox 2568 2171 2831 2244; x_wconf 86' lang='lat' dir='ltr'>cogitatio</span> <span class='ocrx_word' id='word_1_516' title='bbox 2884 2172 3358 2248; x_wconf 41' lang='lat' dir='ltr'>importatum&amp;</span> 
     </span>
     <span class='ocr_line' id='line_1_81' title="bbox 1793 2251 3156 2325; baseline 0.002 -17"><span class='ocrx_word' id='word_1_517' title='bbox 1793 2252 2229 2325; x_wconf 90' lang='lat' dir='ltr'>inquisitionem</span> <span class='ocrx_word' id='word_1_518' title='bbox 2276 2251 2618 2316; x_wconf 88' lang='lat' dir='ltr'>intellectus,</span> <span class='ocrx_word' id='word_1_519' title='bbox 2655 2258 2712 2308; x_wconf 88' lang='lat' dir='ltr'>et</span> <span class='ocrx_word' id='word_1_520' title='bbox 2737 2251 3029 2324; x_wconf 87' lang='lat' dir='ltr'>quandam</span> <span class='ocrx_word' id='word_1_521' title='bbox 3061 2271 3156 2311; x_wconf 89' lang='lat' dir='ltr'>re-</span> 
     </span>
     <span class='ocr_line' id='line_1_82' title="bbox 1795 2332 3154 2408; baseline 0 -18"><span class='ocrx_word' id='word_1_522' title='bbox 1795 2334 2341 2399; x_wconf 77' lang='lat' dir='ltr'>rum&#39;collationem,</span> <span class='ocrx_word' id='word_1_523' title='bbox 2389 2338 2449 2389; x_wconf 90' lang='lat' dir='ltr'>ut</span> <span class='ocrx_word' id='word_1_524' title='bbox 2489 2333 2693 2390; x_wconf 84' lang='lat' dir='ltr'>docent</span> <span class='ocrx_word' id='word_1_525' title='bbox 2735 2332 2888 2388; x_wconf 83' lang='lat' dir='ltr'>idem</span> <span class='ocrx_word' id='word_1_526' title='bbox 2918 2337 3154 2408; x_wconf 88' lang='lat' dir='ltr'>August.</span> 
     </span>
     <span class='ocr_line' id='line_1_83' title="bbox 1794 2412 3353 2485; baseline 0.001 -15"><span class='ocrx_word' id='word_1_527' title='bbox 1794 2414 1888 2470; x_wconf 85' lang='lat' dir='ltr'>lib.</span> <span class='ocrx_word' id='word_1_528' title='bbox 1923 2415 2005 2479; x_wconf 78' lang='lat'>15,</span> <span class='ocrx_word' id='word_1_529' title='bbox 2031 2413 2094 2468; x_wconf 83' lang='lat' dir='ltr'>de</span> <span class='ocrx_word' id='word_1_530' title='bbox 2121 2413 2169 2469; x_wconf 93' lang='lat' dir='ltr'><strong><em>T</em></strong></span> <span class='ocrx_word' id='word_1_531' title='bbox 2168 2415 2325 2468; x_wconf 75' lang='lat' dir='ltr'>rinit.</span> <span class='ocrx_word' id='word_1_532' title='bbox 2349 2430 2469 2485; x_wconf 83' lang='lat' dir='ltr'>cap.</span> <span class='ocrx_word' id='word_1_533' title='bbox 2506 2415 2569 2467; x_wconf 82' lang='lat'>15</span> <span class='ocrx_word' id='word_1_534' title='bbox 2589 2420 2637 2467; x_wconf 80' lang='lat' dir='ltr'>et</span> <span class='ocrx_word' id='word_1_535' title='bbox 2669 2414 2751 2479; x_wconf 89' lang='grc'>16,</span> <span class='ocrx_word' id='word_1_536' title='bbox 2778 2418 2833 2469; x_wconf 87' lang='lat' dir='ltr'>et</span> <span class='ocrx_word' id='word_1_537' title='bbox 2856 2416 2920 2469; x_wconf 90' lang='lat' dir='ltr'>D.</span> <span class='ocrx_word' id='word_1_538' title='bbox 2950 2414 3156 2471; x_wconf 88' lang='lat' dir='ltr'>Thom.</span> <span class='ocrx_word' id='word_1_539' title='bbox 3175 2412 3353 2466; x_wconf 77' lang='lat' dir='ltr'>D.‘&#39;1·ho.</span> 
     </span>
     <span class='ocr_line' id='line_1_84' title="bbox 1802 2492 3166 2571; baseline 0 -21"><span class='ocrx_word' id='word_1_540' title='bbox 1802 2495 1822 2550; x_wconf 98' lang='lat' dir='ltr'>l</span> <span class='ocrx_word' id='word_1_541' title='bbox 1853 2501 2004 2567; x_wconf 83' lang='lat' dir='ltr'>part.</span> <span class='ocrx_word' id='word_1_542' title='bbox 2061 2500 2242 2571; x_wconf 59' lang='lat' dir='ltr'>quast.</span> <span class='ocrx_word' id='word_1_543' title='bbox 2286 2493 2376 2559; x_wconf 86' lang='lat'>34,</span> <span class='ocrx_word' id='word_1_544' title='bbox 2425 2500 2517 2547; x_wconf 81' lang='lat' dir='ltr'>art</span> <span class='ocrx_word' id='word_1_545' title='bbox 2552 2494 2571 2548; x_wconf 93' lang='lat' dir='ltr'>l</span> <span class='ocrx_word' id='word_1_546' title='bbox 2605 2493 2679 2548; x_wconf 82' lang='lat' dir='ltr'>ad</span> <span class='ocrx_word' id='word_1_547' title='bbox 2706 2494 2761 2559; x_wconf 90' lang='grc'>2,</span> <span class='ocrx_word' id='word_1_548' title='bbox 2794 2497 2850 2548; x_wconf 91' lang='lat' dir='ltr'>et</span> <span class='ocrx_word' id='word_1_549' title='bbox 2872 2492 2991 2549; x_wconf 81' lang='lat' dir='ltr'>haec</span> <span class='ocrx_word' id='word_1_550' title='bbox 3019 2495 3166 2568; x_wconf 90' lang='lat' dir='ltr'>cogi-</span> 
     </span>
     <span class='ocr_line' id='line_1_85' title="bbox 1793 2573 3162 2642; baseline -0.001 -11"><span class='ocrx_word' id='word_1_551' title='bbox 1793 2575 1952 2642; x_wconf 89' lang='lat' dir='ltr'>tatio,</span> <span class='ocrx_word' id='word_1_552' title='bbox 1987 2579 2042 2630; x_wconf 90' lang='lat' dir='ltr'>et</span> <span class='ocrx_word' id='word_1_553' title='bbox 2080 2574 2308 2631; x_wconf 90' lang='lat' dir='ltr'>collatio</span> <span class='ocrx_word' id='word_1_554' title='bbox 2335 2573 2681 2630; x_wconf 90' lang='lat' dir='ltr'>naturaliter</span> <span class='ocrx_word' id='word_1_555' title='bbox 2708 2573 2996 2629; x_wconf 89' lang='lat' dir='ltr'>consumit</span> <span class='ocrx_word' id='word_1_556' title='bbox 3024 2579 3162 2630; x_wconf 89' lang='lat' dir='ltr'>tem-</span> 
     </span>
     <span class='ocr_line' id='line_1_86' title="bbox 1796 2654 3163 2730; baseline 0 -17"><span class='ocrx_word' id='word_1_557' title='bbox 1796 2674 1900 2730; x_wconf 91' lang='lat' dir='ltr'>pus</span> <span class='ocrx_word' id='word_1_558' title='bbox 1929 2654 2180 2730; x_wconf 87' lang='lat' dir='ltr'>aliquod,</span> <span class='ocrx_word' id='word_1_559' title='bbox 2214 2662 2274 2711; x_wconf 89' lang='lat' dir='ltr'>ut</span> <span class='ocrx_word' id='word_1_560' title='bbox 2300 2672 2372 2713; x_wconf 87' lang='lat' dir='ltr'>ex</span> <span class='ocrx_word' id='word_1_561' title='bbox 2397 2672 2458 2713; x_wconf 87' lang='lat' dir='ltr'>se</span> <span class='ocrx_word' id='word_1_562' title='bbox 2486 2657 2665 2730; x_wconf 89' lang='lat' dir='ltr'>liquet</span> <span class='ocrx_word' id='word_1_563' title='bbox 2700 2677 2711 2711; x_wconf 90' lang='lat'>:</span> <span class='ocrx_word' id='word_1_564' title='bbox 2738 2672 2873 2730; x_wconf 89' lang='lat' dir='ltr'>ergo</span> <span class='ocrx_word' id='word_1_565' title='bbox 2900 2672 3163 2713; x_wconf 86' lang='lat' dir='ltr'>assensus</span> 
     </span>
     <span class='ocr_line' id='line_1_87' title="bbox 1794 2738 3163 2813; baseline 0.001 -18"><span class='ocrx_word' id='word_1_566' title='bbox 1794 2738 1928 2796; x_wconf 88' lang='lat' dir='ltr'>fidei</span> <span class='ocrx_word' id='word_1_567' title='bbox 1954 2739 2410 2797; x_wconf 90' lang='lat' dir='ltr'>connaturaliter</span> <span class='ocrx_word' id='word_1_568' title='bbox 2453 2739 2726 2813; x_wconf 90' lang='lat' dir='ltr'>supponit</span> <span class='ocrx_word' id='word_1_569' title='bbox 2754 2739 2977 2811; x_wconf 91' lang='lat' dir='ltr'>aliquas</span> <span class='ocrx_word' id='word_1_570' title='bbox 3012 2756 3163 2812; x_wconf 81' lang='lat' dir='ltr'>prae-</span> 
     </span>
     <span class='ocr_line' id='line_1_88' title="bbox 1796 2813 2850 2898; baseline -0.001 -19"><span class='ocrx_word' id='word_1_571' title='bbox 1796 2813 2122 2898; x_wconf 84' lang='lat' dir='ltr'>parationes</span> <span class='ocrx_word' id='word_1_572' title='bbox 2151 2826 2407 2894; x_wconf 89' lang='lat' dir='ltr'>tempore</span> <span class='ocrx_word' id='word_1_573' title='bbox 2435 2820 2850 2879; x_wconf 86' lang='lat' dir='ltr'>antecedentes.</span> 
     </span>
    </p>

    <p class='ocr_par' dir='ltr' id='par_1_10' title="bbox 1796 2903 3379 4842">
     <span class='ocr_line' id='line_1_89' title="bbox 1868 2903 3357 2987; baseline 0.001 -27"><span class='ocrx_word' id='word_1_574' title='bbox 1868 2907 1960 2962; x_wconf 82' lang='grc'>6-2.</span> <span class='ocrx_word' id='word_1_575' title='bbox 1989 2908 2102 2961; x_wconf 89' lang='lat' dir='ltr'>Nec</span> <span class='ocrx_word' id='word_1_576' title='bbox 2124 2903 2372 2970; x_wconf 84' lang='lat' dir='ltr'>refert,si</span> <span class='ocrx_word' id='word_1_577' title='bbox 2388 2919 2640 2975; x_wconf 90' lang='lat' dir='ltr'>opponas</span> <span class='ocrx_word' id='word_1_578' title='bbox 2659 2907 2839 2977; x_wconf 79' lang='lat' dir='ltr'>primo</span> <span class='ocrx_word' id='word_1_579' title='bbox 2862 2923 2879 2956; x_wconf 90' lang='lat'>.·</span> <span class='ocrx_word' id='word_1_580' title='bbox 2891 2903 3164 2978; x_wconf 85' lang='lat' dir='ltr'>justifica·</span> <span class='ocrx_word' id='word_1_581' title='bbox 3196 2929 3357 2987; x_wconf 61' lang='lat' dir='ltr'>Duptcx</span> 
     </span>
     <span class='ocr_line' id='line_1_90' title="bbox 1797 2980 3379 3059; baseline -0.001 -17"><span class='ocrx_word' id='word_1_582' title='bbox 1797 2987 1877 3043; x_wconf 92' lang='lat' dir='ltr'>tio</span> <span class='ocrx_word' id='word_1_583' title='bbox 1891 2991 2100 3053; x_wconf 88' lang='lat' dir='ltr'>nostra,</span> <span class='ocrx_word' id='word_1_584' title='bbox 2125 2991 2182 3042; x_wconf 86' lang='lat' dir='ltr'>et</span> <span class='ocrx_word' id='word_1_585' title='bbox 2189 2985 2210 3058; x_wconf 89' lang='lat' dir='ltr'><strong>j</strong></span> <span class='ocrx_word' id='word_1_586' title='bbox 2218 2983 2520 3041; x_wconf 85' lang='lat' dir='ltr'>ustificatio</span> <span class='ocrx_word' id='word_1_587' title='bbox 2536 2984 2741 3041; x_wconf 89' lang='lat' dir='ltr'>Adami</span> <span class='ocrx_word' id='word_1_588' title='bbox 2759 2990 2894 3040; x_wconf 91' lang='lat' dir='ltr'>sunt</span> <span class='ocrx_word' id='word_1_589' title='bbox 2913 2985 3167 3059; x_wconf 84' lang='lat' dir='ltr'>ejusdem</span> <span class='ocrx_word' id='word_1_590' title='bbox 3183 2980 3379 3032; x_wconf 60' lang='lat'>⁰¹³120110·</span> 
     </span>
     <span class='ocr_line' id='line_1_91' title="bbox 1798 3064 3170 3140; baseline -0.003 -15"><span class='ocrx_word' id='word_1_591' title='bbox 1798 3067 2040 3125; x_wconf 89' lang='lat' dir='ltr'>rationis</span> <span class='ocrx_word' id='word_1_592' title='bbox 2077 3065 2208 3123; x_wconf 89' lang='lat' dir='ltr'>:sed</span> <span class='ocrx_word' id='word_1_593' title='bbox 2239 3066 2490 3122; x_wconf 86' lang='lat' dir='ltr'>Adamus</span> <span class='ocrx_word' id='word_1_594' title='bbox 2511 3064 2699 3122; x_wconf 90' lang='lat' dir='ltr'>subito</span> <span class='ocrx_word' id='word_1_595' title='bbox 2721 3064 3066 3140; x_wconf 84' lang='lat' dir='ltr'>justificatus</span> <span class='ocrx_word' id='word_1_596' title='bbox 3085 3072 3170 3121; x_wconf 86' lang='lat' dir='ltr'>est</span> 
     </span>
     <span class='ocr_line' id='line_1_92' title="bbox 1796 3147 3172 3223; baseline -0.004 -15"><span class='ocrx_word' id='word_1_597' title='bbox 1796 3152 1861 3208; x_wconf 91' lang='lat' dir='ltr'>in</span> <span class='ocrx_word' id='word_1_598' title='bbox 1910 3147 2102 3223; x_wconf 87' lang='lat' dir='ltr'>primo</span> <span class='ocrx_word' id='word_1_599' title='bbox 2147 3164 2264 3203; x_wconf 82' lang='lat' dir='ltr'>suae</span> <span class='ocrx_word' id='word_1_600' title='bbox 2311 3147 2679 3205; x_wconf 87' lang='lat' dir='ltr'>formationis</span> <span class='ocrx_word' id='word_1_601' title='bbox 2726 3147 2993 3211; x_wconf 86' lang='lat' dir='ltr'>instanti,</span> <span class='ocrx_word' id='word_1_602' title='bbox 3026 3147 3172 3203; x_wconf 89' lang='lat' dir='ltr'>etin</span> 
     </span>
     <span class='ocr_line' id='line_1_93' title="bbox 1799 3226 3171 3305; baseline -0.005 -17"><span class='ocrx_word' id='word_1_603' title='bbox 1799 3230 2066 3305; x_wconf 85' lang='lat' dir='ltr'>praedicta</span> <span class='ocrx_word' id='word_1_604' title='bbox 2105 3226 2514 3302; x_wconf 86' lang='lat' dir='ltr'>justificatione</span> <span class='ocrx_word' id='word_1_605' title='bbox 2562 3228 2795 3282; x_wconf 90' lang='lat' dir='ltr'>nullum</span> <span class='ocrx_word' id='word_1_606' title='bbox 2852 3226 3171 3283; x_wconf 88' lang='lat' dir='ltr'>intervenit</span> 
     </span>
     <span class='ocr_line' id='line_1_94' title="bbox 1798 3308 3168 3382; baseline -0.004 -13"><span class='ocrx_word' id='word_1_607' title='bbox 1798 3313 2189 3377; x_wconf 90' lang='lat' dir='ltr'>miraculum;</span> <span class='ocrx_word' id='word_1_608' title='bbox 2218 3308 2526 3382; x_wconf 88' lang='lat' dir='ltr'>siquidem,</span> <span class='ocrx_word' id='word_1_609' title='bbox 2556 3314 2616 3365; x_wconf 90' lang='lat' dir='ltr'>ut</span> <span class='ocrx_word' id='word_1_610' title='bbox 2643 3308 2801 3366; x_wconf 87' lang='lat' dir='ltr'>docet</span> <span class='ocrx_word' id='word_1_611' title='bbox 2829 3310 2891 3362; x_wconf 89' lang='lat' dir='ltr'>D.</span> <span class='ocrx_word' id='word_1_612' title='bbox 2933 3311 3168 3382; x_wconf 83' lang='lat' dir='ltr'>August.</span> 
     </span>
     <span class='ocr_line' id='line_1_95' title="bbox 1799 3389 3173 3460; baseline -0.004 -10"><span class='ocrx_word' id='word_1_613' title='bbox 1799 3394 1892 3450; x_wconf 82' lang='lat' dir='ltr'>lib.</span> <span class='ocrx_word' id='word_1_614' title='bbox 1918 3395 1973 3458; x_wconf 80' lang='grc'>2,</span> <span class='ocrx_word' id='word_1_615' title='bbox 1999 3394 2064 3447; x_wconf 83' lang='lat' dir='ltr'>de</span> <span class='ocrx_word' id='word_1_616' title='bbox 2120 3389 2306 3448; x_wconf 69' lang='lat' dir='ltr'>Genea.</span> <span class='ocrx_word' id='word_1_617' title='bbox 2353 3391 2445 3446; x_wconf 89' lang='lat' dir='ltr'>ad.</span> <span class='ocrx_word' id='word_1_618' title='bbox 2498 3391 2584 3444; x_wconf 79' lang='lat' dir='ltr'>lit.</span> <span class='ocrx_word' id='word_1_619' title='bbox 2634 3389 2696 3444; x_wconf 89' lang='lat' dir='ltr'>in</span> <span class='ocrx_word' id='word_1_620' title='bbox 2741 3389 2934 3460; x_wconf 87' lang='lat' dir='ltr'>prima</span> <span class='ocrx_word' id='word_1_621' title='bbox 2977 3404 3173 3444; x_wconf 89' lang='lat' dir='ltr'>rerum</span> 
     </span>
     <span class='ocr_line' id='line_1_96' title="bbox 1798 3469 3175 3544; baseline -0.005 -10"><span class='ocrx_word' id='word_1_622' title='bbox 1798 3475 2126 3534; x_wconf 90' lang='lat' dir='ltr'>conditione</span> <span class='ocrx_word' id='word_1_623' title='bbox 2149 3489 2265 3530; x_wconf 90' lang='lat' dir='ltr'>non</span> <span class='ocrx_word' id='word_1_624' title='bbox 2287 3471 2603 3528; x_wconf 90' lang='lat' dir='ltr'>attenditur</span> <span class='ocrx_word' id='word_1_625' title='bbox 2625 3469 2761 3544; x_wconf 88' lang='lat' dir='ltr'>quid</span> <span class='ocrx_word' id='word_1_626' title='bbox 2788 3469 2965 3543; x_wconf 88' lang='lat' dir='ltr'>possit</span> <span class='ocrx_word' id='word_1_627' title='bbox 2989 3469 3175 3528; x_wconf 88' lang='lat' dir='ltr'>facere</span> 
     </span>
     <span class='ocr_line' id='line_1_97' title="bbox 1800 3550 3174 3629; baseline -0.006 -14"><span class='ocrx_word' id='word_1_628' title='bbox 1800 3554 2218 3629; x_wconf 89' lang='lat' dir='ltr'>omnipotentia</span> <span class='ocrx_word' id='word_1_629' title='bbox 2262 3552 2608 3619; x_wconf 82' lang='lat' dir='ltr'>conditoris,</span> <span class='ocrx_word' id='word_1_630' title='bbox 2654 3552 2750 3607; x_wconf 90' lang='lat' dir='ltr'>sed</span> <span class='ocrx_word' id='word_1_631' title='bbox 2803 3550 2939 3624; x_wconf 90' lang='lat' dir='ltr'>quid</span> <span class='ocrx_word' id='word_1_632' title='bbox 2981 3552 3174 3626; x_wconf 85' lang='lat' dir='ltr'>exigat</span> 
     </span>
     <span class='ocr_line' id='line_1_98' title="bbox 1802 3632 3177 3707; baseline -0.004 -11"><span class='ocrx_word' id='word_1_633' title='bbox 1802 3637 2086 3696; x_wconf 88' lang='lat' dir='ltr'>naturalis</span> <span class='ocrx_word' id='word_1_634' title='bbox 2132 3634 2272 3692; x_wconf 92' lang='lat' dir='ltr'>ordo</span> <span class='ocrx_word' id='word_1_635' title='bbox 2317 3650 2513 3690; x_wconf 89' lang='lat' dir='ltr'>rerum</span> <span class='ocrx_word' id='word_1_636' title='bbox 2551 3655 2564 3689; x_wconf 90' lang='lat'>:</span> <span class='ocrx_word' id='word_1_637' title='bbox 2598 3649 2732 3707; x_wconf 90' lang='lat' dir='ltr'>ergo</span> <span class='ocrx_word' id='word_1_638' title='bbox 2774 3632 2991 3705; x_wconf 88' lang='lat' dir='ltr'>pariter</span> <span class='ocrx_word' id='word_1_639' title='bbox 3012 3648 3084 3688; x_wconf 86' lang='lat' dir='ltr'>ex</span> <span class='ocrx_word' id='word_1_640' title='bbox 3110 3649 3177 3691; x_wconf 90' lang='lat' dir='ltr'>eo</span> 
     </span>
     <span class='ocr_line' id='line_1_99' title="bbox 1801 3713 3178 3794; baseline -0.004 -18"><span class='ocrx_word' id='word_1_641' title='bbox 1801 3718 1951 3794; x_wconf 91' lang='lat' dir='ltr'>quod</span> <span class='ocrx_word' id='word_1_642' title='bbox 2001 3715 2317 3789; x_wconf 91' lang='lat' dir='ltr'>aliquando</span> <span class='ocrx_word' id='word_1_643' title='bbox 2369 3715 2585 3786; x_wconf 90' lang='lat' dir='ltr'>impius</span> <span class='ocrx_word' id='word_1_644' title='bbox 2636 3713 2845 3778; x_wconf 87' lang='lat' dir='ltr'>subito,</span> <span class='ocrx_word' id='word_1_645' title='bbox 2905 3713 3178 3785; x_wconf 91' lang='lat' dir='ltr'>nullaque</span> 
     </span>
     <span class='ocr_line' id='line_1_100' title="bbox 1804 3798 3178 3877; baseline -0.005 -18"><span class='ocrx_word' id='word_1_646' title='bbox 1804 3799 2215 3877; x_wconf 80' lang='lat' dir='ltr'>praesupposita</span> <span class='ocrx_word' id='word_1_647' title='bbox 2236 3798 2613 3871; x_wconf 88' lang='lat' dir='ltr'>dispositione</span> <span class='ocrx_word' id='word_1_648' title='bbox 2643 3802 3030 3863; x_wconf 85' lang='lat' dir='ltr'>convertatur,</span> <span class='ocrx_word' id='word_1_649' title='bbox 3060 3811 3178 3854; x_wconf 89' lang='lat' dir='ltr'>non</span> 
     </span>
     <span class='ocr_line' id='line_1_101' title="bbox 1803 3876 3178 3954; baseline -0.007 -13"><span class='ocrx_word' id='word_1_650' title='bbox 1803 3885 2054 3941; x_wconf 86' lang='lat' dir='ltr'>infertur</span> <span class='ocrx_word' id='word_1_651' title='bbox 2100 3879 2250 3954; x_wconf 88' lang='lat' dir='ltr'>quod</span> <span class='ocrx_word' id='word_1_652' title='bbox 2294 3876 2924 3953; x_wconf 80' lang='lat' dir='ltr'>praedictajustificatio</span> <span class='ocrx_word' id='word_1_653' title='bbox 2959 3878 3034 3932; x_wconf 83' lang='lat' dir='ltr'>sit</span> <span class='ocrx_word' id='word_1_654' title='bbox 3061 3877 3178 3932; x_wconf 89' lang='lat' dir='ltr'>mi-</span> 
     </span>
     <span class='ocr_line' id='line_1_102' title="bbox 1806 3957 3179 4034; baseline -0.006 -12"><span class='ocrx_word' id='word_1_655' title='bbox 1806 3966 2084 4022; x_wconf 88' lang='lat' dir='ltr'>raculosa.</span> <span class='ocrx_word' id='word_1_656' title='bbox 2154 3960 2405 4020; x_wconf 82' lang='lat' dir='ltr'>Secundo</span> <span class='ocrx_word' id='word_1_657' title='bbox 2433 3979 2451 4014; x_wconf 92' lang='grc'>.·</span> <span class='ocrx_word' id='word_1_658' title='bbox 2498 3957 2829 4034; x_wconf 84' lang='lat' dir='ltr'>justificatio</span> <span class='ocrx_word' id='word_1_659' title='bbox 2882 3958 3051 4031; x_wconf 90' lang='lat' dir='ltr'>impii</span> <span class='ocrx_word' id='word_1_660' title='bbox 3116 3957 3179 4014; x_wconf 88' lang='lat' dir='ltr'>fit</span> 
     </span>
     <span class='ocr_line' id='line_1_103' title="bbox 1803 4039 3175 4116; baseline -0.006 -12"><span class='ocrx_word' id='word_1_661' title='bbox 1803 4045 2190 4104; x_wconf 89' lang='lat' dir='ltr'>communiter</span> <span class='ocrx_word' id='word_1_662' title='bbox 2237 4041 2520 4116; x_wconf 90' lang='lat' dir='ltr'>loquendo</span> <span class='ocrx_word' id='word_1_663' title='bbox 2560 4041 2624 4096; x_wconf 92' lang='lat' dir='ltr'>in</span> <span class='ocrx_word' id='word_1_664' title='bbox 2668 4039 2928 4106; x_wconf 85' lang='lat' dir='ltr'>instanti,</span> <span class='ocrx_word' id='word_1_665' title='bbox 2966 4045 3024 4095; x_wconf 89' lang='lat' dir='ltr'>ut</span> <span class='ocrx_word' id='word_1_666' title='bbox 3055 4044 3175 4096; x_wconf 91' lang='lat' dir='ltr'>sta-</span> 
     </span>
     <span class='ocr_line' id='line_1_104' title="bbox 1804 4119 3181 4197; baseline -0.004 -13"><span class='ocrx_word' id='word_1_667' title='bbox 1804 4129 2022 4184; x_wconf 90' lang='lat' dir='ltr'>tuimus</span> <span class='ocrx_word' id='word_1_668' title='bbox 2049 4125 2173 4181; x_wconf 83' lang='lat' dir='ltr'>dub.</span> <span class='ocrx_word' id='word_1_669' title='bbox 2202 4126 2238 4179; x_wconf 90' lang='grc'>2</span> <span class='ocrx_word' id='word_1_670' title='bbox 2258 4148 2272 4192; x_wconf 76' lang='lat'>5</span> <span class='ocrx_word' id='word_1_671' title='bbox 2296 4139 2431 4197; x_wconf 90' lang='lat' dir='ltr'>ergo</span> <span class='ocrx_word' id='word_1_672' title='bbox 2457 4138 2527 4179; x_wconf 86' lang='lat' dir='ltr'>ex</span> <span class='ocrx_word' id='word_1_673' title='bbox 2554 4137 2641 4187; x_wconf 82' lang='lat' dir='ltr'>ec,</span> <span class='ocrx_word' id='word_1_674' title='bbox 2673 4119 2821 4193; x_wconf 92' lang='lat' dir='ltr'>quod</span> <span class='ocrx_word' id='word_1_675' title='bbox 2842 4122 3052 4177; x_wconf 89' lang='lat' dir='ltr'>Paulus</span> <span class='ocrx_word' id='word_1_676' title='bbox 3078 4139 3181 4179; x_wconf 89' lang='lat' dir='ltr'>su-</span> 
     </span>
     <span class='ocr_line' id='line_1_105' title="bbox 1806 4200 3175 4275; baseline -0.005 -9"><span class='ocrx_word' id='word_1_677' title='bbox 1806 4208 1955 4274; x_wconf 90' lang='lat' dir='ltr'>bito,</span> <span class='ocrx_word' id='word_1_678' title='bbox 1999 4208 2123 4264; x_wconf 90' lang='lat' dir='ltr'>sive</span> <span class='ocrx_word' id='word_1_679' title='bbox 2175 4205 2540 4261; x_wconf 84' lang='lat' dir='ltr'>instantanee</span> <span class='ocrx_word' id='word_1_680' title='bbox 2587 4200 2927 4275; x_wconf 81' lang='lat' dir='ltr'>justificatus</span> <span class='ocrx_word' id='word_1_681' title='bbox 2981 4203 3175 4267; x_wconf 85' lang='lat' dir='ltr'>fuerit,</span> 
     </span>
     <span class='ocr_line' id='line_1_106' title="bbox 1805 4284 3179 4362; baseline -0.007 -12"><span class='ocrx_word' id='word_1_682' title='bbox 1805 4291 2055 4349; x_wconf 90' lang='lat' dir='ltr'>minime</span> <span class='ocrx_word' id='word_1_683' title='bbox 2076 4289 2354 4362; x_wconf 89' lang='lat' dir='ltr'>sequitur,</span> <span class='ocrx_word' id='word_1_684' title='bbox 2382 4287 2503 4360; x_wconf 84' lang='lat' dir='ltr'>ejus</span> <span class='ocrx_word' id='word_1_685' title='bbox 2531 4284 2968 4341; x_wconf 88' lang='lat' dir='ltr'>conversionem</span> <span class='ocrx_word' id='word_1_686' title='bbox 3003 4284 3179 4342; x_wconf 85' lang='lat' dir='ltr'>fuisse</span> 
     </span>
     <span class='ocr_line' id='line_1_107' title="bbox 1806 4365 3175 4434; baseline -0.007 -2"><span class='ocrx_word' id='word_1_687' title='bbox 1806 4373 2241 4432; x_wconf 85' lang='lat' dir='ltr'>miraculosam.</span> <span class='ocrx_word' id='word_1_688' title='bbox 2295 4369 2474 4428; x_wconf 84' lang='lat' dir='ltr'>Tertio</span> <span class='ocrx_word' id='word_1_689' title='bbox 2504 4387 2522 4421; x_wconf 94' lang='lat'>.·</span> <span class='ocrx_word' id='word_1_690' title='bbox 2550 4382 2668 4423; x_wconf 93' lang='lat' dir='ltr'>non</span> <span class='ocrx_word' id='word_1_691' title='bbox 2696 4371 2779 4421; x_wconf 89' lang='lat' dir='ltr'>est</span> <span class='ocrx_word' id='word_1_692' title='bbox 2806 4365 3175 4434; x_wconf 87' lang='lat' dir='ltr'>miraculum,</span> 
     </span>
     <span class='ocr_line' id='line_1_108' title="bbox 1807 4447 3177 4532; baseline -0.006 -19"><span class='ocrx_word' id='word_1_693' title='bbox 1807 4456 1957 4532; x_wconf 89' lang='lat' dir='ltr'>quod</span> <span class='ocrx_word' id='word_1_694' title='bbox 1979 4454 2105 4530; x_wconf 89' lang='lat' dir='ltr'>quis</span> <span class='ocrx_word' id='word_1_695' title='bbox 2126 4451 2315 4523; x_wconf 84' lang='lat' dir='ltr'>subito</span> <span class='ocrx_word' id='word_1_696' title='bbox 2336 4451 2566 4507; x_wconf 90' lang='lat' dir='ltr'>amittat</span> <span class='ocrx_word' id='word_1_697' title='bbox 2590 4447 2859 4522; x_wconf 89' lang='lat' dir='ltr'>gratiam,</span> <span class='ocrx_word' id='word_1_698' title='bbox 2892 4454 2948 4503; x_wconf 90' lang='lat' dir='ltr'>et</span> <span class='ocrx_word' id='word_1_699' title='bbox 2976 4449 3177 4505; x_wconf 89' lang='lat' dir='ltr'>incur-</span> 
     </span>
     <span class='ocr_line' id='line_1_109' title="bbox 1810 4529 3185 4609; baseline -0.007 -11"><span class='ocrx_word' id='word_1_700' title='bbox 1810 4546 1902 4598; x_wconf 90' lang='lat' dir='ltr'>rat</span> <span class='ocrx_word' id='word_1_701' title='bbox 1944 4544 2156 4596; x_wconf 87' lang='lat' dir='ltr'>statum</span> <span class='ocrx_word' id='word_1_702' title='bbox 2200 4534 2409 4609; x_wconf 89' lang='lat' dir='ltr'>peccati</span> <span class='ocrx_word' id='word_1_703' title='bbox 2449 4547 2628 4605; x_wconf 88' lang='lat' dir='ltr'>:ergo</span> <span class='ocrx_word' id='word_1_704' title='bbox 2669 4529 3016 4586; x_wconf 90' lang='lat' dir='ltr'>miraculum</span> <span class='ocrx_word' id='word_1_705' title='bbox 3066 4546 3185 4589; x_wconf 89' lang='lat' dir='ltr'>non</span> 
     </span>
     <span class='ocr_line' id='line_1_110' title="bbox 1808 4615 3186 4694; baseline -0.006 -15"><span class='ocrx_word' id='word_1_706' title='bbox 1808 4628 1911 4690; x_wconf 87' lang='lat' dir='ltr'>est,</span> <span class='ocrx_word' id='word_1_707' title='bbox 1964 4619 2114 4694; x_wconf 91' lang='lat' dir='ltr'>quod</span> <span class='ocrx_word' id='word_1_708' title='bbox 2165 4619 2296 4692; x_wconf 90' lang='lat' dir='ltr'>quis</span> <span class='ocrx_word' id='word_1_709' title='bbox 2335 4615 2525 4672; x_wconf 89' lang='lat' dir='ltr'>subito</span> <span class='ocrx_word' id='word_1_710' title='bbox 2569 4616 2742 4669; x_wconf 83' lang='lat' dir='ltr'>exuat</span> <span class='ocrx_word' id='word_1_711' title='bbox 2788 4620 3098 4684; x_wconf 88' lang='lat' dir='ltr'>peccatum,</span> <span class='ocrx_word' id='word_1_712' title='bbox 3128 4621 3186 4673; x_wconf 89' lang='lat' dir='ltr'>et</span> 
     </span>
     <span class='ocr_line' id='line_1_111' title="bbox 1807 4692 3184 4776; baseline -0.007 -15"><span class='ocrx_word' id='word_1_713' title='bbox 1807 4706 2189 4776; x_wconf 89' lang='lat' dir='ltr'>consequatur</span> <span class='ocrx_word' id='word_1_714' title='bbox 2227 4697 2519 4774; x_wconf 85' lang='lat' dir='ltr'>justitiam</span> <span class='ocrx_word' id='word_1_715' title='bbox 2549 4718 2565 4762; x_wconf 88' lang='lat'>;</span> <span class='ocrx_word' id='word_1_716' title='bbox 2598 4692 2656 4750; x_wconf 92' lang='lat' dir='ltr'>id</span> <span class='ocrx_word' id='word_1_717' title='bbox 2683 4693 2894 4767; x_wconf 88' lang='lat' dir='ltr'>quippe</span> <span class='ocrx_word' id='word_1_718' title='bbox 2923 4696 3184 4767; x_wconf 87' lang='lat' dir='ltr'>paritatis</span> 
     </span>
     <span class='ocr_line' id='line_1_112' title="bbox 1813 4781 2303 4842; baseline -0.01 -1"><span class='ocrx_word' id='word_1_719' title='bbox 1813 4785 1961 4842; x_wconf 89' lang='lat' dir='ltr'>ratio</span> <span class='ocrx_word' id='word_1_720' title='bbox 1988 4781 2303 4839; x_wconf 85' lang='lat' dir='ltr'>convincit.</span> 
     </span>
    </p>

    <p class='ocr_par' dir='ltr' id='par_1_11' title="bbox 1812 4854 3384 5103">
     <span class='ocr_line' id='line_1_113' title="bbox 1889 4854 3384 4935; baseline 0.001 -17"><span class='ocrx_word' id='word_1_721' title='bbox 1889 4866 2003 4929; x_wconf 79' lang='lat' dir='ltr'>Eae,</span> <span class='ocrx_word' id='word_1_722' title='bbox 2039 4862 2298 4935; x_wconf 90' lang='lat' dir='ltr'>inquam,</span> <span class='ocrx_word' id='word_1_723' title='bbox 2344 4855 2691 4931; x_wconf 84' lang='lat' dir='ltr'>objectiones</span> <span class='ocrx_word' id='word_1_724' title='bbox 2741 4870 2860 4912; x_wconf 90' lang='lat' dir='ltr'>non</span> <span class='ocrx_word' id='word_1_725' title='bbox 2903 4854 3179 4928; x_wconf 79' lang='lat' dir='ltr'>referunt.</span> <span class='ocrx_word' id='word_1_726' title='bbox 3198 4874 3384 4920; x_wconf 71' lang='lat' dir='ltr'>Diluitur</span> 
     </span>
     <span class='ocr_line' id='line_1_114' title="bbox 1813 4925 3370 5016; baseline -0.004 -16"><span class='ocrx_word' id='word_1_727' title='bbox 1813 4944 1900 5000; x_wconf 85' lang='lat' dir='ltr'>Ad</span> <span class='ocrx_word' id='word_1_728' title='bbox 1929 4944 2179 5016; x_wconf 90' lang='lat' dir='ltr'>primam</span> <span class='ocrx_word' id='word_1_729' title='bbox 2231 4945 2417 5014; x_wconf 89' lang='lat' dir='ltr'>posset</span> <span class='ocrx_word' id='word_1_730' title='bbox 2458 4936 2791 5010; x_wconf 88' lang='lat' dir='ltr'>responderi</span> <span class='ocrx_word' id='word_1_731' title='bbox 2837 4935 3028 5009; x_wconf 89' lang='lat' dir='ltr'>primo</span> <span class='ocrx_word' id='word_1_732' title='bbox 3079 4952 3186 4995; x_wconf 88' lang='lat' dir='ltr'>ne-</span> <span class='ocrx_word' id='word_1_733' title='bbox 3223 4925 3370 4979; x_wconf 72' lang='lat' dir='ltr'>prima.</span> 
     </span>
     <span class='ocr_line' id='line_1_115' title="bbox 1812 5017 3180 5103; baseline -0.005 -19"><span class='ocrx_word' id='word_1_734' title='bbox 1812 5025 2001 5103; x_wconf 86' lang='lat' dir='ltr'>gando</span> <span class='ocrx_word' id='word_1_735' title='bbox 2027 5023 2318 5082; x_wconf 85' lang='lat' dir='ltr'>minorem</span> <span class='ocrx_word' id='word_1_736' title='bbox 2355 5018 2541 5096; x_wconf 88' lang='lat' dir='ltr'>quoad</span> <span class='ocrx_word' id='word_1_737' title='bbox 2585 5017 2898 5076; x_wconf 90' lang='lat' dir='ltr'>secundam</span> <span class='ocrx_word' id='word_1_738' title='bbox 2934 5024 3180 5093; x_wconf 88' lang='lat' dir='ltr'>partem,</span> 
     </span>
    </p>
   </div>
  </div>
 </body>
</html>
