3647 5753
78 67 415 345 fs

496 490 609 546 706

502 657 682 714 ritum
721 657 792 715 de
838 674 1091 734 congruo
1134 658 1198 715 in
1247 658 1457 732 prima,
1508 663 1564 715 et
1615 654 1864 715 secunda

503 739 826 813 acceptione
875 746 1170 807 sumatur,
1228 740 1441 798 divisio
1490 743 1576 796 est
1620 739 1865 813 analoga

503 821 769 894 analogia
825 822 1379 895 proportionalitatis
1438 820 1858 894 metaphoricae,

505 906 602 958 aut
625 901 770 958 rorte
797 905 1062 978 analogia
1088 903 1512 966 attributionis;
1540 903 1675 976 quia
1718 901 1866 957 ratio

500 981 824 1057 significata
870 1000 972 1056 per
1019 999 1230 1042 nomen
1277 984 1493 1050 meriti,
1527 983 1859 1048 intrinsece,

500 1071 558 1122 et
582 1066 813 1139 proprie
852 1068 1038 1123 solum
1072 1068 1355 1142 reperitur
1382 1067 1446 1123 in
1474 1066 1682 1123 merito
1723 1079 1867 1121 con-

503 1145 685 1222 digni,
718 1145 866 1220 quod
905 1153 989 1205 est
1017 1150 1340 1223 principale
1367 1148 1769 1223 analogatum;
1800 1144 1866 1201 in

504 1227 714 1285 merito
744 1245 879 1285 vero
906 1228 975 1286 de
1002 1246 1253 1305 congruo
1301 1228 1687 1302 metaphorice
1732 1232 1866 1284 tan-

504 1312 627 1363 tum
657 1310 942 1381 reperitur
964 1310 1056 1367 vel
1076 1310 1416 1367 extrinsece.

770 1507 1356 1579 DISPUTATIO
1416 1508 1562 1579 .III.

502 1699 611 1765 De
655 1699 1093 1780 necessitate,
1143 1706 1205 1765 et
1240 1700 1665 1785 sufficimztia
1692 1718 1867 1785 yra-

605 1806 727 1868 tz'ae
774 1804 851 1868 in
886 1803 1140 1871 ordine
1176 1805 1272 1871 ad
1326 1803 1659 1870 meritum
1710 1805 1873 1871 vitae

603 1912 915 1974 aeternoe.

581 2099 709 2155 Non
748 2097 859 2154 erit
900 2098 995 2154 hic
1013 2099 1173 2173 larga
1195 2097 1506 2172 disputatio
1532 2098 1603 2155 de
1624 2095 1875 2156 necessi-

504 2184 620 2236 tate
644 2178 843 2255 gratim
869 2180 1143 2249 absolute,
1177 2187 1275 2239 aut
1301 2183 1363 2238 in
1405 2182 1608 2239 ordine
1636 2181 1707 2239 ad
1728 2181 1876 2239 bene

504 2259 895 2333 operandum;
929 2261 999 2317 de
1025 2262 1131 2318 hoc
1157 2263 1317 2318 enim
1347 2262 1469 2318 fuse
1494 2263 1715 2337 egimus
1742 2272 1874 2320 cum

510 2344 577 2399 D.
626 2344 831 2399 Thom.
874 2360 1047 2416 supra
1076 2352 1255 2423 quaest.
1289 2346 1390 2400 109
1447 2362 1546 2417 per
1587 2353 1779 2413 totam,
1809 2341 1878 2402 in

510 2426 776 2482 Tractatu
803 2423 874 2481 de
900 2426 1095 2482 Gratia
1127 2443 1333 2499 :quare
1361 2442 1544 2499 neque
1565 2427 1657 2484 hic
1680 2427 1877 2484 futura

507 2509 593 2561 est
622 2504 847 2576 prolixa
881 2503 1210 2579 disceptatio
1237 2523 1367 2563 cum
1396 2508 1676 2565 haereticis
1704 2506 1877 2565 Pela-

507 2583 715 2658 gianis,
748 2589 845 2639 aut
867 2586 1360 2662 Semipelagianis,
1396 2590 1485 2645 vel
1508 2605 1581 2645 ex
1606 2595 1745 2655 toto,
1781 2578 1882 2646 vel

508 2681 578 2722 ex
608 2671 767 2737 parte
796 2666 1130 2723 tollentibus
1160 2669 1338 2742 ipsius
1356 2670 1555 2743 gratiae
1576 2669 1878 2727 necescita-

511 2749 627 2801 tem
662 2766 675 2799 z
718 2751 816 2801 aut
842 2761 971 2801 cum
998 2748 1363 2814 Lutheranis,
1395 2756 1452 2805 et
1491 2744 1880 2807 Novatoribus

512 2825 635 2898 ejus
679 2825 1081 2883 sufficientiam
1126 2826 1539 2902 denegantibus
1586 2851 1600 2887 z
1644 2829 1714 2888 de
1763 2843 1876 2903 quo

514 2906 683 2979 plura
698 2908 1338 2976 Controversistae,Soto,
1350 2910 1576 2979 Driedo,
1596 2913 1872 2970 Bellarm.

512 2988 739 3065 Suarez,
772 2988 1015 3045 Alvarez
1039 2991 1102 3046 de
1127 2992 1383 3057 auxiliis,
1409 2997 1463 3049 et
1486 2993 1608 3050 alii.
1635 2995 1714 3049 Ea
1740 3009 1877 3068 ergo

511 3068 791 3125 succincte
822 3069 883 3125 in
914 3071 1182 3143 praesenti
1230 3070 1620 3141 discutiemus;
1650 3091 1779 3148 quae
1805 3073 1876 3131 ad

513 3149 928 3218 necessitatem,
962 3158 1017 3207 et
1035 3152 1434 3210 sufficientiam
1462 3155 1662 3229 gratiae
1687 3156 1749 3212 in
1778 3173 1879 3213 or—

512 3229 648 3287 dine
663 3230 733 3287 ad
755 3231 1095 3289 merendum
1119 3234 1188 3291 de
1203 3235 1486 3310 condigno
1506 3237 1687 3293 vitam
1708 3242 1878 3294 aeter-

512 3325 650 3367 nam
671 3315 952 3383 spectant;
976 3313 1232 3371 maxime
1267 3331 1405 3372 vero
1434 3315 1556 3383 illa,
1582 3315 1652 3373 de
1671 3317 1880 3390 quibus

509 3391 694 3450 adhuc
737 3394 889 3450 inter
928 3394 1080 3467 ipsos
1125 3397 1441 3456 Catholicos
1480 3414 1598 3456 non
1636 3401 1881 3458 omnino

508 3479 743 3542 constat,
763 3480 860 3532 aut
879 3493 1004 3549 quae
1025 3476 1412 3537 difficultatem
1436 3482 1688 3555 aliquam
1711 3482 1882 3556 hujus

457 3631 461 3635 ,
509 3557 768 3614 materiae
792 3558 1096 3630 specialem
1126 3562 1520 3632 praeseferunt.

996 3757 1279 3812 DUBIUM
1329 3760 1369 3814 1.

586 3913 784 3972 Utrum
808 3918 967 3973 homo
986 3917 1185 3996 absque
1204 3921 1392 3989 qratia
1406 3923 1579 3992 possit
1606 3923 1803 3978 mereri

772 3998 948 4054 vitam
971 4005 1226 4054 aeternam
1251 4000 1314 4054 de
1339 4001 1620 4072 eondiyno.

586 4144 866 4201 Addimus
907 4146 970 4201 in
1010 4146 1178 4204 titulo
1225 4147 1566 4220 particulam
1594 4149 1780 4216 illam,
1810 4150 1876 4206 de

513 4227 779 4296 condiyno
812 4245 834 4294 ‚·
878 4244 1015 4285 nam
1061 4228 1199 4303 quid
1249 4230 1562 4288 tenendum
1603 4233 1678 4288 sit
1724 4233 1876 4291 circa

515 4309 791 4367 meritum
821 4312 889 4369 de
915 4327 1181 4387 congruo,
1212 4314 1493 4371 constabit
1518 4332 1589 4373 ex
1617 4315 1875 4374 dicendis

514 4393 655 4466 disp.
700 4410 806 4472 seq.
840 4411 992 4449 num.
1034 4398 1080 4460 1,
1105 4401 1160 4451 et
1188 4395 1358 4474 latius
1383 4398 1523 4470 disp.
1556 4399 1612 4464 6,
1656 4398 1783 4455 dub.
1820 4399 1866 4464 l,

515 4472 614 4530 ubi
631 4474 1084 4532 examinandum
1109 4481 1210 4542 est,
1235 4493 1309 4533 an
1333 4477 1520 4552 prima
1542 4480 1728 4553 gratia
1749 4494 1874 4552 pos·

511 4556 587 4611 sit
611 4554 813 4612 cadere
857 4555 963 4612 suh
991 4559 1096 4615 hoc
1131 4559 1362 4616 merito.
1406 4560 1655 4617 Nomine
1681 4566 1872 4617 autem

510 4637 708 4713 gratiae
738 4638 799 4694 in
828 4641 1113 4712 praesenti,
1144 4640 1614 4709 sanctificantem,
1659 4647 1715 4701 et
1745 4642 1874 4717 jus-

513 4715 826 4777 tificantem
874 4721 1289 4796 intelligimus;
1320 4722 1390 4781 de
1434 4724 1539 4780 hac
1575 4722 1736 4780 enim
1782 4723 1872 4780 lo-

458 4857 459 4860 ,
511 4803 709 4876 quitur
737 4804 797 4857 in
841 4803 940 4858 hoc
977 4804 1012 4858 2
1039 4811 1150 4861 art.
1182 4807 1244 4860 D.
1290 4805 1557 4871 Thomas,
1588 4809 1645 4862 et
1684 4803 1754 4861 de
1803 4819 1873 4860 ea

512 4889 749 4943 movent
792 4886 1178 4944 communiter
1224 4887 1586 4960 Expositores
1631 4887 1735 4943 hoc
1760 4886 1872 4942 du-

515 4967 697 5034 bium,
728 4966 880 5038 quod
902 4973 1081 5040 potest
1108 4967 1410 5041 procedere
1438 4970 1529 5024 vel
1554 4966 1870 5048 secundum

515 5050 708 5188 azgsecffii
718 5049 826 5187 gei
848 5047 1228 5116 ordinariam,
1259 5050 1350 5106 vel
1380 5048 1450 5107 de
1474 5048 1726 5122 potentia
1749 5049 1874 5124 ejus

1429 485 1524 541 DE
1562 484 2050 541 NECESSITATE
2088 485 2407 541 GRATIAE.

2617 659 2651 726 5
2703 657 2745 713 Ι.

2145 817 2295 894 Quid
2324 820 2612 877 mindam
2643 820 2707 875 de
2733 820 2842 892 leqe
2867 818 3164 876 ordinaria
3188 819 3225 874 Ρ

2080 983 2125 1038 1.
2149 981 2467 1041 Dicendum
2494 988 2578 1040 est
2597 983 2809 1057 primo,
2836 983 2965 1040 sine
2989 982 3184 1058 gratia
3210 994 3383 1038 sanc-
3422 1001 3542 1045 pri„

1997 1061 2252 1121 tiflcante
2296 1066 2527 1122 nullum
2572 1065 2643 1123 de
2687 1068 2811 1142 lege
2856 1063 3161 1124 ordinaria
3212 1079 3385 1137 posse
3419 1062 3544 1146 ⁶ss

1998 1146 2213 1201 mereri
2260 1146 2441 1202 vitam
2477 1151 2756 1204 aeternam
2793 1146 2865 1205 de
2890 1145 3196 1221 condigno.
3244 1146 3398 1205 Har

1998 1228 2285 1285 conclusio
2311 1244 2343 1285 a
2397 1229 2560 1286 nullo
2599 1231 2834 1286 Doctore
2873 1230 3163 1287 Catholico
3191 1238 3386 1302 nqu-

1999 1316 2113 1377 tur,
2147 1326 2252 1367 nec
2275 1313 2476 1386 negari
2505 1317 2721 1386 potest3
2752 1312 2981 1370 videtur
3019 1315 3185 1371 enim
3213 1310 3382 1369 diffi-

2000 1392 2121 1449 nita
2141 1392 2204 1449 in
2226 1395 2481 1454 Concilio
2504 1397 2848 1454 Milevitano
2869 1414 2992 1456 can.
3022 1399 3076 1464 5,
3099 1396 3162 1453 in
3183 1383 3546 1478 Arati-Q

2002 1473 2193 1531 sicano
2232 1476 2300 1544 11,
2334 1494 2458 1534 can.
2493 1479 2575 1543 18,
2607 1483 2664 1534 et
2690 1479 2753 1533 in
2769 1476 3113 1535 Tridentino
3137 1493 3271 1533 sess.
3305 1477 3372 1541 6,
3406 1485 3554 1541 Atym:

2001 1552 2336 1612 ubidicitur
2374 1576 2495 1631 cap.
2549 1559 2633 1623 16,
2668 1558 2967 1614 Christum
3000 1559 3198 1615 desum
3229 1562 3378 1614 tan·
3404 1535 3554 1628 ἓξ

2000 1651 2172 1710 quam
2200 1643 2368 1710 caput
2408 1639 2471 1696 in
2517 1637 2800 1703 membra,
2831 1644 2889 1696 et
2926 1644 3201 1712 tanquam
3230 1639 3556 1727 vitisffl

2003 1717 2065 1773 in
2089 1719 2373 1791 palmites,
2402 1720 2464 1776 in
2487 1720 2638 1793 ipsos
2651 1718 2989 1793 justificatos
3005 1722 3220 1796 jugiter
3242 1720 3383 1777 vir-
3423 1735 3532 1777 nna.

2003 1803 2182 1856 tutem
2206 1800 2286 1872 (id
2303 1807 2387 1858 est
2406 1802 2675 1877 gratiam)
2699 1800 2962 1872 influere,
2983 1804 3110 1859 sine
3135 1818 3251 1876 qua
3272 1818 3385 1861 eo-

2005 1898 2137 1938 rum
2160 1899 2332 1957 opera
2355 1885 2518 1940 nullo
2548 1891 2704 1958 pacto
2733 1887 2848 1942 Deo
2868 1886 3072 1960 gratia,
3103 1892 3159 1942 et
3180 1885 3383 1943 meri-

2003 1965 2152 2022 toria
2183 1980 2304 2022 esse
2332 1972 2586 2038 possunt.
2613 1968 2681 2021 Et
2711 1984 2840 2022 can.
2870 1970 2924 2030 2,
2970 1967 3049 2023 ita
3083 1965 3337 2024 habetur
3367 1988 3385 2023 ε

2010 2068 2036 2099 «
2065 2046 2123 2101 Si
2170 2046 2299 2118 quis
2343 2046 2575 2113 dixerit,
2608 2047 2678 2104 ad
2719 2048 2823 2104 hoc
2869 2050 3057 2105 solum
3106 2046 3389 2105 divinam

2009 2147 2037 2180 ι
2067 2128 2318 2201 gratiam
2347 2146 2447 2201 per
2469 2131 2663 2186 Jesum
2696 2130 2990 2186 Christum
3019 2129 3167 2197 dari,
3199 2136 3265 2187 ut
3285 2130 3388 2187 fa-

2011 2230 2037 2261 «
2069 2208 2239 2265 cilius
2265 2210 2439 2267 homo
2454 2212 2609 2284 juste
2646 2211 2863 2277 vivere,
2899 2228 2962 2268 ac
2989 2212 3167 2268 vitam
3197 2217 3385 2269 aeter-

2013 2309 2039 2343 α
2072 2305 2208 2345 nam
2237 2291 2558 2362 promereri
2583 2292 2780 2363 possit,
2810 2292 2972 2363 quasi
2996 2307 3097 2365 per
3121 2292 3382 2349 liberum

2010 2389 2038 2422 α
2070 2368 2378 2427 arbitrium
2399 2371 2526 2428 sine
2545 2373 2732 2447 gratia
2754 2379 3080 2447 utrumque,
3105 2372 3203 2430 sed
3224 2388 3389 2448 aegre

2014 2469 2042 2503 α
2070 2454 2280 2512 tamen.
2298 2458 2354 2507 et
2374 2450 2677 2510 difficulter
2700 2455 2889 2527 possit,
2907 2455 3211 2511 anathema
3227 2455 3321 2511 sit.
3349 2477 3381 2506 a

2009 2531 2079 2586 Et
2118 2532 2182 2587 in
2208 2532 2377 2589 Bulla
2405 2533 2494 2589 Pii
2537 2536 2609 2601 V,
2641 2550 2672 2590 a
2700 2534 2975 2610 Gregorio
3016 2536 3143 2590 xm
3200 2552 3387 2593 reno·
3419 2570 3556 2614 ὣς

2008 2616 2168 2674 vata,
2191 2614 2247 2667 et
2271 2611 2609 2671 confirmata
2637 2612 2948 2672 damnatur
2975 2616 3265 2688 oppositus
3287 2633 3387 2674 er·
3450 2623 3550 2667 em

2008 2705 2109 2746 ror
2133 2691 2430 2749 Michaelis
2458 2693 2605 2760 Baii,
2648 2700 2712 2750 ut
2739 2701 2888 2767 patet
2917 2695 2979 2751 in
3027 2698 3379 2768 propositio-
3425 2671 3524 2713 m

2008 2771 2180 2829 nibus
2207 2776 2266 2830 14
2289 2781 2343 2832 et
2374 2778 2454 2833 16.
2478 2775 2706 2834 Dicebat
2721 2778 2881 2834 enim
2905 2778 3074 2833 Baius
3098 2778 3160 2833 in
3183 2780 3383 2855 prima

2009 2871 2079 2913 ex
2107 2855 2198 2912 his
2229 2857 2733 2932 propositionibus,
2765 2859 2912 2934 quod
2942 2876 3114 2934 opera
3159 2859 3313 2920 bona
3341 2880 3378 2921 a

2010 2936 2148 2993 filiis
2164 2936 2448 3012 adoptivis
2469 2941 2612 2998 facta
2637 2957 2754 2999 non
2780 2942 3065 3015 accipiunt
3090 2944 3381 3002 rationem

2010 3018 2206 3074 meriti
2232 3034 2304 3075 ex
2330 3035 2396 3077 eo
2417 3021 2566 3095 quod
2611 3022 2758 3078 fiunt
2780 3039 2881 3094 per
2903 3023 3382 3100 spiritumadop-

2009 3099 2183 3158 tionis
2211 3101 2631 3160 inhabitantem
2653 3103 2822 3161 corda
2847 3102 3102 3170 filiorum
3131 3107 3252 3174 Dei,
3279 3109 3381 3165 sed

2010 3196 2081 3237 ex
2099 3197 2167 3238 eo
2189 3185 2396 3249 solum,
2428 3183 2578 3258 quod
2606 3191 2740 3240 sunt
2782 3185 3101 3243 conformia
3131 3188 3263 3263 legi.
3295 3191 3367 3245 Et

2012 3262 2074 3317 in
2094 3262 2361 3332 secunda,
2384 3264 2536 3338 quod
2563 3266 2838 3322 meritum
2866 3282 2985 3324 non
3023 3269 3284 3325 consistit
3313 3271 3378 3326 in

2011 3359 2096 3411 eo,
2115 3344 2265 3417 quod
2284 3347 2382 3419 qui
2399 3345 2544 3403 bene
2564 3353 2852 3420 operatur,
2873 3347 3079 3406 habeat
3097 3352 3374 3425 gratiam:

2011 3421 2109 3480 sed
2148 3425 2210 3480 in
2254 3441 2321 3482 eo
2366 3427 2575 3492 solum,
2619 3426 2771 3501 quod
2810 3427 3002 3485 obedit
3050 3430 3186 3505 legi.
3217 3433 3372 3496 Quas

2013 3508 2429 3580 propositiones
2452 3514 2516 3565 ut
2555 3511 2894 3567 temerarias
2933 3510 3002 3568 ad
3050 3514 3269 3581 minuS,
3320 3521 3378 3572 et

2011 3602 2284 3645 erroneas
2326 3589 2639 3663 supradicti
2686 3591 2989 3648 Pontifices
3013 3591 3372 3666 condemna-

2013 3673 2166 3728 runt.

2085 3750 2201 3807 Hoc
2226 3750 2414 3822 ipsum
2436 3756 2615 3825 potest
2634 3752 2862 3811 suaderi
2892 3753 3154 3826 pluribus
3174 3755 3369 3829 Scrip-

2008 3835 2152 3888 turae
2215 3833 2563 3890 testimoniis
2593 3875 2606 3898 ,
2676 3834 2993 3908 cujusmodi
3067 3843 3148 3892 est
3220 3836 3366 3893 illud

2008 3913 2248 3970 Joannis
2282 3917 2385 3971 15:
2433 3913 2592 3973 Sicut
2613 3917 2824 3988 palmes
2851 3934 2962 3971 non
2997 3925 3171 3989 potest
3220 3920 3574 3992 serre-lomi&

2006 3995 2252 4067 fructum
2271 4015 2307 4053 a
2347 4000 2643 4070 semetipso,
2676 4000 2789 4054 nisi
2829 4002 3090 4054 manserit
3120 4002 3180 4055 in
3217 4005 3326 4056 vite
3348 4020 3368 4055 .·

2007 4078 2087 4134 sic
2137 4096 2231 4136 nec
2280 4096 2376 4134 vos
2398 4121 2411 4146 ,
2453 4080 2566 4133 nisi
2627 4080 2688 4133 in
2763 4097 2845 4135 me
2906 4083 3236 4138 mmeritis.
3292 4083 3358 4139 In

2008 4159 2232 4216 Christo
2258 4164 2447 4215 autem
2490 4158 2685 4214 nullus
2713 4165 2921 4226 manet,
2954 4160 3068 4217 nisi
3099 4177 3199 4234 per
3223 4177 3360 4235 gra-

2005 4242 2167 4297 tiam.
2200 4241 2268 4295 Et
2294 4255 2413 4312 cap.
2445 4240 2481 4294 3
2508 4240 2679 4298 :Nisi
2704 4243 2828 4317 quis
2850 4248 3078 4297 renatus
3096 4245 3266 4314 fioerit
3289 4260 3511 4321 παπ
3531 4283 3560 4322 3

2005 4337 2170 4394 aqua,
2200 4324 2252 4374 et
2288 4316 2509 4392 Spiritu
2533 4326 2740 4386 sancte,
2784 4337 2894 4375 non
2915 4328 3085 4393 potest
3133 4326 3363 4380 introire

2003 4418 2229 4472 requam
2262 4403 2376 4458 Dei.
2411 4403 2557 4476 Ergo
2579 4417 2762 4474 neque
2784 4400 2929 4457 illud
2958 4405 3191 4461 mereri.
3220 4408 3364 4463 Pau-

2006 4483 2097 4538 lus
2138 4482 2313 4538 etiam
2350 4482 2430 4538 ait
2458 4483 2624 4538 Rom.
2656 4484 2691 4537 8
2721 4503 2734 4537 ε
2769 4482 2838 4538 Si
2862 4481 2985 4551 filii,
3016 4491 3067 4538 et
3092 4484 3318 4541 lim-edes
3345 4489 3580 4541 :MP-cm

2004 4561 2208 4620 filiatio
2247 4567 2438 4619 autem
2467 4578 2584 4618 non
2605 4561 2687 4625 fit,
2729 4561 2841 4617 nisi
2875 4575 2975 4634 per
2994 4566 3262 4637 gratiam.
3294 4568 3364 4622 Et
3375 4543 3574 4633 1203:oe

2013 4643 2137 4709 l,ad
2156 4643 2413 4700 Corinth.
2447 4644 2510 4699 13
2531 4641 2967 4700 :Siclearitatem
2989 4646 3177 4719 (atque
3199 4663 3232 4703 a
3256 4646 3364 4706 deo
3451 4641 3520 4684 ¹³·

2003 4725 2270 4799 gratiam)
2297 4742 2405 4780 non
2435 4724 2691 4790 habuero,
2716 4724 2858 4780 nihil
2878 4742 3020 4791 sum,
3048 4728 3193 4783 nihil
3220 4731 3362 4786 milii

1997 4805 2233 4878 prodest,
2251 4812 2347 4861 etc.
2378 4803 2487 4860 Ubi
2510 4820 2711 4863 omnes
2730 4810 3045 4876 exponunt,
3067 4807 3130 4863 in
3152 4807 3361 4867 ordine

2004 4885 2075 4943 ad
2097 4886 2274 4944 vitam
2284 4891 2559 4944 aeternam
2576 4886 3040 4958 promerendam.
3069 4890 3138 4944 Et
3155 4890 3226 4947 ad
3247 4892 3361 4949 Ga·
3374 4916 3448 4961 Ad
3462 4919 3552 4962 ω

2005 4971 2103 5026 lat.
2121 4970 2157 5025 5
2178 4990 2190 5025 ε
2216 4991 2243 5024 α
2280 4970 2346 5025 ln
2368 4968 2594 5025 Christo
2618 4970 2772 5034 Jesu,
2793 4985 2978 5043 neque
2998 4971 3364 5032 circumcisio
3456 4969 3498 5011 ⁵·

2009 5070 2035 5104 α
2067 5049 2287 5124 aliquid
2307 5052 2477 5117 valet,
2496 5055 2601 5106 etc.
2624 5048 2721 5107 sed
2742 5049 2902 5117 fides,
2930 5068 3056 5125 quae
3085 5070 3188 5126 per
3219 5056 3362 5114 cha-

2011 5153 2038 5186 «
2067 5131 2299 5190 ritatem
2324 5136 2617 5206 operatur.
2643 5151 2670 5183 n
2704 5133 2936 5189 Constat
2957 5140 3173 5201 autem,
3205 5137 3359 5210 quod

3263 5215 3364 5274 ubi
