<?xml version="1.0" encoding="UTF-8"?>
<!DOCTYPE html PUBLIC "-//W3C//DTD XHTML 1.0 Transitional//EN"
    "http://www.w3.org/TR/xhtml1/DTD/xhtml1-transitional.dtd">
<html xmlns="http://www.w3.org/1999/xhtml" xml:lang="en" lang="en">
 <head>
  <title>
</title>
<meta http-equiv="Content-Type" content="text/html;charset=utf-8" />
  <meta name='ocr-system' content='tesseract 3.04.00' />
  <meta name='ocr-capabilities' content='ocr_page ocr_carea ocr_par ocr_line ocrx_word'/>
</head>
<body>
  <div class='ocr_page' id='page_1' title='image "./collegiisalmant00carmgoog_0077.png"; bbox 0 0 3647 5753; ppageno 0'>
   <div class='ocr_carea' id='block_1_1' title="bbox 1395 349 3143 418">
    <p class='ocr_par' dir='ltr' id='par_1_1' title="bbox 1395 349 3143 418">
     <span class='ocr_line' id='line_1_1' title="bbox 1395 349 3143 418; baseline 0.006 -15"><span class='ocrx_word' id='word_1_1' title='bbox 1395 349 1570 405; x_wconf 72' lang='lat' dir='ltr'>mse.</span> <span class='ocrx_word' id='word_1_2' title='bbox 1616 350 1736 418; x_wconf 85' lang='lat' dir='ltr'>vn,</span> <span class='ocrx_word' id='word_1_3' title='bbox 1782 352 1946 407; x_wconf 80' lang='lat' dir='ltr'>nus.</span> <span class='ocrx_word' id='word_1_4' title='bbox 1995 351 2088 407; x_wconf 87' lang='lat'>111.</span> <span class='ocrx_word' id='word_1_5' title='bbox 3069 358 3143 413; x_wconf 83' lang='lat'>55</span> 
     </span>
    </p>
   </div>
   <div class='ocr_carea' id='block_1_2' title="bbox 60 522 1644 2134">
    <p class='ocr_par' dir='ltr' id='par_1_2' title="bbox 243 522 1644 1971">
     <span class='ocr_line' id='line_1_2' title="bbox 243 522 1644 590; baseline 0.006 -16"><span class='ocrx_word' id='word_1_6' title='bbox 243 524 483 578; x_wconf 88' lang='lat' dir='ltr'>suetum</span> <span class='ocrx_word' id='word_1_7' title='bbox 536 522 820 590; x_wconf 76' lang='lat' dir='ltr'>reddidit,</span> <span class='ocrx_word' id='word_1_8' title='bbox 873 525 993 582; x_wconf 79' lang='lat' dir='ltr'>haec</span> <span class='ocrx_word' id='word_1_9' title='bbox 1039 526 1244 583; x_wconf 87' lang='lat' dir='ltr'>habet:</span> <span class='ocrx_word' id='word_1_10' title='bbox 1280 548 1306 581; x_wconf 75' lang='grc' dir='ltr'><strong>α</strong></span> <span class='ocrx_word' id='word_1_11' title='bbox 1355 528 1502 584; x_wconf 90' lang='lat' dir='ltr'>Deus</span> <span class='ocrx_word' id='word_1_12' title='bbox 1547 543 1644 585; x_wconf 91' lang='lat' dir='ltr'>cor</span> 
     </span>
     <span class='ocr_line' id='line_1_3' title="bbox 258 602 1644 678; baseline 0.006 -24"><span class='ocrx_word' id='word_1_13' title='bbox 258 624 283 654; x_wconf 73' lang='grc' dir='ltr'>α</span> <span class='ocrx_word' id='word_1_14' title='bbox 315 602 490 676; x_wconf 86' lang='lat' dir='ltr'>regis,</span> <span class='ocrx_word' id='word_1_15' title='bbox 519 609 843 676; x_wconf 88' lang='lat' dir='ltr'>antequam</span> <span class='ocrx_word' id='word_1_16' title='bbox 868 621 1196 663; x_wconf 83' lang='lat' dir='ltr'>sermonem</span> <span class='ocrx_word' id='word_1_17' title='bbox 1225 606 1489 663; x_wconf 90' lang='lat' dir='ltr'>mulieris</span> <span class='ocrx_word' id='word_1_18' title='bbox 1512 622 1644 678; x_wconf 90' lang='lat' dir='ltr'>pos-</span> 
     </span>
     <span class='ocr_line' id='line_1_4' title="bbox 262 685 1643 754; baseline 0.007 -19"><span class='ocrx_word' id='word_1_19' title='bbox 262 705 288 735; x_wconf 75' lang='lat'><strong>«</strong></span> <span class='ocrx_word' id='word_1_20' title='bbox 322 685 507 740; x_wconf 86' lang='lat' dir='ltr'>centis</span> <span class='ocrx_word' id='word_1_21' title='bbox 535 686 816 754; x_wconf 73' lang='lat' dir='ltr'>audisset,</span> <span class='ocrx_word' id='word_1_22' title='bbox 846 689 1247 753; x_wconf 88' lang='lat' dir='ltr'>occultissima,</span> <span class='ocrx_word' id='word_1_23' title='bbox 1297 693 1353 745; x_wconf 90' lang='lat' dir='ltr'>et</span> <span class='ocrx_word' id='word_1_24' title='bbox 1373 687 1643 746; x_wconf 87' lang='lat' dir='ltr'>efficacis-</span> 
     </span>
     <span class='ocr_line' id='line_1_5' title="bbox 269 764 1641 841; baseline 0.004 -23"><span class='ocrx_word' id='word_1_25' title='bbox 269 788 294 817; x_wconf 78' lang='lat'><strong>«</strong></span> <span class='ocrx_word' id='word_1_26' title='bbox 323 764 475 821; x_wconf 89' lang='lat' dir='ltr'>sima</span> <span class='ocrx_word' id='word_1_27' title='bbox 519 771 803 838; x_wconf 79' lang='lat' dir='ltr'><strong>potestate</strong></span> <span class='ocrx_word' id='word_1_28' title='bbox 843 768 1144 833; x_wconf 83' lang='lat' dir='ltr'>convertit,</span> <span class='ocrx_word' id='word_1_29' title='bbox 1169 774 1224 825; x_wconf 90' lang='lat' dir='ltr'>et</span> <span class='ocrx_word' id='word_1_30' title='bbox 1251 768 1544 841; x_wconf 74' lang='lat' dir='ltr'>transtulit</span> <span class='ocrx_word' id='word_1_31' title='bbox 1569 766 1641 825; x_wconf 91' lang='lat' dir='ltr'>ab</span> 
     </span>
     <span class='ocr_line' id='line_1_6' title="bbox 268 843 1641 920; baseline 0.007 -24"><span class='ocrx_word' id='word_1_32' title='bbox 268 869 291 896; x_wconf 76' lang='grc' dir='ltr'><strong>α</strong></span> <span class='ocrx_word' id='word_1_33' title='bbox 324 843 735 920; x_wconf 80' lang='lat' dir='ltr'>indignatione</span> <span class='ocrx_word' id='word_1_34' title='bbox 761 848 827 904; x_wconf 92' lang='lat' dir='ltr'>in</span> <span class='ocrx_word' id='word_1_35' title='bbox 855 849 1171 913; x_wconf 84' lang='lat' dir='ltr'>lenitatem,</span> <span class='ocrx_word' id='word_1_36' title='bbox 1205 848 1308 905; x_wconf 91' lang='lat' dir='ltr'>hoc</span> <span class='ocrx_word' id='word_1_37' title='bbox 1333 854 1417 905; x_wconf 86' lang='lat' dir='ltr'>est</span> <span class='ocrx_word' id='word_1_38' title='bbox 1443 846 1513 905; x_wconf 86' lang='lat' dir='ltr'>de</span> <span class='ocrx_word' id='word_1_39' title='bbox 1537 865 1641 905; x_wconf 87' lang='lat' dir='ltr'>vo-</span> 
     </span>
     <span class='ocr_line' id='line_1_7' title="bbox 267 928 1640 987; baseline 0.006 -8"><span class='ocrx_word' id='word_1_40' title='bbox 267 950 293 979; x_wconf 76' lang='lat'><strong>«</strong></span> <span class='ocrx_word' id='word_1_41' title='bbox 327 929 555 985; x_wconf 88' lang='lat' dir='ltr'>luntate</span> <span class='ocrx_word' id='word_1_42' title='bbox 597 928 847 986; x_wconf 83' lang='lat' dir='ltr'>laedendi</span> <span class='ocrx_word' id='word_1_43' title='bbox 888 931 949 985; x_wconf 89' lang='lat' dir='ltr'>in</span> <span class='ocrx_word' id='word_1_44' title='bbox 988 931 1341 987; x_wconf 75' lang='lat' dir='ltr'>voluntatem</span> <span class='ocrx_word' id='word_1_45' title='bbox 1403 929 1640 987; x_wconf 73' lang='lat' dir='ltr'>benefa-</span> 
     </span>
     <span class='ocr_line' id='line_1_8' title="bbox 265 1008 1638 1082; baseline 0.001 -17"><span class='ocrx_word' id='word_1_46' title='bbox 265 1031 293 1059; x_wconf 72' lang='lat' dir='ltr'>c</span> <span class='ocrx_word' id='word_1_47' title='bbox 322 1008 537 1074; x_wconf 90' lang='lat' dir='ltr'>ciendi,</span> <span class='ocrx_word' id='word_1_48' title='bbox 600 1010 920 1066; x_wconf 86' lang='lat' dir='ltr'>secundum</span> <span class='ocrx_word' id='word_1_49' title='bbox 961 1010 1105 1066; x_wconf 90' lang='lat' dir='ltr'>illud</span> <span class='ocrx_word' id='word_1_50' title='bbox 1146 1010 1399 1082; x_wconf 82' lang='lat' dir='ltr'>Apostoli</span> <span class='ocrx_word' id='word_1_51' title='bbox 1435 1031 1449 1066; x_wconf 74' lang='grc' dir='ltr'><strong><em>ε</em></strong></span> <span class='ocrx_word' id='word_1_52' title='bbox 1491 1011 1638 1067; x_wconf 90' lang='lat' dir='ltr'>Deus</span> 
     </span>
     <span class='ocr_line' id='line_1_9' title="bbox 265 1091 1636 1165; baseline 0.002 -21"><span class='ocrx_word' id='word_1_53' title='bbox 265 1114 289 1143; x_wconf 66' lang='lat' dir='ltr'>e·</span> <span class='ocrx_word' id='word_1_54' title='bbox 318 1092 487 1148; x_wconf 90' lang='lat' dir='ltr'>enim</span> <span class='ocrx_word' id='word_1_55' title='bbox 509 1096 597 1148; x_wconf 90' lang='lat' dir='ltr'>est</span> <span class='ocrx_word' id='word_1_56' title='bbox 613 1092 712 1163; x_wconf 91' lang='lat' dir='ltr'>qui</span> <span class='ocrx_word' id='word_1_57' title='bbox 739 1098 1011 1165; x_wconf 86' lang='lat' dir='ltr'>operatur</span> <span class='ocrx_word' id='word_1_58' title='bbox 1036 1097 1093 1148; x_wconf 87' lang='lat' dir='ltr'>et</span> <span class='ocrx_word' id='word_1_59' title='bbox 1130 1093 1299 1148; x_wconf 83' lang='lat' dir='ltr'>velle.</span> <span class='ocrx_word' id='word_1_60' title='bbox 1344 1091 1636 1164; x_wconf 85' lang='lat' dir='ltr'>Numquid</span> 
     </span>
     <span class='ocr_line' id='line_1_10' title="bbox 262 1172 1637 1245; baseline 0.004 -21"><span class='ocrx_word' id='word_1_61' title='bbox 262 1194 290 1224; x_wconf 70' lang='grc' dir='ltr'><em>α</em></span> <span class='ocrx_word' id='word_1_62' title='bbox 320 1173 596 1230; x_wconf 86' lang='lat' dir='ltr'>homines</span> <span class='ocrx_word' id='word_1_63' title='bbox 626 1174 745 1241; x_wconf 90' lang='lat' dir='ltr'>Dei,</span> <span class='ocrx_word' id='word_1_64' title='bbox 778 1175 878 1245; x_wconf 90' lang='lat' dir='ltr'>qui</span> <span class='ocrx_word' id='word_1_65' title='bbox 908 1173 1027 1230; x_wconf 80' lang='lat' dir='ltr'>haec</span> <span class='ocrx_word' id='word_1_66' title='bbox 1052 1173 1422 1244; x_wconf 88' lang='lat' dir='ltr'>scripserunt,</span> <span class='ocrx_word' id='word_1_67' title='bbox 1456 1172 1637 1230; x_wconf 88' lang='lat' dir='ltr'>immo</span> 
     </span>
     <span class='ocr_line' id='line_1_11' title="bbox 263 1251 1636 1325; baseline 0.004 -21"><span class='ocrx_word' id='word_1_68' title='bbox 263 1274 291 1304; x_wconf 72' lang='grc' dir='ltr'><em>α</em></span> <span class='ocrx_word' id='word_1_69' title='bbox 325 1253 452 1325; x_wconf 90' lang='lat' dir='ltr'>ipse</span> <span class='ocrx_word' id='word_1_70' title='bbox 472 1251 726 1325; x_wconf 85' lang='lat' dir='ltr'>Spiritus</span> <span class='ocrx_word' id='word_1_71' title='bbox 749 1253 870 1317; x_wconf 87' lang='lat' dir='ltr'>Dei,</span> <span class='ocrx_word' id='word_1_72' title='bbox 895 1268 1006 1325; x_wconf 90' lang='lat' dir='ltr'>quo</span> <span class='ocrx_word' id='word_1_73' title='bbox 1028 1252 1265 1308; x_wconf 82' lang='lat' dir='ltr'>authore</span> <span class='ocrx_word' id='word_1_74' title='bbox 1288 1252 1410 1309; x_wconf 81' lang='lat' dir='ltr'>haec</span> <span class='ocrx_word' id='word_1_75' title='bbox 1428 1252 1636 1324; x_wconf 91' lang='lat' dir='ltr'>scripta</span> 
     </span>
     <span class='ocr_line' id='line_1_12' title="bbox 266 1332 1637 1408; baseline 0.004 -22"><span class='ocrx_word' id='word_1_76' title='bbox 266 1358 291 1385; x_wconf 69' lang='grc' dir='ltr'><strong>α</strong></span> <span class='ocrx_word' id='word_1_77' title='bbox 320 1341 482 1401; x_wconf 89' lang='lat' dir='ltr'>sunt,</span> <span class='ocrx_word' id='word_1_78' title='bbox 548 1335 903 1408; x_wconf 75' lang='lat' dir='ltr'>oppugnavit</span> <span class='ocrx_word' id='word_1_79' title='bbox 976 1333 1224 1390; x_wconf 88' lang='lat' dir='ltr'>liberum</span> <span class='ocrx_word' id='word_1_80' title='bbox 1270 1332 1577 1391; x_wconf 84' lang='lat' dir='ltr'>arbitrium</span> <span class='ocrx_word' id='word_1_81' title='bbox 1608 1337 1637 1391; x_wconf 68' lang='grc' dir='ltr'>Ρ</span> 
     </span>
     <span class='ocr_line' id='line_1_13' title="bbox 263 1413 1635 1489; baseline 0.003 -23"><span class='ocrx_word' id='word_1_82' title='bbox 263 1433 290 1466; x_wconf 70' lang='grc' dir='ltr'><strong>α</strong></span> <span class='ocrx_word' id='word_1_83' title='bbox 320 1414 506 1471; x_wconf 82' lang='lat' dir='ltr'>Absit.</span> <span class='ocrx_word' id='word_1_84' title='bbox 539 1414 644 1472; x_wconf 87' lang='lat' dir='ltr'>Sed</span> <span class='ocrx_word' id='word_1_85' title='bbox 665 1414 1078 1486; x_wconf 84' lang='lat' dir='ltr'>omnipotentis</span> <span class='ocrx_word' id='word_1_86' title='bbox 1104 1415 1168 1469; x_wconf 90' lang='lat' dir='ltr'>in</span> <span class='ocrx_word' id='word_1_87' title='bbox 1187 1413 1458 1480; x_wconf 86' lang='lat' dir='ltr'>omnibus</span> <span class='ocrx_word' id='word_1_88' title='bbox 1477 1419 1533 1470; x_wconf 90' lang='lat' dir='ltr'>et</span> <span class='ocrx_word' id='word_1_89' title='bbox 1547 1416 1635 1489; x_wconf 88' lang='lat' dir='ltr'>ju·</span> 
     </span>
     <span class='ocr_line' id='line_1_14' title="bbox 264 1493 1635 1566; baseline 0.004 -21"><span class='ocrx_word' id='word_1_90' title='bbox 264 1515 287 1545; x_wconf 71' lang='grc' dir='ltr'><em>α</em></span> <span class='ocrx_word' id='word_1_91' title='bbox 317 1493 542 1551; x_wconf 83' lang='lat' dir='ltr'>dicium</span> <span class='ocrx_word' id='word_1_92' title='bbox 566 1494 973 1566; x_wconf 88' lang='lat' dir='ltr'>justissimum,</span> <span class='ocrx_word' id='word_1_93' title='bbox 1000 1500 1056 1550; x_wconf 91' lang='lat' dir='ltr'>et</span> <span class='ocrx_word' id='word_1_94' title='bbox 1077 1493 1361 1550; x_wconf 89' lang='lat' dir='ltr'>auxilium</span> <span class='ocrx_word' id='word_1_95' title='bbox 1390 1494 1489 1551; x_wconf 88' lang='lat' dir='ltr'>Dei</span> <span class='ocrx_word' id='word_1_96' title='bbox 1517 1494 1635 1550; x_wconf 91' lang='lat' dir='ltr'>mi-</span> 
     </span>
     <span class='ocr_line' id='line_1_15' title="bbox 263 1574 1630 1632; baseline 0.004 -6"><span class='ocrx_word' id='word_1_97' title='bbox 263 1596 286 1626; x_wconf 70' lang='lat'>«</span> <span class='ocrx_word' id='word_1_98' title='bbox 316 1575 850 1631; x_wconf 85' lang='lat' dir='ltr'>sericordissimum</span> <span class='ocrx_word' id='word_1_99' title='bbox 911 1574 1351 1631; x_wconf 86' lang='lat' dir='ltr'>commendavit.</span> <span class='ocrx_word' id='word_1_100' title='bbox 1393 1596 1418 1626; x_wconf 73' lang='lat' dir='ltr'>n</span> <span class='ocrx_word' id='word_1_101' title='bbox 1476 1574 1630 1632; x_wconf 89' lang='lat' dir='ltr'>Idem</span> 
     </span>
     <span class='ocr_line' id='line_1_16' title="bbox 256 1657 1632 1730; baseline 0 -16"><span class='ocrx_word' id='word_1_102' title='bbox 256 1659 469 1729; x_wconf 87' lang='lat' dir='ltr'>repetit</span> <span class='ocrx_word' id='word_1_103' title='bbox 509 1657 841 1712; x_wconf 89' lang='lat' dir='ltr'>innumeris</span> <span class='ocrx_word' id='word_1_104' title='bbox 880 1658 1013 1713; x_wconf 90' lang='lat' dir='ltr'>aliis</span> <span class='ocrx_word' id='word_1_105' title='bbox 1055 1657 1117 1712; x_wconf 91' lang='lat' dir='ltr'>in</span> <span class='ocrx_word' id='word_1_106' title='bbox 1161 1657 1315 1721; x_wconf 90' lang='lat' dir='ltr'>locis,</span> <span class='ocrx_word' id='word_1_107' title='bbox 1340 1673 1466 1730; x_wconf 82' lang='lat' dir='ltr'>quae</span> <span class='ocrx_word' id='word_1_108' title='bbox 1495 1674 1632 1730; x_wconf 91' lang='lat' dir='ltr'>pro-</span> 
     </span>
     <span class='ocr_line' id='line_1_17' title="bbox 255 1736 1623 1796; baseline 0.002 -3"><span class='ocrx_word' id='word_1_109' title='bbox 255 1739 447 1793; x_wconf 81' lang='lat' dir='ltr'>lixum</span> <span class='ocrx_word' id='word_1_110' title='bbox 488 1746 631 1794; x_wconf 76' lang='lat' dir='ltr'>esset</span> <span class='ocrx_word' id='word_1_111' title='bbox 677 1737 915 1794; x_wconf 78' lang='lat' dir='ltr'>referre.</span> <span class='ocrx_word' id='word_1_112' title='bbox 974 1737 1139 1795; x_wconf 88' lang='lat' dir='ltr'>L&#39;nde</span> <span class='ocrx_word' id='word_1_113' title='bbox 1174 1736 1495 1795; x_wconf 85' lang='lat' dir='ltr'>fidelissimi</span> <span class='ocrx_word' id='word_1_114' title='bbox 1568 1741 1623 1796; x_wconf 89' lang='lat' dir='ltr'>S.</span> 
     </span>
     <span class='ocr_line' id='line_1_18' title="bbox 254 1817 1629 1891; baseline 0.003 -20"><span class='ocrx_word' id='word_1_115' title='bbox 254 1817 569 1891; x_wconf 78' lang='lat' dir='ltr'>Augustini</span> <span class='ocrx_word' id='word_1_116' title='bbox 603 1817 870 1890; x_wconf 86' lang='lat' dir='ltr'>discipuli</span> <span class='ocrx_word' id='word_1_117' title='bbox 920 1818 1181 1888; x_wconf 84' lang='lat' dir='ltr'>Prosper,</span> <span class='ocrx_word' id='word_1_118' title='bbox 1207 1822 1264 1873; x_wconf 93' lang='lat' dir='ltr'>et</span> <span class='ocrx_word' id='word_1_119' title='bbox 1298 1818 1629 1891; x_wconf 82' lang='lat' dir='ltr'>Fulgentius</span> 
     </span>
     <span class='ocr_line' id='line_1_19' title="bbox 253 1898 1626 1971; baseline 0.002 -18"><span class='ocrx_word' id='word_1_120' title='bbox 253 1898 506 1953; x_wconf 87' lang='lat' dir='ltr'>eandem</span> <span class='ocrx_word' id='word_1_121' title='bbox 559 1898 820 1971; x_wconf 87' lang='lat' dir='ltr'>magistri</span> <span class='ocrx_word' id='word_1_122' title='bbox 869 1903 1144 1961; x_wconf 85' lang='lat' dir='ltr'>mentem,</span> <span class='ocrx_word' id='word_1_123' title='bbox 1187 1902 1243 1954; x_wconf 89' lang='lat' dir='ltr'>et</span> <span class='ocrx_word' id='word_1_124' title='bbox 1281 1899 1626 1956; x_wconf 89' lang='lat' dir='ltr'>sententiam</span> 
     </span>
    </p>

    <p class='ocr_par' dir='ltr' id='par_1_3' title="bbox 60 1978 1627 2134">
     <span class='ocr_line' id='line_1_20' title="bbox 60 1978 1627 2051; baseline -0.001 -13"><span class='ocrx_word' id='word_1_125' title='bbox 60 1984 243 2038; x_wconf 51' lang='lat' dir='ltr'>”frte-P·</span> <span class='ocrx_word' id='word_1_126' title='bbox 256 1978 589 2035; x_wconf 88' lang='lat' dir='ltr'>imitantur.</span> <span class='ocrx_word' id='word_1_127' title='bbox 618 1981 865 2051; x_wconf 88' lang='lat' dir='ltr'>Prosper</span> <span class='ocrx_word' id='word_1_128' title='bbox 885 1980 1044 2036; x_wconf 88' lang='lat' dir='ltr'>enim</span> <span class='ocrx_word' id='word_1_129' title='bbox 1069 1979 1130 2034; x_wconf 93' lang='lat' dir='ltr'>in</span> <span class='ocrx_word' id='word_1_130' title='bbox 1156 1978 1416 2037; x_wconf 88' lang='lat' dir='ltr'>carmine</span> <span class='ocrx_word' id='word_1_131' title='bbox 1435 1979 1506 2037; x_wconf 92' lang='lat' dir='ltr'>de</span> <span class='ocrx_word' id='word_1_132' title='bbox 1528 1983 1627 2037; x_wconf 92' lang='lat' dir='ltr'>In-</span> 
     </span>
     <span class='ocr_line' id='line_1_21' title="bbox 252 2060 992 2134; baseline -0.004 -18"><span class='ocrx_word' id='word_1_133' title='bbox 252 2061 454 2134; x_wconf 87' lang='lat' dir='ltr'>gratis,</span> <span class='ocrx_word' id='word_1_134' title='bbox 486 2078 609 2133; x_wconf 80' lang='lat' dir='ltr'>cap.</span> <span class='ocrx_word' id='word_1_135' title='bbox 649 2061 732 2125; x_wconf 84' lang='lat'>15,</span> <span class='ocrx_word' id='word_1_136' title='bbox 762 2060 844 2115; x_wconf 89' lang='lat' dir='ltr'>sic</span> <span class='ocrx_word' id='word_1_137' title='bbox 870 2060 949 2115; x_wconf 86' lang='lat' dir='ltr'>ait</span> <span class='ocrx_word' id='word_1_138' title='bbox 978 2080 992 2114; x_wconf 78' lang='grc' dir='ltr'><strong>ε</strong></span> 
     </span>
    </p>
   </div>
   <div class='ocr_carea' id='block_1_3' title="bbox 360 2165 1623 2572">
    <p class='ocr_par' dir='ltr' id='par_1_4' title="bbox 360 2165 1623 2572">
     <span class='ocr_line' id='line_1_22' title="bbox 364 2165 1623 2247; baseline 0 -15"><span class='ocrx_word' id='word_1_139' title='bbox 364 2175 441 2232; x_wconf 76' lang='lat' dir='ltr'>At</span> <span class='ocrx_word' id='word_1_140' title='bbox 470 2190 596 2229; x_wconf 78' lang='lat' dir='ltr'>vero</span> <span class='ocrx_word' id='word_1_141' title='bbox 637 2174 976 2247; x_wconf 76' lang='lat' dir='ltr'>omnipotens</span> <span class='ocrx_word' id='word_1_142' title='bbox 999 2165 1269 2230; x_wconf 78' lang='lat' dir='ltr'>hominem</span> <span class='ocrx_word' id='word_1_143' title='bbox 1290 2191 1413 2229; x_wconf 83' lang='lat' dir='ltr'>cum</span> <span class='ocrx_word' id='word_1_144' title='bbox 1439 2178 1623 2245; x_wconf 72' lang='lat' dir='ltr'>qratia</span> 
     </span>
     <span class='ocr_line' id='line_1_23' title="bbox 366 2257 1622 2470; baseline 0 -75"><span class='ocrx_word' id='word_1_145' title='bbox 366 2257 682 2470; x_wconf 49' lang='grc' dir='ltr'>Ῑρειῖαεξῖιξι,</span> <span class='ocrx_word' id='word_1_146' title='bbox 729 2342 1071 2391; x_wconf 74' lang='lat' dir='ltr'>consummat</span> <span class='ocrx_word' id='word_1_147' title='bbox 1108 2351 1263 2408; x_wconf 81' lang='lat' dir='ltr'>opus,</span> <span class='ocrx_word' id='word_1_148' title='bbox 1297 2338 1389 2391; x_wconf 79' lang='lat' dir='ltr'>cui</span> <span class='ocrx_word' id='word_1_149' title='bbox 1414 2344 1622 2412; x_wconf 79' lang='lat' dir='ltr'>tempus</span> 
     </span>
     <span class='ocr_line' id='line_1_24' title="bbox 360 2433 1390 2572; baseline -0.003 -18"><span class='ocrx_word' id='word_1_150' title='bbox 360 2433 781 2569; x_wconf 50' lang='grc' dir='ltr'>Βαηῗείπαιιὶεεί,</span> <span class='ocrx_word' id='word_1_151' title='bbox 815 2511 931 2572; x_wconf 69' lang='lat' dir='ltr'>quse</span> <span class='ocrx_word' id='word_1_152' title='bbox 945 2501 1093 2564; x_wconf 74' lang='lat' dir='ltr'>qesta</span> <span class='ocrx_word' id='word_1_153' title='bbox 1118 2495 1263 2560; x_wconf 83' lang='lat' dir='ltr'>velit,</span> <span class='ocrx_word' id='word_1_154' title='bbox 1294 2503 1390 2553; x_wconf 88' lang='lat' dir='ltr'>etc.</span> 
     </span>
    </p>
   </div>
   <div class='ocr_carea' id='block_1_4' title="bbox 64 2612 1617 2846">
    <p class='ocr_par' dir='ltr' id='par_1_5' title="bbox 64 2612 1617 2837">
     <span class='ocr_line' id='line_1_25' title="bbox 76 2612 1617 2691; baseline -0.003 -15"><span class='ocrx_word' id='word_1_155' title='bbox 76 2635 108 2676; x_wconf 80' lang='lat' dir='ltr'>b.</span> <span class='ocrx_word' id='word_1_156' title='bbox 122 2637 213 2679; x_wconf 70' lang='lat' dir='ltr'>sni</span> <span class='ocrx_word' id='word_1_157' title='bbox 328 2618 661 2691; x_wconf 83' lang='lat' dir='ltr'>Fulgentius</span> <span class='ocrx_word' id='word_1_158' title='bbox 694 2615 872 2671; x_wconf 90' lang='lat' dir='ltr'>etiam</span> <span class='ocrx_word' id='word_1_159' title='bbox 897 2615 957 2668; x_wconf 80' lang='lat' dir='ltr'>in</span> <span class='ocrx_word' id='word_1_160' title='bbox 996 2612 1129 2669; x_wconf 77' lang='lat' dir='ltr'>libro</span> <span class='ocrx_word' id='word_1_161' title='bbox 1149 2615 1212 2669; x_wconf 87' lang='lat' dir='ltr'>de</span> <span class='ocrx_word' id='word_1_162' title='bbox 1238 2613 1525 2674; x_wconf 66' lang='lat' dir='ltr'>[incarnat.</span> <span class='ocrx_word' id='word_1_163' title='bbox 1568 2624 1617 2673; x_wconf 90' lang='lat' dir='ltr'>et</span> 
     </span>
     <span class='ocr_line' id='line_1_26' title="bbox 64 2692 1617 2771; baseline 0.001 -18"><span class='ocrx_word' id='word_1_164' title='bbox 64 2692 219 2729; x_wconf 55' lang='lat' dir='ltr'>mm·</span> <span class='ocrx_word' id='word_1_165' title='bbox 246 2701 455 2771; x_wconf 70' lang='lat' dir='ltr'>qratia,</span> <span class='ocrx_word' id='word_1_166' title='bbox 473 2715 595 2771; x_wconf 81' lang='lat' dir='ltr'>cap.</span> <span class='ocrx_word' id='word_1_167' title='bbox 621 2699 735 2752; x_wconf 76' lang='lat'>29:</span> <span class='ocrx_word' id='word_1_168' title='bbox 754 2718 780 2748; x_wconf 75' lang='grc' dir='ltr'>α</span> <span class='ocrx_word' id='word_1_169' title='bbox 798 2695 1093 2759; x_wconf 89' lang='lat' dir='ltr'>Quomodo</span> <span class='ocrx_word' id='word_1_170' title='bbox 1109 2698 1253 2751; x_wconf 83' lang='lat' dir='ltr'>Deus</span> <span class='ocrx_word' id='word_1_171' title='bbox 1273 2697 1471 2753; x_wconf 89' lang='lat' dir='ltr'>omnia</span> <span class='ocrx_word' id='word_1_172' title='bbox 1489 2714 1617 2770; x_wconf 82' lang='lat' dir='ltr'>quae</span> 
     </span>
     <span class='ocr_line' id='line_1_27' title="bbox 254 2777 1609 2846; baseline 0.002 -13"><span class='ocrx_word' id='word_1_173' title='bbox 254 2804 281 2833; x_wconf 74' lang='lat' dir='ltr'>a</span> <span class='ocrx_word' id='word_1_174' title='bbox 324 2780 616 2846; x_wconf 74' lang='lat' dir='ltr'>vultsacit,</span> <span class='ocrx_word' id='word_1_175' title='bbox 636 2779 685 2834; x_wconf 91' lang='lat' dir='ltr'>si</span> <span class='ocrx_word' id='word_1_176' title='bbox 702 2777 900 2834; x_wconf 84' lang='lat' dir='ltr'>volens</span> <span class='ocrx_word' id='word_1_177' title='bbox 917 2777 1212 2833; x_wconf 89' lang='lat' dir='ltr'>hominem</span> <span class='ocrx_word' id='word_1_178' title='bbox 1224 2779 1450 2835; x_wconf 88' lang='lat' dir='ltr'>salvum</span> <span class='ocrx_word' id='word_1_179' title='bbox 1464 2777 1609 2846; x_wconf 89' lang='lat' dir='ltr'>fieri,</span> 
     </span>
    </p>
   </div>
   <div class='ocr_carea' id='block_1_5' title="bbox 78 2859 1616 4299">
    <p class='ocr_par' dir='ltr' id='par_1_6' title="bbox 78 2859 1616 4299">
     <span class='ocr_line' id='line_1_28' title="bbox 252 2859 1616 2938; baseline 0.003 -23"><span class='ocrx_word' id='word_1_180' title='bbox 252 2887 279 2915; x_wconf 71' lang='grc' dir='ltr'><strong>α</strong></span> <span class='ocrx_word' id='word_1_181' title='bbox 319 2863 480 2938; x_wconf 88' lang='lat' dir='ltr'>cujus</span> <span class='ocrx_word' id='word_1_182' title='bbox 508 2861 664 2918; x_wconf 89' lang='lat' dir='ltr'>salus</span> <span class='ocrx_word' id='word_1_183' title='bbox 691 2875 808 2917; x_wconf 92' lang='lat' dir='ltr'>non</span> <span class='ocrx_word' id='word_1_184' title='bbox 855 2859 970 2917; x_wconf 84' lang='lat' dir='ltr'>nisi</span> <span class='ocrx_word' id='word_1_185' title='bbox 1008 2876 1041 2916; x_wconf 93' lang='lat' dir='ltr'>a</span> <span class='ocrx_word' id='word_1_186' title='bbox 1070 2859 1219 2918; x_wconf 89' lang='lat' dir='ltr'>bona</span> <span class='ocrx_word' id='word_1_187' title='bbox 1261 2861 1464 2934; x_wconf 86' lang='lat' dir='ltr'>incipit</span> <span class='ocrx_word' id='word_1_188' title='bbox 1510 2878 1616 2919; x_wconf 82' lang='lat' dir='ltr'>vo-</span> 
     </span>
     <span class='ocr_line' id='line_1_29' title="bbox 247 2942 1614 3015; baseline 0.001 -19"><span class='ocrx_word' id='word_1_189' title='bbox 247 2968 274 2996; x_wconf 72' lang='lat'>«</span> <span class='ocrx_word' id='word_1_190' title='bbox 317 2946 562 3007; x_wconf 88' lang='lat' dir='ltr'>luntate,</span> <span class='ocrx_word' id='word_1_191' title='bbox 589 2942 780 3015; x_wconf 89' lang='lat' dir='ltr'>ipsum</span> <span class='ocrx_word' id='word_1_192' title='bbox 812 2942 960 2998; x_wconf 84' lang='lat' dir='ltr'>velle</span> <span class='ocrx_word' id='word_1_193' title='bbox 986 2942 1191 2998; x_wconf 91' lang='lat' dir='ltr'>nonin</span> <span class='ocrx_word' id='word_1_194' title='bbox 1239 2943 1477 3000; x_wconf 90' lang='lat' dir='ltr'>homine</span> <span class='ocrx_word' id='word_1_195' title='bbox 1516 2942 1614 2998; x_wconf 90' lang='lat' dir='ltr'>in·-</span> 
     </span>
     <span class='ocr_line' id='line_1_30' title="bbox 245 3021 1613 3095; baseline 0.002 -19"><span class='ocrx_word' id='word_1_196' title='bbox 245 3048 271 3076; x_wconf 74' lang='grc' dir='ltr'>α</span> <span class='ocrx_word' id='word_1_197' title='bbox 310 3026 504 3090; x_wconf 76' lang='lat' dir='ltr'>choat‚</span> <span class='ocrx_word' id='word_1_198' title='bbox 532 3021 631 3079; x_wconf 88' lang='lat' dir='ltr'>sed</span> <span class='ocrx_word' id='word_1_199' title='bbox 657 3029 718 3079; x_wconf 90' lang='lat' dir='ltr'>ut</span> <span class='ocrx_word' id='word_1_200' title='bbox 745 3021 817 3078; x_wconf 88' lang='lat' dir='ltr'>ab</span> <span class='ocrx_word' id='word_1_201' title='bbox 845 3021 1080 3080; x_wconf 88' lang='lat' dir='ltr'>homine</span> <span class='ocrx_word' id='word_1_202' title='bbox 1099 3028 1380 3089; x_wconf 87' lang='lat' dir='ltr'>nascatur,</span> <span class='ocrx_word' id='word_1_203' title='bbox 1406 3037 1613 3095; x_wconf 88' lang='lat' dir='ltr'>expec-</span> 
     </span>
     <span class='ocr_line' id='line_1_31' title="bbox 242 3100 1606 3174; baseline 0.001 -17"><span class='ocrx_word' id='word_1_204' title='bbox 242 3127 269 3157; x_wconf 80' lang='lat'><strong>«</strong></span> <span class='ocrx_word' id='word_1_205' title='bbox 311 3108 397 3160; x_wconf 88' lang='lat' dir='ltr'>tat</span> <span class='ocrx_word' id='word_1_206' title='bbox 421 3106 451 3159; x_wconf 82' lang='lat'><strong>?</strong></span> <span class='ocrx_word' id='word_1_207' title='bbox 478 3104 523 3157; x_wconf 94' lang='lat' dir='ltr'>O</span> <span class='ocrx_word' id='word_1_208' title='bbox 564 3117 738 3173; x_wconf 90' lang='lat' dir='ltr'>quam</span> <span class='ocrx_word' id='word_1_209' title='bbox 767 3100 1079 3174; x_wconf 91' lang='lat' dir='ltr'>pessimum</span> <span class='ocrx_word' id='word_1_210' title='bbox 1108 3100 1268 3157; x_wconf 78' lang='lat' dir='ltr'>nefas</span> <span class='ocrx_word' id='word_1_211' title='bbox 1314 3102 1606 3168; x_wconf 86' lang='lat' dir='ltr'>asseritur,</span> 
     </span>
     <span class='ocr_line' id='line_1_32' title="bbox 240 3181 1604 3257; baseline 0 -21"><span class='ocrx_word' id='word_1_212' title='bbox 240 3207 267 3236; x_wconf 72' lang='lat' dir='ltr'>a</span> <span class='ocrx_word' id='word_1_213' title='bbox 308 3183 451 3239; x_wconf 89' lang='lat' dir='ltr'>dum</span> <span class='ocrx_word' id='word_1_214' title='bbox 467 3182 669 3257; x_wconf 81' lang='lat' dir='ltr'>gratiae</span> <span class='ocrx_word' id='word_1_215' title='bbox 683 3181 784 3237; x_wconf 90' lang='lat' dir='ltr'>Dei</span> <span class='ocrx_word' id='word_1_216' title='bbox 806 3181 1217 3237; x_wconf 84' lang='lat' dir='ltr'>contumaciter</span> <span class='ocrx_word' id='word_1_217' title='bbox 1235 3186 1604 3255; x_wconf 89' lang='lat' dir='ltr'>repugnatur,</span> 
     </span>
     <span class='ocr_line' id='line_1_33' title="bbox 238 3259 1608 3333; baseline 0.002 -18"><span class='ocrx_word' id='word_1_218' title='bbox 238 3287 263 3315; x_wconf 61' lang='lat' dir='ltr'>a</span> <span class='ocrx_word' id='word_1_219' title='bbox 305 3269 366 3320; x_wconf 89' lang='lat' dir='ltr'>et</span> <span class='ocrx_word' id='word_1_220' title='bbox 394 3263 664 3320; x_wconf 90' lang='lat' dir='ltr'>homines</span> <span class='ocrx_word' id='word_1_221' title='bbox 680 3276 853 3333; x_wconf 89' lang='lat' dir='ltr'>opera</span> <span class='ocrx_word' id='word_1_222' title='bbox 869 3260 1044 3317; x_wconf 90' lang='lat' dir='ltr'>Deise</span> <span class='ocrx_word' id='word_1_223' title='bbox 1072 3260 1134 3315; x_wconf 92' lang='lat' dir='ltr'>in</span> <span class='ocrx_word' id='word_1_224' title='bbox 1152 3259 1366 3318; x_wconf 91' lang='lat' dir='ltr'>bonum</span> <span class='ocrx_word' id='word_1_225' title='bbox 1394 3262 1608 3318; x_wconf 90' lang='lat' dir='ltr'>mutari</span> 
     </span>
     <span class='ocr_line' id='line_1_34' title="bbox 237 3342 1610 3419; baseline 0.003 -22"><span class='ocrx_word' id='word_1_226' title='bbox 237 3368 265 3397; x_wconf 64' lang='lat' dir='ltr'>a</span> <span class='ocrx_word' id='word_1_227' title='bbox 307 3349 547 3419; x_wconf 87' lang='lat' dir='ltr'>negant,</span> <span class='ocrx_word' id='word_1_228' title='bbox 579 3343 680 3416; x_wconf 87' lang='lat' dir='ltr'>qui</span> <span class='ocrx_word' id='word_1_229' title='bbox 709 3342 974 3398; x_wconf 89' lang='lat' dir='ltr'>homines</span> <span class='ocrx_word' id='word_1_230' title='bbox 998 3357 1113 3398; x_wconf 93' lang='lat' dir='ltr'>non</span> <span class='ocrx_word' id='word_1_231' title='bbox 1134 3347 1340 3410; x_wconf 89' lang='lat' dir='ltr'>essent,</span> <span class='ocrx_word' id='word_1_232' title='bbox 1370 3343 1484 3400; x_wconf 91' lang='lat' dir='ltr'>nisi</span> <span class='ocrx_word' id='word_1_233' title='bbox 1513 3342 1610 3401; x_wconf 91' lang='lat' dir='ltr'>bo·</span> 
     </span>
     <span class='ocr_line' id='line_1_35' title="bbox 236 3421 1607 3493; baseline 0.002 -17"><span class='ocrx_word' id='word_1_234' title='bbox 236 3449 261 3476; x_wconf 69' lang='grc' dir='ltr'><strong>α</strong></span> <span class='ocrx_word' id='word_1_235' title='bbox 306 3425 496 3481; x_wconf 88' lang='lat' dir='ltr'>nitate</span> <span class='ocrx_word' id='word_1_236' title='bbox 541 3422 642 3479; x_wconf 88' lang='lat' dir='ltr'>Dei</span> <span class='ocrx_word' id='word_1_237' title='bbox 697 3421 991 3493; x_wconf 82' lang='lat' dir='ltr'>operantis</span> <span class='ocrx_word' id='word_1_238' title='bbox 1048 3421 1403 3478; x_wconf 82' lang='lat' dir='ltr'>existerent?</span> <span class='ocrx_word' id='word_1_239' title='bbox 1449 3426 1607 3480; x_wconf 89' lang='lat' dir='ltr'>Itane</span> 
     </span>
     <span class='ocr_line' id='line_1_36' title="bbox 232 3501 1600 3576; baseline 0.001 -17"><span class='ocrx_word' id='word_1_240' title='bbox 232 3528 261 3559; x_wconf 67' lang='lat' dir='ltr'><strong><em>a</em></strong></span> <span class='ocrx_word' id='word_1_241' title='bbox 306 3520 513 3563; x_wconf 89' lang='lat' dir='ltr'>rerum</span> <span class='ocrx_word' id='word_1_242' title='bbox 539 3502 682 3561; x_wconf 89' lang='lat' dir='ltr'>ordo</span> <span class='ocrx_word' id='word_1_243' title='bbox 709 3501 882 3567; x_wconf 88' lang='lat' dir='ltr'>credi,</span> <span class='ocrx_word' id='word_1_244' title='bbox 912 3502 1173 3574; x_wconf 82' lang='lat' dir='ltr'>putarive</span> <span class='ocrx_word' id='word_1_245' title='bbox 1215 3504 1600 3576; x_wconf 87' lang='lat' dir='ltr'>permittatur,</span> 
     </span>
     <span class='ocr_line' id='line_1_37' title="bbox 233 3581 1607 3656; baseline 0.001 -18"><span class='ocrx_word' id='word_1_246' title='bbox 233 3609 258 3638; x_wconf 72' lang='grc' dir='ltr'><em>α</em></span> <span class='ocrx_word' id='word_1_247' title='bbox 303 3590 369 3641; x_wconf 92' lang='lat' dir='ltr'>ut</span> <span class='ocrx_word' id='word_1_248' title='bbox 391 3588 541 3641; x_wconf 87' lang='lat' dir='ltr'>Deus</span> <span class='ocrx_word' id='word_1_249' title='bbox 580 3584 681 3656; x_wconf 89' lang='lat' dir='ltr'>qui</span> <span class='ocrx_word' id='word_1_250' title='bbox 727 3586 947 3638; x_wconf 90' lang='lat' dir='ltr'>creator</span> <span class='ocrx_word' id='word_1_251' title='bbox 990 3587 1075 3638; x_wconf 87' lang='lat' dir='ltr'>est</span> <span class='ocrx_word' id='word_1_252' title='bbox 1101 3581 1374 3649; x_wconf 88' lang='lat' dir='ltr'>hominis,</span> <span class='ocrx_word' id='word_1_253' title='bbox 1420 3585 1607 3640; x_wconf 87' lang='lat' dir='ltr'>valeat</span> 
     </span>
     <span class='ocr_line' id='line_1_38' title="bbox 233 3663 1601 3738; baseline 0.002 -21"><span class='ocrx_word' id='word_1_254' title='bbox 233 3690 259 3717; x_wconf 62' lang='lat' dir='ltr'>a</span> <span class='ocrx_word' id='word_1_255' title='bbox 302 3666 611 3722; x_wconf 86' lang='lat' dir='ltr'>hominem</span> <span class='ocrx_word' id='word_1_256' title='bbox 654 3663 871 3727; x_wconf 76' lang='lat' dir='ltr'>iacere,</span> <span class='ocrx_word' id='word_1_257' title='bbox 922 3678 1037 3718; x_wconf 91' lang='lat' dir='ltr'>non</span> <span class='ocrx_word' id='word_1_258' title='bbox 1088 3668 1353 3730; x_wconf 87' lang='lat' dir='ltr'>mutare;</span> <span class='ocrx_word' id='word_1_259' title='bbox 1401 3669 1457 3719; x_wconf 91' lang='lat' dir='ltr'>et</span> <span class='ocrx_word' id='word_1_260' title='bbox 1504 3664 1601 3738; x_wconf 91' lang='lat' dir='ltr'>qui</span> 
     </span>
     <span class='ocr_line' id='line_1_39' title="bbox 234 3740 1598 3816; baseline 0.003 -21"><span class='ocrx_word' id='word_1_261' title='bbox 234 3768 260 3795; x_wconf 74' lang='grc' dir='ltr'>ι</span> <span class='ocrx_word' id='word_1_262' title='bbox 304 3744 533 3800; x_wconf 83' lang='lat' dir='ltr'>nullius</span> <span class='ocrx_word' id='word_1_263' title='bbox 552 3747 678 3816; x_wconf 88' lang='lat' dir='ltr'>eget</span> <span class='ocrx_word' id='word_1_264' title='bbox 696 3740 998 3814; x_wconf 85' lang='lat' dir='ltr'>adjutorio,</span> <span class='ocrx_word' id='word_1_265' title='bbox 1020 3745 1081 3796; x_wconf 93' lang='lat' dir='ltr'>ut</span> <span class='ocrx_word' id='word_1_266' title='bbox 1099 3741 1392 3798; x_wconf 89' lang='lat' dir='ltr'>hominem</span> <span class='ocrx_word' id='word_1_267' title='bbox 1411 3742 1598 3810; x_wconf 81' lang='lat' dir='ltr'>faciat,</span> 
     </span>
     <span class='ocr_line' id='line_1_40' title="bbox 236 3821 1603 3897; baseline 0.007 -23"><span class='ocrx_word' id='word_1_268' title='bbox 236 3847 260 3874; x_wconf 62' lang='lat' dir='ltr'>a</span> <span class='ocrx_word' id='word_1_269' title='bbox 303 3824 535 3897; x_wconf 87' lang='lat' dir='ltr'>operari</span> <span class='ocrx_word' id='word_1_270' title='bbox 564 3830 759 3880; x_wconf 89' lang='lat' dir='ltr'>tamen</span> <span class='ocrx_word' id='word_1_271' title='bbox 793 3821 942 3894; x_wconf 91' lang='lat' dir='ltr'>quod</span> <span class='ocrx_word' id='word_1_272' title='bbox 970 3822 1095 3878; x_wconf 85' lang='lat' dir='ltr'>vult</span> <span class='ocrx_word' id='word_1_273' title='bbox 1124 3822 1184 3878; x_wconf 92' lang='lat' dir='ltr'>in</span> <span class='ocrx_word' id='word_1_274' title='bbox 1228 3823 1481 3879; x_wconf 85' lang='lat' dir='ltr'>hominis</span> <span class='ocrx_word' id='word_1_275' title='bbox 1507 3841 1603 3883; x_wconf 87' lang='lat' dir='ltr'>vo-</span> 
     </span>
     <span class='ocr_line' id='line_1_41' title="bbox 236 3902 1603 3976; baseline 0.003 -20"><span class='ocrx_word' id='word_1_276' title='bbox 236 3928 262 3956; x_wconf 73' lang='lat'>«</span> <span class='ocrx_word' id='word_1_277' title='bbox 303 3906 530 3961; x_wconf 88' lang='lat' dir='ltr'>luntate</span> <span class='ocrx_word' id='word_1_278' title='bbox 567 3918 688 3960; x_wconf 87' lang='lat' dir='ltr'>non</span> <span class='ocrx_word' id='word_1_279' title='bbox 712 3904 903 3976; x_wconf 87' lang='lat' dir='ltr'>possit,</span> <span class='ocrx_word' id='word_1_280' title='bbox 938 3902 1271 3975; x_wconf 89' lang='lat' dir='ltr'>priusquam</span> <span class='ocrx_word' id='word_1_281' title='bbox 1319 3902 1381 3959; x_wconf 91' lang='lat' dir='ltr'>in</span> <span class='ocrx_word' id='word_1_282' title='bbox 1411 3904 1603 3961; x_wconf 90' lang='lat' dir='ltr'>homi-</span> 
     </span>
     <span class='ocr_line' id='line_1_42' title="bbox 237 3983 1603 4057; baseline 0.004 -21"><span class='ocrx_word' id='word_1_283' title='bbox 237 4009 262 4036; x_wconf 73' lang='lat'><strong>«</strong></span> <span class='ocrx_word' id='word_1_284' title='bbox 306 4001 384 4041; x_wconf 89' lang='lat' dir='ltr'>ne</span> <span class='ocrx_word' id='word_1_285' title='bbox 431 3986 623 4057; x_wconf 89' lang='lat' dir='ltr'>ipsum</span> <span class='ocrx_word' id='word_1_286' title='bbox 672 3983 821 4040; x_wconf 88' lang='lat' dir='ltr'>velle</span> <span class='ocrx_word' id='word_1_287' title='bbox 864 3984 1189 4056; x_wconf 80' lang='lat' dir='ltr'>repererit?</span> <span class='ocrx_word' id='word_1_288' title='bbox 1216 3985 1372 4040; x_wconf 85' lang='lat' dir='ltr'>Hanc</span> <span class='ocrx_word' id='word_1_289' title='bbox 1398 4000 1603 4041; x_wconf 91' lang='lat' dir='ltr'>amen-</span> 
     </span>
     <span class='ocr_line' id='line_1_43' title="bbox 238 4061 1602 4128; baseline 0.003 -12"><span class='ocrx_word' id='word_1_290' title='bbox 238 4087 263 4116; x_wconf 70' lang='lat' dir='ltr'>a</span> <span class='ocrx_word' id='word_1_291' title='bbox 307 4065 451 4120; x_wconf 88' lang='lat' dir='ltr'>tiam</span> <span class='ocrx_word' id='word_1_292' title='bbox 472 4070 530 4122; x_wconf 90' lang='lat' dir='ltr'>et</span> <span class='ocrx_word' id='word_1_293' title='bbox 556 4080 589 4120; x_wconf 94' lang='lat' dir='ltr'>a</span> <span class='ocrx_word' id='word_1_294' title='bbox 612 4061 879 4120; x_wconf 88' lang='lat' dir='ltr'>fidelibus</span> <span class='ocrx_word' id='word_1_295' title='bbox 902 4063 1022 4118; x_wconf 88' lang='lat' dir='ltr'>suis</span> <span class='ocrx_word' id='word_1_296' title='bbox 1049 4067 1252 4128; x_wconf 88' lang='lat' dir='ltr'>arceat,</span> <span class='ocrx_word' id='word_1_297' title='bbox 1284 4068 1340 4119; x_wconf 90' lang='lat' dir='ltr'>et</span> <span class='ocrx_word' id='word_1_298' title='bbox 1366 4063 1435 4120; x_wconf 90' lang='lat' dir='ltr'>ab</span> <span class='ocrx_word' id='word_1_299' title='bbox 1464 4063 1602 4120; x_wconf 81' lang='lat' dir='ltr'>inti-</span> 
     </span>
     <span class='ocr_line' id='line_1_44' title="bbox 240 4143 1601 4217; baseline 0.004 -21"><span class='ocrx_word' id='word_1_300' title='bbox 240 4167 265 4196; x_wconf 69' lang='grc' dir='ltr'><strong>α</strong></span> <span class='ocrx_word' id='word_1_301' title='bbox 306 4144 532 4201; x_wconf 88' lang='lat' dir='ltr'>delibus</span> <span class='ocrx_word' id='word_1_302' title='bbox 565 4143 790 4200; x_wconf 73' lang='lat' dir='ltr'>auferat</span> <span class='ocrx_word' id='word_1_303' title='bbox 829 4143 1052 4199; x_wconf 79' lang='lat' dir='ltr'>Deus.»</span> <span class='ocrx_word' id='word_1_304' title='bbox 1087 4143 1279 4199; x_wconf 87' lang='lat' dir='ltr'>Gratia</span> <span class='ocrx_word' id='word_1_305' title='bbox 1313 4143 1491 4217; x_wconf 91' lang='lat' dir='ltr'>igitur</span> <span class='ocrx_word' id='word_1_306' title='bbox 1529 4161 1601 4202; x_wconf 87' lang='lat' dir='ltr'>ex</span> 
     </span>
     <span class='ocr_line' id='line_1_45' title="bbox 78 4224 1602 4299; baseline 0.006 -26"><span class='ocrx_word' id='word_1_307' title='bbox 78 4233 178 4277; x_wconf 69' lang='lat' dir='ltr'>sena</span> <span class='ocrx_word' id='word_1_308' title='bbox 236 4226 537 4299; x_wconf 75' lang='lat' dir='ltr'>Augustini</span> <span class='ocrx_word' id='word_1_309' title='bbox 581 4230 641 4281; x_wconf 89' lang='lat' dir='ltr'>et</span> <span class='ocrx_word' id='word_1_310' title='bbox 690 4224 1105 4296; x_wconf 88' lang='lat' dir='ltr'>discipulorum</span> <span class='ocrx_word' id='word_1_311' title='bbox 1152 4226 1272 4298; x_wconf 87' lang='lat' dir='ltr'>ejus</span> <span class='ocrx_word' id='word_1_312' title='bbox 1317 4228 1602 4282; x_wconf 89' lang='lat' dir='ltr'>sententia</span> 
     </span>
    </p>
   </div>
   <div class='ocr_carea' id='block_1_6' title="bbox 78 4292 1600 4386">
    <p class='ocr_par' dir='ltr' id='par_1_7' title="bbox 78 4292 1600 4386">
     <span class='ocr_line' id='line_1_46' title="bbox 78 4292 1600 4386; baseline 0 -25"><span class='ocrx_word' id='word_1_313' title='bbox 78 4292 202 4386; x_wconf 54' lang='grc' dir='ltr'>Ἥ</span> <span class='ocrx_word' id='word_1_314' title='bbox 236 4305 535 4361; x_wconf 85' lang='lat' dir='ltr'>efficaciam</span> <span class='ocrx_word' id='word_1_315' title='bbox 556 4320 724 4360; x_wconf 89' lang='lat' dir='ltr'>suam</span> <span class='ocrx_word' id='word_1_316' title='bbox 761 4302 942 4359; x_wconf 88' lang='lat' dir='ltr'>trahit</span> <span class='ocrx_word' id='word_1_317' title='bbox 969 4302 1039 4358; x_wconf 88' lang='lat' dir='ltr'>ab</span> <span class='ocrx_word' id='word_1_318' title='bbox 1060 4304 1481 4375; x_wconf 89' lang='lat' dir='ltr'>omnipotentia</span> <span class='ocrx_word' id='word_1_319' title='bbox 1507 4304 1600 4361; x_wconf 90' lang='lat' dir='ltr'>di-</span> 
     </span>
    </p>
   </div>
   <div class='ocr_carea' id='block_1_7' title="bbox 68 4381 1483 4473">
    <p class='ocr_par' dir='ltr' id='par_1_8' title="bbox 68 4381 1483 4473">
     <span class='ocr_line' id='line_1_47' title="bbox 68 4381 1483 4473; baseline 0.001 -36"><span class='ocrx_word' id='word_1_320' title='bbox 68 4381 412 4473; x_wconf 47' lang='lat' dir='ltr'>mima:</span> <span class='ocrx_word' id='word_1_321' title='bbox 431 4384 582 4458; x_wconf 86' lang='lat' dir='ltr'>quod</span> <span class='ocrx_word' id='word_1_322' title='bbox 611 4384 864 4456; x_wconf 88' lang='lat' dir='ltr'>amplius</span> <span class='ocrx_word' id='word_1_323' title='bbox 896 4382 1023 4438; x_wconf 82' lang='lat' dir='ltr'>dub.</span> <span class='ocrx_word' id='word_1_324' title='bbox 1055 4400 1161 4461; x_wconf 82' lang='lat' dir='ltr'>seq.</span> <span class='ocrx_word' id='word_1_325' title='bbox 1186 4382 1483 4440; x_wconf 78' lang='lat' dir='ltr'>constabit.</span> 
     </span>
    </p>
   </div>
   <div class='ocr_carea' id='block_1_8' title="bbox 72 4462 1601 4714">
    <p class='ocr_par' dir='ltr' id='par_1_9' title="bbox 72 4462 1601 4698">
     <span class='ocr_line' id='line_1_48' title="bbox 72 4462 1601 4539; baseline -0.001 -19"><span class='ocrx_word' id='word_1_326' title='bbox 72 4478 229 4525; x_wconf 63' lang='lat' dir='ltr'>mineo</span> <span class='ocrx_word' id='word_1_327' title='bbox 307 4467 402 4522; x_wconf 88' lang='grc'>80.</span> <span class='ocrx_word' id='word_1_328' title='bbox 441 4467 637 4525; x_wconf 83' lang='lat' dir='ltr'>Minor</span> <span class='ocrx_word' id='word_1_329' title='bbox 665 4481 804 4524; x_wconf 87' lang='lat' dir='ltr'>vero</span> <span class='ocrx_word' id='word_1_330' title='bbox 823 4462 1119 4537; x_wconf 90' lang='lat' dir='ltr'>probatur,</span> <span class='ocrx_word' id='word_1_331' title='bbox 1146 4465 1601 4539; x_wconf 88' lang='lat' dir='ltr'>quoniamjuxta</span> 
     </span>
     <span class='ocr_line' id='line_1_49' title="bbox 93 4527 1601 4621; baseline 0 -20"><span class='ocrx_word' id='word_1_332' title='bbox 93 4527 201 4621; x_wconf 51' lang='grc' dir='ltr'>ἓξ,</span> <span class='ocrx_word' id='word_1_333' title='bbox 241 4546 562 4618; x_wconf 90' lang='lat' dir='ltr'>opinionem</span> <span class='ocrx_word' id='word_1_334' title='bbox 616 4546 784 4604; x_wconf 91' lang='lat' dir='ltr'>nobis</span> <span class='ocrx_word' id='word_1_335' title='bbox 837 4544 1161 4612; x_wconf 82' lang='lat' dir='ltr'>adversam,</span> <span class='ocrx_word' id='word_1_336' title='bbox 1187 4545 1432 4619; x_wconf 87' lang='lat' dir='ltr'>gratiam</span> <span class='ocrx_word' id='word_1_337' title='bbox 1479 4560 1601 4602; x_wconf 90' lang='lat' dir='ltr'>esse</span> 
     </span>
     <span class='ocr_line' id='line_1_50' title="bbox 80 4624 1601 4714; baseline -0.001 -30.995"><span class='ocrx_word' id='word_1_338' title='bbox 80 4624 217 4714; x_wconf 47' lang='grc' dir='ltr'>ξω.-</span> <span class='ocrx_word' id='word_1_339' title='bbox 239 4627 505 4686; x_wconf 83' lang='lat' dir='ltr'>efficacem</span> <span class='ocrx_word' id='word_1_340' title='bbox 538 4628 801 4686; x_wconf 89' lang='lat' dir='ltr'>consistit</span> <span class='ocrx_word' id='word_1_341' title='bbox 832 4627 899 4681; x_wconf 90' lang='lat' dir='ltr'>in</span> <span class='ocrx_word' id='word_1_342' title='bbox 944 4640 1032 4690; x_wconf 88' lang='lat' dir='ltr'>eo,</span> <span class='ocrx_word' id='word_1_343' title='bbox 1069 4625 1218 4698; x_wconf 90' lang='lat' dir='ltr'>quod</span> <span class='ocrx_word' id='word_1_344' title='bbox 1270 4626 1601 4683; x_wconf 77' lang='lat' dir='ltr'>conferatur</span> 
     </span>
    </p>
   </div>
   <div class='ocr_carea' id='block_1_9' title="bbox 78 4676 1598 4860">
    <p class='ocr_par' dir='ltr' id='par_1_10' title="bbox 78 4676 1598 4860">
     <span class='ocr_line' id='line_1_51' title="bbox 78 4676 1598 4783; baseline 0.001 -23"><span class='ocrx_word' id='word_1_345' title='bbox 78 4676 376 4769; x_wconf 48' lang='lat' dir='ltr'>mbsffiineo</span> <span class='ocrx_word' id='word_1_346' title='bbox 396 4715 663 4783; x_wconf 88' lang='lat' dir='ltr'>tempore,</span> <span class='ocrx_word' id='word_1_347' title='bbox 691 4710 757 4766; x_wconf 91' lang='lat' dir='ltr'>in</span> <span class='ocrx_word' id='word_1_348' title='bbox 774 4721 897 4780; x_wconf 88' lang='lat' dir='ltr'>quo</span> <span class='ocrx_word' id='word_1_349' title='bbox 910 4720 1012 4777; x_wconf 88' lang='lat' dir='ltr'>per</span> <span class='ocrx_word' id='word_1_350' title='bbox 1025 4705 1323 4761; x_wconf 79' lang='lat' dir='ltr'>scientiam</span> <span class='ocrx_word' id='word_1_351' title='bbox 1346 4706 1598 4763; x_wconf 89' lang='lat' dir='ltr'>mediam</span> 
     </span>
     <span class='ocr_line' id='line_1_52' title="bbox 95 4779 1597 4860; baseline -0.004 -14"><span class='ocrx_word' id='word_1_352' title='bbox 95 4779 213 4819; x_wconf 55' lang='lat' dir='ltr'>*Q*</span> <span class='ocrx_word' id='word_1_353' title='bbox 239 4790 465 4860; x_wconf 64' lang='lat' dir='ltr'>praevisa</span> <span class='ocrx_word' id='word_1_354' title='bbox 503 4790 610 4847; x_wconf 79' lang='lat' dir='ltr'>fuit</span> <span class='ocrx_word' id='word_1_355' title='bbox 648 4789 936 4847; x_wconf 87' lang='lat' dir='ltr'>habitura</span> <span class='ocrx_word' id='word_1_356' title='bbox 982 4784 1278 4843; x_wconf 79' lang='lat' dir='ltr'>effectum:</span> <span class='ocrx_word' id='word_1_357' title='bbox 1302 4784 1399 4842; x_wconf 89' lang='lat' dir='ltr'>sed</span> <span class='ocrx_word' id='word_1_358' title='bbox 1421 4790 1597 4843; x_wconf 89' lang='lat' dir='ltr'>Deum</span> 
     </span>
    </p>
   </div>
   <div class='ocr_carea' id='block_1_10' title="bbox 237 4866 1601 5024">
    <p class='ocr_par' dir='ltr' id='par_1_11' title="bbox 237 4866 1601 5024">
     <span class='ocr_line' id='line_1_53' title="bbox 240 4866 1593 4959; baseline -0.002 -34"><span class='ocrx_word' id='word_1_359' title='bbox 240 4869 293 4925; x_wconf 87' lang='lat' dir='ltr'>id</span> <span class='ocrx_word' id='word_1_360' title='bbox 318 4873 554 4943; x_wconf 88' lang='lat' dir='ltr'>potuisse</span> <span class='ocrx_word' id='word_1_361' title='bbox 574 4889 691 4931; x_wconf 90' lang='lat' dir='ltr'>non</span> <span class='ocrx_word' id='word_1_362' title='bbox 715 4869 991 4959; x_wconf 87' lang='lat' dir='ltr'>pertinet</span> <span class='ocrx_word' id='word_1_363' title='bbox 1010 4866 1076 4922; x_wconf 91' lang='lat' dir='ltr'>ad</span> <span class='ocrx_word' id='word_1_364' title='bbox 1099 4868 1593 4940; x_wconf 86' lang='lat' dir='ltr'>omnipotentiam,</span> 
     </span>
     <span class='ocr_line' id='line_1_54' title="bbox 237 4949 1601 5024; baseline -0.001 -16"><span class='ocrx_word' id='word_1_365' title='bbox 237 4951 326 5008; x_wconf 84' lang='lat' dir='ltr'>sed</span> <span class='ocrx_word' id='word_1_366' title='bbox 349 4953 415 5009; x_wconf 90' lang='lat' dir='ltr'>ad</span> <span class='ocrx_word' id='word_1_367' title='bbox 432 4955 733 5012; x_wconf 85' lang='lat' dir='ltr'>scientiam</span> <span class='ocrx_word' id='word_1_368' title='bbox 783 4949 921 5016; x_wconf 87' lang='lat' dir='ltr'>Dei,</span> <span class='ocrx_word' id='word_1_369' title='bbox 957 4953 1021 5004; x_wconf 88' lang='lat' dir='ltr'>ut</span> <span class='ocrx_word' id='word_1_370' title='bbox 1044 4964 1113 5005; x_wconf 90' lang='lat' dir='ltr'>ex</span> <span class='ocrx_word' id='word_1_371' title='bbox 1131 4964 1191 5006; x_wconf 87' lang='lat' dir='ltr'>se</span> <span class='ocrx_word' id='word_1_372' title='bbox 1218 4950 1434 5023; x_wconf 85' lang='lat' dir='ltr'>liquet:</span> <span class='ocrx_word' id='word_1_373' title='bbox 1466 4965 1601 5024; x_wconf 89' lang='lat' dir='ltr'>ergo</span> 
     </span>
    </p>
   </div>
   <div class='ocr_carea' id='block_1_11' title="bbox 1731 524 3206 4558">
    <p class='ocr_par' dir='ltr' id='par_1_12' title="bbox 1731 524 3206 4542">
     <span class='ocr_line' id='line_1_55' title="bbox 1772 524 3141 600; baseline 0.005 -21"><span class='ocrx_word' id='word_1_374' title='bbox 1772 524 1960 597; x_wconf 86' lang='lat' dir='ltr'>gratia</span> <span class='ocrx_word' id='word_1_375' title='bbox 1989 524 2052 581; x_wconf 91' lang='lat' dir='ltr'>in</span> <span class='ocrx_word' id='word_1_376' title='bbox 2073 541 2177 581; x_wconf 91' lang='lat' dir='ltr'>sua</span> <span class='ocrx_word' id='word_1_377' title='bbox 2219 524 2464 583; x_wconf 85' lang='lat' dir='ltr'>efficacia</span> <span class='ocrx_word' id='word_1_378' title='bbox 2485 527 2815 600; x_wconf 88' lang='lat' dir='ltr'>dependens</span> <span class='ocrx_word' id='word_1_379' title='bbox 2845 546 2877 586; x_wconf 93' lang='lat' dir='ltr'>a</span> <span class='ocrx_word' id='word_1_380' title='bbox 2904 529 3141 586; x_wconf 89' lang='lat' dir='ltr'>scientia</span> 
     </span>
     <span class='ocr_line' id='line_1_56' title="bbox 1772 603 3143 678; baseline 0.005 -19"><span class='ocrx_word' id='word_1_381' title='bbox 1772 603 1963 660; x_wconf 90' lang='lat' dir='ltr'>media</span> <span class='ocrx_word' id='word_1_382' title='bbox 2010 620 2126 661; x_wconf 94' lang='lat' dir='ltr'>non</span> <span class='ocrx_word' id='word_1_383' title='bbox 2172 606 2474 678; x_wconf 89' lang='lat' dir='ltr'>participat</span> <span class='ocrx_word' id='word_1_384' title='bbox 2509 623 2673 663; x_wconf 90' lang='lat' dir='ltr'>suam</span> <span class='ocrx_word' id='word_1_385' title='bbox 2720 608 3023 666; x_wconf 89' lang='lat' dir='ltr'>efficaciam</span> <span class='ocrx_word' id='word_1_386' title='bbox 3073 608 3143 666; x_wconf 93' lang='lat' dir='ltr'>ab</span> 
     </span>
     <span class='ocr_line' id='line_1_57' title="bbox 1771 683 3139 763; baseline 0.003 -23"><span class='ocrx_word' id='word_1_387' title='bbox 1771 685 2188 757; x_wconf 88' lang='lat' dir='ltr'>omnipotentia</span> <span class='ocrx_word' id='word_1_388' title='bbox 2240 683 2459 756; x_wconf 84' lang='lat' dir='ltr'>divina,</span> <span class='ocrx_word' id='word_1_389' title='bbox 2513 704 2615 744; x_wconf 90' lang='lat' dir='ltr'>nec</span> <span class='ocrx_word' id='word_1_390' title='bbox 2665 687 2834 747; x_wconf 90' lang='lat' dir='ltr'>habet</span> <span class='ocrx_word' id='word_1_391' title='bbox 2871 690 3139 763; x_wconf 87' lang='lat' dir='ltr'>conjungi</span> 
     </span>
     <span class='ocr_line' id='line_1_58' title="bbox 1772 763 3137 842; baseline 0.003 -22"><span class='ocrx_word' id='word_1_392' title='bbox 1772 763 2163 822; x_wconf 78' lang='lat' dir='ltr'>infallibiliter</span> <span class='ocrx_word' id='word_1_393' title='bbox 2191 782 2319 822; x_wconf 90' lang='lat' dir='ltr'>cum</span> <span class='ocrx_word' id='word_1_394' title='bbox 2374 782 2673 835; x_wconf 90' lang='lat' dir='ltr'>consensu,</span> <span class='ocrx_word' id='word_1_395' title='bbox 2705 769 2840 842; x_wconf 90' lang='lat' dir='ltr'>quia</span> <span class='ocrx_word' id='word_1_396' title='bbox 2869 771 3014 826; x_wconf 91' lang='lat' dir='ltr'>Deus</span> <span class='ocrx_word' id='word_1_397' title='bbox 3062 770 3137 824; x_wconf 90' lang='lat' dir='ltr'>sit</span> 
     </span>
     <span class='ocr_line' id='line_1_59' title="bbox 1769 846 3135 923; baseline 0.003 -20"><span class='ocrx_word' id='word_1_398' title='bbox 1769 846 2148 917; x_wconf 89' lang='lat' dir='ltr'>omnipotens.</span> <span class='ocrx_word' id='word_1_399' title='bbox 2161 848 2490 920; x_wconf 83' lang='lat' dir='ltr'>Explicatur</span> <span class='ocrx_word' id='word_1_400' title='bbox 2506 850 2610 906; x_wconf 91' lang='lat' dir='ltr'>hoc</span> <span class='ocrx_word' id='word_1_401' title='bbox 2627 851 2875 923; x_wconf 89' lang='lat' dir='ltr'>amplius</span> <span class='ocrx_word' id='word_1_402' title='bbox 2891 875 2904 917; x_wconf 92' lang='lat'>;</span> <span class='ocrx_word' id='word_1_403' title='bbox 2918 850 3135 908; x_wconf 90' lang='lat' dir='ltr'>etenim</span> 
     </span>
     <span class='ocr_line' id='line_1_60' title="bbox 1769 926 3136 1000; baseline 0.003 -19"><span class='ocrx_word' id='word_1_404' title='bbox 1769 940 1898 981; x_wconf 91' lang='lat' dir='ltr'>cum</span> <span class='ocrx_word' id='word_1_405' title='bbox 1927 926 2279 1000; x_wconf 85' lang='lat' dir='ltr'>Augustinus</span> <span class='ocrx_word' id='word_1_406' title='bbox 2306 926 2444 983; x_wconf 90' lang='lat' dir='ltr'>locis</span> <span class='ocrx_word' id='word_1_407' title='bbox 2464 929 2731 1000; x_wconf 86' lang='lat' dir='ltr'>superius</span> <span class='ocrx_word' id='word_1_408' title='bbox 2756 930 2942 985; x_wconf 89' lang='lat' dir='ltr'>citatis</span> <span class='ocrx_word' id='word_1_409' title='bbox 2971 928 3136 987; x_wconf 90' lang='lat' dir='ltr'>toties</span> 
     </span>
     <span class='ocr_line' id='line_1_61' title="bbox 1770 1007 3135 1081; baseline 0.001 -18"><span class='ocrx_word' id='word_1_410' title='bbox 1770 1008 2015 1063; x_wconf 90' lang='lat' dir='ltr'>recurrit</span> <span class='ocrx_word' id='word_1_411' title='bbox 2040 1007 2109 1064; x_wconf 87' lang='lat' dir='ltr'>ad</span> <span class='ocrx_word' id='word_1_412' title='bbox 2139 1008 2620 1080; x_wconf 89' lang='lat' dir='ltr'>omnipotentiam</span> <span class='ocrx_word' id='word_1_413' title='bbox 2646 1011 2768 1077; x_wconf 91' lang='lat' dir='ltr'>Dei,</span> <span class='ocrx_word' id='word_1_414' title='bbox 2797 1017 2858 1066; x_wconf 92' lang='lat' dir='ltr'>ut</span> <span class='ocrx_word' id='word_1_415' title='bbox 2892 1010 3135 1081; x_wconf 82' lang='lat' dir='ltr'>explicet</span> 
     </span>
     <span class='ocr_line' id='line_1_62' title="bbox 1765 1087 3128 1163; baseline 0.003 -19"><span class='ocrx_word' id='word_1_416' title='bbox 1765 1088 1967 1163; x_wconf 73' lang='lat' dir='ltr'>gratim</span> <span class='ocrx_word' id='word_1_417' title='bbox 2014 1087 2338 1153; x_wconf 85' lang='lat' dir='ltr'>efficaciam,</span> <span class='ocrx_word' id='word_1_418' title='bbox 2398 1091 2596 1162; x_wconf 91' lang='lat' dir='ltr'>nequit</span> <span class='ocrx_word' id='word_1_419' title='bbox 2651 1107 2767 1147; x_wconf 91' lang='lat' dir='ltr'>non</span> <span class='ocrx_word' id='word_1_420' title='bbox 2809 1090 3128 1160; x_wconf 88' lang='lat' dir='ltr'>intendere,</span> 
     </span>
     <span class='ocr_line' id='line_1_63' title="bbox 1765 1166 3206 1246; baseline 0.002 -21"><span class='ocrx_word' id='word_1_421' title='bbox 1765 1168 1915 1241; x_wconf 88' lang='lat' dir='ltr'>quod</span> <span class='ocrx_word' id='word_1_422' title='bbox 1942 1170 2362 1243; x_wconf 90' lang='lat' dir='ltr'>omnipotentia</span> <span class='ocrx_word' id='word_1_423' title='bbox 2388 1171 2488 1228; x_wconf 90' lang='lat' dir='ltr'>Dei</span> <span class='ocrx_word' id='word_1_424' title='bbox 2518 1173 2704 1244; x_wconf 88' lang='lat' dir='ltr'>potius</span> <span class='ocrx_word' id='word_1_425' title='bbox 2747 1171 3043 1246; x_wconf 87' lang='lat' dir='ltr'>splendeat</span> <span class='ocrx_word' id='word_1_426' title='bbox 3070 1172 3133 1228; x_wconf 92' lang='lat' dir='ltr'>in</span> <span class='ocrx_word' id='word_1_427' title='bbox 3201 1166 3206 1171; x_wconf 79' lang='grc'><strong><em>’</em></strong></span> 
     </span>
     <span class='ocr_line' id='line_1_64' title="bbox 1764 1249 3132 1325; baseline 0.001 -20"><span class='ocrx_word' id='word_1_428' title='bbox 1764 1251 1950 1325; x_wconf 89' lang='lat' dir='ltr'>gratia</span> <span class='ocrx_word' id='word_1_429' title='bbox 1998 1249 2223 1319; x_wconf 82' lang='lat' dir='ltr'>efficaci,</span> <span class='ocrx_word' id='word_1_430' title='bbox 2278 1267 2451 1324; x_wconf 88' lang='lat' dir='ltr'>quam</span> <span class='ocrx_word' id='word_1_431' title='bbox 2499 1252 2560 1307; x_wconf 94' lang='lat' dir='ltr'>in</span> <span class='ocrx_word' id='word_1_432' title='bbox 2601 1267 2743 1324; x_wconf 90' lang='lat' dir='ltr'>pure</span> <span class='ocrx_word' id='word_1_433' title='bbox 2787 1251 3132 1308; x_wconf 84' lang='lat' dir='ltr'>sufficienti.-</span> 
     </span>
     <span class='ocr_line' id='line_1_65' title="bbox 1766 1332 3131 1406; baseline 0.001 -19"><span class='ocrx_word' id='word_1_434' title='bbox 1766 1332 1910 1387; x_wconf 89' lang='lat' dir='ltr'>alias</span> <span class='ocrx_word' id='word_1_435' title='bbox 1961 1338 2041 1389; x_wconf 87' lang='lat' dir='ltr'>tot</span> <span class='ocrx_word' id='word_1_436' title='bbox 2068 1332 2277 1399; x_wconf 81' lang='lat' dir='ltr'>verbis,</span> <span class='ocrx_word' id='word_1_437' title='bbox 2310 1350 2373 1390; x_wconf 92' lang='lat' dir='ltr'>ac</span> <span class='ocrx_word' id='word_1_438' title='bbox 2419 1334 2719 1405; x_wconf 84' lang='lat' dir='ltr'>praeconiis</span> <span class='ocrx_word' id='word_1_439' title='bbox 2743 1349 2857 1391; x_wconf 93' lang='lat' dir='ltr'>non</span> <span class='ocrx_word' id='word_1_440' title='bbox 2881 1333 3131 1406; x_wconf 91' lang='lat' dir='ltr'>amplius</span> 
     </span>
     <span class='ocr_line' id='line_1_66' title="bbox 1764 1412 3122 1488; baseline 0.001 -21"><span class='ocrx_word' id='word_1_441' title='bbox 1764 1412 2076 1484; x_wconf 88' lang='lat' dir='ltr'>explicaret</span> <span class='ocrx_word' id='word_1_442' title='bbox 2131 1414 2530 1470; x_wconf 85' lang='lat' dir='ltr'>excellentiam</span> <span class='ocrx_word' id='word_1_443' title='bbox 2597 1413 2797 1488; x_wconf 73' lang='lat' dir='ltr'>gratim</span> <span class='ocrx_word' id='word_1_444' title='bbox 2866 1412 3122 1478; x_wconf 83' lang='lat' dir='ltr'>efficacis,</span> 
     </span>
     <span class='ocr_line' id='line_1_67' title="bbox 1763 1492 3128 1567; baseline 0.003 -21"><span class='ocrx_word' id='word_1_445' title='bbox 1763 1508 1937 1564; x_wconf 92' lang='lat' dir='ltr'>quam</span> <span class='ocrx_word' id='word_1_446' title='bbox 1978 1492 2310 1549; x_wconf 86' lang='lat' dir='ltr'>sufficientis</span> <span class='ocrx_word' id='word_1_447' title='bbox 2341 1517 2354 1561; x_wconf 90' lang='lat'>;</span> <span class='ocrx_word' id='word_1_448' title='bbox 2384 1498 2439 1550; x_wconf 92' lang='lat' dir='ltr'>et</span> <span class='ocrx_word' id='word_1_449' title='bbox 2483 1510 2714 1566; x_wconf 90' lang='lat' dir='ltr'>scopum</span> <span class='ocrx_word' id='word_1_450' title='bbox 2742 1509 2911 1567; x_wconf 89' lang='lat' dir='ltr'>quem</span> <span class='ocrx_word' id='word_1_451' title='bbox 2944 1494 3128 1566; x_wconf 86' lang='lat' dir='ltr'>respi-</span> 
     </span>
     <span class='ocr_line' id='line_1_68' title="bbox 1761 1571 3126 1648; baseline 0.002 -21"><span class='ocrx_word' id='word_1_452' title='bbox 1761 1571 1959 1638; x_wconf 86' lang='lat' dir='ltr'>ciebat,</span> <span class='ocrx_word' id='word_1_453' title='bbox 1994 1588 2111 1629; x_wconf 92' lang='lat' dir='ltr'>non</span> <span class='ocrx_word' id='word_1_454' title='bbox 2140 1574 2444 1647; x_wconf 87' lang='lat' dir='ltr'>attingeret</span> <span class='ocrx_word' id='word_1_455' title='bbox 2479 1597 2492 1629; x_wconf 72' lang='grc' dir='ltr'>ι</span> <span class='ocrx_word' id='word_1_456' title='bbox 2520 1572 2670 1645; x_wconf 91' lang='lat' dir='ltr'>quod</span> <span class='ocrx_word' id='word_1_457' title='bbox 2696 1579 2780 1630; x_wconf 90' lang='lat' dir='ltr'>est</span> <span class='ocrx_word' id='word_1_458' title='bbox 2820 1572 3126 1648; x_wconf 90' lang='lat' dir='ltr'>indignum</span> 
     </span>
     <span class='ocr_line' id='line_1_69' title="bbox 1762 1653 3131 1728; baseline 0.001 -21"><span class='ocrx_word' id='word_1_459' title='bbox 1762 1657 1922 1708; x_wconf 89' lang='lat' dir='ltr'>tanto</span> <span class='ocrx_word' id='word_1_460' title='bbox 1944 1655 2199 1710; x_wconf 89' lang='lat' dir='ltr'>Doctore.</span> <span class='ocrx_word' id='word_1_461' title='bbox 2230 1653 2400 1728; x_wconf 87' lang='lat' dir='ltr'>Atqui</span> <span class='ocrx_word' id='word_1_462' title='bbox 2424 1654 2587 1728; x_wconf 81' lang='lat' dir='ltr'>J‘uxta</span> <span class='ocrx_word' id='word_1_463' title='bbox 2627 1654 2913 1727; x_wconf 88' lang='lat' dir='ltr'>principia</span> <span class='ocrx_word' id='word_1_464' title='bbox 2939 1654 3131 1711; x_wconf 89' lang='lat' dir='ltr'>scien-</span> 
     </span>
     <span class='ocr_line' id='line_1_70' title="bbox 1762 1730 3131 1806; baseline 0.002 -20"><span class='ocrx_word' id='word_1_465' title='bbox 1762 1730 1856 1787; x_wconf 80' lang='lat' dir='ltr'>tiae</span> <span class='ocrx_word' id='word_1_466' title='bbox 1897 1730 2118 1800; x_wconf 62' lang='lat' dir='ltr'>mediae,</span> <span class='ocrx_word' id='word_1_467' title='bbox 2150 1749 2266 1789; x_wconf 91' lang='lat' dir='ltr'>non</span> <span class='ocrx_word' id='word_1_468' title='bbox 2314 1733 2498 1806; x_wconf 86' lang='lat' dir='ltr'>magis</span> <span class='ocrx_word' id='word_1_469' title='bbox 2524 1732 2844 1790; x_wconf 89' lang='lat' dir='ltr'>ostenditur</span> <span class='ocrx_word' id='word_1_470' title='bbox 2872 1733 2971 1790; x_wconf 92' lang='lat' dir='ltr'>Dei</span> <span class='ocrx_word' id='word_1_471' title='bbox 2999 1749 3131 1790; x_wconf 92' lang='lat' dir='ltr'>om-</span> 
     </span>
     <span class='ocr_line' id='line_1_71' title="bbox 1761 1810 3129 1886; baseline 0.001 -20"><span class='ocrx_word' id='word_1_472' title='bbox 1761 1810 2079 1884; x_wconf 89' lang='lat' dir='ltr'>nipotentia</span> <span class='ocrx_word' id='word_1_473' title='bbox 2128 1812 2190 1868; x_wconf 91' lang='lat' dir='ltr'>in</span> <span class='ocrx_word' id='word_1_474' title='bbox 2212 1813 2400 1886; x_wconf 87' lang='lat' dir='ltr'>gratia</span> <span class='ocrx_word' id='word_1_475' title='bbox 2426 1811 2652 1879; x_wconf 76' lang='lat' dir='ltr'>efficaci,</span> <span class='ocrx_word' id='word_1_476' title='bbox 2677 1828 2850 1885; x_wconf 91' lang='lat' dir='ltr'>quam</span> <span class='ocrx_word' id='word_1_477' title='bbox 2881 1812 2941 1868; x_wconf 92' lang='lat' dir='ltr'>in</span> <span class='ocrx_word' id='word_1_478' title='bbox 2968 1811 3129 1868; x_wconf 84' lang='lat' dir='ltr'>suffi-</span> 
     </span>
     <span class='ocr_line' id='line_1_72' title="bbox 1758 1892 3124 1968; baseline 0.002 -21"><span class='ocrx_word' id='word_1_479' title='bbox 1758 1892 1931 1948; x_wconf 90' lang='lat' dir='ltr'>cienti</span> <span class='ocrx_word' id='word_1_480' title='bbox 1968 1913 1981 1947; x_wconf 90' lang='lat'>:</span> <span class='ocrx_word' id='word_1_481' title='bbox 2007 1908 2142 1966; x_wconf 89' lang='lat' dir='ltr'>ergo</span> <span class='ocrx_word' id='word_1_482' title='bbox 2189 1893 2378 1968; x_wconf 88' lang='lat' dir='ltr'>gratia</span> <span class='ocrx_word' id='word_1_483' title='bbox 2429 1892 2623 1949; x_wconf 87' lang='lat' dir='ltr'>efficax</span> <span class='ocrx_word' id='word_1_484' title='bbox 2676 1892 3064 1967; x_wconf 89' lang='lat' dir='ltr'>dependenter</span> <span class='ocrx_word' id='word_1_485' title='bbox 3089 1907 3124 1950; x_wconf 86' lang='lat' dir='ltr'>a</span> 
     </span>
     <span class='ocr_line' id='line_1_73' title="bbox 1756 1973 3121 2047; baseline 0.001 -18"><span class='ocrx_word' id='word_1_486' title='bbox 1756 1973 1996 2030; x_wconf 89' lang='lat' dir='ltr'>scientia</span> <span class='ocrx_word' id='word_1_487' title='bbox 2041 1973 2230 2030; x_wconf 90' lang='lat' dir='ltr'>media</span> <span class='ocrx_word' id='word_1_488' title='bbox 2260 1990 2382 2030; x_wconf 91' lang='lat' dir='ltr'>non</span> <span class='ocrx_word' id='word_1_489' title='bbox 2423 1974 2725 2047; x_wconf 87' lang='lat' dir='ltr'>participat</span> <span class='ocrx_word' id='word_1_490' title='bbox 2753 1975 3121 2046; x_wconf 90' lang='lat' dir='ltr'>peculiariter</span> 
     </span>
     <span class='ocr_line' id='line_1_74' title="bbox 1756 2051 3125 2129; baseline 0.002 -21"><span class='ocrx_word' id='word_1_491' title='bbox 1756 2051 1829 2108; x_wconf 93' lang='lat' dir='ltr'>ab</span> <span class='ocrx_word' id='word_1_492' title='bbox 1874 2053 2291 2126; x_wconf 88' lang='lat' dir='ltr'>omnipotentia</span> <span class='ocrx_word' id='word_1_493' title='bbox 2317 2070 2480 2110; x_wconf 90' lang='lat' dir='ltr'>suam</span> <span class='ocrx_word' id='word_1_494' title='bbox 2502 2054 2825 2124; x_wconf 84' lang='lat' dir='ltr'>efficaciam,</span> <span class='ocrx_word' id='word_1_495' title='bbox 2857 2060 2914 2112; x_wconf 90' lang='lat' dir='ltr'>et</span> <span class='ocrx_word' id='word_1_496' title='bbox 2957 2056 3125 2129; x_wconf 87' lang='lat' dir='ltr'>longe</span> 
     </span>
     <span class='ocr_line' id='line_1_75' title="bbox 1755 2133 3118 2207; baseline 0.002 -19"><span class='ocrx_word' id='word_1_497' title='bbox 1755 2133 1951 2189; x_wconf 87' lang='lat' dir='ltr'>exulat</span> <span class='ocrx_word' id='word_1_498' title='bbox 1979 2149 2011 2189; x_wconf 91' lang='lat' dir='ltr'>a</span> <span class='ocrx_word' id='word_1_499' title='bbox 2029 2134 2234 2207; x_wconf 88' lang='lat' dir='ltr'>gratia,</span> <span class='ocrx_word' id='word_1_500' title='bbox 2259 2150 2432 2206; x_wconf 88' lang='lat' dir='ltr'>quam</span> <span class='ocrx_word' id='word_1_501' title='bbox 2459 2134 2812 2207; x_wconf 89' lang='lat' dir='ltr'>Augustinus</span> <span class='ocrx_word' id='word_1_502' title='bbox 2853 2134 3118 2191; x_wconf 90' lang='lat' dir='ltr'>asseruit.</span> 
     </span>
     <span class='ocr_line' id='line_1_76' title="bbox 1754 2213 3124 2287; baseline 0.001 -19"><span class='ocrx_word' id='word_1_503' title='bbox 1754 2214 1948 2270; x_wconf 91' lang='lat' dir='ltr'>Minor</span> <span class='ocrx_word' id='word_1_504' title='bbox 1973 2213 2294 2271; x_wconf 89' lang='lat' dir='ltr'>ostenditur</span> <span class='ocrx_word' id='word_1_505' title='bbox 2325 2239 2340 2282; x_wconf 87' lang='lat'>;</span> <span class='ocrx_word' id='word_1_506' title='bbox 2368 2230 2503 2270; x_wconf 91' lang='lat' dir='ltr'>nam</span> <span class='ocrx_word' id='word_1_507' title='bbox 2534 2215 2596 2271; x_wconf 91' lang='lat' dir='ltr'>in</span> <span class='ocrx_word' id='word_1_508' title='bbox 2625 2214 2831 2287; x_wconf 89' lang='lat' dir='ltr'>primis</span> <span class='ocrx_word' id='word_1_509' title='bbox 2857 2215 2905 2271; x_wconf 90' lang='lat' dir='ltr'>si</span> <span class='ocrx_word' id='word_1_510' title='bbox 2929 2214 3124 2272; x_wconf 90' lang='lat' dir='ltr'>consi-</span> 
     </span>
     <span class='ocr_line' id='line_1_77' title="bbox 1752 2293 3123 2370; baseline 0.003 -21"><span class='ocrx_word' id='word_1_511' title='bbox 1752 2293 2024 2352; x_wconf 91' lang='lat' dir='ltr'>deramus</span> <span class='ocrx_word' id='word_1_512' title='bbox 2066 2297 2314 2370; x_wconf 88' lang='lat' dir='ltr'>gratiam</span> <span class='ocrx_word' id='word_1_513' title='bbox 2342 2296 2620 2353; x_wconf 82' lang='lat' dir='ltr'>efficacem</span> <span class='ocrx_word' id='word_1_514' title='bbox 2650 2297 2714 2352; x_wconf 92' lang='lat' dir='ltr'>in</span> <span class='ocrx_word' id='word_1_515' title='bbox 2747 2301 2895 2353; x_wconf 89' lang='lat' dir='ltr'>statu</span> <span class='ocrx_word' id='word_1_516' title='bbox 2918 2296 3123 2354; x_wconf 88' lang='lat' dir='ltr'>condi-</span> 
     </span>
     <span class='ocr_line' id='line_1_78' title="bbox 1752 2374 3122 2451; baseline 0.003 -20"><span class='ocrx_word' id='word_1_517' title='bbox 1752 2374 1990 2443; x_wconf 86' lang='lat' dir='ltr'>tionato,</span> <span class='ocrx_word' id='word_1_518' title='bbox 2013 2375 2211 2433; x_wconf 91' lang='lat' dir='ltr'>eadem</span> <span class='ocrx_word' id='word_1_519' title='bbox 2242 2391 2476 2449; x_wconf 92' lang='lat' dir='ltr'>prorsus</span> <span class='ocrx_word' id='word_1_520' title='bbox 2519 2377 2708 2451; x_wconf 89' lang='lat' dir='ltr'>gratia</span> <span class='ocrx_word' id='word_1_521' title='bbox 2737 2393 2863 2448; x_wconf 80' lang='lat' dir='ltr'>quae</span> <span class='ocrx_word' id='word_1_522' title='bbox 2911 2377 2974 2432; x_wconf 92' lang='lat' dir='ltr'>in</span> <span class='ocrx_word' id='word_1_523' title='bbox 3002 2394 3122 2435; x_wconf 91' lang='lat' dir='ltr'>uno</span> 
     </span>
     <span class='ocr_line' id='line_1_79' title="bbox 1752 2454 3122 2530; baseline 0.001 -18"><span class='ocrx_word' id='word_1_524' title='bbox 1752 2454 2103 2529; x_wconf 83' lang='lat' dir='ltr'>praevidetur</span> <span class='ocrx_word' id='word_1_525' title='bbox 2131 2472 2271 2530; x_wconf 87' lang='lat' dir='ltr'>pure</span> <span class='ocrx_word' id='word_1_526' title='bbox 2291 2456 2593 2522; x_wconf 83' lang='lat' dir='ltr'>sufficiens,</span> <span class='ocrx_word' id='word_1_527' title='bbox 2629 2456 2977 2528; x_wconf 81' lang='lat' dir='ltr'>praevidetur</span> <span class='ocrx_word' id='word_1_528' title='bbox 3002 2457 3122 2514; x_wconf 81' lang='lat' dir='ltr'>effi·</span> 
     </span>
     <span class='ocr_line' id='line_1_80' title="bbox 1748 2534 3117 2610; baseline -0.001 -17"><span class='ocrx_word' id='word_1_529' title='bbox 1748 2552 1853 2593; x_wconf 86' lang='lat' dir='ltr'>cax</span> <span class='ocrx_word' id='word_1_530' title='bbox 1892 2536 1956 2592; x_wconf 92' lang='lat' dir='ltr'>in</span> <span class='ocrx_word' id='word_1_531' title='bbox 1986 2536 2119 2594; x_wconf 90' lang='lat' dir='ltr'>alio.</span> <span class='ocrx_word' id='word_1_532' title='bbox 2156 2536 2328 2594; x_wconf 90' lang='lat' dir='ltr'>Verbi</span> <span class='ocrx_word' id='word_1_533' title='bbox 2356 2537 2545 2610; x_wconf 87' lang='lat' dir='ltr'>gratia</span> <span class='ocrx_word' id='word_1_534' title='bbox 2585 2534 2711 2593; x_wconf 88' lang='lat' dir='ltr'>fieri</span> <span class='ocrx_word' id='word_1_535' title='bbox 2741 2541 2939 2609; x_wconf 88' lang='lat' dir='ltr'>potest,</span> <span class='ocrx_word' id='word_1_536' title='bbox 2965 2537 3117 2610; x_wconf 91' lang='lat' dir='ltr'>quod</span> 
     </span>
     <span class='ocr_line' id='line_1_81' title="bbox 1750 2616 3116 2688; baseline 0.002 -17"><span class='ocrx_word' id='word_1_537' title='bbox 1750 2617 1898 2672; x_wconf 90' lang='lat' dir='ltr'>Deus</span> <span class='ocrx_word' id='word_1_538' title='bbox 1925 2617 2253 2688; x_wconf 79' lang='lat' dir='ltr'>praeviderit</span> <span class='ocrx_word' id='word_1_539' title='bbox 2294 2616 2411 2673; x_wconf 79' lang='lat' dir='ltr'>haec</span> <span class='ocrx_word' id='word_1_540' title='bbox 2463 2616 2656 2673; x_wconf 74' lang='lat' dir='ltr'>sutura</span> <span class='ocrx_word' id='word_1_541' title='bbox 2682 2616 3075 2674; x_wconf 87' lang='lat' dir='ltr'>conditionata</span> <span class='ocrx_word' id='word_1_542' title='bbox 3103 2639 3116 2674; x_wconf 75' lang='grc' dir='ltr'><strong>ε</strong></span> 
     </span>
     <span class='ocr_line' id='line_1_82' title="bbox 1746 2692 3117 2765; baseline 0.001 -14"><span class='ocrx_word' id='word_1_543' title='bbox 1746 2692 1816 2751; x_wconf 74' lang='lat' dir='ltr'>Si</span> <span class='ocrx_word' id='word_1_544' title='bbox 1839 2694 2034 2752; x_wconf 78' lang='lat' dir='ltr'>Petrus</span> <span class='ocrx_word' id='word_1_545' title='bbox 2061 2699 2120 2752; x_wconf 78' lang='lat' dir='ltr'>in</span> <span class='ocrx_word' id='word_1_546' title='bbox 2149 2697 2254 2753; x_wconf 81' lang='lat' dir='ltr'>tali</span> <span class='ocrx_word' id='word_1_547' title='bbox 2282 2699 2576 2765; x_wconf 78' lang='lat' dir='ltr'>occasione,</span> <span class='ocrx_word' id='word_1_548' title='bbox 2601 2704 2789 2753; x_wconf 79' lang='lat' dir='ltr'>etcum</span> <span class='ocrx_word' id='word_1_549' title='bbox 2806 2697 2912 2752; x_wconf 80' lang='lat' dir='ltr'>tali</span> <span class='ocrx_word' id='word_1_550' title='bbox 2927 2698 3117 2765; x_wconf 73' lang='lat' dir='ltr'>qratia</span> 
     </span>
     <span class='ocr_line' id='line_1_83' title="bbox 1746 2774 3116 2844; baseline 0.002 -15"><span class='ocrx_word' id='word_1_551' title='bbox 1746 2778 2179 2844; x_wconf 67' lang='lat' dir='ltr'>constitueretur,</span> <span class='ocrx_word' id='word_1_552' title='bbox 2239 2781 2559 2833; x_wconf 74' lang='lat' dir='ltr'>consentiret</span> <span class='ocrx_word' id='word_1_553' title='bbox 2585 2795 2603 2829; x_wconf 91' lang='lat'>.·</span> <span class='ocrx_word' id='word_1_554' title='bbox 2671 2774 2740 2835; x_wconf 75' lang='lat' dir='ltr'>Si</span> <span class='ocrx_word' id='word_1_555' title='bbox 2784 2776 3000 2833; x_wconf 79' lang='lat' dir='ltr'>Paulus</span> <span class='ocrx_word' id='word_1_556' title='bbox 3055 2778 3116 2832; x_wconf 80' lang='lat' dir='ltr'>in</span> 
     </span>
     <span class='ocr_line' id='line_1_84' title="bbox 1742 2857 3117 2930; baseline 0.002 -18"><span class='ocrx_word' id='word_1_557' title='bbox 1742 2857 1930 2913; x_wconf 84' lang='lat' dir='ltr'>eadem</span> <span class='ocrx_word' id='word_1_558' title='bbox 1950 2860 2243 2927; x_wconf 77' lang='lat' dir='ltr'>occasione,</span> <span class='ocrx_word' id='word_1_559' title='bbox 2275 2867 2470 2915; x_wconf 86' lang='lat' dir='ltr'>etcum</span> <span class='ocrx_word' id='word_1_560' title='bbox 2490 2859 2673 2915; x_wconf 81' lang='lat' dir='ltr'>eadem</span> <span class='ocrx_word' id='word_1_561' title='bbox 2696 2861 2883 2930; x_wconf 71' lang='lat' dir='ltr'>qratia</span> <span class='ocrx_word' id='word_1_562' title='bbox 2906 2859 3117 2916; x_wconf 75' lang='lat' dir='ltr'>consti-</span> 
     </span>
     <span class='ocr_line' id='line_1_85' title="bbox 1744 2938 3114 3006; baseline 0.004 -14"><span class='ocrx_word' id='word_1_563' title='bbox 1744 2944 2002 3006; x_wconf 81' lang='lat' dir='ltr'>tueretur,</span> <span class='ocrx_word' id='word_1_564' title='bbox 2035 2957 2143 2995; x_wconf 88' lang='lat' dir='ltr'>non</span> <span class='ocrx_word' id='word_1_565' title='bbox 2182 2942 2519 2995; x_wconf 80' lang='lat' dir='ltr'>consentiret.</span> <span class='ocrx_word' id='word_1_566' title='bbox 2567 2938 2694 3005; x_wconf 90' lang='lat' dir='ltr'>Ubi,</span> <span class='ocrx_word' id='word_1_567' title='bbox 2726 2943 2786 2995; x_wconf 83' lang='lat' dir='ltr'>ut</span> <span class='ocrx_word' id='word_1_568' title='bbox 2832 2939 3009 3006; x_wconf 83' lang='lat' dir='ltr'>vides,</span> <span class='ocrx_word' id='word_1_569' title='bbox 3041 2956 3114 2998; x_wconf 83' lang='lat' dir='ltr'>ex</span> 
     </span>
     <span class='ocr_line' id='line_1_86' title="bbox 1745 3017 3115 3093; baseline 0.004 -20"><span class='ocrx_word' id='word_1_570' title='bbox 1745 3023 1907 3089; x_wconf 89' lang='lat' dir='ltr'>parte</span> <span class='ocrx_word' id='word_1_571' title='bbox 1932 3017 2298 3086; x_wconf 89' lang='lat' dir='ltr'>conditionis,</span> <span class='ocrx_word' id='word_1_572' title='bbox 2322 3019 2444 3076; x_wconf 87' lang='lat' dir='ltr'>sive</span> <span class='ocrx_word' id='word_1_573' title='bbox 2467 3017 2849 3086; x_wconf 80' lang='lat' dir='ltr'>antecedentis</span> <span class='ocrx_word' id='word_1_574' title='bbox 2873 3021 3115 3093; x_wconf 90' lang='lat' dir='ltr'>ponitur</span> 
     </span>
     <span class='ocr_line' id='line_1_87' title="bbox 1741 3096 3107 3172; baseline 0.004 -19"><span class='ocrx_word' id='word_1_575' title='bbox 1741 3096 1897 3154; x_wconf 90' lang='lat' dir='ltr'>idem</span> <span class='ocrx_word' id='word_1_576' title='bbox 1922 3114 2152 3171; x_wconf 90' lang='lat' dir='ltr'>prorsus</span> <span class='ocrx_word' id='word_1_577' title='bbox 2179 3098 2407 3156; x_wconf 80' lang='lat' dir='ltr'>effectus</span> <span class='ocrx_word' id='word_1_578' title='bbox 2421 3099 2636 3156; x_wconf 80' lang='lat' dir='ltr'>divinae</span> <span class='ocrx_word' id='word_1_579' title='bbox 2651 3100 3107 3172; x_wconf 79' lang='lat' dir='ltr'>omnipotentiae,</span> 
     </span>
     <span class='ocr_line' id='line_1_88' title="bbox 1742 3180 3112 3254; baseline 0.004 -20"><span class='ocrx_word' id='word_1_580' title='bbox 1742 3194 1950 3251; x_wconf 90' lang='lat' dir='ltr'>nempe</span> <span class='ocrx_word' id='word_1_581' title='bbox 1999 3180 2232 3248; x_wconf 88' lang='lat' dir='ltr'>occasi0,</span> <span class='ocrx_word' id='word_1_582' title='bbox 2265 3184 2321 3237; x_wconf 90' lang='lat' dir='ltr'>et</span> <span class='ocrx_word' id='word_1_583' title='bbox 2345 3180 2574 3253; x_wconf 89' lang='lat' dir='ltr'>gratia:</span> <span class='ocrx_word' id='word_1_584' title='bbox 2623 3195 2759 3254; x_wconf 89' lang='lat' dir='ltr'>ergo</span> <span class='ocrx_word' id='word_1_585' title='bbox 2806 3180 3112 3254; x_wconf 89' lang='lat' dir='ltr'>utrobique</span> 
     </span>
     <span class='ocr_line' id='line_1_89' title="bbox 1739 3258 3113 3333; baseline 0.004 -20"><span class='ocrx_word' id='word_1_586' title='bbox 1739 3273 1899 3332; x_wconf 77' lang='lat' dir='ltr'>aeque</span> <span class='ocrx_word' id='word_1_587' title='bbox 1943 3260 2262 3333; x_wconf 87' lang='lat' dir='ltr'>explicatur</span> <span class='ocrx_word' id='word_1_588' title='bbox 2300 3258 2503 3316; x_wconf 86' lang='lat' dir='ltr'>divina</span> <span class='ocrx_word' id='word_1_589' title='bbox 2565 3258 2985 3332; x_wconf 89' lang='lat' dir='ltr'>omnipotentia</span> <span class='ocrx_word' id='word_1_590' title='bbox 3012 3285 3024 3327; x_wconf 88' lang='lat'>;</span> <span class='ocrx_word' id='word_1_591' title='bbox 3055 3267 3113 3319; x_wconf 93' lang='lat' dir='ltr'>et</span> 
     </span>
     <span class='ocr_line' id='line_1_90' title="bbox 1740 3339 3105 3414; baseline 0.004 -21"><span class='ocrx_word' id='word_1_592' title='bbox 1740 3344 1934 3395; x_wconf 89' lang='lat' dir='ltr'>tamen</span> <span class='ocrx_word' id='word_1_593' title='bbox 1974 3342 2158 3414; x_wconf 89' lang='lat' dir='ltr'>gratia</span> <span class='ocrx_word' id='word_1_594' title='bbox 2187 3341 2249 3396; x_wconf 94' lang='lat' dir='ltr'>in</span> <span class='ocrx_word' id='word_1_595' title='bbox 2300 3342 2467 3397; x_wconf 86' lang='lat' dir='ltr'>Petro</span> <span class='ocrx_word' id='word_1_596' title='bbox 2502 3339 2849 3413; x_wconf 82' lang='lat' dir='ltr'>praevidetur</span> <span class='ocrx_word' id='word_1_597' title='bbox 2887 3340 3105 3407; x_wconf 76' lang='lat' dir='ltr'>efficax,</span> 
     </span>
     <span class='ocr_line' id='line_1_91' title="bbox 1737 3419 3106 3496; baseline 0.003 -22"><span class='ocrx_word' id='word_1_598' title='bbox 1737 3419 2019 3493; x_wconf 87' lang='lat' dir='ltr'>siquidem</span> <span class='ocrx_word' id='word_1_599' title='bbox 2037 3422 2381 3496; x_wconf 79' lang='lat' dir='ltr'>praevidetur</span> <span class='ocrx_word' id='word_1_600' title='bbox 2401 3421 2700 3495; x_wconf 88' lang='lat' dir='ltr'>conjuncta</span> <span class='ocrx_word' id='word_1_601' title='bbox 2720 3437 2849 3477; x_wconf 88' lang='lat' dir='ltr'>cum</span> <span class='ocrx_word' id='word_1_602' title='bbox 2871 3421 3069 3480; x_wconf 82' lang='lat' dir='ltr'>effectu</span> <span class='ocrx_word' id='word_1_603' title='bbox 3093 3447 3106 3490; x_wconf 69' lang='grc' dir='ltr'>ς</span> 
     </span>
     <span class='ocr_line' id='line_1_92' title="bbox 1738 3502 3104 3575; baseline 0.001 -17"><span class='ocrx_word' id='word_1_604' title='bbox 1738 3502 1801 3558; x_wconf 91' lang='lat' dir='ltr'>in</span> <span class='ocrx_word' id='word_1_605' title='bbox 1834 3504 2009 3560; x_wconf 85' lang='lat' dir='ltr'>Paulo</span> <span class='ocrx_word' id='word_1_606' title='bbox 2055 3519 2191 3561; x_wconf 86' lang='lat' dir='ltr'>vero</span> <span class='ocrx_word' id='word_1_607' title='bbox 2229 3502 2576 3575; x_wconf 82' lang='lat' dir='ltr'>praevidetur</span> <span class='ocrx_word' id='word_1_608' title='bbox 2620 3517 2760 3573; x_wconf 88' lang='lat' dir='ltr'>pure</span> <span class='ocrx_word' id='word_1_609' title='bbox 2797 3502 3104 3570; x_wconf 83' lang='lat' dir='ltr'>sufficiens,</span> 
     </span>
     <span class='ocr_line' id='line_1_93' title="bbox 1735 3582 3110 3658; baseline 0.001 -19"><span class='ocrx_word' id='word_1_610' title='bbox 1735 3598 1865 3639; x_wconf 91' lang='lat' dir='ltr'>cum</span> <span class='ocrx_word' id='word_1_611' title='bbox 1894 3583 2272 3656; x_wconf 80' lang='lat' dir='ltr'>praevideatur</span> <span class='ocrx_word' id='word_1_612' title='bbox 2292 3582 2490 3641; x_wconf 82' lang='lat' dir='ltr'>effectu</span> <span class='ocrx_word' id='word_1_613' title='bbox 2524 3583 2747 3655; x_wconf 78' lang='lat' dir='ltr'>privata</span> <span class='ocrx_word' id='word_1_614' title='bbox 2784 3603 2798 3638; x_wconf 74' lang='grc' dir='ltr'>ε</span> <span class='ocrx_word' id='word_1_615' title='bbox 2825 3598 2961 3658; x_wconf 91' lang='lat' dir='ltr'>ergo</span> <span class='ocrx_word' id='word_1_616' title='bbox 2992 3599 3110 3641; x_wconf 90' lang='lat' dir='ltr'>non</span> 
     </span>
     <span class='ocr_line' id='line_1_94' title="bbox 1735 3663 3108 3738; baseline 0.001 -19"><span class='ocrx_word' id='word_1_617' title='bbox 1735 3665 1919 3738; x_wconf 88' lang='lat' dir='ltr'>magis</span> <span class='ocrx_word' id='word_1_618' title='bbox 1958 3664 2218 3738; x_wconf 87' lang='lat' dir='ltr'>splendet</span> <span class='ocrx_word' id='word_1_619' title='bbox 2257 3665 2358 3721; x_wconf 92' lang='lat' dir='ltr'>Dei</span> <span class='ocrx_word' id='word_1_620' title='bbox 2385 3664 2807 3735; x_wconf 87' lang='lat' dir='ltr'>omnipotentia</span> <span class='ocrx_word' id='word_1_621' title='bbox 2829 3663 2891 3718; x_wconf 90' lang='lat' dir='ltr'>in</span> <span class='ocrx_word' id='word_1_622' title='bbox 2920 3664 3108 3738; x_wconf 89' lang='lat' dir='ltr'>gratia</span> 
     </span>
     <span class='ocr_line' id='line_1_95' title="bbox 1731 3741 3105 3816; baseline 0.001 -17"><span class='ocrx_word' id='word_1_623' title='bbox 1731 3741 1961 3811; x_wconf 87' lang='lat' dir='ltr'>efficaci,</span> <span class='ocrx_word' id='word_1_624' title='bbox 1995 3760 2056 3800; x_wconf 92' lang='lat' dir='ltr'>ac</span> <span class='ocrx_word' id='word_1_625' title='bbox 2086 3745 2148 3799; x_wconf 93' lang='lat' dir='ltr'>in</span> <span class='ocrx_word' id='word_1_626' title='bbox 2189 3760 2331 3816; x_wconf 90' lang='lat' dir='ltr'>pure</span> <span class='ocrx_word' id='word_1_627' title='bbox 2384 3742 2704 3798; x_wconf 86' lang='lat' dir='ltr'>sufficienti.</span> <span class='ocrx_word' id='word_1_628' title='bbox 2731 3742 3013 3800; x_wconf 90' lang='lat' dir='ltr'>Similiter</span> <span class='ocrx_word' id='word_1_629' title='bbox 3041 3744 3105 3800; x_wconf 93' lang='lat' dir='ltr'>in</span> 
     </span>
     <span class='ocr_line' id='line_1_96' title="bbox 1733 3821 3103 3888; baseline 0 -11"><span class='ocrx_word' id='word_1_630' title='bbox 1733 3827 1883 3878; x_wconf 89' lang='lat' dir='ltr'>statu</span> <span class='ocrx_word' id='word_1_631' title='bbox 1930 3821 2206 3888; x_wconf 85' lang='lat' dir='ltr'>absoluto,</span> <span class='ocrx_word' id='word_1_632' title='bbox 2261 3825 2478 3887; x_wconf 86' lang='lat' dir='ltr'>Petrus,</span> <span class='ocrx_word' id='word_1_633' title='bbox 2529 3826 2585 3877; x_wconf 89' lang='lat' dir='ltr'>et</span> <span class='ocrx_word' id='word_1_634' title='bbox 2630 3823 2844 3878; x_wconf 91' lang='lat' dir='ltr'>Paulus</span> <span class='ocrx_word' id='word_1_635' title='bbox 2886 3822 3103 3879; x_wconf 89' lang='lat' dir='ltr'>consti-</span> 
     </span>
     <span class='ocr_line' id='line_1_97' title="bbox 1734 3901 3098 3968; baseline 0.001 -9"><span class='ocrx_word' id='word_1_636' title='bbox 1734 3910 1977 3961; x_wconf 90' lang='lat' dir='ltr'>tuuntur</span> <span class='ocrx_word' id='word_1_637' title='bbox 2006 3905 2066 3960; x_wconf 90' lang='lat' dir='ltr'>in</span> <span class='ocrx_word' id='word_1_638' title='bbox 2091 3903 2290 3960; x_wconf 89' lang='lat' dir='ltr'>eadem</span> <span class='ocrx_word' id='word_1_639' title='bbox 2314 3903 2625 3968; x_wconf 90' lang='lat' dir='ltr'>occasione,</span> <span class='ocrx_word' id='word_1_640' title='bbox 2656 3908 2712 3959; x_wconf 89' lang='lat' dir='ltr'>et</span> <span class='ocrx_word' id='word_1_641' title='bbox 2738 3919 2868 3959; x_wconf 91' lang='lat' dir='ltr'>cum</span> <span class='ocrx_word' id='word_1_642' title='bbox 2896 3901 3098 3960; x_wconf 89' lang='lat' dir='ltr'>eadem</span> 
     </span>
     <span class='ocr_line' id='line_1_98' title="bbox 1731 3981 3092 4061; baseline 0 -20"><span class='ocrx_word' id='word_1_643' title='bbox 1731 3986 1935 4061; x_wconf 88' lang='lat' dir='ltr'>gratia,</span> <span class='ocrx_word' id='word_1_644' title='bbox 1968 3986 2110 4059; x_wconf 90' lang='lat' dir='ltr'>quin</span> <span class='ocrx_word' id='word_1_645' title='bbox 2151 3987 2301 4041; x_wconf 88' lang='lat' dir='ltr'>Deus</span> <span class='ocrx_word' id='word_1_646' title='bbox 2355 3985 2480 4056; x_wconf 88' lang='lat' dir='ltr'>plus</span> <span class='ocrx_word' id='word_1_647' title='bbox 2533 3981 2805 4056; x_wconf 89' lang='lat' dir='ltr'>producat</span> <span class='ocrx_word' id='word_1_648' title='bbox 2851 3984 2914 4040; x_wconf 91' lang='lat' dir='ltr'>in</span> <span class='ocrx_word' id='word_1_649' title='bbox 2956 4000 3092 4051; x_wconf 90' lang='lat' dir='ltr'>un0,</span> 
     </span>
     <span class='ocr_line' id='line_1_99' title="bbox 1731 4064 3101 4141; baseline 0 -18"><span class='ocrx_word' id='word_1_650' title='bbox 1731 4084 1904 4141; x_wconf 89' lang='lat' dir='ltr'>quam</span> <span class='ocrx_word' id='word_1_651' title='bbox 1934 4068 1995 4123; x_wconf 93' lang='lat' dir='ltr'>in</span> <span class='ocrx_word' id='word_1_652' title='bbox 2018 4067 2153 4133; x_wconf 88' lang='lat' dir='ltr'>alic,</span> <span class='ocrx_word' id='word_1_653' title='bbox 2186 4072 2248 4122; x_wconf 90' lang='lat' dir='ltr'>ut</span> <span class='ocrx_word' id='word_1_654' title='bbox 2286 4064 2618 4122; x_wconf 86' lang='lat' dir='ltr'>Adversarii</span> <span class='ocrx_word' id='word_1_655' title='bbox 2650 4067 2841 4139; x_wconf 90' lang='lat' dir='ltr'>palam</span> <span class='ocrx_word' id='word_1_656' title='bbox 2884 4065 3101 4123; x_wconf 89' lang='lat' dir='ltr'>admit-</span> 
     </span>
     <span class='ocr_line' id='line_1_100' title="bbox 1732 4144 3095 4220; baseline -0.001 -16"><span class='ocrx_word' id='word_1_657' title='bbox 1732 4153 1862 4204; x_wconf 89' lang='lat' dir='ltr'>tunt</span> <span class='ocrx_word' id='word_1_658' title='bbox 1888 4171 1901 4214; x_wconf 77' lang='lat'><em>3</em></span> <span class='ocrx_word' id='word_1_659' title='bbox 1929 4153 1985 4204; x_wconf 91' lang='lat' dir='ltr'>et</span> <span class='ocrx_word' id='word_1_660' title='bbox 2013 4152 2206 4204; x_wconf 89' lang='lat' dir='ltr'>tamen</span> <span class='ocrx_word' id='word_1_661' title='bbox 2244 4144 2427 4220; x_wconf 90' lang='lat' dir='ltr'>gratia</span> <span class='ocrx_word' id='word_1_662' title='bbox 2456 4144 2519 4200; x_wconf 91' lang='lat' dir='ltr'>in</span> <span class='ocrx_word' id='word_1_663' title='bbox 2574 4146 2742 4203; x_wconf 88' lang='lat' dir='ltr'>Petro</span> <span class='ocrx_word' id='word_1_664' title='bbox 2769 4151 2853 4202; x_wconf 89' lang='lat' dir='ltr'>est</span> <span class='ocrx_word' id='word_1_665' title='bbox 2878 4145 3095 4212; x_wconf 84' lang='lat' dir='ltr'>efficax,</span> 
     </span>
     <span class='ocr_line' id='line_1_101' title="bbox 1731 4226 3102 4303; baseline -0.001 -18"><span class='ocrx_word' id='word_1_666' title='bbox 1731 4228 2015 4303; x_wconf 88' lang='lat' dir='ltr'>siquidem</span> <span class='ocrx_word' id='word_1_667' title='bbox 2063 4229 2233 4284; x_wconf 91' lang='lat' dir='ltr'>illum</span> <span class='ocrx_word' id='word_1_668' title='bbox 2285 4226 2568 4284; x_wconf 83' lang='lat' dir='ltr'>convertit</span> <span class='ocrx_word' id='word_1_669' title='bbox 2592 4250 2607 4294; x_wconf 87' lang='lat'>;</span> <span class='ocrx_word' id='word_1_670' title='bbox 2638 4233 2692 4284; x_wconf 90' lang='lat' dir='ltr'>et</span> <span class='ocrx_word' id='word_1_671' title='bbox 2722 4226 2782 4283; x_wconf 93' lang='lat' dir='ltr'>in</span> <span class='ocrx_word' id='word_1_672' title='bbox 2815 4228 2992 4284; x_wconf 86' lang='lat' dir='ltr'>Paulo</span> <span class='ocrx_word' id='word_1_673' title='bbox 3017 4233 3102 4285; x_wconf 91' lang='lat' dir='ltr'>est</span> 
     </span>
     <span class='ocr_line' id='line_1_102' title="bbox 1733 4305 3101 4399; baseline -0.001 -34"><span class='ocrx_word' id='word_1_674' title='bbox 1733 4325 1876 4383; x_wconf 88' lang='lat' dir='ltr'>pure</span> <span class='ocrx_word' id='word_1_675' title='bbox 1895 4308 2192 4375; x_wconf 85' lang='lat' dir='ltr'>sufficiens,</span> <span class='ocrx_word' id='word_1_676' title='bbox 2218 4306 2503 4399; x_wconf 84' lang='lat' dir='ltr'>siquidem</span> <span class='ocrx_word' id='word_1_677' title='bbox 2525 4305 2786 4363; x_wconf 79' lang='lat' dir='ltr'>effectum</span> <span class='ocrx_word' id='word_1_678' title='bbox 2817 4322 2935 4363; x_wconf 92' lang='lat' dir='ltr'>non</span> <span class='ocrx_word' id='word_1_679' title='bbox 2961 4322 3101 4363; x_wconf 89' lang='lat' dir='ltr'>cau-</span> 
     </span>
     <span class='ocr_line' id='line_1_103' title="bbox 1731 4386 3101 4463; baseline -0.001 -17"><span class='ocrx_word' id='word_1_680' title='bbox 1731 4394 1864 4446; x_wconf 87' lang='lat' dir='ltr'>sat:</span> <span class='ocrx_word' id='word_1_681' title='bbox 1887 4405 2022 4463; x_wconf 90' lang='lat' dir='ltr'>ergo</span> <span class='ocrx_word' id='word_1_682' title='bbox 2045 4404 2162 4445; x_wconf 91' lang='lat' dir='ltr'>non</span> <span class='ocrx_word' id='word_1_683' title='bbox 2190 4389 2373 4462; x_wconf 90' lang='lat' dir='ltr'>magis</span> <span class='ocrx_word' id='word_1_684' title='bbox 2406 4386 2684 4459; x_wconf 89' lang='lat' dir='ltr'>splendet,</span> <span class='ocrx_word' id='word_1_685' title='bbox 2719 4392 2813 4444; x_wconf 92' lang='lat' dir='ltr'>aut</span> <span class='ocrx_word' id='word_1_686' title='bbox 2843 4387 3101 4460; x_wconf 88' lang='lat' dir='ltr'>explica-</span> 
     </span>
     <span class='ocr_line' id='line_1_104' title="bbox 1732 4466 3101 4558; baseline -0.001 -33"><span class='ocrx_word' id='word_1_687' title='bbox 1732 4475 1828 4526; x_wconf 90' lang='lat' dir='ltr'>tur</span> <span class='ocrx_word' id='word_1_688' title='bbox 1870 4468 2290 4540; x_wconf 83' lang='lat' dir='ltr'>omnipotentia</span> <span class='ocrx_word' id='word_1_689' title='bbox 2330 4467 2429 4524; x_wconf 90' lang='lat' dir='ltr'>Dei</span> <span class='ocrx_word' id='word_1_690' title='bbox 2458 4468 2519 4523; x_wconf 92' lang='lat' dir='ltr'>in</span> <span class='ocrx_word' id='word_1_691' title='bbox 2562 4468 2749 4542; x_wconf 89' lang='lat' dir='ltr'>gratia</span> <span class='ocrx_word' id='word_1_692' title='bbox 2772 4466 3000 4558; x_wconf 81' lang='lat' dir='ltr'>efficaci,</span> <span class='ocrx_word' id='word_1_693' title='bbox 3034 4482 3101 4524; x_wconf 90' lang='lat' dir='ltr'>ac</span> 
     </span>
    </p>
   </div>
   <div class='ocr_carea' id='block_1_12' title="bbox 1730 4548 3099 4693">
    <p class='ocr_par' dir='ltr' id='par_1_13' title="bbox 1730 4548 3099 4693">
     <span class='ocr_line' id='line_1_105' title="bbox 1730 4548 2052 4605; baseline -0.01 0"><span class='ocrx_word' id='word_1_694' title='bbox 1730 4548 2052 4605; x_wconf 83' lang='lat' dir='ltr'>sufficienti.</span> 
     </span>
     <span class='ocr_line' id='line_1_106' title="bbox 1806 4619 3099 4693; baseline -0.002 -15"><span class='ocrx_word' id='word_1_695' title='bbox 1806 4625 1920 4678; x_wconf 84' lang='lat' dir='ltr'>Nec</span> <span class='ocrx_word' id='word_1_696' title='bbox 1948 4622 2098 4677; x_wconf 84' lang='lat' dir='ltr'>valet</span> <span class='ocrx_word' id='word_1_697' title='bbox 2139 4620 2201 4676; x_wconf 91' lang='lat' dir='ltr'>in</span> <span class='ocrx_word' id='word_1_698' title='bbox 2230 4620 2332 4676; x_wconf 88' lang='lat' dir='ltr'>hac</span> <span class='ocrx_word' id='word_1_699' title='bbox 2372 4624 2531 4693; x_wconf 90' lang='lat' dir='ltr'>parte</span> <span class='ocrx_word' id='word_1_700' title='bbox 2560 4635 2819 4676; x_wconf 92' lang='lat' dir='ltr'>recursus</span> <span class='ocrx_word' id='word_1_701' title='bbox 2861 4619 2931 4678; x_wconf 90' lang='lat' dir='ltr'>ad</span> <span class='ocrx_word' id='word_1_702' title='bbox 2958 4636 3099 4677; x_wconf 93' lang='lat' dir='ltr'>con-</span> 
     </span>
    </p>
   </div>
   <div class='ocr_carea' id='block_1_13' title="bbox 1730 4701 3101 5019">
    <p class='ocr_par' dir='ltr' id='par_1_14' title="bbox 1730 4701 3101 5019">
     <span class='ocr_line' id='line_1_107' title="bbox 1730 4701 3098 4777; baseline -0.001 -16"><span class='ocrx_word' id='word_1_703' title='bbox 1730 4720 1985 4768; x_wconf 89' lang='lat' dir='ltr'>sensum,</span> <span class='ocrx_word' id='word_1_704' title='bbox 2010 4718 2180 4777; x_wconf 90' lang='lat' dir='ltr'>quem</span> <span class='ocrx_word' id='word_1_705' title='bbox 2206 4703 2350 4758; x_wconf 89' lang='lat' dir='ltr'>Deus</span> <span class='ocrx_word' id='word_1_706' title='bbox 2370 4706 2563 4758; x_wconf 88' lang='lat' dir='ltr'>causat</span> <span class='ocrx_word' id='word_1_707' title='bbox 2595 4701 2657 4757; x_wconf 93' lang='lat' dir='ltr'>in</span> <span class='ocrx_word' id='word_1_708' title='bbox 2681 4703 2866 4768; x_wconf 90' lang='lat' dir='ltr'>Petr0,</span> <span class='ocrx_word' id='word_1_709' title='bbox 2888 4707 2943 4758; x_wconf 92' lang='lat' dir='ltr'>et</span> <span class='ocrx_word' id='word_1_710' title='bbox 2978 4718 3098 4759; x_wconf 92' lang='lat' dir='ltr'>non</span> 
     </span>
     <span class='ocr_line' id='line_1_108' title="bbox 1731 4782 3101 4860; baseline -0.001 -18"><span class='ocrx_word' id='word_1_711' title='bbox 1731 4791 1923 4843; x_wconf 90' lang='lat' dir='ltr'>causat</span> <span class='ocrx_word' id='word_1_712' title='bbox 1952 4787 2014 4840; x_wconf 89' lang='lat' dir='ltr'>in</span> <span class='ocrx_word' id='word_1_713' title='bbox 2043 4784 2222 4840; x_wconf 89' lang='lat' dir='ltr'>Paulo</span> <span class='ocrx_word' id='word_1_714' title='bbox 2253 4807 2267 4850; x_wconf 90' lang='lat'>;</span> <span class='ocrx_word' id='word_1_715' title='bbox 2298 4798 2434 4860; x_wconf 87' lang='lat' dir='ltr'>nam</span> <span class='ocrx_word' id='word_1_716' title='bbox 2461 4798 2771 4840; x_wconf 86' lang='lat' dir='ltr'>consensus</span> <span class='ocrx_word' id='word_1_717' title='bbox 2798 4788 2882 4839; x_wconf 90' lang='lat' dir='ltr'>est</span> <span class='ocrx_word' id='word_1_718' title='bbox 2926 4782 3101 4840; x_wconf 76' lang='lat' dir='ltr'>effec-</span> 
     </span>
     <span class='ocr_line' id='line_1_109' title="bbox 1732 4864 3099 4942; baseline -0.001 -18"><span class='ocrx_word' id='word_1_719' title='bbox 1732 4873 1820 4924; x_wconf 90' lang='lat' dir='ltr'>tus</span> <span class='ocrx_word' id='word_1_720' title='bbox 1859 4866 2058 4942; x_wconf 79' lang='lat' dir='ltr'>gratiae</span> <span class='ocrx_word' id='word_1_721' title='bbox 2082 4865 2337 4930; x_wconf 85' lang='lat' dir='ltr'>efficacis,</span> <span class='ocrx_word' id='word_1_722' title='bbox 2370 4869 2537 4937; x_wconf 89' lang='lat' dir='ltr'>atque</span> <span class='ocrx_word' id='word_1_723' title='bbox 2584 4864 2710 4923; x_wconf 88' lang='lat' dir='ltr'>ideo</span> <span class='ocrx_word' id='word_1_724' title='bbox 2737 4865 2903 4921; x_wconf 91' lang='lat' dir='ltr'>illam</span> <span class='ocrx_word' id='word_1_725' title='bbox 2947 4880 3099 4938; x_wconf 82' lang='lat' dir='ltr'>prae-</span> 
     </span>
     <span class='ocr_line' id='line_1_110' title="bbox 1730 4942 3098 5019; baseline -0.002 -17"><span class='ocrx_word' id='word_1_726' title='bbox 1730 4946 1999 5019; x_wconf 88' lang='lat' dir='ltr'>supponit</span> <span class='ocrx_word' id='word_1_727' title='bbox 2032 4965 2045 5000; x_wconf 77' lang='lat' dir='ltr'>t</span> <span class='ocrx_word' id='word_1_728' title='bbox 2074 4942 2449 5017; x_wconf 89' lang='lat' dir='ltr'>quamobrem</span> <span class='ocrx_word' id='word_1_729' title='bbox 2494 4945 2544 5001; x_wconf 92' lang='lat' dir='ltr'>si</span> <span class='ocrx_word' id='word_1_730' title='bbox 2586 4944 2984 5002; x_wconf 88' lang='lat' dir='ltr'>antecedenter</span> <span class='ocrx_word' id='word_1_731' title='bbox 3026 4944 3098 4999; x_wconf 89' lang='lat' dir='ltr'>ad</span> 
     </span>
    </p>
   </div>
  </div>
 </body>
</html>
