3647 5753
298 2439 501 2498 Adversa·

328 2491 481 2540 riorum

506 401 616 457 224
1525 401 1619 457 DE
1657 400 1929 456 GRATIA
1968 401 2291 458 EFFICACI
2301 444 2313 457 .

508 572 574 630 ad
603 578 903 645 utramque
926 577 1229 645 partem,et
1250 574 1486 632 aliunde
1498 575 1649 632 nihil
1672 573 1866 644 habet,

509 668 609 724 per
633 652 782 726 quod
806 651 1076 721 absolute,
1099 655 1190 712 vel
1212 655 1601 713 conditionate
1620 671 1871 714 connec-

508 738 662 789 tatur
683 732 1097 800 infallibiliter,
1119 740 1177 792 et
1207 737 1526 794 necessario
1540 737 1872 794 necessitate

508 815 944 888 consequentiae,
978 816 1169 890 potius
1213 835 1288 874 v,
1307 835 1364 894 g.
1393 835 1521 875 cum
1566 834 1866 885 consensu,

508 911 682 968 quam
711 912 842 952 cum
864 897 1145 965 dissensu,
1173 903 1237 954 ut
1265 900 1649 957 communiter
1669 899 1874 958 docent

509 978 839 1044 Thomistae,
858 984 914 1035 et
935 980 1039 1036 alii
1060 980 1334 1056 Theologi
1350 986 1549 1039 contra
1563 982 1867 1048 Molinam,

508 1063 563 1114 et
586 1064 855 1131 patronos
881 1059 1135 1117 scientiae
1155 1059 1388 1118 mediae:
1412 1062 1567 1135 atqui
1584 1063 1871 1120 auxilium

511 1141 812 1198 moraliter
842 1141 1072 1214 praecise
1112 1159 1351 1201 movens
1374 1160 1490 1200 non
1516 1146 1873 1202 connectitur

513 1221 925 1289 infallibiliter,
957 1227 1013 1279 et
1035 1226 1354 1283 necessario
1380 1226 1711 1283 necessitate
1732 1242 1872 1283 con-

511 1303 820 1376 sequentiae
866 1319 995 1359 cum
1036 1320 1356 1373 consensu;
1393 1306 1494 1363 sed
1532 1308 1749 1380 optime
1774 1323 1873 1365 co-

513 1385 708 1446 haeret,
759 1384 909 1457 quod
936 1386 1065 1458 quis
1110 1387 1412 1444 moraliter
1450 1388 1784 1461 applicetur,
1816 1394 1874 1446 et

513 1465 900 1522 nihilominus
921 1465 1223 1524 dissentiat
1247 1489 1261 1524 ε
1289 1473 1520 1525 econtra
1546 1485 1686 1527 vero
1712 1472 1873 1527 auxi·

513 1547 657 1601 lium
686 1545 918 1620 physice
957 1562 1198 1604 movens
1238 1547 1511 1621 importat
1538 1548 1870 1622 praedictam

515 1626 893 1685 infallibilem
922 1630 1359 1697 connexionem,
1384 1646 1452 1688 eo
1475 1630 1623 1705 quod
1641 1637 1726 1690 est
1752 1650 1873 1692 rea-

512 1708 585 1762 lis
624 1708 949 1780 applicatio,
982 1714 1036 1765 et
1068 1707 1321 1768 reductio
1349 1711 1614 1784 potentiae
1643 1712 1713 1770 ab
1743 1718 1870 1770 actu

510 1788 701 1860 primo
722 1786 792 1844 ad
814 1787 1149 1855 secundum,
1181 1795 1237 1846 et
1263 1791 1522 1864 implicat
1548 1794 1869 1865 potentiam

512 1868 705 1926 reduci
750 1869 819 1926 ad
848 1876 1032 1926 actum
1056 1872 1391 1939 secundum,
1424 1881 1480 1931 et
1506 1891 1624 1933 non
1651 1891 1821 1950 agere
1855 1897 1868 1932 ε

509 1963 645 2023 ergo
672 1950 956 2006 auxilium
978 1967 1050 2009 ex
1070 1968 1131 2009 se
1156 1953 1352 2010 efficax
1373 1971 1489 2012 non
1513 1962 1706 2014 movet
1728 1973 1873 2030 prae·

510 2031 623 2088 eise
663 2033 984 2102 moraliter,
1027 2034 1128 2091 sed
1169 2042 1363 2094 movet
1403 2038 1660 2112 physice.
1706 2041 1873 2096 Patet

507 2112 1070 2187 consequentia,quia
1094 2132 1273 2173 unum
1293 2133 1364 2175 ex
1382 2119 1682 2193 praecipuis
1704 2121 1871 2177 moti-

511 2196 598 2251 vis
620 2196 912 2254 asserendi
936 2197 1221 2254 auxilium
1246 2199 1315 2257 ab
1339 2201 1653 2259 intrinseco
1673 2201 1872 2259 efficax

508 2282 611 2342 est,
639 2284 703 2333 ut
721 2280 973 2336 salvetur
994 2281 1329 2339 omnimoda
1355 2283 1635 2341 certitudo
1655 2284 1871 2341 divinae

514 2360 882 2431 praescientiae
908 2363 1057 2419 circa
1080 2369 1304 2422 nostros
1327 2371 1482 2422 actus
1509 2365 1740 2423 liberos.

588 2440 710 2495 312.
758 2442 902 2499 Huic
947 2450 1303 2516 argumento,
1333 2452 1391 2501 et
1440 2445 1865 2503 confirmationi

296 2546 438 2588 occurs
421 2558 488 2596 us
517 2523 862 2594 respondent
890 2523 1241 2592 Adversarii,
1257 2525 1405 2600 quod
1430 2528 1560 2584 licet
1579 2528 1867 2584 auxilium

301 3912 465 3953 Everti-

336 3966 414 4004 lut·-

511 2605 813 2661 moraliter
859 2615 1098 2664 movens
1142 2624 1260 2665 non
1301 2609 1506 2666 habeat
1550 2625 1621 2666 ex
1659 2625 1868 2683 genere

509 2702 612 2742 suo
665 2686 830 2742 illam
895 2688 1317 2745 connexionem
1381 2705 1512 2746 cum
1563 2705 1863 2757 consensu,

506 2781 678 2838 quam
706 2764 1064 2823 intendimus
1089 2792 1104 2835 ;
1144 2768 1529 2826 nihilominus
1557 2773 1705 2826 Deus
1726 2769 1866 2827 infi-

507 2849 629 2906 nita
671 2849 953 2922 sapientia
979 2867 1081 2909 sua
1126 2852 1409 2926 cognoscit
1461 2853 1617 2910 intra
1666 2854 1867 2910 latitu-

502 2929 699 2990 dinem
741 2930 1171 3004 omnipotentiae
1219 2934 1385 3005 plura
1431 2933 1653 2990 auxilia
1677 2942 1867 2992 mora-

505 3010 578 3065 lia
613 3010 690 3066 ita
712 3015 1085 3082 attemperata
1110 3013 1288 3069 variis
1319 3013 1625 3070 hominum
1653 3015 1864 3072 condi-

504 3090 776 3156 tionibus,
806 3099 862 3148 et
906 3092 1396 3166 dispositionibuS,
1450 3100 1511 3150 ut
1548 3102 1736 3152 certus
1761 3098 1857 3164 sit,

501 3173 554 3226 et
582 3172 822 3229 omnino
851 3171 1100 3231 firmiter
1145 3180 1314 3249 queat
1352 3174 1463 3232 sibi
1497 3178 1854 3249 promittere,

501 3251 649 3323 quod
671 3253 719 3308 si
756 3269 857 3325 per
884 3254 987 3311 illa
1014 3258 1303 3313 vocaverit
1324 3258 1645 3324 hommem
1677 3257 1864 3315 infal-

503 3331 744 3389 libiliter
762 3339 1031 3406 sequatur
1056 3352 1405 3395 consensus.
1436 3337 1606 3412 idque
1618 3354 1862 3414 cognos-

499 3412 572 3469 cit
621 3430 737 3472 non
768 3430 869 3487 per
912 3416 1215 3474 scientiam
1271 3418 1544 3485 mediam,
1598 3424 1661 3475 ut
1686 3421 1861 3477 Moli-

500 3496 664 3552 nistae
702 3496 918 3564 dicunt,
971 3498 1069 3556 sed
1116 3516 1217 3573 per
1248 3502 1548 3558 scientiam
1577 3502 1861 3576 simplicis

498 3579 914 3654 intelligentiae.
950 3581 1114 3638 Unde
1140 3599 1268 3639 cum
1300 3588 1489 3656 postea
1516 3584 1578 3640 in
1602 3589 1860 3663 tempore

497 3658 763 3730 praedicta
785 3662 1004 3719 auxilia
1033 3663 1387 3737 impertitur,
1434 3646 1852 3731 infallibiliter,

497 3748 551 3797 et
580 3744 898 3800 necessario
915 3747 1249 3804 necessitate
1268 3748 1688 3821 conSequentiae
1712 3763 1859 3805 asse-

496 3821 693 3893 quitur
717 3820 981 3879 effectum
1009 3825 1442 3896 praeintentum.

570 3902 677 3959 Sed
711 3909 909 3960 contra
935 3911 1057 3972 est;
1109 3922 1247 3964 nam
1290 3907 1406 3963 haic
1432 3906 1713 3971 doctrina,
1744 3923 1855 3980 qua

499 3985 677 4040 utitur
699 3985 774 4040 M.
824 3986 1075 4042 ,loannes
1101 3986 1381 4043 Gonzalez
1410 3986 1564 4043 infra
1593 3987 1856 4044 referen-

496 4064 619 4130 duS,
664 4066 755 4123 vel
811 4065 1089 4122 relabitur
1150 4067 1212 4122 in
1267 4067 1554 4140 principia
1599 4067 1855 4124 scientiae

494 4145 733 4213 mediae,
790 4162 962 4218 quam
1022 4162 1391 4219 summopere
1443 4164 1570 4205 cum
1636 4148 1853 4205 caeteris

492 4228 803 4286 Thomistis
845 4246 1165 4301 praecavere
1202 4231 1427 4305 satagit,
1463 4231 1556 4286 vel
1603 4230 1853 4288 minime

491 4314 727 4367 evacuat
776 4308 954 4367 robur
976 4312 1306 4384 argumenti
1344 4331 1357 4366 ε
1388 4326 1521 4366 nam
1572 4313 1718 4367 Deus
1747 4326 1853 4367 ne·-

490 4390 611 4462 quit
637 4395 791 4447 certo
832 4389 1150 4463 praevidere
1195 4406 1539 4465 consensum
1564 4391 1845 4457 futurum,

490 4471 603 4526 nisi
634 4472 724 4528 vel
751 4486 821 4529 ex
848 4471 1049 4528 divina
1094 4472 1337 4529 scientia
1362 4477 1645 4545 supponat
1692 4472 1851 4527 futu-

491 4552 762 4609 ritionem
816 4551 1156 4627 objectivam
1223 4568 1550 4617 consensus,
1607 4557 1664 4608 et
1717 4552 1852 4609 huic

486 4634 867 4708 suppositioni
919 4634 1247 4703 innitatur3
1298 4639 1355 4692 et
1397 4633 1478 4691 sic
1521 4639 1607 4690 est
1659 4634 1849 4708 reipsa

485 4718 722 4774 scicntia
776 4715 1013 4774 media:
1056 4718 1148 4774 vel
1192 4716 1471 4773 fundatur
1523 4716 1587 4774 in
1624 4715 1849 4775 decreto

486 4798 771 4869 praesenti,
793 4804 849 4855 et
870 4797 1159 4855 inferente
1186 4795 1417 4871 aliquod
1442 4797 1730 4867 auxilium
1754 4798 1847 4855 vel

483 4879 885 4946 conditionate,
931 4881 1025 4938 vel
1076 4879 1332 4939 absolute
1373 4880 1653 4946 futurum,
1694 4878 1845 4952 quod

482 4961 555 5015 sit
585 4962 867 5019 terminus
896 4963 1075 5035 ipsius
1114 4962 1344 5029 decreti,
1393 4967 1449 5018 et
1499 4976 1843 5017 consensum

483 5046 742 5098 nostrum
797 5041 1188 5100 infallibiliter
1217 5042 1466 5107 inducat,
1500 5047 1559 5097 ut
1594 5040 1733 5097 satis
1765 5041 1846 5097 li-

2001 581 2134 649 quet
2171 592 2243 634 ex
2280 576 2447 635 dictis
2479 578 2644 635 dubio
2687 580 2723 634 3
2769 585 2826 637 et
2851 581 2907 645 4,
2940 580 3095 652 atqui
3140 577 3357 635 auxilia

2002 658 2250 723 moralia
2276 674 2392 715 non
2434 659 2697 717 inferunt
2733 676 2805 717 ex
2841 677 2903 717 se
2930 658 3352 723 antecedenter,

2000 740 2058 793 et
2077 736 2469 796 infallibiliter
2497 745 2758 797 nostrum
2785 754 3129 798 consensum
3150 763 3165 806 ;
3187 737 3360 811 siqui-

2001 815 2135 874 dem
2185 819 2417 875 nullum
2460 818 2833 892 praedicatum
2873 818 3089 876 habent
3135 819 3359 877 incom-

2003 899 2275 972 possibile
2300 918 2431 959 cum
2471 902 2732 960 dissensu
2761 925 2775 960 ε
2802 918 2939 978 ergo
2972 903 3066 961 vel
3094 903 3240 960 Deus
3267 917 3362 959 ac-

2001 984 2093 1035 tus
2114 980 2324 1040 liberos
2352 983 2573 1041 futuros
2599 984 2883 1060 cognoscit
2921 998 3023 1057 per
3061 982 3359 1041 scientiam

2003 1062 2277 1131 mediam,
2301 1065 2451 1138 quod
2475 1082 2648 1125 nemo
2687 1067 3122 1126 Thomistarum
3155 1080 3362 1125 conce·

2001 1143 2137 1210 det;
2162 1146 2252 1202 vel
2294 1153 2355 1203 ut
2378 1163 2473 1206 eos
2506 1153 2818 1224 cognoscat,
2848 1149 3168 1223 requiritur
3189 1148 3361 1205 auxi-

2004 1225 2150 1282 lium
2179 1226 2411 1301 physice
2429 1245 2688 1296 movens,
2727 1229 3002 1299 absolute,
3033 1230 3129 1287 vel
3154 1227 3363 1285 condi-

2003 1306 2218 1364 tionate
2262 1308 2542 1380 futurum,
2603 1311 2754 1385 quod
2819 1310 3217 1369 intendimus.
3287 1311 3358 1366 Et

2004 1395 2240 1465 urgetur
2291 1391 2397 1449 hoc
2427 1414 2441 1448 ε
2476 1408 2613 1449 nam
2642 1394 2771 1452 ideo
2810 1396 2959 1451 Deus
2985 1392 3189 1466 nequit
3207 1397 3360 1449 certo

2004 1470 2321 1543 praevidere
2339 1488 2679 1530 consensum
2702 1474 2962 1530 futurum
2980 1473 3043 1529 in
3065 1473 3362 1530 voluntate
3438 1505 3453 1518 ·

2004 1556 2293 1624 praevenfa
2308 1552 2601 1610 mnibus
2629 1553 2864 1610 auxiliis
2913 1551 3350 1615 sufficientibus,

2001 1635 2058 1688 et
2078 1646 2194 1688 non
2240 1638 2515 1704 praemota
2560 1634 2780 1691 auxilio
2800 1650 2873 1691 ex
2897 1650 2957 1691 se
3001 1631 3233 1699 efficaci,
3263 1633 3356 1689 vel

2003 1710 2064 1765 in
2091 1709 2313 1768 decreto
2347 1718 2705 1786 praeparante
2733 1715 2953 1771 auxilia
2977 1712 3212 1786 praecise
3230 1711 3362 1768 suf-

2002 1790 2270 1858 ficientia,
2302 1800 2358 1850 et
2378 1810 2495 1852 non
2520 1794 2767 1853 efficacia
2796 1820 2810 1862 ;
2838 1796 2976 1870 quia
3003 1796 3271 1854 voluntas
3301 1799 3363 1850 ut

2003 1879 2295 1948 praeventa
2340 1875 2609 1933 omnibus
2649 1878 2884 1934 auxiliis
2922 1875 3354 1942 sufficientibus,

2000 1958 2059 2011 et
2093 1953 2362 2012 destituta
2389 1957 2607 2015 auxilio
2629 1973 2701 2015 ex
2745 1976 2806 2016 se
2824 1958 3054 2024 efficaci,
3080 1957 3353 2031 conjungi

2002 2041 2182 2110 potest
2200 2054 2328 2094 cum
2358 2038 2658 2110 dissensu;
2703 2034 2934 2098 nullum
2961 2041 3121 2098 enim
3146 2037 3362 2114 praedi—

2000 2122 2188 2176 catum
2228 2119 2415 2189 habet,
2446 2138 2559 2195 quo
2585 2122 2907 2180 dissensum
2954 2122 3357 2180 infallibiliter

2000 2199 2288 2257 excludat.
2318 2202 2472 2275 atqui
2490 2204 2756 2260 voluntas
2775 2209 3065 2276 praeventa
3086 2201 3362 2260 omnibus

2002 2280 2234 2336 auxiliis
2274 2283 2574 2339 moraliter
2622 2284 2851 2356 praecise
2876 2283 3263 2349 moventibus,
3308 2283 3356 2338 si

2000 2365 2189 2417 careat
2214 2362 2429 2419 auxilio
2457 2363 2688 2436 physice
2709 2364 3050 2436 applicante,
3082 2356 3355 2438 conjungi

2001 2445 2182 2513 potest
2206 2457 2335 2497 cum
2355 2441 2613 2499 dissensu
2633 2467 2647 2511 ς
2671 2443 2954 2517 siquidem
2985 2443 3211 2501 auxilia
3237 2458 3366 2499 mo·

2001 2520 2201 2577 raliter
2228 2522 2461 2594 praecise
2504 2525 2799 2580 moventia
2828 2539 2945 2580 non
2971 2522 3188 2580 habent
3210 2538 3363 2597 prae-

1998 2599 2247 2657 dicatum
2277 2602 2715 2677 incompossible
2738 2621 2870 2660 cum
2908 2604 3169 2662 dissensu
3202 2626 3215 2660 ε
3251 2620 3358 2677 op-

2000 2682 2138 2740 time
2175 2683 2385 2757 quippe
2422 2684 2699 2752 cohaeret,
2739 2683 2888 2758 quod
2928 2685 3056 2757 quis
3096 2689 3351 2747 vocetur,

1998 2760 2380 2830 illuminetur,
2412 2769 2469 2821 et
2495 2763 2840 2837 inspiretur;
2888 2770 2943 2821 et
2965 2764 3353 2822 nihilominus

1995 2859 2125 2901 cum
2149 2844 2237 2901 his
2259 2843 2760 2914 illustrationibuS,
2784 2846 2879 2903 vel
2904 2845 3197 2905 affectibus
3223 2844 3346 2902 dis-

1992 2940 2227 2982 sensum
2266 2926 2570 3000 conjungat
2601 2942 2775 3001 :ergo
2799 2926 2864 2983 in
2895 2928 3192 2985 voluntate
3217 2942 3344 2983 mo-

1997 3007 2197 3063 raliter
2218 3007 2447 3080 praecise
2469 3013 2738 3081 praemota
2777 3009 2974 3082 nequit
3002 3010 3148 3066 Deus
3173 3014 3342 3073 certo,

1993 3091 2049 3143 et
2076 3086 2467 3145 infallibiliter
2493 3087 2810 3181 praevidere
2829 3104 3193 3146 consensum.

2068 3169 2196 3225 313.
2217 3168 2604 3226 confirmatur
2621 3169 2830 3242 primo,
2847 3169 3347 3242 quiasiauxilium
3390 3179 3536 3229 Impug-

1994 3251 2232 3318 morale,
2258 3257 2457 3326 utputa
2482 3252 2786 3325 inspiratio
2809 3251 2884 3318 A,
2917 3251 3095 3309 infert
3123 3231 3540 3329 insani—amptius

1993 3329 2190 3388 biliter
2239 3347 2594 3400 consensum,
2652 3334 2741 3390 vel
2794 3332 2852 3388 id
2912 3331 3080 3390 habet
3127 3334 3347 3391 ratione

1990 3413 2317 3486 speciei,vel
2341 3414 2562 3472 ratione
2583 3430 2805 3489 magnae
2821 3415 3170 3484 intensionis
3194 3416 3347 3472 intra

1992 3494 2233 3552 eandem
2272 3496 2567 3568 speciem?
2614 3496 2878 3552 Primum
2921 3501 3215 3569 nequeunt
3240 3495 3347 3553 do-

1989 3592 2116 3633 cere
2141 3576 2489 3646 Adversarii,
2520 3577 2653 3650 quia
2683 3578 2873 3650 palam
2904 3577 3173 3643 fatentur,
3205 3592 3345 3634 ean-

1988 3658 2119 3715 dem
2141 3659 2326 3731 specie
2371 3658 2813 3732 inspirationem
2835 3675 2957 3716 esse
2976 3658 3258 3717 efficacem
3282 3659 3346 3715 in

1989 3756 2122 3805 uno,
2147 3744 2204 3796 et
2225 3739 2568 3797 inefficacem
2589 3739 2655 3796 in
2678 3741 2827 3806 alio;
2858 3740 3041 3797 immo
3068 3740 3131 3796 in
3147 3739 3347 3798 eodem

1985 3819 2234 3893 subjecto
2255 3836 2376 3877 esse
2401 3819 2680 3877 efficacem
2711 3820 2772 3875 in
2809 3836 2923 3876 una
2949 3820 3261 3886 occasione,
3291 3824 3349 3876 et

1987 3900 2329 3959 inefficacem
2357 3901 2420 3956 in
2448 3901 2562 3957 alia
2590 3922 2603 3956 τ
2644 3900 2796 3974 quod
2826 3901 2916 3958 vel
2947 3901 2996 3956 si
3028 3900 3139 3972 ipsi
3169 3916 3345 3975 nega-

1988 3987 2133 4047 rent,
2161 3981 2284 4054 ipsa
2309 3981 2665 4054 experientia
2704 3982 2845 4037 satis
2867 3981 3081 4038 evincit
3110 4004 3125 4048 ;
3150 3980 3208 4036 id
3241 3997 3347 4038 au-

1986 4068 2134 4130 tem,
2179 4063 2327 4137 quod
2366 4063 2680 4121 secundum
2718 4064 2966 4136 speciem
3005 4067 3091 4120 est
3128 4062 3340 4131 efficax,

1983 4161 2229 4218 semper,
2256 4152 2313 4202 et
2334 4145 2575 4203 ubilibet
2595 4144 2767 4202 habet
2787 4145 3116 4202 efficaciam.
3137 4145 3346 4201 Secun-

1981 4226 2121 4283 dum
2136 4226 2313 4283 etiam
2335 4224 2446 4282 dici
2476 4241 2594 4283 non
2619 4226 2921 4282 valet:tum
2942 4225 3076 4297 quia
3101 4224 3151 4280 si
3166 4225 3342 4282 semel

1984 4309 2086 4365 illa
2112 4307 2414 4380 inspiratio
2452 4323 2524 4364 ex
2549 4308 2736 4381 specie
2762 4324 2867 4364 sua
2892 4323 3008 4364 non
3036 4306 3219 4364 vincit
3245 4307 3343 4362 in-

1983 4388 2306 4446 fallibiliter
2333 4388 2716 4446 resistentiam
2768 4388 3083 4446 voluntatis
3119 4393 3339 4457 creatae,

1983 4470 2182 4543 nequit
2221 4469 2443 4527 ratione
2468 4468 2706 4542 majoris
2745 4468 3094 4525 intentionis
3121 4468 3344 4541 impor-

1981 4555 2104 4608 tare
2156 4549 2547 4608 infallibiliter
2578 4550 2900 4616 victoriam,
2932 4549 3031 4606 sed
3065 4548 3138 4606 ad
3180 4564 3344 4605 sum-

1981 4649 2142 4690 mum
2171 4632 2377 4705 poterit
2422 4632 2588 4688 illam
2617 4634 2820 4706 magis,
2855 4636 2918 4688 ut
2941 4630 3024 4688 sic
3050 4629 3241 4687 dicam
3254 4646 3338 4693 us,

1979 4726 2324 4781 assecurare,
2370 4727 2666 4785 nunquam
2695 4717 2891 4769 tamen
2929 4709 3338 4775 infallibiliter,

1978 4795 2114 4868 quia
2137 4808 2363 4867 semper
2385 4794 2593 4868 poterit
2620 4795 2890 4852 voluntas
2915 4798 3107 4851 creata
3126 4791 3344 4849 dissen-

1979 4876 2088 4933 tire
2115 4875 2368 4950 potentia
2387 4875 2778 4948 consequenti,
2809 4880 2866 4932 et
2894 4876 2959 4932 in
2985 4890 3157 4932 sensu
3183 4888 3343 4932 com-

1979 4956 2177 5030 posito,
2224 4956 2352 5013 licet
2396 4971 2526 5012 cum
2557 4956 2766 5031 majori
2808 4955 3160 5013 difficultate.
3194 4955 3340 5010 Tum

1975 5039 2170 5102 etiam,
2218 5037 2354 5110 quia
2395 5041 2456 5091 ut
2502 5037 2867 5110 experientia
2908 5035 3126 5102 suadet,
3169 5035 3342 5092 homo

2998 5117 3341 5189 quandoque
