3647 5753
597 384 708 439 266
1232 418 1238 424 ·
1619 391 1712 444 DE
1752 390 1999 446 CAUSIS
2038 392 2360 450 GRATIAE.

595 561 829 632 jamque
874 562 1066 635 aliqua
1110 562 1363 621 diximus
1410 573 1571 623 tract.
1621 568 1674 636 5,
1726 564 1867 641 disp.
1900 568 1954 632 5,

595 639 724 695 dub.
755 643 936 697 unico.
980 645 1092 699 Nec
1121 644 1181 699 in
1211 644 1314 701 hoc
1366 646 1583 719 aliquid
1624 648 1870 720 speciale
1898 648 1958 703 in

593 719 781 792 gratia
828 736 944 792 prae
984 723 1116 779 aliis
1144 724 1314 780 rebus
1363 731 1559 783 notatu
1594 727 1835 804 dignum
1863 743 1958 785 oc-

594 800 795 855 currit.

673 881 929 939 Tandem
980 899 1149 939 causa
1193 884 1439 943 efficiens
1481 890 1624 947 solet
1662 889 1846 948 dividi
1894 893 1956 948 in

591 961 929 1020 efficientem
947 966 1267 1032 moraliter,
1293 973 1348 1023 et
1371 968 1432 1024 in
1458 969 1792 1030 efficientem
1809 974 1957 1049 phy-

592 1045 705 1099 sice
726 1067 739 1110 ;
763 1051 818 1100 et
840 1043 955 1101 haec
977 1061 1178 1101 rursus
1207 1047 1267 1101 in
1315 1048 1713 1124 principalem.
1746 1059 1801 1108 et
1832 1054 1957 1109 ins-

594 1127 1020 1183 trumentalem.
1073 1129 1141 1182 Et
1165 1127 1214 1183 si
1262 1127 1331 1184 ad
1360 1146 1588 1188 causam
1615 1133 1956 1193 efficientem

593 1206 910 1271 moraliter,
942 1222 1039 1262 seu
1066 1223 1164 1279 per
1186 1209 1391 1265 merita
1420 1211 1802 1280 attendamus,
1828 1231 1955 1273 cer-

590 1292 713 1342 tum
739 1293 841 1353 est,
873 1288 1160 1344 Christum
1187 1290 1495 1347 Dominum
1517 1309 1639 1352 esse
1659 1294 1765 1353 hoc
1783 1296 1955 1355 modo

401 1391 560 1434 eonon.
592 1384 818 1425 causam
840 1371 1057 1443 gratiae,
1086 1375 1147 1425 ut
1167 1370 1325 1428 docet
1345 1375 1665 1431 Concilium
1688 1376 1947 1436 Trident.

376 1442 565 1485 'nmen‘-
591 1465 717 1504 sess,
743 1450 798 1515 6,
823 1468 944 1523 cap.
974 1453 1029 1515 7,
1060 1450 1208 1523 quod
1235 1451 1533 1511 ostendere
1556 1457 1802 1528 pertinet
1823 1459 1899 1514 ad
1918 1463 1952 1514 3

584 1537 735 1601 part.
768 1531 826 1585 Si
850 1536 1039 1586 autem
1069 1531 1372 1603 loquamur
1392 1532 1462 1590 de
1481 1549 1648 1592 causa
1675 1538 1953 1596 efficiente

589 1611 820 1685 physice
846 1612 1386 1681 instrumentaliter,
1418 1616 1593 1672 etiam
1622 1624 1704 1675 est
1732 1627 1950 1677 certum

586 1695 650 1748 in
673 1693 766 1748 via
789 1695 853 1749 D.
878 1693 1127 1760 Thomas,
1154 1693 1300 1766 quod
1330 1701 1446 1751 tam
1471 1697 1730 1757 Christus
1759 1690 1954 1759 Domi-¹

585 1789 712 1839 nus,
744 1790 914 1845 quam
956 1775 1322 1830 Sacramenta
1351 1792 1514 1835 novae
1541 1779 1681 1855 legis
1708 1798 1949 1840 concur-

585 1860 719 1910 runt
773 1854 875 1910 hoc
928 1859 1083 1926 pacto
1136 1853 1206 1910 ad
1262 1856 1692 1928 productionem
1745 1864 1948 1937 gratiae

580 1932 1001 2008 sanctificantis.
1034 1932 1140 1989 Sed
1172 1933 1228 1989 id
1256 1949 1327 1991 ex
1373 1938 1628 2009 professo
1654 1942 1948 2014 explicare

582 2015 829 2085 pertinet
856 2013 924 2070 ad
948 2015 1274 2075 Tractatum
1323 2014 1391 2072 de
1440 2019 1859 2090 incarnatione,
1893 2030 1949 2082 et

581 2092 651 2150 ad
679 2096 1005 2150 Tractatum
1028 2093 1508 2163 deSacramentiS,
1533 2098 1628 2154 ubi
1648 2104 1945 2176 propriam

577 2173 771 2231 sedem
795 2174 982 2231 habet.
1017 2174 1180 2231 Unde
1204 2191 1274 2231 ex
1304 2182 1382 2233 tot
1428 2179 1630 2246 causiS,
1657 2197 1797 2254 quas
1825 2183 1940 2239 sibi

577 2256 764 2329 gratia
787 2254 1066 2322 vendicat,
1094 2257 1323 2328 praecise
1350 2256 1419 2312 ad
1450 2257 1601 2316 hunc
1623 2261 1810 2319 locum
1841 2280 1942 2336 per

576 2350 638 2390 se
661 2334 909 2407 pertinet
932 2335 1056 2390 sola
1093 2350 1259 2392 causa
1287 2336 1535 2393 efficiens
1564 2340 1932 2414 principalis;

578 2413 650 2470 de
694 2431 804 2487 qua
848 2414 1107 2489 proinde,
1133 2415 1278 2473 etde
1317 2417 1487 2476 modo
1538 2436 1650 2492 quo
1695 2424 1942 2496 gratiam

579 2494 854 2565 producit,
890 2494 951 2549 in
980 2494 1083 2551 hac
1109 2494 1494 2568 disputatione
1544 2500 1938 2561 tractabimus,

1079 2685 1362 2741 DUBIUM
1403 2690 1446 2743 I.

580 2842 673 2900 An
698 2842 890 2918 aliqua
915 2847 1168 2897 creatura
1188 2843 1358 2913 possit
1379 2859 1487 2898 esse
1511 2861 1681 2902 causa
1705 2848 1941 2922 efficiens

966 2924 1300 2997 principalis
1320 2927 1525 2995 qratia.

654 3083 966 3157 Dupliciter
988 3087 1167 3156 potest
1194 3084 1460 3161 intelligi,
1491 3088 1642 3160 quod
1677 3096 1940 3151 creatura

577 3166 822 3240 gratiam
855 3165 1248 3239 principaliter
1269 3166 1610 3238 produceret
1639 3192 1652 3227 :
1681 3188 1796 3230 uno
1818 3190 1939 3233 mo-

579 3246 653 3302 do
674 3247 735 3302 in
763 3245 966 3318 seipsa,
1000 3260 1102 3318 per
1136 3245 1415 3303 actionem
1440 3241 1677 3321 prorsus
1723 3253 1939 3311 imma-

580 3331 848 3392 nentem3
879 3326 993 3381 alio
1034 3325 1202 3382 modo
1229 3326 1292 3381 in
1332 3324 1599 3388 distincto
1622 3334 1934 3405 supposito,

579 3423 679 3480 per
730 3405 1010 3463 actionem
1053 3404 1417 3474 formaliter,
1463 3413 1561 3466 aut
1604 3411 1938 3472 virtualiter

577 3491 989 3545 transeuntem.
1023 3485 1239 3544 Deinde
1263 3486 1485 3545 duobus
1526 3490 1714 3549 modis
1754 3501 1940 3566 posset

575 3571 684 3627 hoc
723 3569 1093 3642 contingere:
1124 3569 1322 3627 Primo
1363 3570 1679 3628 secundum
1732 3579 1937 3646 poten-
2020 3608 2025 3614 -

575 3651 717 3706 tiam
737 3648 1098 3708 ordinariam
1128 3662 1324 3704 rerum
1355 3650 1576 3707 naturis
1599 3668 1932 3713 consonam:

574 3730 830 3787 Secundo
851 3745 951 3802 per
978 3729 1291 3801 potentiam
1312 3730 1413 3786 Dei
1441 3730 1781 3801 absolutam,
1806 3751 1936 3808 quae

575 3809 795 3867 efficere
821 3810 974 3867 valet
1007 3807 1282 3882 quidquid
1330 3824 1447 3866 non
1492 3810 1753 3884 implicat
1802 3831 1933 3873 con·

579 3890 999 3949 tradictionem.
1051 3891 1119 3945 Et
1162 3890 1425 3962 quamvis
1469 3891 1590 3949 haec
1634 3892 1935 3953 difficultas

580 3976 764 4043 posset
785 3972 949 4047 juxta
975 3971 1299 4043 praemissas
1319 3968 1712 4030 distinctiones
1732 3974 1933 4033 diver-

574 4052 653 4107 sis
681 4050 1091 4109 assertionibus
1118 4049 1348 4113 resolvi,
1376 4049 1764 4110 nihilominus
1798 4055 1934 4129 quia

575 4133 724 4190 ratio
751 4129 1048 4189 decidendi
1070 4129 1270 4188 eadem
1296 4134 1399 4195 est,
1424 4146 1628 4189 omnes
1655 4135 1845 4203 unica,
1876 4143 1935 4194 et

571 4213 891 4272 universali
920 4211 1234 4269 assertione
1278 4226 1409 4267 cum
1430 4212 1495 4268 D.
1526 4214 1746 4273 Thoma
1772 4233 1931 4275 com-

571 4294 1011 4368 prehendemus.

1182 4448 1214 4516 ς
1256 4445 1295 4501 Ι.

643 4604 967 4679 Defenditur
986 4603 1308 4668 communis,
1329 4609 1379 4657 et
1406 4620 1537 4659 vera
1564 4606 1848 4663 sententia.

354 4792 480 4834 conci
515 4813 531 4823 ,
648 4756 694 4811 l.
738 4748 1053 4809 Dicendum
1081 4755 1182 4815 est,
1215 4748 1516 4822 implicare
1558 4751 1707 4825 quod
1737 4754 1928 4828 aliqua

391 4804 508 4883 sio.u
562 4837 823 4891 creatura
835 4829 1106 4905 producat
1122 4828 1520 4902 principaliter
1540 4832 1816 4906 gratiam.
1839 4834 1930 4890 Sic

365 4890 525 4934 ”Tm
560 4914 720 4973 docet
745 4915 809 4971 D.
841 4913 1094 4985 Thomas
1110 4917 1220 4966 art.
1255 4912 1304 4974 l,
1326 4917 1377 4965 et
1402 4918 1583 4989 quast.
1615 4914 1688 4970 27
1722 4914 1788 4971 de
1825 4916 1929 4971 Ve-

489 5044 492 5047 i
559 4999 744 5064 ritate,
775 5002 886 5052 art.
912 4994 966 5060 3,
992 4998 1047 5051 et
1073 4991 1214 5048 alibi
1263 4990 1632 5065 frequenter:
1661 4993 1929 5072 idemque

2090 567 2327 620 tuentur
2353 569 2739 624 communiter
2760 582 2961 625 omnes
2987 565 3273 641 Theologi,
3303 581 3428 630 uno,

2090 648 2189 698 aut
2238 645 2419 703 altero
2465 652 2723 720 except0‚
2767 662 2908 720 quos
2956 644 3115 700 infra
3160 643 3428 701 dabimus.

2091 722 2200 779 Ubi
2251 740 2741 800 supervacaneum
2792 732 2877 784 est
2926 726 3182 802 singulos
3240 732 3434 783 nostrai

2088 809 2383 865 sententiaa
2402 809 2729 867 defensores
2749 823 3060 866 recensere.

2163 890 2297 952 Quae
2318 895 2495 962 potest
2522 890 2752 963 probari
2778 890 2964 963 primo
2989 903 3060 943 ex
3087 904 3249 944 sacra
3261 888 3433 961 Scrip·
3446 884 3595 976 {gnta

2089 974 2218 1027 tura
2251 991 2263 1027 ε
2294 987 2432 1028 nam
2474 971 2530 1027 id
2559 970 2705 1045 quod
2750 976 2836 1028 est
2862 971 3161 1044 proprium
3190 970 3306 1036 Dei,
3337 985 3433 1026 ne·
3596 966 3602 973 “

2087 1051 2210 1123 quit
2242 1052 2553 1108 convenire
2576 1057 2852 1109 creaturae
2883 1072 2896 1106 :
2925 1050 3021 1107 sed
3072 1066 3194 1106 esse
3219 1067 3433 1106 causam

2026 1157 2035 1164 ,
2089 1131 2466 1204 principalem
2492 1132 2690 1206 gratiae
2705 1136 2789 1188 est
2815 1130 3114 1203 proprium
3135 1131 3236 1186 Dei
3270 1151 3283 1186 ε
3311 1146 3451 1205 ergo⁸

2085 1225 2207 1267 esse
2231 1227 2458 1268 causam
2482 1212 2859 1285 principalem
2880 1211 3080 1284 gratiae
3103 1210 3298 1282 nequit
3311 1225 3431 1267 cou-

2087 1291 2289 1347 venire
2341 1292 2511 1348 alicui
2570 1299 2863 1350 creaturae.
2920 1290 3204 1348 Probatur
3248 1290 3434 1346 minor

2086 1371 2407 1427 manifestis
2435 1372 2741 1445 Scripturae
2765 1371 3127 1436 testimoniis,
3158 1371 3218 1427 in
3239 1368 3435 1443 quibus

2084 1453 2379 1518 asseritur,
2429 1454 2605 1508 Deum
2654 1468 2776 1510 esse
2803 1452 3117 1524 propriam,
3150 1455 3206 1506 et
3229 1450 3435 1524 specia-

2083 1532 2198 1588 lem
2209 1548 2434 1589 causam
2457 1534 2671 1607 gratice,
2693 1531 3058 1590 etetl'ectuum
3080 1530 3179 1604 qui
3200 1529 3432 1607 gratiam

2081 1617 2524 1684 consequuntur,
2544 1617 2605 1667 ut
2620 1611 2688 1668 ad
2713 1614 2876 1668 Rom.
2904 1613 2939 1667 3
2968 1633 2981 1667 ε
3011 1611 3167 1668 Unus
3184 1617 3261 1666 est
3277 1609 3430 1677 Deus,
3444 1620 3615 1664 Adsum.

2081 1694 2176 1764 qm·
2190 1691 2486 1763 justificat,
2530 1698 2633 1748 etc.
2686 1691 2809 1749 Job.
2845 1693 2906 1747 14
2935 1713 2948 1748 ι
2981 1693 3117 1763 Quis
3132 1696 3302 1764 potest
3344 1691 3433 1762 fa·
3442 1672 3594 1762 „is-14,

2079 1788 2192 1826 cere
2218 1772 2484 1827 mundum
2503 1773 2567 1828 de
2588 1772 2868 1828 immundo
2889 1779 3203 1845 coaequum
3220 1772 3429 1835 semine,

2079 1854 2192 1908 nisi
2214 1862 2294 1918 tu,
2328 1852 2583 1929 quisolus
2611 1869 2683 1910 es.
2716 1855 2870 1909 Oseae
2904 1854 2968 1908 13
3000 1874 3014 1908 z
3042 1852 3308 1910 Salvator
3333 1862 3607 1907 nonoseaets.

2078 1939 2152 1986 est
2169 1938 2363 2005 preter
2382 1951 2480 1988 me.
2504 1933 2661 1989 Isaiae
2687 1933 2760 1987 45
2791 1931 2946 2002 :Eyo
2994 1949 3119 1987 sum
3158 1933 3255 2010 qui
3297 1931 3606 1986 deleotsniaes.

2078 2014 2396 2085 iniquitates
2417 2020 2581 2068 tuas:
2608 2029 2783 2068 narra
2808 2014 2859 2067 si
2884 2012 3017 2089 quid
3039 2012 3219 2076 habes,
3250 2018 3309 2066 ut
3320 2012 3435 2082 jus·

2078 2092 2319 2158 titiceris.
2354 2092 2422 2145 Et
2459 2091 2681 2148 similes
2710 2091 3067 2164 loquutiones
3113 2091 3434 2164 frequenter

2077 2175 2386 2227 occurrunt
2430 2172 2495 2227 in
2516 2172 2827 2244 Scriptura.
2855 2173 2969 2227 Nec
2996 2171 3057 2226 in
3085 2171 3173 2228 eis
3212 2169 3432 2243 praecise

2076 2250 2401 2307 excluditur
2428 2268 2462 2307 a
2488 2256 2767 2316 creatura,
2792 2249 2940 2324 quod
2983 2251 3058 2306 sit
3083 2250 3433 2323 causa¹prin-

2076 2331 2277 2404 cipalis
2296 2334 2495 2406 gratiae
2524 2349 2624 2406 per
2652 2331 2887 2389 modum
2936 2332 3113 2405 primi
3147 2330 3428 2404 principii,

2074 2419 2131 2469 et
2154 2412 2610 2487 independenter
2631 2431 2663 2471 a
2694 2416 2806 2470 Deo
2828 2414 3292 2470 communicante
3316 2415 3434 2469 vir-

2076 2497 2256 2548 tutem
2286 2494 2355 2550 ad
2385 2495 2691 2570 agendum.
2718 2493 2778 2549 ld
2803 2495 3013 2567 quippe
3037 2495 3308 2569 generale
3332 2499 3431 2559 est,

2073 2577 2130 2628 et
2151 2576 2462 2645 respective
2483 2574 2552 2632 ad
2573 2590 2967 2648 quemcunque
2981 2573 3245 2630 effectum
3268 2574 3432 2630 etiam

2073 2654 2642 2728 imperfectissimum
2664 2682 2677 2725 ;
2701 2656 2983 2730 siquidem
3013 2661 3280 2713 creatura
3306 2655 3434 2711 nul-

2073 2733 2197 2789 lum
2221 2733 2440 2793 efficere
2463 2738 2614 2792 valet
2656 2751 2756 2809 per
2785 2735 3020 2792 modum
3068 2735 3248 2808 primi
3278 2734 3431 2807 prin-

2073 2813 2227 2888 cipii,
2249 2820 2347 2871 aut
2375 2832 2475 2890 per
2504 2815 2775 2872 virtutem
2799 2832 2833 2872 a
2856 2818 2968 2872 Deo
2985 2831 3106 2872 non
3132 2820 3426 2889 receptam.

2074 2898 2223 2972 Ergo
2270 2898 2492 2955 efficere
2532 2898 2781 2974 gratiam
2830 2914 2930 2971 per
2980 2897 3220 2954 modum
3261 2912 3433 2954 causae

2075 2978 2411 3051 principalis
2437 2984 2522 3035 est
2568 2979 2866 3052 proprium
2897 2979 2997 3035 Dei
3047 2978 3350 3051 privative,
3381 2982 3434 3034 et

2073 3060 2224 3115 nulli
2253 3065 2527 3118 creaturae
2541 3056 2869 3126 convenire,
2895 3067 2992 3117 aut
3017 3060 3430 3117 communicari

2074 3144 2246 3199 valet.
2277 3143 2442 3200 Unde
2470 3145 2787 3201 Concilium
2840 3142 3103 3200 Trident.
3130 3145 3358 3199 sessione
3376 3142 3427 3210 6,
3445 3138 3575 3234 ,1933ῑὲ

2070 3241 2192 3298 cap.
2222 3226 2592 3291 7,recensens
2626 3242 2821 3283 causas
2843 3223 3273 3300 justificationis
3297 3225 3434 3298 (quai

2071 3311 2155 3362 est
2175 3305 2407 3364 effectus
2430 3307 2693 3365 formalis
2723 3307 3044 3381 primarius
3095 3307 3315 3381 gratiae)
3341 3321 3430 3362 so-

2070 3386 2193 3442 lum
2218 3390 2395 3444 Deum
2412 3390 2662 3464 assignat
2679 3404 2905 3445 causam
2919 3386 3261 3454 efficientem
3285 3386 3434 3459 prin·

2068 3469 2331 3542 cipalem,
2371 3469 2520 3527 haud
2549 3470 2783 3527 obscure
2831 3467 3166 3545 significans
3203 3468 3261 3525 id
3291 3467 3429 3525 nulli

2070 3554 2276 3622 praeter
2297 3552 2474 3606 Deum
2500 3565 2661 3623 posse
2685 3550 3015 3607 convenire.

2141 3628 2527 3686 Confirmatur
2549 3630 2740 3704 primo
2765 3646 2835 3687 ex
2879 3631 2939 3685 D.
2983 3632 3226 3703 August.
3256 3629 3316 3684 in
3339 3627 3426 3683 lib.
3464 3627 3579 3672 conu-
3606 3616 3607 3629 ¹

2066 3708 2129 3763 de
2144 3717 2409 3783 peccator.
2440 3713 2758 3784 merit.cap.
2787 3711 2869 3778 14,
2896 3706 2995 3766 ubi
3019 3708 3102 3764 ait
3132 3731 3145 3764 ι
3179 3708 3432 3787 Quisquis
3458 3682 3572 3822 ἓξῑιῗῐα

2065 3808 2238 3847 ausus
2261 3792 2431 3863 fuerit
2456 3792 2649 3857 dicere,
2676 3791 2927 3863 Justifieo
2954 3798 3003 3845 te
3024 3787 3317 3861 (videlicet
3336 3805 3432 3863 per
3494 3776 3577 3825 Μ’

2067 3869 2301 3926 modum
2329 3887 2509 3928 causae
2532 3870 2888 3944 principalis)
2908 3886 3236 3946 consequens
3254 3875 3347 3936 est,
3371 3874 3429 3923 ut

2063 3950 2214 4006 dicat
2258 3954 2447 4018 etiam,
2501 3950 2671 4009 Crede
2723 3954 2783 4007 in
2833 3968 2936 4007 me.
2974 3949 3198 4015 Quibus
3247 3947 3431 4006 verbis

2065 4036 2259 4103 aperte
2294 4030 2600 4105 significat,
2629 4031 2884 4107 eJusdem
2935 4046 3059 4088 esse
3098 4029 3425 4104 justificare,
3531 4065 3536 4069 -

2063 4111 2187 4167 sive
2204 4110 2424 4169 efficere
2442 4113 2686 4186 gratiam
2731 4110 3140 4188 justificantem
3189 4126 3289 4184 per
3309 4123 3431 4166 mo-

2063 4189 2201 4247 dum
2218 4207 2398 4249 causae
2420 4192 2774 4266 principalia,
2796 4193 2952 4266 cujus
2966 4196 3051 4247 est
3077 4196 3140 4246 ut
3166 4191 3231 4247 in
3248 4190 3427 4262 ipsum

2062 4272 2391 4332 credamus:
2413 4273 2511 4332 sed
2528 4274 2630 4332 hoc
2648 4274 2926 4348 posterius
2938 4273 3016 4328 ita
3029 4277 3116 4328 est
3131 4271 3426 4345 proprium

2062 4358 2183 4421 Dei,
2208 4357 2355 4429 quod
2378 4357 2546 4421 nulli,
2571 4373 2743 4429 quam
2773 4355 2881 4429 ipsi
2910 4353 3230 4411 convenire
3256 4352 3423 4415 valet,

2062 4440 2125 4490 ut
2144 4433 2305 4492 docet
2331 4438 2395 4491 D.
2420 4437 2625 4494 Thom.
2657 4438 2775 4502 22,
2805 4440 2985 4508 quast.
3017 4436 3068 4501 2,
3094 4440 3208 4489 art.
3234 4434 3286 4498 2,
3300 4445 3427 4505 ergo
3452 4461 3565 4505 „m

2056 4514 2393 4589 justificare,
2427 4533 2525 4574 seu
2542 4518 2763 4575 efficere
2788 4515 3035 4592 gratiam
3060 4529 3165 4588 per
3196 4512 3424 4571 modum

2061 4613 2243 4655 causae
2293 4599 2631 4672 principalis
2678 4599 2758 4655 ita
2809 4601 2895 4654 est
2946 4596 3251 4670 proprium
3306 4592 3418 4657 Dei,

2060 4677 2209 4751 quod
2233 4679 2382 4734 nulli
2404 4678 2682 4735 creaturae
2701 4677 3031 4742 convenire,
3056 4681 3157 4732 aut
3176 4689 3423 4733 commu·

2061 4759 2245 4814 nicari
2273 4762 2470 4831 potest.

2134 4839 2526 4898 confirmatur
2550 4840 2799 4898 secundo
2832 4862 2845 4897 :
2895 4839 3044 4913 Quia
3070 4838 3419 4910 Auyuseinus
3481 4850 3534 4891 se

2060 4919 2162 4991 (ait
2183 4922 2247 4976 D.
2278 4921 2486 4978 Thom.
2512 4922 2635 4977 loco
2655 4921 2827 4978 citato
2846 4936 2916 4978 ex
2938 4923 3138 4993 quaest.
3163 4917 3236 4976 de
3257 4914 3418 4975 Veri·
3441 4896 3565 4996 3³⁶⁰·

2060 5004 2192 5068 tate,
2218 5001 2280 5056 in
2303 5001 2495 5075 primo
2515 5006 2858 5077 argumento
2883 4999 2994 5060 Sed
3035 5002 3270 5070 contr-ab
3288 4996 3417 5053 ‘¹²⁶¹‘

3360 5090 3417 5132 m
