3647 5753
71 1680 230 1776 aas

36 3311 253 3358 solvitur.

1468 369 1643 425 DISP.
1688 368 1732 435 1,
1776 368 1942 424 DUB.
1986 369 2059 424 11.

260 541 529 614 potuisse,
575 541 756 599 adhuc
800 544 979 615 posito
1036 550 1331 618 praecepto,
1363 543 1632 601 omittere

259 628 509 679 mortem
548 622 862 680 omissione
891 626 1174 698 negativa,
1205 640 1331 697 quae
1359 624 1632 696 importat

263 702 480 760 nudam
501 705 818 762 carentiam
844 706 1245 779 acceptationis
1273 706 1478 761 mortis
1499 718 1632 760 con-

251 782 523 843 'sideratae
565 787 879 843 secundum
921 805 1000 854 se,
1033 794 1090 846 et
1136 786 1572 862 praescindendo
1598 803 1632 842 a

263 869 486 925 ratione
511 868 713 927 debitae
731 870 1093 933 formaliter:
1120 877 1176 928 et
1203 872 1308 929 hoc
1335 871 1445 927 fuit
1468 869 1625 934 satis,

260 956 325 1005 ut
352 951 654 1023 acceptatio
674 953 880 1007 mortis
926 953 989 1009 in
1031 953 1260 1010 Christo
1279 957 1424 1009 esset
1448 950 1632 1008 libera

263 1029 529 1088 libertate
572 1032 1039 1090 contradictionis
1073 1048 1234 1090 :non
1280 1039 1473 1088 tamen
1528 1046 1631 1104 po-

263 1112 439 1169 tuisse
496 1129 622 1170 eam
680 1130 797 1171 non
851 1120 1174 1188 acceptare,
1220 1116 1312 1171 vel
1363 1114 1632 1171 omittere

263 1195 578 1253 omissione
605 1195 909 1269 privativa,
937 1214 1061 1270 qum
1108 1197 1381 1268 importat
1428 1210 1630 1251 caren-

264 1276 408 1332 tiam
456 1278 678 1342 morti5‚
733 1284 900 1350 prout
946 1278 1151 1335 debitae
1204 1276 1544 1341 formaliter,
1575 1280 1632 1331 et

265 1359 664 1431 acceptationis
684 1359 889 1416 debitae
913 1361 1135 1417 ratione
1157 1360 1452 1433 praecepti;
1481 1357 1630 1433 quod

265 1442 652 1497 necessarium
680 1446 821 1507 erat,
852 1448 912 1498 ut
951 1449 1134 1515 posset
1170 1458 1417 1516 peccare.
1443 1444 1632 1499 Eteo-
1679 1459 1684 1465 ·

266 1520 400 1578 dem
425 1522 843 1596 proportionali
865 1523 1035 1580 modo
1064 1522 1526 1598 respondendum
1548 1528 1633 1579 est

268 1601 340 1659 ad
366 1604 675 1661 secundam
697 1603 1215 1662 confirmationem.

352 1685 435 1741 15.
469 1687 581 1741 Nec
609 1686 802 1749 refert,
854 1685 903 1740 si
926 1684 1176 1760 objiciaS,
1203 1686 1353 1758 quod
1373 1685 1633 1741 Christus

272 1767 492 1823 meruit
521 1784 623 1839 per
651 1773 838 1823 actum
867 1766 1191 1841 acceptandi
1220 1776 1487 1836 mortem,
1514 1782 1633 1824 non

269 1847 459 1904 solum
508 1846 926 1905 consideratam
966 1846 1280 1904 secundum
1321 1864 1400 1916 se,
1433 1847 1531 1905 sed
1571 1852 1635 1903 ut

263 1936 389 1988 erat
434 1929 760 1987 formaliter
797 1935 1070 2003 praecepta
1104 1950 1117 1985 ε
1147 1934 1204 1986 at
1238 1936 1300 1985 ut
1320 1936 1443 1987 erat
1485 1945 1634 2003 prae-

262 2016 428 2082 cepta
478 2025 597 2066 non
646 2015 863 2083 poterat
909 2010 1118 2076 omitti,
1160 2010 1273 2065 nisi
1323 2010 1633 2067 omissione

264 2092 491 2165 privata
525 2111 538 2145 :
568 2105 705 2164 ergo
745 2091 838 2146 vel
868 2088 1175 2146 dicendum
1204 2095 1306 2156 est,
1341 2091 1633 2148 Christum

263 2172 513 2246 potuisse
542 2177 791 2228 mortem
821 2176 1158 2242 praeceptam
1189 2172 1293 2228 hac
1321 2171 1634 2229 omissione

264 2253 546 2319 omittere,
578 2258 633 2309 et
683 2253 764 2307 sic
810 2267 1040 2325 peccare
1064 2294 1077 2317 ,
1099 2252 1191 2306 vel
1228 2253 1509 2309 meruisse
1532 2267 1634 2323 per

265 2338 452 2390 actum
476 2334 700 2389 nullam
729 2333 1032 2390 habentem
1064 2331 1417 2390 libertatem.
1449 2334 1634 2407 Major

265 2422 502 2483 constat,
533 2417 669 2490 quia
689 2417 949 2472 Christus
977 2417 1192 2472 meruit
1213 2432 1314 2489 per
1343 2416 1515 2473 illum
1539 2433 1634 2473 ac-

267 2503 409 2563 tum,
443 2504 504 2554 ut
532 2504 655 2554 erat
683 2497 987 2568 acceptatio
1017 2497 1221 2554 mortis
1259 2513 1329 2555 ex
1357 2498 1634 2556 obedien-

266 2580 367 2649 tia,
395 2584 456 2635 ut
482 2582 620 2636 satis
647 2578 940 2635 declarant
982 2578 1157 2635 verba
1185 2581 1350 2637 Pauli
1387 2602 1400 2637 ε
1429 2580 1635 2637 Factus

265 2660 511 2716 obediens
560 2678 727 2739 usque
763 2659 840 2714 ad
878 2666 1102 2715 mortem
1147 2667 1250 2717 etc.
1310 2660 1634 2718 obedientia

265 2746 455 2798 autem
480 2740 712 2812 respicit
736 2756 904 2796 suum
933 2738 1214 2813 objectum
1258 2741 1363 2798 sub
1412 2742 1635 2799 ratione

266 2822 529 2897 praecepti
565 2837 736 2897 :ergo
757 2821 1017 2878 Christus
1044 2823 1260 2880 meruit
1294 2821 1636 2897 acceptando

265 2909 512 2961 mortem
543 2909 604 2959 ut
645 2909 1009 2975 praeceptam.
1034 2903 1232 2960 Minor
1258 2921 1395 2962 vero
1425 2903 1634 2977 proba-

265 2988 379 3052 tur,
410 2984 544 3057 quia
597 2999 772 3052 mors,
808 2988 868 3038 ut
916 2989 1214 3057 praecepta,
1250 2984 1421 3042 habet
1456 2984 1636 3041 ratio-

266 3082 404 3124 nem
430 3065 667 3135 debitae3
697 3072 757 3123 ut
785 3074 977 3125 autem
1004 3067 1194 3125 debita
1221 3069 1418 3140 nequit
1445 3067 1634 3124 omitti

267 3148 382 3205 nisi
436 3149 748 3208 omissione
793 3151 1082 3224 privativa
1114 3167 1294 3227 :ergo
1346 3166 1530 3224 neque
1574 3156 1637 3206 ut

268 3236 568 3306 praecepta.

343 3308 471 3361 Non
525 3305 701 3380 igitur
743 3305 846 3362 hoc
900 3307 1077 3364 refert
1103 3331 1117 3374 ;
1172 3322 1310 3363 nam
1374 3320 1638 3362 concessa

269 3389 498 3463 majori,
555 3395 610 3445 et
660 3388 910 3445 admissa
953 3390 1128 3446 etiam
1182 3390 1420 3455 minori,
1472 3389 1639 3463 juxta

270 3484 505 3525 sensum
549 3469 745 3524 statim
792 3469 1219 3543 explicandum}
1251 3470 1515 3545 neganda
1553 3473 1640 3526 est

271 3550 690 3620 consequentia.
720 3550 788 3604 Et
809 3553 956 3607 ratio
976 3557 1078 3617 est,
1106 3553 1242 3624 quia
1270 3553 1441 3609 aliter
1460 3550 1639 3608 sumi-

273 3635 369 3686 tur
390 3629 448 3702 ly
477 3637 535 3684 ut
574 3639 852 3703 praecepta,
901 3632 963 3687 in
993 3632 1200 3706 majori
1238 3634 1634 3708 proportione,

271 3714 330 3767 et
355 3710 615 3773 aliterin
644 3710 860 3768 minori
888 3736 901 3778 ;
936 3712 997 3767 in
1029 3714 1236 3788 majori
1262 3717 1425 3771 enim
1450 3713 1639 3770 sumi—

271 3797 370 3848 tur
401 3792 832 3866 reduplicative,
859 3798 914 3850 et
939 3794 1077 3852 dicit
1104 3797 1388 3854 rationem
1417 3797 1639 3854 forma-

275 3875 412 3943 lem,
463 3880 519 3932 et
566 3878 850 3934 motivum
898 3884 1143 3934 mortem
1191 3879 1536 3953 acceptandi.
1572 3882 1642 3935 Et

274 3971 408 4012 cum
424 3955 599 4012 dicitu
610 3973 655 4023 r,
677 3956 825 4030 quod
851 3958 1109 4013 Christus
1128 3963 1326 4014 meruit
1347 3970 1640 4034 acceptan-

276 4037 344 4093 do
391 4045 617 4093 mortem
662 4048 722 4094 ut
767 4047 1103 4113 praeoeptam,
1130 4056 1330 4097 sensus
1355 4048 1458 4106 est,
1491 4042 1641 4115 quod

277 4120 512 4184 meruit,
542 4121 679 4192 quia
707 4120 1016 4193 acceptavit
1047 4121 1215 4177 illam
1260 4121 1367 4177 sub
1414 4123 1517 4179 hac
1546 4140 1641 4180 ra-

276 4204 450 4272 tione,
483 4207 539 4260 et
558 4218 627 4259 ex
651 4204 754 4260 hoc
777 4203 1012 4271 motivo,
1046 4205 1331 4261 nimirum
1355 4206 1491 4277 quia
1518 4211 1642 4263 erat

274 4284 387 4341 sibi
431 4289 732 4358 praecepta,
776 4292 830 4342 et
875 4284 981 4341 sub
1048 4286 1270 4344 ratione
1317 4294 1637 4360 praeceptae3

276 4370 493 4426 meruit
519 4369 699 4432 enim,
731 4370 868 4442 quia
915 4376 1161 4426 mortem
1204 4373 1513 4443 acceptavit
1542 4387 1642 4445 per

279 4455 466 4508 actum
498 4450 824 4507 formaliter
846 4450 1187 4508 obedientiae
1214 4470 1225 4516 ;
1250 4469 1408 4510 mors
1451 4459 1641 4510 autem

278 4547 395 4589 non
425 4532 535 4588 fuit
563 4530 845 4604 objectum
901 4532 1156 4605 praedicti
1203 4540 1376 4601 actus,
1403 4535 1518 4591 nisi
1548 4550 1645 4591 re-

276 4612 629 4685 duplicative
672 4616 731 4666 u't
774 4618 1068 4686 praecepta‚
1119 4631 1217 4672 seu
1265 4615 1372 4671 sub
1421 4615 1645 4672 ratione

279 4697 594 4768 praeceptae.
629 4694 701 4746 At
725 4691 785 4746 in
809 4693 1026 4751 minori
1058 4697 1116 4768 ly
1144 4703 1206 4750 ut
1226 4703 1509 4769 prm-epta,
1542 4712 1645 4751 su·

277 4774 461 4831 mitur
483 4771 785 4846 specificati
797 4790 861 4830 ve
887 4799 900 4842 ;
923 4792 1037 4833 noo
1062 4777 1221 4833 enim
1251 4782 1433 4849 potest
1457 4776 1646 4834 dicere

278 4854 587 4912 formalem
617 4855 870 4927 aliquam
910 4858 1200 4914 rationem
1229 4858 1553 4924 omittendi,
1586 4863 1648 4914 ut

279 4951 353 4993 ex
381 4950 442 4991 se
467 4940 691 4991 constat
715 4959 727 5004 ;
756 4935 854 4992 sed
882 4936 1170 5013 significat
1217 4945 1463 4996 mortem
1491 4939 1647 5012 posi-

291 5021 412 5075 tam
439 5015 765 5074 formaliter
809 5018 914 5076 sub
955 5026 1231 5094 praecepto
1251 5019 1561 5089 moriendi,
1591 5026 1650 5078 et

3019 366 3133 420 677

1763 539 2137 598 omissionem
2184 541 2341 615 ejus,
2396 546 2457 597 ut
2511 557 2640 597 cum
2697 541 2798 597 tali
2854 544 3138 613 praecepto

1763 622 2159 694 compositam,
2183 638 2356 696 quam
2375 629 2594 679 constat
2613 638 2734 680 esse
2756 621 3131 679 omissionem

1764 701 2135 773 privativam.
2187 702 2349 761 Unde
2403 721 2605 761 sensus
2670 702 2918 759 minoris
2971 701 3136 757 illius

1766 785 2179 857 propositionis
2205 791 2307 852 est,
2339 785 2488 860 quod
2530 786 2820 859 supposito
2857 788 3132 856 praecepto

1764 868 2076 935 moriendi,
2103 874 2160 925 et
2180 869 2242 927 in
2259 862 2428 927 sensu
2452 870 2764 942 composito
2795 869 2959 924 istius
2984 884 3132 941 prae-

1763 951 1930 1022 cepti,
1964 966 2122 1007 mors
2171 967 2288 1008 non
2343 951 2524 1025 potuit
2565 952 2776 1016 omitti,
2811 950 2924 1006 nisi
2951 949 3134 1005 omis-

1759 1030 1925 1087 sione
1953 1031 2260 1103 privativa.
2293 1031 2451 1098 Quod
2476 1032 2849 1090 verissimum
2877 1036 2963 1087 est
2987 1054 3000 1097 ;
3034 1026 3133 1086 sed

1762 1127 2119 1185 nequaquam
2142 1114 2307 1183 tollit,
2337 1114 2648 1187 quominus
2679 1120 2794 1170 tam
2826 1113 2944 1185 ipsa
2971 1126 3133 1168 mors

1761 1193 2072 1250 secundum
2117 1209 2198 1259 se,
2242 1210 2416 1266 quam
2466 1194 2772 1267 acceptatio
2820 1192 2984 1248 illius
3027 1189 3135 1248 sub

1772 1276 1998 1332 ratione
2022 1284 2330 1349 praeceptae,
2366 1282 2552 1349 posset
2579 1275 2761 1332 adhuc
2791 1276 2972 1347 posito
2996 1290 3135 1347 prae-

1761 1365 1925 1432 cepto
1948 1360 2263 1427 moriendi,
2292 1359 2480 1417 omitti
2506 1359 2816 1417 omissione
2844 1360 3130 1433 negativa,

1763 1440 1914 1497 etin
1965 1456 2137 1498 sensu
2179 1439 2385 1497 diviso.
2437 1438 2597 1506 Quod
2636 1440 2686 1495 si
2733 1456 2934 1498 sensus
2970 1440 3136 1496 istius

1768 1521 2020 1578 minoris
2069 1522 2495 1596 propositionis,
2545 1539 2719 1596 quam
2767 1522 3129 1585 admisimus,

1764 1602 1916 1660 alius
1939 1604 2032 1671 sit,
2061 1603 2325 1677 neganda
2345 1604 2480 1661 erit.

1839 1679 1954 1734 Pro
1974 1677 2134 1751 cujus
2155 1678 2364 1751 maJ‘ori
2393 1679 2774 1751 explicatione
2806 1684 2957 1747 nota,
2984 1675 3134 1749 quod
3150 1679 3340 1773 {238ss-

1763 1759 1812 1815 si
1835 1759 2094 1815 Christus
2126 1761 2314 1816 solum
2339 1759 2542 1816 habuit
2568 1767 2908 1835 praeceptum
2939 1777 3133 1835 accep—
3165 1779 3326 1834 pensio.

1764 1838 1927 1899 tandi
1953 1845 2220 1906 mortem,
2239 1844 2297 1896 et
2323 1856 2442 1897 non
2462 1840 2845 1898 determinate
2864 1857 2934 1897 ex
2958 1843 3135 1898 moti-

1764 1935 1838 1977 vo
1890 1919 2271 1988 odedientiae;
2302 1938 2401 1978 seu
2457 1937 2558 1994 per
2598 1929 2784 1979 actum
2827 1924 3135 1980 formalem

1764 2001 2125 2071 obedientiae,
2158 2005 2372 2062 scilicet
2399 2005 2609 2078 absque
2645 2004 3134 2064 determinatione

1766 2085 2136 2158 particularis
2182 2087 2408 2155 motivi,
2437 2091 2529 2146 vel
2570 2090 2758 2146 solum
2799 2105 2868 2145 ex
2919 2088 3137 2145 motivo

1766 2165 2008 2222 alterius
2054 2166 2311 2233 virtutis,
2350 2173 2411 2223 ut
2462 2169 2777 2234 charitatis,
2807 2167 3123 2243 religionis,

1764 2251 1872 2303 etc.
1926 2252 2062 2303 tunc
2107 2264 2226 2305 non
2267 2249 2439 2307 modo
2480 2250 2542 2307 in
2582 2267 2749 2307 sensu
2786 2248 2992 2314 diviso,
3038 2246 3137 2304 sed

1765 2327 1943 2383 etiam
1976 2328 2037 2384 in
2060 2344 2229 2385 sensu
2251 2331 2562 2403 composito
2586 2330 2846 2402 praecepti
2870 2329 3131 2386 morien-

1765 2408 1825 2464 di
1855 2409 2129 2481 potuisset
2168 2426 2286 2465 non
2340 2416 2630 2484 acceptare
2667 2416 2913 2468 mortem
2958 2409 3136 2468 redu-

1768 2490 2039 2561 plicative
2081 2497 2144 2547 ut
2191 2498 2553 2565 praeceptam,
2609 2509 2704 2549 seu
2752 2493 2858 2548 sub
2911 2493 3134 2549 ratione

1769 2580 2079 2648 praeceptae,
2114 2576 2205 2632 vel
2234 2592 2305 2633 ex
2346 2576 2565 2633 motivo
2603 2575 2972 2638 obedientiae;
3001 2574 3138 2647 quia

1768 2654 1841 2715 ad
1859 2655 2187 2729 hujusmodi
2212 2659 2654 2730 acceptationem
2679 2660 2840 2715 nullo
2864 2663 3140 2731 praecepto

1769 2742 2099 2801 teneretur;
2126 2737 2474 2796 sufficienter
2502 2754 2751 2811 namque
2777 2740 3141 2797 satisfecisset

1769 2824 2048 2893 praecepto
2071 2820 2383 2887 moriendi,
2418 2818 2760 2894 acceptando
2787 2829 3033 2879 mortem
3062 2835 3133 2876 ex

1768 2903 1886 2961 alio
1914 2905 2152 2970 motivo,
2184 2910 2240 2962 et
2289 2922 2389 2979 per
2430 2905 2614 2961 alium
2658 2910 2866 2973 actum,
2899 2906 3140 2978 quinon
3179 2953 3182 2957 a

1766 2989 1916 3041 esset
1960 2983 2285 3042 formaliter
2340 2985 2698 3042 obedientiae.
2751 2986 3136 3051 Quemadmo-

1768 3066 1907 3123 dum
1929 3084 2060 3124 cum
2084 3069 2255 3125 alicui
2282 3068 2611 3141 praecipitur
2635 3070 2944 3144 jejunium,
2977 3068 3138 3124 suffi-

1767 3149 1987 3206 cienter
2038 3149 2316 3223 adimplet
2366 3150 2471 3206 hoc
2525 3155 2866 3223 praeceptum
2896 3166 2966 3205 ex
2994 3166 3138 3222 quo-

1768 3248 2011 3304 cumque
2063 3232 2282 3288 motivo
2327 3232 2574 3305 jejunet,
2619 3233 2849 3289 etiarnsi
2903 3233 2961 3288 id
3016 3249 3135 3290 non

1769 3312 1939 3370 faciat
1959 3329 2030 3369 ex
2051 3313 2269 3368 motivo
2290 3309 2616 3379 obediendi,
2643 3318 2698 3369 et
2722 3314 3142 3372 formalissime

1769 3395 1906 3467 quia
1932 3392 2045 3449 sibi
2075 3393 2424 3467 praecipitur,
2459 3396 2611 3448 utex
2658 3410 2717 3451 se
2764 3399 2933 3466 patet.
2966 3395 3023 3450 Si
3053 3401 3143 3451 ta-

1769 3489 1906 3530 men
1930 3473 2151 3542 demus,
2174 3473 2472 3529 Christum
2503 3471 2769 3531 habuisse
2800 3481 3140 3548 praeceptum

1771 3573 1889 3614 non
1930 3557 2118 3612 solum
2160 3555 2488 3629 acceptandi
2535 3572 2702 3613 suam
2751 3563 3017 3623 mortem,
3044 3557 3142 3615 sed

1771 3638 2099 3711 acceptandi
2129 3639 2294 3695 illam
2333 3654 2403 3695 ex
2434 3641 2655 3696 motivo
2695 3639 3055 3707 obedientiae,
3087 3645 3145 3698 et

1770 3718 1877 3776 sub
1901 3720 2126 3777 ratione
2149 3727 2462 3793 praeceptae,
2484 3727 2651 3792 atque
2674 3719 2813 3777 adeo
2837 3737 2936 3793 per
2954 3727 3143 3777 actum

1770 3804 1870 3877 qui
1915 3807 1999 3859 est
2041 3802 2472 3860 formalissimae
2516 3802 2903 3871 obedientiae;
2959 3803 3145 3861 adhuc

1771 3885 2079 3958 acceptatio
2121 3886 2282 3941 illius
2309 3901 2380 3942 ex
2409 3887 2512 3944 hoc
2541 3887 2777 3949 motivo,
2812 3890 2868 3941 et
2898 3884 3141 3958 praedic—

1771 3973 1862 4024 tus
1886 3972 2040 4024 actus
2062 3967 2400 4025 obedientiae
2442 3969 2688 4025 fuissent
2735 3967 2916 4023 libera
2962 3966 3145 4024 liber-

1772 4053 1888 4105 tate
1913 4047 2402 4115 contradictionis,
2434 4065 2532 4106 seu
2562 4047 2748 4121 quoad
2775 4048 3137 4105 exercitium.

1773 4130 1918 4195 Quia
1957 4130 2088 4187 licet
2129 4131 2191 4187 in
2218 4147 2387 4188 sensu
2416 4131 2730 4203 composito
2759 4130 2926 4204 hujus
2955 4136 3146 4202 poste-

1774 4214 1948 4271 rioris
1971 4214 2235 4287 praecepti
2283 4229 2401 4270 non
2448 4220 2633 4286 posset
2686 4212 2949 4268 Christus
2977 4212 3148 4269 omit·

1774 4300 1895 4351 tere
1941 4295 2090 4352 hanc
2146 4295 2590 4367 acceptationem
2636 4310 2707 4350 ex
2754 4293 2971 4350 motivo
3005 4294 3146 4351 obe·

1774 4374 2023 4444 dientiae,
2075 4376 2257 4449 potuit
2299 4381 2494 4432 tamen
2567 4391 2697 4431 eam
2764 4376 3031 4431 omittere
3080 4376 3147 4432 in

1772 4472 1944 4513 sensu
1971 4457 2158 4514 diviso
2182 4481 2195 4524 ;
2226 4457 2361 4530 quia
2403 4455 2674 4529 praedicta
2716 4457 3021 4527 acceptatio
3048 4473 3143 4515 se-

1774 4537 2026 4595 cundum
2047 4555 2107 4595 se
2141 4536 2522 4602 considerata,
2557 4552 2674 4593 non
2716 4535 2884 4592 habet
2923 4538 3146 4595 forma-

1776 4618 2000 4677 lissime
2041 4619 2328 4677 rationem
2368 4615 2573 4674 debitae
2612 4618 2897 4690 (quamvis
2939 4634 3147 4675 secun-

1776 4698 1917 4755 dum
1940 4717 2001 4759 se
2021 4705 2167 4758 esset
2194 4699 2500 4772 acceptatio
2544 4699 2747 4755 mortis
2786 4697 3009 4769 debitae)
3045 4716 3151 4758 nec

1777 4780 1964 4852 potuit
2010 4778 2254 4853 proinde
2307 4779 2413 4835 hoc
2473 4778 2754 4852 posterius
2805 4782 3148 4851 praeceptum

1778 4860 2004 4918 inferre
2026 4863 2254 4919 Christo
2278 4862 2525 4918 Domino
2548 4861 2939 4918 necessitatem
2955 4861 3149 4935 hujus-

1778 4941 1938 4999 modi
1964 4943 2405 5014 acceptationem
2427 4940 2743 4999 secundum
2769 4957 2829 4997 se
2854 4946 3145 5013 sumptam

1779 5021 2148 5098 exequendi;
2179 5028 2344 5097 atque
2384 5023 2526 5082 adeo
2565 5023 2803 5080 omissio
2849 5022 3008 5078 illius
3063 5023 3151 5083 sic
