3647 5753
425 1932 564 1977 Prima

402 1981 600 2035 objectio.

591 285 702 342 856

596 458 694 533 qui
723 473 825 531 per
843 456 1092 533 gratiam
1118 452 1506 520 constituitur,
1530 456 1587 510 et
1606 466 1963 525 consequen-

598 549 688 600 ter
710 558 829 599 non
849 541 1274 614 relinqueretur
1300 538 1617 596 subsistens
1637 535 1965 594 formaliter

601 620 1063 688 remune1·abile;
1096 636 1199 677 nec
1238 618 1384 676 illud
1429 618 1580 691 quod
1621 619 1766 675 alias
1793 615 1966 673 habet

604 705 890 762 rationem
922 703 1167 776 praemii,
1200 707 1386 775 posset
1414 718 1515 775 per
1547 700 1783 758 modum
1815 715 1966 773 prae-

604 787 712 845 mii
743 784 1007 853 retribui,
1037 784 1135 841 sed
1182 782 1533 841 tribueretur
1578 798 1681 858 per
1725 782 1965 839 modum

604 872 885 945 simplicis
912 868 1198 927 beneficii.
1230 867 1394 925 Unde
1426 883 1458 924 e
1483 882 1760 924 converso
1785 865 1969 922 colla·

606 954 686 1011 tio
714 953 942 1026 praemii
973 952 1036 1008 in
1077 965 1198 1008 esse
1242 948 1376 1004 talis
1420 948 1588 1006 debet
1645 946 1968 1004 necessario

605 1049 927 1107 supponere
986 1030 1502 1097 conservationem,
1559 1045 1657 1086 seu
1699 1042 1969 1102 perseve-

607 1117 861 1175 rantiam
888 1116 1254 1179 meritorum,
1280 1117 1333 1169 et
1360 1112 1598 1186 gratiae5
1629 1116 1796 1183 atque
1842 1109 1969 1167 ideo

608 1196 940 1273 hujusmodi
964 1194 1392 1271 perseverantia
1415 1209 1532 1250 non
1556 1196 1735 1266 potest
1756 1188 1970 1247 habere

609 1280 896 1336 rationem
945 1276 1191 1352 praemii‚
1220 1292 1323 1333 nec
1365 1273 1472 1330 sub
1512 1272 1709 1331 meriti
1742 1269 1969 1328 influxu

608 1363 829 1421 cadere.

1204 1544 1235 1611 ς
1276 1541 1374 1596 111.

614 1694 945 1768 objectiones
989 1696 1179 1747 contra
1225 1687 1601 1762 praescientem
1639 1686 1971 1751 doctrinam,

1009 1778 1059 1826 et
1083 1787 1275 1825 earum
1301 1768 1572 1824 enodatio.

689 1934 782 1988 96.
826 1927 935 1986 Sed
980 1941 1231 2000 oppones
1278 1924 1469 1997 primo
1501 1944 1515 1979 ι
1547 1937 1684 1979 nam
1729 1920 1782 1977 si
1829 1918 1978 1976 ratio

615 2018 812 2072 nostra
864 2006 1085 2082 aliquid
1137 2004 1356 2080 probat,
1391 2006 1609 2078 pariter
1652 2001 1994 2073 convincet,

613 2095 763 2171 quod
786 2097 968 2172 justus
997 2096 1239 2164 nequeat
1267 2090 1577 2163 impetrare
1599 2099 1978 2161 perseveran-

613 2178 754 2235 tiam
785 2200 798 2234 :
827 2189 1181 2246 consequens
1207 2176 1295 2228 est
1331 2170 1639 2227 manifeste
1680 2169 1880 2224 contra
1908 2167 1973 2221 D.

609 2260 813 2317 Thom.
850 2259 907 2311 in
950 2257 1048 2311 hoc
1099 2260 1207 2310 art.
1266 2255 1319 2319 9,
1366 2254 1427 2308 in
1470 2268 1609 2324 resp.
1641 2250 1717 2305 ad
1743 2250 1811 2315 3;
1844 2261 1980 2320 ergo

612 2339 882 2414 praedicta
912 2336 1057 2394 ratio
1079 2351 1197 2391 non
1251 2333 1558 2390 convincit.
1604 2328 1846 2402 Sequela
1885 2343 1980 2383 os-

614 2421 889 2486 tenditur,
923 2418 1059 2492 quia
1096 2418 1244 2473 sicut
1289 2416 1565 2474 meritum
1615 2428 1733 2469 non
1761 2408 1975 2476 influit,

615 2504 729 2561 nisi
759 2503 1083 2576 perseveret
1108 2521 1122 2566 ;
1155 2498 1235 2553 ita
1265 2495 1596 2570 impetratio
1623 2508 1741 2551 non
1765 2491 1977 2557 influit,

551 2578 556 2583 ’
615 2585 732 2643 nisi
760 2582 1096 2657 permaneat
1128 2601 1141 2635 ε
1172 2594 1307 2651 ergo
1345 2579 1492 2634 sicut
1518 2574 1589 2632 ob
1626 2575 1772 2631 hanc
1801 2572 1983 2629 ratio-

413 3331 588 3379 Solutlo.

620 2682 755 2723 nem
795 2663 1138 2737 colligimus,
1164 2657 1312 2731 quod
1344 2656 1769 2730 perseverantia
1807 2670 1869 2711 se
1896 2660 1984 2711 te-

621 2752 717 2804 net
737 2760 809 2801 ex
830 2748 990 2816 parte
1017 2738 1231 2803 meriti,
1257 2743 1313 2792 et
1343 2753 1457 2793 non
1486 2752 1557 2792 ex
1587 2741 1746 2808 parte
1774 2732 1983 2789 termi-

620 2830 682 2888 ni
717 2849 729 2884 :
760 2826 841 2884 ita
886 2821 1221 2885 inferretur,
1246 2817 1396 2890 quod
1450 2816 1879 2891 perseverantia
1923 2830 1984 2871 se

618 2915 807 2971 teneat
847 2924 917 2965 ex
965 2909 1125 2978 parte
1172 2900 1616 2976 impetrationis,
1648 2903 1705 2956 et
1743 2914 1863 2956 uon
1913 2914 1984 2956 ex

621 3001 782 3072 parte
827 2989 1068 3049 termini
1119 2985 1414 3059 impetrati
1448 3007 1460 3041 ε
1490 2989 1547 3041 et
1573 2987 1985 3057 consequenter
2034 2979 2041 2986 ’

619 3081 766 3137 sicut
810 3074 1090 3147 repugnat
1140 3067 1288 3143 quod
1348 3067 1778 3141 perseverantia
1825 3064 1987 3122 cadat

620 3161 726 3218 sub
766 3158 994 3221 merito,
1027 3153 1109 3209 ita
1151 3150 1494 3226 repugnabit
1515 3147 1664 3223 quod
1691 3148 1857 3205 cadat
1880 3147 1988 3203 sub

623 3239 1053 3316 impetratione.

699 3321 1098 3398 Respondetur
1124 3314 1384 3391 negando
1406 3313 1697 3387 sequelam
1723 3313 1987 3371 intellec-

622 3413 742 3463 tam
769 3405 839 3462 de
868 3397 1297 3477 perseverantia
1324 3394 1582 3451 absolute
1603 3395 1727 3461 tali,
1760 3411 1885 3468 quae
1905 3399 1991 3452 est

625 3483 1026 3563 permanentia
1071 3479 1269 3555 gratiae
1326 3474 1755 3542 sanctificantiS,
1811 3480 1868 3533 et
1918 3474 1990 3531 de

626 3566 1029 3641 impetratione
1072 3558 1430 3618 considerata
1477 3555 1792 3613 secundum
1847 3571 1989 3612 con-

623 3655 849 3723 ceptum
879 3640 1320 3718 impetrationis».
1353 3636 1438 3692 Ad
1466 3637 1587 3711 ejus
1630 3645 1821 3695 autem
1852 3653 1989 3711 pro..

624 3733 915 3790 bationem
955 3724 1261 3784 dicendum
1307 3724 1408 3787 est,
1444 3721 1628 3778 latum
1670 3721 1989 3779 discrimen

625 3813 846 3872 versari
889 3812 1040 3866 inter
1087 3802 1574 3877 impetrationem,
1606 3807 1661 3859 et
1709 3802 1988 3859 meritum

626 3896 696 3953 de
716 3893 997 3967 condigno
1019 3913 1032 3956 ;
1062 3885 1211 3943 istud
1232 3883 1391 3939 enim
1413 3884 1799 3941 essentiatiter
1831 3883 1991 3940 inni-

628 3979 772 4035 titur
793 3974 990 4051 gratiae
1010 3963 1406 4030 sanctificanti,
1437 3969 1493 4021 et
1545 3964 1615 4021 ab
1660 3982 1728 4022 ea
1772 3965 1992 4037 depen-

629 4059 767 4116 det:
798 4053 949 4112 unde
991 4066 1093 4107 nec
1140 4050 1485 4122 perseverat,
1545 4060 1646 4101 nec
1686 4045 1882 4102 influit
1916 4044 1992 4101 'in

627 4156 729 4196 suo
780 4149 1007 4212 genere,
1066 4130 1178 4187 nisi
1234 4127 1643 4200 praesupposita
1713 4125 1992 4199 praedictae

626 4222 825 4298 gratita
871 4211 1318 4290 perseverantia,
1360 4224 1533 4280 quam
1590 4208 1835 4281 proinde
1875 4224 1992 4265 non

629 4309 811 4381 potest
836 4299 1058 4372 assequi
1100 4302 1161 4352 ut
1208 4291 1540 4366 praemium.
1566 4295 1850 4349 Caeterum
1877 4292 1995 4347 im-

630 4388 874 4465 petratio
912 4398 1029 4439 non
1096 4378 1371 4435 innititur
1426 4375 1744 4431 necessario
1793 4375 1995 4449 gratiae

592 4501 595 4504 ·
630 4465 1027 4533 sanctificanti,
1054 4461 1151 4519 sed
1174 4460 1244 4517 ab
1265 4474 1332 4515 ea
1360 4456 1705 4530 praescindit,
1734 4464 1797 4513 ut
1820 4474 1997 4531 supra

632 4556 887 4614 diximus
914 4564 1065 4602 num.
1090 4547 1182 4605 76.
1216 4540 1478 4616 quocirca
1508 4545 1688 4611 potest
1729 4556 1997 4613 perseve-

635 4653 784 4703 rare,
809 4637 865 4691 et
889 4644 991 4685 suo
1030 4624 1199 4682 modo
1239 4621 1501 4685 influere,
1535 4619 1665 4676 licet
1703 4636 1821 4679 non
1847 4638 1998 4695 prae-

634 4716 917 4791 supponat
975 4706 1303 4780 praedictam
1364 4700 1612 4776 gratiam
1635 4744 1648 4768 ,
1719 4703 1811 4760 vel
1877 4705 1999 4778 ejus

635 4791 1130 4859 conservationem
1157 4810 1170 4853 3
1237 4789 1293 4840 et
1356 4787 1767 4854 consequenter
1831 4782 2000 4840 illam

637 4884 971 4956 impetrare,
996 4875 1052 4927 et
1080 4865 1361 4939 respicere
1381 4863 1534 4921 valet
1565 4868 1625 4920 ut
1652 4866 1995 4923 terminum.

638 4971 821 5034 Quam
844 4949 1236 5013 differentiam
1256 4946 1537 5018 expressit
1558 4948 1621 5002 D.
1648 4945 1853 5004 Thom.
1881 4949 2003 5007 loco

1631 279 1725 334 DE
1763 278 2071 334 PRAEMIO
2108 281 2386 341 MERrrl.

2095 453 2162 511 in
2200 453 2515 529 objectione
2552 459 2746 526 citato,
2777 460 2876 517 ubi
2899 462 2979 517 ait
3049 483 3080 517 z
3179 480 3237 512 a:
3329 458 3571 513 Dice

2103 557 2130 590 ι
2169 535 2321 608 quod
2360 539 2536 595 etiam
2572 555 2641 597 ea
2674 557 2816 613 quae,
2843 558 2966 615 quae
3003 557 3249 599 non
3305 554 3567 595 mer·

2104 640 2131 673 ι
2172 618 2395 677 orando
2420 621 2839 695 impetramus;
2871 641 3020 682 nam
3110 627 3230 680 et
3306 638 3571 694 pecca

2103 720 2128 753 e
2174 702 2321 756 Deus
2349 700 2508 758 audit
2535 709 2890 775 peccatorum
2917 705 3314 762 veniam
3361 707 3563 776 pet<

2104 800 2131 833 ι
2172 786 2237 836 ut
2278 786 2430 854 patet
2475 801 2577 855 per
2613 788 2850 860 August.
2877 803 3102 859 super
3195 784 3472 841 illud
3551 822 3571 838 .

2106 886 2133 919 α
2173 865 2396 921 Scimus
2420 867 2556 938 quia
2578 875 2891 940 peccatores
2932 873 3147 927 Deus
3224 884 3443 925 non
3524 882 3571 925 e

2105 968 2132 1001 α
2175 946 2582 1021 ditzalioquin
2604 950 2818 1008 frustra
2837 951 3130 1010 dixisset
3173 969 3306 1025 pu
3323 952 3561 1007 blica

2106 1050 2132 1080 α
2177 1030 2325 1083 Deus
2372 1030 2656 1101 propitius
2698 1038 2816 1089 esto
2862 1034 3009 1089 mihi
3085 1034 3567 1106 peccatori

2107 1130 2132 1162 α
2177 1108 2390 1167 dicitur
2412 1111 2574 1168 Lucae
2603 1116 2684 1169 18.
2712 1115 2781 1169 Et
2805 1113 3133 1171 similiter
3153 1113 3357 1171 don
3371 1131 3527 1170 um

2108 1213 2135 1245 ι
2174 1194 2516 1250 severantiae
2541 1194 2748 1268 aliquis
2789 1195 3032 1266 petendo
3085 1213 3144 1253 a
3187 1198 3417 1263 Deo,
3465 1197 3564 1250 in

2108 1295 2135 1326 α
2179 1279 2293 1329 trat
2313 1275 2404 1330 vel
2421 1273 2552 1340 sibi,
2579 1276 2670 1339 vel
2694 1275 2816 1345 alii,
2842 1280 3171 1349 quamvis
3205 1278 3389 1335 sub
3415 1295 3554 1336 me

2111 1377 2138 1409 α
2181 1371 2299 1411 non
2325 1355 2508 1412 cadat.
2554 1377 2581 1408 ι

2182 1436 2446 1494 Diximus
2475 1439 2794 1514 negandam
2821 1457 2942 1498 esse
2965 1444 3410 1515 sequelam
3455 1445 3548 1500 iu

2106 1518 2311 1575 lectam
2334 1520 2399 1575 de
2406 1525 2834 1593 perseverantia,
2866 1541 2977 1602 quat
2995 1534 3092 1581 est
3113 1546 3551 1600 permaner-

2025 1661 2029 1664 Α
2103 1600 2296 1668 qratia
2319 1618 2339 1654 .·
2366 1617 2501 1657 nam
2528 1602 2577 1657 si
2606 1618 2797 1661 sermo
2818 1604 2918 1661 fiat
2942 1604 3014 1661 de
3045 1623 3300 1679 perso
3318 1624 3557 1664 ver-an

2110 1679 2287 1752 ipsius
2344 1681 2787 1754 impetrationis,
2847 1686 3139 1759 neganda
3213 1697 3342 1746 est
3367 1712 3388 1756 ;
3463 1690 3541 1744 si·

2108 1760 2267 1816 enim
2316 1761 2592 1835 implicat,
2624 1764 2774 1835 quod
2823 1766 3209 1837 impetratio
3291 1771 3548 1843 impet⁴

2109 1842 2374 1915 seipsam,
2408 1844 2488 1900 ita
2535 1851 2832 1920 repugnat,
2877 1847 3025 1920 quod
3079 1851 3486 1923 impetret
3515 1872 3543 1910 ξ

2109 1924 2641 1993 conservationem;
2672 1928 2808 1999 quia
2829 1929 2949 1985 haec
2978 1945 3112 1985 non
3145 1947 3237 1988 se
3292 1937 3496 1989 tenet
3540 1963 3545 1982 ι

2113 2010 2273 2077 parte
2300 2007 2537 2063 termini
2554 2007 2868 2081 impetrati,
2889 2011 2992 2069 sed
3013 2029 3093 2069 ex
3126 2031 3230 2086 pa
3242 2019 3360 2071 rte
3399 2016 3420 2070 i
3421 2017 3551 2088 psi)

2113 2088 2555 2161 impetrationis,
2608 2097 2668 2146 ut
2711 2109 2887 2165 supra
2908 2093 2979 2150 de
3006 2097 3274 2154 merito
3319 2097 3537 2155 diceba

2113 2184 2260 2235 mus,
2286 2174 2340 2226 et
2369 2168 2535 2227 facile
2557 2172 2946 2230 consideranti
2977 2177 3371 2250 apparebit.
3401 2180 3545 2234 Dixi

2112 2267 2241 2307 mus
2292 2252 2465 2309 etiam
2516 2253 2798 2326 loquendo
2845 2257 2912 2311 de
2959 2256 3416 2332 impetrat‘ione
3474 2280 3532 2317 se

2112 2333 2353 2389 cundum
2399 2343 2709 2407 conceptum
2758 2340 3190 2412 impetrationis
3204 2362 3233 2409 ,·
3294 2345 3457 2414 quia
3512 2361 3540 2398 s

2116 2414 2445 2486 impetratio
2481 2416 2617 2489 justi
2644 2416 3041 2478 consideretur
3069 2423 3468 2481 formaliter
3493 2441 3542 2479 as

2116 2512 2148 2551 a
2167 2496 2321 2570 justo
2347 2495 2561 2563 elicita,
2590 2502 2646 2553 et
2667 2496 2998 2572 dignificata
3020 2520 3126 2575 per
3149 2506 3465 2578 gratiam,
3489 2510 3537 2560 et

2115 2585 2526 2650 consequenter
2566 2581 2880 2637 secundum
2922 2587 3218 2658 majorem
3255 2590 3535 2661 aliquam

2117 2661 2410 2727 virtutem,
2462 2678 2634 2735 quam
2682 2681 2716 2720 a
2749 2667 2937 2740 gratia
2977 2670 3325 2743 participet,
3383 2670 3510 2728 fieri

2119 2758 2236 2799 non
2308 2748 2519 2815 potest,
2592 2750 2655 2802 ut
2722 2749 2921 2822 gratiae
2980 2753 3507 2821 perseverantiam

2118 2822 2386 2897 impetret
2400 2847 2415 2891 ;
2445 2824 2580 2898 quia
2619 2826 2701 2883 ita
2744 2834 2958 2902 accepta
3006 2829 3214 2888 influit
3271 2838 3340 2889 nt
3358 2849 3493 2905 sap-

2119 2920 2333 2978 ponens
2360 2905 2641 2978 praedictae
2685 2913 2884 2983 gratias
2931 2915 3437 2971 conservationem
3470 2934 3484 2967 ε

2117 2992 2528 3058 consequenter
2554 2988 2754 3046 eadem
2784 2994 3356 3065 proportionabiliter
3383 3010 3480 3050 ra-

2118 3069 2199 3126 tio
2244 3069 2460 3126 militat
2505 3071 2569 3128 in
2622 3074 3034 3146 impetratione
3092 3078 3164 3133 ita
3219 3082 3449 3147 accepta,

2121 3165 2182 3206 ac
2234 3152 2299 3206 in
2345 3154 2554 3210 merito
2600 3154 2670 3212 de
2717 3155 3018 3231 condigno.
3052 3161 3308 3216 Caeterum
3336 3157 3447 3211 baec

2120 3233 2321 3290 omnia
2340 3241 2477 3292 sunt
2495 3242 2658 3295 extra
2679 3248 3013 3313 conceptum
3039 3238 3434 3315 impetrationis.

2120 3329 2243 3386 quae
2298 3330 2416 3372 non
2462 3317 2738 3376 innititur
2777 3320 3046 3397 dignitati
3093 3321 3442 3399 gratiae‚sicut

2122 3397 2417 3466 meritum,
2449 3400 2549 3458 sed
2589 3403 3000 3462 misericordiae
3044 3407 3249 3463 divinae
3274 3428 3285 3460 :
3313 3401 3437 3458 unde

2123 3479 2379 3538 absolute
2419 3484 2650 3542 concedi
2705 3492 2903 3560 potest,
2937 3489 3089 3560 quod
3119 3491 3264 3548 homo
3280 3483 3419 3559 possi}

2124 3560 2437 3634 impetrare
2464 3568 2955 3636 perseverantiam
2973 3571 3037 3626 in
3058 3573 3241 3644 gratia,
3263 3572 3310 3623 ut
3330 3563 3410 3620 ab·

2122 3641 2305 3697 solute
2332 3645 2586 3701 concedit
2609 3649 2670 3704 D.
2698 3649 2949 3705 Thomas
2977 3650 3043 3707 in
3072 3652 3245 3709 verbis
3278 3658 3408 3719 supra

2126 3723 2343 3780 relatis,

2207 3807 2301 3860 97.
2344 3806 2588 3880 Objicies
2612 3810 2860 3868 secundo
2893 3833 2906 3868 ε
2938 3815 3084 3869 Nam
3114 3815 3229 3871 lioet
3268 3812 3541 3878 nostwsemzf

2127 3889 2273 3947 ratio
2299 3890 2618 3958 convincat,
2641 3892 2861 3965 justum
2904 3912 3021 3952 non
3066 3901 3212 3969 posse
3248 3870 3535 3950 directeomem

2126 3970 2339 4028 mereri
2386 3973 2880 4031 conservationem
2923 3978 3195 4047 passivam
3237 3974 3415 4052 grati&

2125 4068 2248 4126 quae
2271 4049 2340 4106 ad
2370 4052 2642 4107 meritum
2684 4057 2975 4112 concurrit
2999 4081 3012 4124 ;
3044 4058 3258 4112 minime
3289 4058 3418 4115 vero?

2125 4131 2276 4207 quod
2304 4147 2421 4188 non
2450 4132 2625 4204 possit
2650 4136 2864 4192 mereri
2917 4138 3180 4194 auxilium
3215 4134 3415 4207 conjun-

2123 4232 2263 4293 gens
2290 4214 2538 4289 gratiam
2561 4232 2690 4272 cum
2711 4218 2898 4291 gloria
2927 4240 2939 4275 :
2963 4219 3059 4278 sed
3079 4237 3138 4277 eo
3156 4220 3272 4293 ipso,
3293 4212 3412 4290 quod

2126 4298 2255 4371 quis
2284 4303 2574 4352 mereatur
2600 4297 2670 4355 de
2695 4300 2981 4375 condigno
3008 4302 3299 4374 praedictum
3334 4313 3417 4354 au-

2126 4380 2358 4446 xilium,
2386 4385 2641 4437 meretur
2668 4381 2737 4438 de
2757 4383 3040 4458 condigno
3067 4384 3257 4441 donum
3276 4395 3417 4457 perse·

2128 4460 2424 4526 verantiae,
2443 4460 2592 4533 quod
2615 4461 2889 4528 absolute,
2916 4471 2972 4521 et
3000 4467 3214 4538 proprie
3238 4468 3417 4537 loquen-

2128 4541 2201 4599 do
2255 4543 2316 4597 in
2376 4539 2648 4614 praedicto
2713 4544 2933 4601 auxilio
2996 4532 3233 4602 co'nsistit
3260 4568 3270 4600 :
3311 4535 3412 4615 er‘go

2131 4622 2280 4679 ratio
2308 4628 2506 4679 nostra
2533 4638 2650 4679 non
2672 4626 2981 4694 convincit,
3015 4627 3155 4699 quod
3171 4629 3319 4701 J'ustus
3334 4638 3409 4680 ne-

2130 4708 2300 4777 queat
2328 4703 2542 4760 mereri
2571 4703 2642 4760 de
2668 4705 2951 4781 condigno
2978 4707 3405 4780 perseverantiam.

2132 4787 2345 4840 Caetera
2366 4790 2647 4852 constant,
2674 4792 2730 4842 et
2751 4789 2938 4861 major
2964 4788 3142 4860 quoad
3175 4786 3406 4846 secundam

2134 4871 2358 4940 partem
2375 4865 2667 4933 suadetur,
2693 4868 2828 4940 quia
2853 4868 3177 4942 praedictum
3195 4868 3405 4926 auxilium

2135 4948 2516 5025 distinguitur
2546 4945 2837 5024 adaequate
2856 4967 2891 5009 a
2907 4954 3092 5027 gratia
3115 4952 3352 5036 habituali,
3368 4953 3408 5005 et

3317 5038 3401 5099 eJus
