3647 5753
556 378 666 433 874
1431 373 1655 427 INDEX
1695 373 1958 428 RERUM
1998 373 2092 427 ΕΤ
2132 372 2560 427 VERBORUM.

634 548 933 620 Repugnat
960 544 1219 618 primum
1271 544 1470 618 gratiae
1504 544 1789 601 auxilium
1830 559 1926 601 ca·

561 628 697 685 dere
746 625 853 683 sub
885 624 1095 682 merito
1134 625 1325 695 operis
1378 623 1716 682 immediate
1761 623 1833 681 ab
1858 640 1926 682 eo

565 707 937 786 procedentis,
971 723 1025 780 p.
1052 706 1182 772 807,
1215 721 1274 762 ιι.
1306 707 1398 763 23.

1132 867 1281 934 'B.

637 1035 1067 1091 BEATITUDO.
1122 1029 1438 1097 Beatitudo,
1467 1045 1566 1087 seu
1587 1025 1927 1104 glorificatio

563 1116 867 1191 dupliciter
896 1118 1077 1187 potest
1101 1110 1476 1176 considerari,
1500 1129 1553 1185 p.
1578 1111 1709 1175 652,
1738 1124 1799 1164 n.
1828 1109 1919 1163 39.

634 1199 872 1254 ΒΕΑΤῙ.
903 1199 1147 1254 Possunt
1198 1193 1429 1267 aliquod
1455 1192 1729 1268 gaudium
1772 1189 1924 1250 acci.-

557 1280 788 1339 dentale
808 1279 1121 1356 acquirere,
1165 1294 1223 1351 p.
1252 1278 1382 1343 685,
1409 1291 1468 1332 ιι.
1494 1275 1585 1330 34.

632 1362 957 1417 BONITAS.
990 1359 1222 1415 Bonitas
1268 1355 1507 1414 moralis
1549 1357 1730 1427 potest
1767 1368 1926 1409 cres-

560 1458 689 1500 cere
739 1442 803 1498 in
831 1440 1129 1499 infinitum
1157 1435 1799 1513 syncathegorematice,
1831 1432 1925 1491 vel

563 1524 867 1592 intensive,
895 1542 950 1598 p.
979 1525 1110 1591 741,
1144 1537 1202 1578 n.
1226 1524 1320 1579 47.

633 1609 847 1662 BONA.
897 1606 1056 1661 Bona
1097 1602 1439 1676 temporalia
1492 1601 1555 1657 in
1602 1596 1807 1657 ordine
1851 1595 1924 1654 ad

555 1687 828 1744 meritum
879 1684 1181 1759 dupliciter
1225 1682 1582 1741 considerari
1612 1680 1826 1748 valent,
1858 1697 1915 1753 p.

555 1771 686 1827 790.
720 1768 975 1834 Qualiter
996 1766 1199 1824 cadant
1224 1765 1331 1823 sub
1351 1762 1578 1830 merito,
1608 1760 1748 1818 ibid.

1215 1920 1272 1974 C.

632 2050 1015 2108 CARENTIA.
1049 2047 1314 2104 Carentia
1341 2040 1732 2100 diversimode
1754 2036 1925 2095 habet

557 2133 843 2192 rationem
869 2127 1213 2203 privationis
1243 2125 1305 2181 in
1334 2123 1606 2198 physicis,
1633 2121 1779 2179 acin
1801 2133 1924 2175 mo-

557 2216 795 2280 ralibus,
825 2232 880 2289 p.
914 2216 1041 2278 406,
1074 2227 1133 2267 ιι.
1175 2211 1294 2265 155.

629 2298 878 2352 CAUSA.
944 2296 1007 2349 In
1060 2307 1171 2364 quo
1218 2288 1446 2345 differat
1508 2285 1686 2343 motio
1737 2299 1920 2341 causae

550 2384 754 2434 creatae
780 2372 1128 2432 universalis
1151 2387 1184 2427 a
1212 2368 1465 2426 motione
1489 2367 1694 2439 primae
1715 2379 1916 2431 causae,

551 2479 607 2535 p.
633 2460 763 2522 261,
799 2473 855 2512 n.
883 2457 1011 2511 361.
1057 2456 1237 2510 Causa
1258 2455 1381 2506 actu
1403 2464 1644 2505 causans
1669 2446 1922 2520 triplici-

554 2547 642 2597 ter
666 2534 1021 2596 eonsiderari
1045 2539 1240 2607 potest,
1267 2532 1420 2606 p.11,
1446 2547 1506 2587 ιι.
1550 2533 1632 2586 17.
1660 2527 1808 2592 Quid
1842 2526 1920 2583 sit

550 2635 785 2678 causare
813 2616 1061 2692 physice,
1117 2620 1175 2670 et
1220 2626 1455 2670 causare
1506 2607 1828 2674 moraliter,
1860 2624 1914 2681 p.

552 2701 1056 2836 6032’13211113l'lls'jl'ollDO.
1091 2770 1395 2842 Multiplex
1423 2768 1788 2825 certitudinis
1822 2783 1921 2825 ac-

553 2863 834 2935 ceptio,p.
877 2857 1152 2923 284,n.1.
1176 2849 1466 2911 Certitudo
1507 2849 1914 2925 metaphysica,

550 2944 688 3001 ibid.
741 2932 1032 2999 Certisudo
1072 2935 1331 2999 moraliS,
1381 2931 1548 2998 ibid„
1602 2948 1660 2988 n.
1693 2934 1748 2988 2.
1781 2934 1919 2996 Quae

549 3022 829 3083 certitudo
853 3020 1098 3095 propriae
1119 3014 1545 3094 justificationis
1580 3014 1914 3086 requiritur,

554 3113 616 3163 ut
637 3106 791 3162 licite
811 3103 1021 3174 aliquis
1064 3098 1289 3158 accedat
1325 3095 1397 3153 ad
1443 3100 1821 3162 sacramenta,
1853 3115 1911 3171 p.

554 3190 685 3254 289,
716 3203 778 3242 n.
818 3186 902 3241 15.

623 3264 1000 3323 CHARITAS.
1035 3262 1115 3315 Ita
1135 3274 1196 3315 se
1218 3255 1387 3314 habet
1412 3262 1665 3329 respectu
1693 3257 1916 3332 gratiae,

552 3352 699 3407 sicut
725 3348 992 3404 voluntas
1036 3346 1286 3413 respectu
1333 3340 1546 3396 animae
1592 3337 1917 3404 rationalis,

555 3448 611 3505 p.
629 3429 760 3493 720,
782 3442 839 3482 n.
864 3428 920 3480 6.
954 3421 1214 3478 Charitas
1242 3424 1552 3490 usurpatur
1578 3418 1668 3473 vel
1697 3433 1801 3489 pro
1828 3433 1915 3483 e0,

553 3509 703 3584 quod
749 3513 833 3566 est
878 3503 1203 3561 formaliter
1254 3499 1535 3566 CharitaS,
1592 3499 1685 3555 vel
1730 3499 1921 3555 solum

557 3589 907 3649 virtualiter,
935 3604 990 3660 p.
1034 3584 1164 3647 731,
1198 3596 1259 3635 n.
1287 3582 1382 3636 26.

630 3662 1018 3744 Augmentum
1047 3662 1412 3720 extensivum
1461 3658 1772 3716 Charitatis
1797 3660 1925 3715 suf-

557 3750 674 3808 ficit
719 3748 790 3806 ad
828 3748 1203 3820 augmentum
1235 3740 1450 3808 meriti,
1485 3758 1540 3815 p.
1567 3741 1698 3807 739,
1733 3755 1791 3796 n.
1825 3743 1917 3797 42.

560 3830 824 3888 Charitas
870 3829 1050 3900 potest
1095 3822 1308 3879 habere
1372 3819 1632 3877 diversos
1698 3820 1918 3890 modos,

560 3927 680 3970 non
706 3910 895 3967 solum
924 3904 1159 3977 maioris
1199 3901 1563 3966 intensionis,
1608 3900 1707 3957 sed
1745 3902 1923 3959 etiam

559 3987 931 4051 extensionis,
957 3985 1142 4057 specie
1164 3981 1381 4038 modali
1404 3980 1678 4048 diversos,
1706 3999 1761 4055 p.
1788 3985 1918 4050 743,

562 4094 624 4134 ιι.
673 4075 766 4129 50.
809 4069 992 4143 Maj0r
1018 4066 1224 4141 gratia,
1269 4065 1362 4121 vel
1404 4063 1665 4120 Charitas
1694 4066 1926 4136 praecise

560 4152 873 4214 habitualis
918 4163 1037 4204 non
1088 4146 1259 4203 efficit
1311 4144 1498 4216 majus
1550 4146 1828 4202 meritum
1855 4163 1927 4204 ex

564 4243 724 4314 parte
778 4229 1001 4307 praemii
1041 4227 1380 4294 essentialis,
1431 4226 1575 4284 bene
1621 4232 1815 4286 tamen
1854 4244 1927 4285 ex

565 4324 725 4394 parte
772 4310 1000 4387 praemii
1058 4307 1443 4372 accidentalis,
1494 4324 1547 4381 p.
1573 4308 1703 4374 747,
1736 4323 1799 4364 ιι.
1828 4310 1924 4366 58.

566 4396 869 4460 Ordinatio
903 4391 1172 4450 virtualis
1201 4389 1455 4447 hominis
1483 4389 1547 4445 in
1573 4392 1752 4447 Deum
1781 4391 1928 4449 l'acta

567 4502 668 4559 per
697 4487 885 4540 actum
925 4473 1233 4532 Charitatis
1259 4471 1429 4528 durat
1458 4488 1558 4545 per
1598 4478 1773 4530 totam
1833 4475 1928 4531 vi-

567 4573 708 4632 tam,
754 4561 867 4618 nisi
911 4561 1267 4619 retractetur,
1311 4572 1368 4627 p,
1394 4555 1524 4620 759,
1553 4570 1612 4613 n.
1643 4556 1732 4611 80.
1773 4559 1928 4621 Quo-

566 4647 739 4706 modo
791 4645 1022 4701 maneat
1074 4641 1357 4694 transacto
1413 4641 1537 4693 actu
1597 4636 1924 4706 charitatis,

568 4731 762 4806 p.765,
790 4743 849 4782 ιι.
880 4724 975 4778 92.
1003 4724 1173 4776 Actus
1193 4717 1490 4775 charitatis
1511 4717 1814 4791 dupliciter
1837 4737 1931 4794 po-

448 4796 455 4801 ·
568 4819 678 4871 test
723 4809 794 4867 ab
840 4805 974 4863 aliis
1025 4798 1338 4858 virtutibus
1384 4799 1738 4873 participari,
1783 4801 1926 4860 ibid.

566 4912 626 4953 n.
670 4895 743 4949 94
797 4895 854 4947 et
897 4879 1282 4959 sequentibus.
1329 4881 1623 4947 Quomodo
1670 4884 1932 4942 Charitas

568 4979 848 5050 augeatur
877 4985 978 5044 per
999 4973 1155 5026 actus
1180 4966 1467 5032 remissos,
1494 4966 1681 5040 p.775,
1714 4982 1772 5023 ιι.
1807 4969 1926 5025 116.

2135 546 2306 600 Actus
2333 542 2642 600 charitatis
2688 546 2871 616 potest
2898 541 3217 616 producere
3246 542 3452 616 majo-

2059 642 2182 683 rem
2209 625 2410 700 gratiae
2451 624 2863 692 intensionem,
2892 632 3008 683 tam
3043 632 3229 692 extra,
3256 640 3450 697 quam

2057 708 2213 765 intra
2257 711 2712 776 Sacramentum,
2741 713 2799 764 et
2823 724 2935 781 quo
2976 713 3136 782 pacto
3170 709 3285 765 hos:
3308 706 3447 774 fiat,

2056 792 2248 863 p.469,
2282 809 2344 851 n.
2366 793 2496 858 244,
2529 797 2583 848 et
2609 788 2999 864 sequentibus.
3029 788 3252 846 Accidit
3281 789 3450 845 actui

2056 871 2380 937 charitatis,
2430 871 2578 944 quod
2645 871 2826 927 libere
2866 870 3153 935 eliciatur,
3199 887 3262 943 p.
3294 871 3444 935 462,

2057 968 2115 1010 ιι.
2146 955 2276 1010 232.
2309 956 2406 1008 Est
2431 954 2818 1010 essentialiter
2840 952 3194 1015 meritorius,
3225 954 3442 1026 p.471‚

2056 1053 2116 1093 n.
2147 1037 2275 1092 248.
2309 1039 2400 1092 An
2441 1041 2595 1093 actus
2638 1035 2946 1092 Charitatis
2973 1043 3029 1092 et
3053 1035 3448 1093 contritionis

2057 1116 2377 1173 necessario
2419 1117 2792 1189 requirantur
2820 1114 2890 1172 ad
2917 1114 3267 1189 exponenda
3296 1130 3440 1188 pec-

2055 1203 2178 1254 cata
2199 1197 2476 1263 venialia,
2502 1201 2559 1270 'p.
2585 1197 2715 1262 519,
2750 1212 2807 1253 n.
2841 1198 2972 1254 313.
3003 1202 3175 1252 Actus
3199 1195 3447 1253 contri-

2055 1358 2379 1416 ficationem
2404 1358 2720 1432 procedunt
2751 1358 3007 1415 effective
3045 1374 3079 1413 a
3116 1358 3333 1432 gratia,
3363 1357 3445 1414 ad

2053 1455 2225 1512 quam
2242 1438 2571 1512 disponunt,
2601 1440 2792 1512 p.562,
2818 1440 2910 1505 46,
2934 1443 2992 1494 et
3011 1456 3061 1512 p.
3089 1440 3295 1503 577,n.
3333 1439 3441 1494 69.

2054 1525 2144 1578 Αιι
2182 1520 2351 1578 detur
2386 1520 2527 1578 ordo
2573 1521 2729 1578 inter
2770 1525 2958 1577 actum
3008 1521 3349 1588 charitatis,
3383 1525 3446 1577 et

2054 1606 2242 1658 actum
2264 1601 2648 1667 contritionis,
2681 1603 2874 1674 p.626,
2905 1606 2961 1656 et
2988 1615 3101 1671 seq.
3139 1601 3269 1656 138.

2127 1691 2494 1746 CHRISTUS.
2527 1691 2786 1755 Qualiter
2823 1694 3015 1746 causet
3053 1688 3336 1762 gratiam,
3374 1705 3439 1762 p.

2053 1772 2183 1838 273,
2238 1789 2296 1828 ιι.
2357 1773 2439 1829 10.
2489 1772 2751 1827 Christus
2796 1772 3011 1828 meruit
3053 1769 3442 1827 existentiam

2053 1871 2169 1911 suae
2197 1855 2423 1923 matris,
2459 1869 2579 1911 non
2602 1869 2741 1910 vero
2762 1853 3151 1911 maternitatis
3171 1851 3442 1927 dignita—

2054 1942 2187 2003 tem,
2209 1938 2399 2011 p.806,
2421 1951 2479 1991 n.
2498 1937 2591 1991 20.
2611 1937 2723 1991 Nec
2741 1934 3241 1992 continuationem
3263 1934 3442 1992 unio·

2053 2016 2144 2074 nis
2172 2016 2550 2090 hypostaticas,
2579 2033 2636 2089 p.
2662 2016 2790 2090 860,
2825 2030 2882 2070 n.
2951 2015 3070 2070 103.
3102 2019 3278 2070 Actus
3305 2014 3441 2071 cha-

2056 2099 2262 2164 ritatis,
2294 2114 2466 2171 quem
2494 2097 2753 2153 Christus
2782 2095 3064 2152 Dominus
3111 2097 3320 2152 elicuit
3355 2098 3440 2156 ,in

2054 2181 2243 2252 primo
2271 2179 2656 2253 conceptionis
2685 2177 2948 2246 instanti,
2977 2178 3087 2233 fuit
3118 2177 3437 2250 dispositio

2052 2261 2122 2319 ad
2162 2261 2412 2336 gratiam
2442 2260 2812 2326 habitualem,
2845 2266 2902 2316 et
2951 2258 3023 2315 ab
3067 2274 3134 2315 ea
3164 2259 3438 2318 effective

2053 2344 2356 2417 processit,
2402 2344 2595 2416 p.592,
2654 2358 2713 2398 ιι.
2764 2343 2857 2396 87.
2916 2344 3086 2395 Actus
3126 2339 3438 2398 charitatis

2052 2425 2266 2482 Christi
2332 2424 2565 2481 Domini
2612 2423 2864 2496 qualiter
2920 2423 2994 2477 sit
3058 2422 3427 2490 meritorius,

2052 2527 2107 2584 p.
2139 2510 2268 2573 675,
2303 2523 2360 2562 n.
2402 2507 2485 2561 13.
2539 2505 2754 2561 Meruit
2806 2502 3147 2576 acceptando
3175 2511 3429 2563 mortem

1967 2615 1974 2618 -
2050 2588 2162 2646 sibi
2192 2592 2551 2662 praeceptam,
2584 2588 2777 2659 p.676,
2813 2601 2873 2641 n.
2915 2588 2998 2639 14.

2125 2677 2525 2733 COGITATIO.
2552 2676 2813 2749 Congrua
2853 2676 3108 2746 vasquez
3144 2675 3423 2749 cogitatio

2050 2757 2206 2831 quid,
2241 2775 2297 2830 p.
2328 2758 2418 2823 20,
2454 2771 2512 2811 ιι.
2558 2755 2632 2810 39
2659 2761 2717 2811 et
2765 2771 2880 2827 seq.
2941 2754 3174 2810 Inutilis
3229 2762 3312 2812 est
3354 2756 3425 2812 ad

2049 2838 2248 2914 gratiae
2313 2835 2618 2894 efficaciam
2668 2827 3075 2895 declarandam
3100 2880 3114 2900 ‚
3203 2853 3262 2910 p.
3325 2838 3417 2905 22,

2052 2938 2110 2978 n.
2142 2920 2232 2975 32.
2281 2918 2544 2975 Plurima
2583 2934 2654 2974 ex
2680 2934 2747 2974 ea
2785 2923 3102 2991 sequuntur
3130 2918 3408 2976 inconve-

2051 3001 2365 3066 venientia,
2398 3018 2454 3074 p.
2479 3000 2570 3064 29,
2603 3003 2659 3055 et
2683 3014 2800 3071 seq.
2833 3015 2865 3054 a
2894 3015 2954 3054 n.
2985 3002 3058 3055 42
3086 2998 3156 3055 ad
3181 3001 3274 3055 46.

2125 3088 2560 3145 CONCURSUS.
2603 3088 2692 3141 An
2717 3102 3029 3143 concursus
3056 3086 3305 3159 praevius
3345 3086 3420 3142 sit

2052 3169 2270 3244 aliquid
2297 3172 2571 3231 creatum,
2590 3168 2793 3240 p.235,
2815 3183 2873 3225 n.
2894 3168 3025 3224 324.
3057 3170 3144 3224 Αιι
3167 3166 3239 3222 sit
3258 3167 3421 3239 ejus-

2051 3251 2183 3308 dem
2223 3247 2465 3306 rationis
2502 3248 2566 3303 in
2611 3247 2883 3305 omnibus
2909 3248 3097 3303 causis
3121 3245 3410 3313 secundis,

2052 3331 2193 3389 ibid.
2217 3334 2350 3389 325.
2373 3332 2443 3385 Et
2461 3328 2878 3386 determinatus
2906 3328 2978 3384 ad
3002 3329 3415 3401 particularem

2053 3421 2239 3472 actum
2280 3418 2358 3471 et.
2377 3413 2661 3477 effectum,
2715 3411 2855 3468 ibid.
2901 3413 3031 3467 326.
3089 3411 3179 3465 Fit
3230 3425 3264 3467 a
3290 3410 3415 3468 solo

2054 3499 2186 3562 Deo,
2214 3515 2268 3571 p.
2298 3496 2427 3560 236,
2457 3509 2519 3549 ιι.
2549 3494 2677 3549 327.
2711 3492 3005 3564 Recipitur
3032 3492 3094 3547 in
3120 3491 3422 3565 principiis

2054 3576 2387 3634 immediate
2407 3573 2737 3647 operativis,
2764 3572 2910 3628 ibid.
2929 3573 3058 3627 328.
3085 3570 3173 3626 Ab
3192 3572 3279 3628 eis
3301 3587 3423 3628 rea·

2056 3657 2188 3714 liter
2222 3655 2618 3729 distinguitur,
2669 3652 2811 3710 ibid.
2857 3654 2985 3708 329.
3039 3652 3423 3726 Distinguitur

2054 3739 2227 3795 etiam
2257 3735 2327 3793 ab
2354 3734 2702 3807 operatione,
2737 3731 2880 3790 ibid.
2913 3733 3042 3788 330.
3076 3734 3169 3787 An
3189 3733 3269 3788 sit
3286 3750 3420 3807 qua·

2055 3820 2205 3888 litas,
2233 3819 2421 3893 p.237‚
2457 3831 2516 3873 n.
2556 3817 2675 3882 166,
2708 3821 2765 3872 et
2788 3831 2903 3888 seq.
2935 3816 3066 3881 331,
3098 3819 3154 3870 et
3178 3815 3308 3871 332.
3335 3819 3423 3873 An

2055 3902 2336 3973 compleat
2355 3903 2541 3954 actum
2567 3898 2841 3970 primum,
2873 3914 2928 3970 p.
2947 3896 3076 3959 238,
3100 3910 3158 3951 n.
3184 3895 3315 3953 333.
3335 3900 3425 3953 An

2055 3985 2355 4039 concurrat
2381 3979 2580 4043 active,
2614 3976 2754 4033 ibid.
2789 3977 2919 4032 334.
2955 3976 3165 4047 Nequit
3191 3974 3419 4033 divini·

2055 4070 2146 4120 tus
2186 4080 2219 4121 a
2256 4064 2605 4120 simultaneo
2631 4059 2909 4132 separari,
2936 4077 2990 4132 p.
3017 4060 3149 4125 242,
3181 4075 3245 4116 ιι.
3290 4060 3421 4116 335.

2057 4149 2171 4203 Nec
2194 4162 2227 4202 e
2253 4151 2468 4206 contra.
2502 4141 2643 4199 ibid.
2676 4158 2735 4197 n.
2767 4141 2896 4196 336.

2131 4234 2534 4290 CONTRITIO.
2593 4232 2813 4303 Duplex
2852 4227 3142 4293 contritio,
3187 4245 3245 4301 p.
3289 4229 3421 4294 475,

2059 4334 2117 4374 n.
2141 4318 2272 4374 253.
2301 4317 2473 4371 Actus
2501 4312 2868 4371 contritionis
2896 4326 3012 4367 non
3038 4309 3216 4366 infert
3239 4326 3428 4368 neces·

2058 4398 2211 4455 sario
2223 4396 2542 4461 moraliter,
2560 4400 2617 4450 et
2630 4392 3008 4449 satisfactorie
3026 4392 3426 4450 remissionem

2058 4479 2309 4543 offensae,
2343 4495 2396 4551 p.
2422 4477 2551 4542 821,
2578 4493 2636 4532 ιι.
2663 4477 2755 4530 47.

2134 4565 2552 4620 CONVERSIO.
2589 4560 2907 4637 ‘Conversio
2937 4560 3110 4616 unius
3151 4559 3217 4616 in
3265 4559 3426 4617 aliud

2061 4662 2178 4705 non
2205 4651 2290 4703 est
2330 4643 2582 4701 nobilius
2625 4660 2766 4715 opus
2788 4639 3193 4717 justificatione
3228 4640 3422 4713 impii,

2061 4724 2206 4782 bene
2244 4730 2438 4782 tamen
2484 4722 2785 4780 conversio
2831 4721 2895 4777 in
2941 4735 3147 4792 corpus
3189 4718 3422 4788 Christi,

2061 4823 2117 4880 p.
2147 4807 2278 4872 654,
2313 4821 2371 4862 ιι.
2397 4806 2489 4861 46.

2137 4893 2465 4947 CREATIO.
2500 4894 2566 4946 In
2591 4905 2704 4964 quo
2749 4888 2961 4945 creatio
3009 4884 3081 4943 ab
3126 4885 3429 4945 eductione

2062 4972 2473 5047 distinguatur,
2505 4991 2566 5047 p.
2590 4973 2721 5037 276,
2756 4987 2813 5026 n.
2855 4969 2937 5024 15.

3573 2465 3579 2822 1
