3647 5753
1325 369 1505 424 DISP.
1550 369 1669 435 VII,
1717 370 1882 425 DUB.
1927 371 2019 426 IV.
2990 378 3063 432 87

185 542 282 593 tur
303 537 587 613 singulos
610 540 673 596 in
697 540 1028 613 particulari
1061 540 1297 598 referre.
1320 540 1569 597 Sufficiat

182 619 381 677 dicere
428 622 517 677 sic
561 622 764 679 docere
800 624 874 677 ΕΟ
901 623 1233 697 Theologos,
1264 629 1381 678 tam
1412 621 1567 679 anti-

179 716 347 773 quos,
381 717 571 774 qnam
597 702 900 759 modernos
920 703 1068 759 sacri
1097 702 1330 759 Ordinis
1358 702 1568 759 Praedi-

181 786 476 847 catorum,
499 797 647 854 quos
670 782 855 838 citatis
876 782 1012 839 locis
1036 782 1214 838 refert
1236 783 1408 839 Vives
1426 798 1568 839 con-

182 865 275 915 tra
300 860 626 916 scientiam
656 860 906 917 mediam
933 862 1076 933 disp.
1111 864 1193 926 19,
1217 862 1351 917 dist.
1373 866 1428 926 2,
1461 864 1562 931 32,

179 940 385 1011 eisque
435 957 742 1013 possemus
767 957 837 998 ex
884 941 1084 999 eodem
1127 942 1343 999 Ordine
1383 943 1568 999 multo

185 1020 387 1091 plures
410 1019 691 1093 adjicere.
720 1021 810 1077 Sic
848 1023 1023 1079 etiam
1066 1020 1267 1080 docent
1295 1022 1566 1096 Theologi

181 1117 493 1158 sacrarum
537 1103 905 1176 Religionum
947 1104 1367 1161 canonicorum
1411 1106 1569 1159 Prae-

186 1184 766 1248 monstratensium‚.
796 1185 858 1240 B.
915 1184 1114 1239 Mariae
1163 1183 1232 1240 de
1282 1184 1562 1250 Mercede,

184 1265 248 1318 D.
285 1264 668 1337 Hieronymi,
696 1266 1074 1321 Minimorum
1099 1268 1152 1322 S.
1184 1266 1469 1322 Francisci
1498 1264 1569 1323 de

184 1345 384 1411 Paula,
439 1347 688 1401 Patrum
736 1346 1089 1404 clericorum
1138 1349 1457 1415 Minorum,
1512 1354 1567 1404 et

183 1426 687 1491 carmelitarum3
735 1441 874 1497 quos
935 1428 1122 1483 cuncti
1184 1427 1384 1483 vident
1448 1432 1566 1483 tam

181 1504 432 1577 scriptis,
491 1522 674 1577 quam
727 1520 865 1562 voce
909 1507 989 1563 sic
1043 1508 1235 1579 palam
1289 1522 1562 1564 asserere.

183 1583 339 1642 Idem
391 1585 581 1642 etiam
635 1584 796 1643 docet
858 1588 1206 1659 gravissima
1259 1588 1567 1645 Academia

183 1666 576 1721 Lovaniensis
605 1665 670 1720 in
697 1666 923 1737 scriptis
948 1670 1009 1722 D.
1039 1669 1342 1742 Augustini
1369 1685 1566 1724 versa-

184 1745 429 1812 tissima,
477 1746 650 1818 cnjus
696 1747 890 1820 plures
929 1749 1197 1804 alumnos
1226 1748 1403 1805 refert
1430 1749 1565 1823 Syl-

183 1828 311 1881 vius
324 1845 515 1899 opusc.
543 1830 611 1882 de
626 1831 860 1884 motione
879 1833 1049 1903 primi
1064 1830 1316 1896 MotoriS,
1337 1838 1488 1903 part.
1504 1834 1559 1897 2,

183 1914 291 1963 art.
330 1910 430 1964 26.
485 1911 662 1964 Docet
710 1915 984 1981 pra-terea
1028 1912 1224 1968 scotus
1268 1927 1399 1968 cum
1445 1912 1564 1967 suis

183 1988 509 2060 discipuliS,
557 2004 703 2060 quos
751 1991 926 2045 refert
967 1991 1139 2047 Vives
1184 1991 1281 2047 ubi
1312 2008 1502 2064 supra
1549 2012 1562 2046 ε

186 2070 451 2141 quamvis
478 2072 649 2126 enim
680 2072 873 2127 Scotus
903 2087 1018 2129 non
1048 2079 1219 2144 ponat
1257 2072 1563 2129 efficaciam

187 2151 382 2225 gratiae
404 2151 469 2207 in
501 2151 696 2208 forma
720 2152 1039 2210 inhaerente
1059 2177 1071 2219 ;
1097 2154 1348 2228 assignat
1369 2159 1562 2210 tamen

188 2230 400 2303 aliquid
430 2232 785 2289 antecedens
814 2232 1208 2291 infallibiliter
1236 2250 1559 2291 connexum

188 2328 313 2367 cnm
364 2313 588 2369 nostris
649 2313 884 2379 actibus,
939 2328 1147 2386 nempe
1207 2317 1561 2371 voluntatem

192 2393 288 2448 Dei
307 2391 619 2458 efficacem,
653 2400 709 2450 et
732 2394 1142 2468 sympathiam,
1174 2395 1296 2451 sive
1336 2395 1562 2451 infalli-

192 2470 362 2527 bilem
411 2488 766 2529 consensum
814 2479 1028 2531 nostrae
1071 2474 1385 2531 voluntatis
1429 2490 1560 2530 cum

193 2553 310 2609 illa.
343 2556 562 2611 Docent
589 2554 842 2626 denique
869 2555 970 2611 alii
1014 2556 1343 2629 gravissimi
1373 2557 1561 2633 Theo-

110 2624 160 2715 !g:
193 2631 319 2704 logi,
385 2633 624 2699 Driedo,
685 2634 967 2698 Ruardus‚
1020 2634 1230 2699 Curiel‚
1295 2637 1555 2710 Cornej0,

110 2706 157 2767 ἐι.
192 2712 430 2778 Lezana.
504 2716 782 2789 Villegas,
853 2715 1102 2772 Basilius
1166 2716 1553 2790 Legionensi5‚

110 2782 328 2865 {Ja‘f‘Ruffi
363 2797 531 2860 Ram,
561 2799 616 2852 et
641 2796 745 2851 alii
773 2796 1087 2864 innumeri,
1106 2812 1246 2869 quos
1269 2798 1558 2869 prolixum

110 2882 164 2964 tf-
191 2881 331 2932 esset
353 2878 601 2934 referre.
635 2876 801 2934 Unde
819 2880 867 2933 si
899 2878 966 2934 ad
996 2879 1403 2935 authoritatem
1424 2881 1560 2936 Doc-

110 2934 158 3013 in.
193 2961 374 3013 torum
410 2957 803 3024 attendamuS,
836 2965 1033 3016 nostra
1068 2958 1353 3016 sententia
1391 2960 1558 3034 longe

110 3030 145 3111 ’,ζ
192 3036 401 3092 excedit
429 3039 761 3104 adversam,
792 3040 1109 3111 praesertim
1131 3039 1183 3094 si
1210 3054 1398 3094 sacras
1418 3055 1558 3096 con-

193 3116 506 3174 sideremus
535 3119 900 3192 Religiones;
940 3121 1163 3176 nullam
1189 3119 1401 3193 qnippe
1438 3120 1556 3177 Ad-

195 3201 426 3256 versarii
458 3200 810 3273 persuadere
831 3201 1118 3274 hucusque
1139 3205 1469 3274 potuerunt,
1496 3209 1558 3259 ut

194 3294 385 3336 eorum
424 3280 735 3336 sententia:
775 3281 838 3338 in
876 3282 1171 3338 communi
1213 3281 1550 3350 subscribat,

196 3365 278 3420 vel
298 3380 424 3421 eam
466 3366 531 3422 in
574 3364 873 3421 communi
903 3369 1163 3428 tueatur;
1201 3379 1331 3419 cum
1361 3368 1555 3420 tamen

195 3444 376 3515 plures
397 3445 613 3520 integri
637 3443 898 3509 Ordines,
925 3458 1027 3499 nec
1052 3441 1241 3498 infimi
1269 3442 1550 3510 subsellii,

197 3541 292 3595 pro
319 3529 836 3584 Dominicanorum
863 3540 1032 3580 causa
1054 3527 1200 3595 (quae
1235 3527 1298 3580 D.
1332 3529 1557 3599 Augus-

196 3605 316 3669 tini,
349 3612 405 3662 et
432 3610 497 3664 D.
531 3608 772 3662 Thomae
798 3607 902 3674 est)
924 3603 1194 3661 omnibus
1229 3605 1427 3660 nervis
1452 3603 1556 3660 de-

197 3690 419 3743 certent.
451 3687 778 3743 videantur
806 3685 1086 3741 Authores
1113 3685 1267 3741 citati
1313 3691 1456 3740 tomo
1504 3687 1549 3750 l,

199 3771 349 3822 tract.
379 3769 432 3834 3,
446 3767 592 3839 disp.
622 3767 706 3831 10,
731 3765 857 3821 dub.
884 3766 939 3831 8,
965 3768 996 3834 5
1026 3766 1044 3819 l
1073 3771 1122 3818 et
1150 3771 1313 3840 tract.
1332 3767 1385 3830 4,
1407 3766 1550 3837 disp.

208 3845 285 3909 10,
312 3847 435 3904 dub.
461 3849 514 3914 3,
533 3852 565 3917 ς
586 3849 624 3901 2
642 3853 692 3900 et
715 3847 774 3900 in
794 3845 892 3900 hoc
914 3851 1075 3900 tract.
1100 3844 1241 3917 disp.
1269 3847 1323 3910 4,
1348 3845 1475 3901 dub.
1493 3847 1548 3909 6,

202 3928 230 3993 ἕ
252 3928 285 3981 2
308 3936 354 3982 et
380 3929 509 3984 dub.
536 3928 762 4001 pra-ced.
786 3930 818 3995 ἕ
838 3930 1037 3993 7,nam
1063 3940 1263 3982 omnes
1286 3925 1551 3997 praesenti

203 4008 491 4064 assertioni
521 4007 907 4064 subscribunt.

272 4089 399 4152 Qnae
425 4093 609 4161 potest
639 4086 869 4159 probari
892 4084 1163 4143 omnibus
1185 4085 1555 4142 authoritati-

207 4163 318 4231 bus,
360 4171 415 4224 et
442 4165 782 4231 rationibus,
811 4180 952 4238 quas
980 4164 1116 4221 locis
1157 4162 1328 4220 modo
1369 4164 1554 4221 citatis

205 4246 602 4317 expendimus;
631 4245 730 4302 sed
775 4250 999 4316 oportet
1044 4249 1107 4298 ut
1149 4243 1337 4300 denuo
1376 4258 1555 4300 novas

207 4324 306 4396 ipsi
329 4327 482 4382 vires
511 4326 868 4400 adiiciamus.
901 4324 1179 4387 Quamvis
1224 4328 1416 4380 antem
1457 4323 1554 4378 in-

207 4419 433 4462 numera
477 4407 598 4462 sint
649 4404 998 4469 testimonia,
1048 4409 1167 4459 tam
1219 4403 1548 4475 Scriptum,

207 4499 361 4554 quam
390 4487 801 4550 conciliorum,
830 4491 887 4541 et
912 4485 1006 4539 SS.
1041 4484 1298 4547 Patrnm,
1324 4497 1395 4538 ex
1420 4483 1553 4555 qui-

209 4560 302 4619 bus
331 4565 466 4621 satis
502 4570 701 4638 aperte
725 4565 1049 4638 colligitur;
1081 4561 1465 4618 nihilominus
1494 4567 1555 4618 ut

104 4669 187 4714 m,
209 4644 439 4700 vitemus
464 4645 877 4716 prolixitatem,
902 4659 969 4699 ea
990 4642 1267 4698 duntaxat
1308 4642 1368 4697 in
1398 4642 1553 4712 hocfi

104 4720 449 4815 &breviter
492 4723 899 4797 expendemus,
949 4738 1074 4795 quae
1117 4721 1416 4778 selectiora
1463 4721 1555 4777 vi-

105 4817 171 4870 τῑρ-
213 4800 433 4871 dentur3
465 4805 582 4860 alia
621 4818 779 4869 vero,
809 4808 872 4858 ut
911 4801 1248 4875 oportuerit,
1282 4801 1416 4857 aliis
1457 4817 1555 4857 ar-

104 4874 164 4911 n·
213 4886 484 4957 gumentis
541 4883 852 4942 inserenda
893 4888 1049 4939 sunt.
1094 4881 1379 4939 Probatur
1421 4898 1558 4957 ergo

116 1042 155 1319 srvffe⁴

219 4964 393 5035 primo
427 4982 499 5023 ex
531 4966 859 5037 Scriptura;
897 4979 1032 5019 nam
1081 4963 1144 5019 in
1188 4962 1397 5036 primis
1438 4961 1559 5019 fre-
1611 4996 1625 5020 .

1697 544 1941 613 quenter
1975 541 2153 611 docet,
2187 543 2483 600 hominem
2519 559 2636 602 non
2678 560 2839 616 posse
2886 544 3063 600 resis-

1698 627 1817 677 tere
1845 623 1946 679 Dei
1974 624 2276 687 voluntati,
2298 624 2682 697 utSapientiae
2710 626 2765 679 ll
2801 645 2813 679 :
2858 624 3061 680 Virtuti
3074 650 3170 699 sap.
3193 652 3257 691 ῃ,

1697 700 1912 758 brachii
1936 705 2022 758 tui
2045 706 2171 781 quis
2188 705 2439 760 resistet?
2466 706 2668 761 Esther
2699 706 2762 759 13
2791 727 2804 760 ι
2828 706 2958 761 Non
2984 714 3059 760 est

1698 785 1795 858 qui
1829 786 1998 857 possit
2025 791 2127 839 tum
2150 786 2397 840 resistere
2422 787 2714 849 voluntati,
2739 787 2790 839 si
2814 785 3061 840 decreve-

1697 863 1778 917 ris
1823 863 2045 918 salvare
2090 862 2290 919 Israel.
2343 862 2428 918 Ad
2470 866 2635 920 Rom.
2663 864 2738 918 9:
2782 862 3061 920 Voluntati

1696 943 1813 1012 ejus
1832 945 1954 1019 quis
1979 944 2225 998 resistit?
2245 944 2403 999 lsaiae
2436 945 2498 999 14
2521 965 2533 998 :
2555 945 2827 999 Dominus
2846 947 3061 999 exerci-

1698 1030 1855 1078 tuum
1893 1024 2124 1079 decrevit
2164 1032 2213 1079 et
2241 1028 2365 1102 quis
2400 1027 2598 1099 poterit
2627 1026 2957 1095 infirmare?
2991 1028 3059 1080 Et

1698 1102 1836 1159 alibi
1859 1118 2025 1176 saepe.
2053 1106 2187 1168 Quae
2215 1103 2285 1160 ad
2315 1105 2510 1160 minus
2536 1104 2839 1178 designant
2867 1104 3059 1177 impo-

1697 1185 1937 1241 tentiam
1982 1183 2286 1242 resistendi
2329 1185 2393 1241 in
2431 1202 2601 1242 sensu
2635 1186 2970 1258 composito,
2997 1188 3056 1243 Si

1698 1270 1890 1321 autem
1942 1266 2248 1329 auxilium,
2299 1264 2489 1322 medio
2538 1281 2649 1339 quo
2701 1268 2847 1322 Deus
2890 1282 3056 1322 suam

1696 1346 1998 1419 exequitur
2025 1348 2402 1412 voluntatem,
2436 1361 2553 1403 non
2580 1352 2728 1403 esset
2751 1362 2821 1403 ex
2847 1363 2908 1404 se
2933 1347 3058 1403 effi-

1696 1441 1817 1492 cax,
1840 1426 1895 1481 id
1911 1432 1995 1483 est
2017 1426 2408 1489 infallibiliter
2430 1442 2753 1483 connexum
2775 1443 2905 1484 cum
2927 1444 3059 1485 con·

1695 1521 1888 1570 sensu,
1935 1510 2122 1579 posset
2160 1507 2428 1563 voluntas
2472 1512 2658 1563 creata
2697 1506 2913 1564 divinae
2952 1526 3057 1566 vo-

1697 1587 1905 1644 luntati
1976 1587 2241 1644 resistere
2273 1612 2286 1654 ;
2354 1586 2637 1660 siquidem
2701 1605 3057 1663 quocumque

1697 1668 1916 1725 auxilio
1957 1670 2156 1741 posito,
2199 1670 2420 1725 valeret
2461 1668 2605 1724 illud
2654 1668 2951 1737 frustrare,
3001 1677 3059 1729 et

1694 1763 1823 1803 cum
1847 1762 1915 1804 eo
1936 1763 2281 1820 componere
2302 1747 2624 1804 dissensum
2655 1770 2668 1804 ι
2692 1765 2827 1824 ergo
2855 1749 3058 1806 dicen-

1694 1828 1834 1885 dum
1861 1833 1964 1894 est,
1996 1828 2123 1885 dari
2171 1827 2400 1901 aliquod
2442 1829 2724 1885 auxilium
2754 1846 2824 1887 ex
2851 1848 2912 1888 se
2931 1832 3056 1888 effi-

1694 1925 1816 1977 cax,
1844 1914 1900 1967 et
1920 1926 1990 1966 ex
2020 1910 2273 1982 propriis
2302 1908 2618 1983 praedicatis
2647 1910 2904 1968 inferens
2925 1928 3058 1969 con·

1693 2005 1949 2045 sensum.

1778 2070 1896 2124 130.
1943 2072 2198 2133 Quarum
2247 2068 2660 2125 authoritatum
2715 2070 2891 2127 robur
2938 2088 3054 2128 non

1695 2148 2060 2223 infringitur,
2092 2149 2141 2204 si
2165 2148 2404 2215 dicatur,
2435 2150 2615 2204 Deum
2638 2164 2753 2206 non
2776 2151 2923 2206 velle
2944 2152 3060 2207 essi-

1693 2230 1918 2295 caciter,
1968 2235 2025 2286 et
2069 2229 2326 2289 absolute
2374 2244 2716 2285 consensum
2772 2236 3052 2298 nostrum,

1694 2311 1806 2367 nisi
1836 2311 2127 2383 supposita
2165 2310 2516 2383 praescientia
2542 2310 2944 2368 conditionatae
2964 2312 3060 2368 fu-

1692 2392 1989 2448 turitionis
2013 2392 2174 2447 illius
2197 2415 2210 2457 ;
2237 2407 2300 2447 ac
2316 2392 2558 2465 proinde
2580 2390 2754 2449 totam
2778 2393 3062 2465 impoten-

1694 2474 1833 2530 tiam
1876 2489 1993 2530 non
2037 2473 2268 2530 fundari
2297 2474 2360 2529 in
2387 2473 2663 2545 qualitate
2690 2474 2915 2541 auxilii,
2957 2474 3057 2531 sed

1693 2554 1906 2627 inipso
1943 2559 2219 2610 creaturae
2267 2569 2544 2610 consensu
2589 2554 2854 2625 praeviso.
2899 2558 3056 2620 Quo-

1693 2633 1875 2699 niam,
1919 2639 2039 2690 esto
2078 2634 2241 2705 juxta
2288 2632 2436 2690 hanc
2480 2633 2825 2690 solutionem
2871 2641 3055 2707 posset

1690 2714 1927 2779 salvari,
1960 2714 2109 2787 quod
2152 2719 2416 2771 creatura
2460 2720 2605 2771 esset
2651 2715 2935 2787 impotens
2983 2716 3054 2773 ad

1693 2793 2075 2851 resistendum
2118 2793 2332 2851 divinae
2368 2794 2648 2851 voluntati
2678 2794 2967 2863 absolutae,
2998 2801 3056 2854 et

1684 2875 1805 2949 jam
1836 2875 2052 2932 volenti
2081 2898 2095 2941 ;
2127 2875 2375 2931 minime
2408 2880 2602 2932 tamen
2635 2876 2852 2932 salvari
2879 2879 3048 2943 valet,

1688 2956 1839 3028 quod
1864 2973 1980 3013 non
2011 2957 2185 3029 possit
2213 2956 2541 3030 praedictam
2572 2960 2924 3015 voluntatem
2948 2961 3056 3016 im·

1691 3037 1908 3111 pedire,
1950 3044 2007 3093 et
2048 3036 2234 3095 facere
2263 3054 2336 3096 ne
2379 3042 2525 3095 Deus
2558 3040 2728 3106 velit;
2770 3040 3052 3112 siquidem

1689 3120 1838 3175 Deus
1867 3133 1983 3175 non
2009 3123 2188 3190 potest
2212 3119 2363 3175 velle
2387 3134 2727 3175 consensum
2756 3126 3049 3184 creatura),

1689 3197 1802 3253 nisi
1834 3197 2164 3270 praeviderit
2187 3214 2320 3255 eum
2341 3197 2729 3256 conditionate
2757 3200 3015 3256 futurum
3035 3225 3049 3267 ;

1686 3284 1743 3336 et
1766 3285 2029 3336 creatura
2056 3285 2236 3352 potest
2276 3280 2581 3353 impedire,
2616 3297 2689 3338 ne
2727 3285 2873 3338 Deus
2902 3299 3051 3355 prae-

1687 3358 1920 3416 viderit.
1947 3362 2094 3416 Deus
2128 3365 2320 3417 autem
2361 3366 2445 3417 est
2471 3360 2612 3419 adeo
2640 3361 2808 3426 liber,
2841 3368 2898 3419 et
2922 3379 3054 3419 om-

1688 3437 2029 3510 nipotensin
2052 3437 2316 3504 volend0‚
2347 3448 2406 3494 ut
2430 3455 2532 3496 nec
2558 3439 2829 3496 frustrari
2853 3441 3051 3498 effectu

1687 3519 1930 3584 intento,
1962 3535 2066 3576 nec
2095 3520 2387 3592 impediri,
2432 3520 2574 3593 quin
2616 3520 2876 3577 intendat
2902 3522 3052 3594 quod

1687 3599 1956 3663 voluerit,
2002 3604 2183 3670 potest
2223 3598 2293 3654 ab
2323 3599 2442 3654 ulla
2468 3605 2748 3665 creatura,
2792 3605 2853 3655 ut
2890 3617 3052 3657 sacra

1685 3679 1979 3751 Scriptura
2021 3679 2156 3735 locis
2198 3678 2393 3735 relatis
2421 3678 2565 3734 satis
2604 3686 2797 3750 aperte
2823 3680 3051 3754 signifi-

1685 3764 1791 3822 cat,
1821 3761 1877 3813 et
1918 3773 1988 3813 ex
2028 3759 2111 3814 eis
2150 3756 2308 3814 docet
2354 3761 2590 3831 August.
2622 3759 2715 3814 lib.
2746 3760 2812 3815 de
2850 3778 3052 3816 correc-

1685 3838 1831 3892 tione
1860 3844 1910 3892 et
1932 3839 2140 3906 qratia,
2182 3854 2304 3909 cap.
2357 3837 2441 3902 14,
2488 3836 2584 3893 uhi
2626 3839 2859 3911 inquit:
2895 3863 2920 3893 α
2962 3841 3054 3896 Sic

1692 3938 1718 3969 α
1759 3916 1919 3974 enim
1949 3917 2116 3981 velle,
2145 3918 2233 3972 vel
2259 3916 2414 3972 nolle
2441 3916 2505 3972 in
2528 3918 2794 3985 volentiS,
2822 3925 2919 3975 aut
2945 3936 3053 3976 no-

1692 4020 1717 4051 «
1759 3998 1934 4055 lentis
1954 4001 2038 4054 est
2065 4002 2356 4069 potestate,
2393 4003 2453 4052 ut
2479 3996 2745 4055 divinam
2782 4001 3055 4057 volunta-

1692 4099 1717 4129 α
1759 4083 1874 4134 tem
1908 4093 2026 4134 non
2070 4078 2364 4151 impediat,
2417 4094 2519 4134 nec
2552 4086 2777 4150 superet
2806 4086 3054 4153 potesta-

1691 4181 1717 4210 «
1760 4163 1897 4215 tem.
1929 4158 2088 4223 Quod
2115 4158 2227 4214 nisi
2269 4157 2570 4214 credamus
2596 4162 2799 4238 (inquit
2827 4179 2948 4233 cap.
2981 4163 3054 4215 95

1691 4259 1717 4290 α
1759 4237 2082 4306 Εηοὴίνίἀ.)
2110 4238 2467 4310 periclitatur
2492 4239 2681 4311 ipsum
2711 4245 2923 4297 nostrae
2953 4241 3053 4295 Fi-

1692 4341 1717 4372 α
1760 4317 1854 4375 dei
1914 4318 2286 4375 confessionis
2345 4319 2603 4386 initium,
2660 4333 2772 4393 quo
2824 4337 2927 4377 nos
2991 4322 3054 4378 in

1692 4421 1718 4450 α
1760 4402 1943 4455 Deum
2006 4400 2237 4454 Patrem
2303 4398 2760 4471 omnipotentem
2823 4400 3056 4459 credere

1691 4504 1717 4533 α
1761 4480 2119 4554 profitemur.
2168 4480 2245 4536 Et
2295 4480 2375 4537 lib
2428 4480 2545 4536 iad
2584 4481 3049 4553 Simplicianum‚

1691 4583 1717 4613 α
1758 4576 1813 4632 q.
1846 4562 1901 4616 2.
1927 4561 2083 4615 addit
2117 4558 2298 4615 :Illud
2321 4564 2512 4616 autem
2537 4559 2744 4623 nescio,
2770 4560 3057 4632 quomodo

1692 4664 1718 4695 α
1759 4640 2003 4706 dicatur,
2035 4639 2249 4695 frustra
2281 4642 2457 4696 Deum
2488 4639 2772 4701 misereri.
2810 4641 2922 4697 nisi
2954 4658 3058 4699 nos

1693 4743 1718 4773 α
1760 4720 2029 4776 velimus.
2080 4719 2138 4774 Si
2185 4719 2343 4776 enim
2387 4722 2534 4774 Deus
2581 4719 2905 4786 miseretur,
2933 4722 3056 4796 jam

1693 4823 1720 4854 α
1763 4802 2049 4857 volumus.
2082 4800 2167 4855 Ad
2194 4798 2438 4857 eandem
2467 4799 2680 4872 quippe
2723 4801 3060 4861 misericor-

1698 4905 1724 4937 α
1765 4881 1926 4937 diam
1955 4881 2223 4954 pertinet,
2252 4887 2311 4937 ut
2338 4880 2606 4937 velimus.
2653 4903 2678 4932 n

1776 4963 1898 5019 131.
1943 4963 2225 5018 Praeterea
2254 4960 2407 5017 idem
2441 4959 2725 5034 significat
2767 4964 3060 5039 Scriptura

3074 698 3278 790 aaa..

3150 797 3178 837 9

3075 828 3198 888 Isiia‘e
3212 847 3273 888 14.

3113 2062 3224 2119 Fe'm'·

3095 2120 3225 2163 mum.

3070 2548 3254 2591 Praeclu-

3093 2596 3229 2644 ditur,

3082 3781 3247 3835 naus.
