3647 5753
378 1484 566 1578 ‹ll-‘itta

571 405 684 462 260

572 575 761 633 ordine
779 578 856 632 ad
879 580 1189 636 ulteriorem
1204 582 1364 651 finem
1384 599 1405 650 ;
1429 585 1486 638 et
1505 581 1777 638 similiter
1802 597 1936 654 pos-

573 661 659 714 set
702 659 970 714 voluntas
1018 658 1229 734 absque
1269 667 1492 734 peccato
1530 661 1740 718 elicere
1783 661 1937 717 hunc

575 741 763 795 actum
794 759 807 794 ε
849 737 973 796 Volo
988 740 1379 797 beatitudinem
1396 742 1715 798 naturalem
1741 742 1938 815 ubsque

574 819 764 875 ordine
808 821 883 874 ad
919 823 1225 878 ulteriorem
1254 824 1439 894 finem.
1477 825 1624 880 Nam
1678 821 1938 880 carentia

577 900 858 977 praedictae
877 902 1262 961 ordinationis
1282 902 1598 961 secundum
1624 919 1685 960 se
1711 920 1829 961 non
1855 906 1941 959 est

574 983 829 1041 carentia
852 984 1209 1041 rectitudinis
1235 983 1442 1042 debitae
1470 984 1659 1041 inesse
1691 984 1933 1059 judicio,

575 1071 634 1124 et
652 1065 917 1123 volitioni
940 1066 1244 1141 angelicisz
1266 1065 1365 1124 sed
1391 1072 1475 1123 est
1501 1081 1667 1123 mera
1689 1065 1935 1140 negatio.

581 1147 744 1205 Unde
772 1147 900 1204 licet
944 1154 1005 1203 ut
1028 1149 1328 1222 conjuncta
1372 1164 1501 1204 cum
1545 1153 1822 1221 praecepto
1866 1146 1944 1202 sit

580 1229 752 1294 mala,
782 1227 1166 1285 nihilominus
1191 1226 1505 1285 secundum
1527 1244 1588 1285 se
1615 1233 1856 1300 accepta,
1887 1231 1943 1282 et

583 1312 642 1365 ut
664 1308 938 1364 terminat
965 1308 1278 1380 potentiam
1309 1307 1761 1373 antecedentem,
1794 1313 1851 1364 et
1879 1306 1943 1362 in

582 1406 749 1449 sensu
796 1389 1001 1451 diviso.
1034 1392 1257 1447 nullam
1296 1389 1587 1464 praesefert
1628 1389 1938 1446 malitiam.

656 1475 743 1527 Ex
789 1471 860 1527 iis
913 1472 1080 1528 facile
1104 1479 1323 1529 constat
1361 1471 1431 1528 ad
1480 1472 1753 1545 replicam
1785 1496 1800 1537 ,ι
1839 1485 1946 1526 ne-

582 1551 769 1628 ganda
795 1552 956 1609 enim
995 1557 1080 1608 est
1111 1554 1357 1625 sequela.
1381 1553 1675 1617 Quoniam
1705 1556 1766 1606 ut
1795 1549 1946 1608 voli-

584 1636 683 1701 tio,
703 1629 874 1707 quam
899 1634 1149 1707 Angelus
1171 1633 1368 1690 habuit
1386 1633 1448 1691 in
1467 1634 1657 1706 primo
1678 1631 1940 1698 instanti,

582 1716 733 1772 circa
771 1714 1041 1770 ultimum
1071 1712 1246 1770 finem
1289 1716 1816 1786 supernaturalem,
1852 1712 1946 1769 vel

583 1797 733 1854 circa
750 1797 1075 1852 naturalem
1088 1801 1150 1852 ut
1165 1796 1594 1868 supernaturali
1608 1794 1949 1852 subordina-

582 1882 726 1942 tum,
754 1876 929 1933 fuerit
950 1875 1152 1941 libera,
1182 1876 1322 1931 satis
1353 1875 1480 1947 fuit,
1514 1874 1664 1948 quod
1695 1874 1946 1948 potuerit

582 1955 796 2014 habere
817 1957 878 2013 in
905 1955 1107 2013 eodem
1138 1956 1380 2012 instanti
1417 1954 1699 2029 iudicium
1723 1953 1945 2011 dictans

583 2035 923 2092 volitionem
937 2034 1073 2091 finis
1091 2032 1755 2102 naturalis,sistendoibi.
1767 2034 1949 2090 Porro

587 2115 735 2172 Deus
762 2114 946 2187 potuit
973 2113 1226 2172 absolute
1266 2115 1369 2171 hoc
1403 2112 1684 2187 judicium
1713 2126 1951 2170 causare

587 2194 861 2262 absolute,
887 2201 942 2253 et
968 2194 1285 2252 secundum
1315 2209 1397 2259 se,
1427 2193 1552 2250 sive
1576 2194 1639 2250 in
1665 2209 1836 2251 sensu
1855 2192 1950 2248 di-

590 2277 1005 2351 viso,quamvis
1027 2294 1144 2334 non
1168 2277 1416 2350 potuerit
1438 2275 1771 2349 praedictum
1786 2274 1950 2350 judi-

591 2360 745 2416 cium
798 2375 1142 2432 componere
1187 2375 1316 2414 cum
1347 2363 1623 2431 praecepto
1666 2372 1951 2430 superna-

593 2440 767 2495 turali
788 2440 849 2495 in
871 2437 1071 2495 eodem
1096 2438 1335 2495 instanti
1357 2437 1810 2511 obligante3nam
1835 2436 1953 2492 haec

590 2519 778 2576 solum
800 2523 885 2574 est
913 2518 1252 2590 impotentia
1275 2518 1590 2574 secundum
1619 2516 1775 2589 quid,
1808 2521 1865 2572 et
1889 2516 1951 2571 in

591 2613 762 2656 sensu
800 2600 1130 2672 composito,
1181 2616 1307 2671 quae
1334 2614 1451 2655 non
1503 2597 1834 2671 praejudicat
1875 2597 1953 2652 li-

592 2680 797 2737 bertati
820 2680 917 2736 Dei
944 2680 1004 2736 in
1024 2680 1308 2737 causando
1332 2681 1442 2736 tale
1458 2679 1761 2751 judicium.
1789 2677 1953 2734 Unde

592 2762 859 2817 voluntas
902 2761 1105 2835 Angeli
1144 2767 1206 2817 ut
1249 2760 1621 2818 subordinata
1667 2759 1952 2816 voluntati

595 2840 713 2907 Dei,
745 2840 938 2898 taliter
964 2857 1024 2899 se
1043 2841 1346 2900 *convertit
1368 2841 1437 2899 ad
1466 2839 1641 2898 finem
1669 2854 1955 2913 superna-

595 2923 861 2988 turalem,
892 2921 1041 2994 quod
1071 2924 1321 2995 potuerit
1343 2939 1458 2980 non
1482 2922 1759 2987 converti,
1788 2926 1956 2994 atque

597 3002 725 3061 ideo
748 3003 926 3061 libere
949 3020 1010 3060 se
1035 3004 1210 3079 gessit
1237 3005 1299 3060 in
1328 2998 1519 3077 prima
1549 3003 1651 3060 illa
1671 3018 1955 3075 superna-

595 3084 772 3140 turali
797 3080 1095 3140 volitione.
1129 3085 1242 3141 Nec
1268 3093 1463 3141 tamen
1489 3083 1768 3157 sequitur,
1805 3081 1954 3154 quod

595 3164 844 3237 potuerit
867 3164 928 3220 in
959 3164 1147 3236 primo
1168 3165 1405 3221 instanti
1432 3178 1660 3237 peccare
1686 3187 1700 3231 ;
1723 3164 1860 3236 quia
1886 3161 1956 3219 ad

595 3245 701 3301 hoc
728 3244 1145 3318 requirebatur,
1195 3243 1345 3319 quod
1375 3250 1558 3317 posset
1604 3243 1814 3301 habere
1861 3258 1959 3300 ca-

596 3323 845 3381 rentiam
866 3324 1259 3381 conversionis
1288 3340 1404 3382 non
1429 3325 1620 3381 solum
1642 3321 1957 3380 secundum

592 3419 672 3469 se,
697 3409 753 3460 et
775 3404 1038 3479 negative
1066 3410 1373 3478 acceptam,
1403 3402 1500 3461 sed
1527 3404 1702 3460 etiam
1731 3408 1794 3459 ut
1819 3419 1959 3459 con-

592 3483 947 3559 jungendam
1004 3501 1134 3542 cum
1201 3490 1498 3559 praecepto,
1560 3489 1617 3541 et
1675 3483 1960 3557 privative

595 3563 1032 3622 consideratam.
1061 3566 1131 3619 Et
1154 3564 1419 3637 quamvis
1444 3564 1493 3620 si
1518 3563 1704 3635 reipsa
1725 3564 1960 3619 omitte-

599 3649 705 3711 ret,
752 3645 938 3718 reipsa
986 3650 1273 3717 peccaret;
1326 3645 1429 3702 hoc
1474 3660 1591 3701 non
1619 3641 1749 3700 ideo
1792 3648 1956 3710 esset,

597 3725 732 3798 quia
747 3725 851 3781 illa
870 3725 1125 3784 carentia
1136 3723 1450 3782 secundum
1467 3740 1528 3781 se
1546 3723 1622 3779 sit
1639 3728 1924 3796 peccatum
1942 3744 1958 3789 ;

597 3805 697 3864 sed
718 3806 851 3880 quia
874 3807 938 3863 in
953 3808 1226 3865 exercitio
1239 3808 1682 3881 conjungeretur
1698 3804 1963 3861 acciden-

598 3888 795 3945 taliter
845 3904 977 3945 cum
1021 3895 1316 3962 praecepto,
1349 3905 1382 3946 a
1408 3904 1520 3962 quo
1546 3886 1861 3944 secundum
1900 3901 1962 3943 se

603 3978 827 4043 accepta
868 3970 1195 4043 praescindit
1225 3994 1239 4038 ;
1267 3987 1401 4026 nam
1428 3967 1685 4032 omissio,
1713 3973 1774 4024 ut
1791 3983 1963 4024 exer-

591 4051 713 4108 -cite
736 4050 1006 4115 existens,
1057 4055 1143 4106 est
1182 4049 1377 4106 minus
1422 4048 1738 4122 praecisiva,
1788 4063 1964 4120 quam

603 4129 917 4189 secundum
947 4145 1025 4195 se,
1051 4135 1108 4187 et
1137 4134 1196 4184 ut
1224 4129 1513 4202 possibilis
1537 4127 1783 4185 existere
1808 4149 1822 4183 z
1853 4143 1966 4201 quo

606 4216 766 4284 pacto
810 4207 1215 4283 correspondet
1266 4210 1531 4282 potentiae
1581 4206 1960 4273 antecedenti,

592 4297 663 4351 et
682 4293 744 4349 in
760 4308 929 4349 sensu
959 4290 1162 4348 diviso.
1195 4291 1355 4357 Quod
1378 4296 1569 4349 autem
1591 4289 1662 4348 de
1689 4286 1967 4347 volitione

605 4373 869 4440 dicimus,
902 4370 1210 4429 dicendum
1237 4372 1414 4430 etiam
1454 4376 1539 4429 est
1564 4370 1635 4427 de
1656 4368 1874 4443 judicio
1900 4369 1969 4425 il·

611 4456 728 4511 lam
755 4453 1043 4527 dirigente
1068 4479 1082 4522 ;
1107 4470 1243 4510 nam
1259 4452 1544 4526 judicium
1565 4451 1787 4508 dictans
1813 4466 1969 4511 amo·

551 4538 560 4543 “
610 4551 733 4594 rem
777 4535 1061 4591 naturalis
1102 4534 1473 4593 beatitudinis
1497 4533 1725 4591 excluso
1765 4530 1970 4589 ordine

601 4615 681 4674 ad
738 4613 918 4673 finem
977 4616 1508 4688 supernaturalem,
1552 4613 1869 4670 secundum
1902 4627 1970 4669 se

612 4713 729 4755 non
788 4702 874 4755 est
919 4713 1230 4755 erroneum
1278 4720 1292 4755 ι
1342 4702 1398 4754 et
1437 4697 1543 4755 hac
1588 4695 1813 4752 ratione
1867 4709 1971 4767 po-

607 4783 720 4837 test
758 4793 792 4834 a
839 4779 952 4835 Deo
1003 4778 1246 4835 causari.
1300 4778 1374 4832 Ut
1410 4775 1778 4849 conjunctum
1832 4788 1972 4830 vero

602 4875 744 4918 cum
795 4862 1071 4930 praecepto
1108 4857 1400 4932 obligante
1447 4854 1517 4913 ad
1555 4858 1973 4928 supernatura-

613 4940 729 4998 lem
769 4939 1206 4997 conversionem
1231 4982 1244 5005 ,
1288 4951 1598 4995 erroneum
1641 4937 1831 5001 ioret;
1874 4934 1973 4993 sed

613 5021 718 5078 hoc
777 5028 937 5095 pacto
990 5023 1188 5094 nequit
1238 5040 1270 5079 a
1319 5023 1432 5079 Deo
1487 5019 1753 5093 produci.
1809 5019 1974 5077 Unde

1574 411 1668 466 DE
1707 411 1982 467 GRATIA
2028 410 2373 468 EFFlCACl.

2070 597 2173 639 nec
2208 583 2485 656 sequitur,
2526 585 2679 658 quod
2720 588 2867 644 Deus
2907 602 3024 643 non
3062 586 3134 641 sit
3163 584 3305 643 liber
3344 586 3398 642 in

2069 664 2352 721 causando
2405 665 2548 722 illud
2596 665 2907 739 judicium,
2951 672 3009 723 et
3056 667 3299 740 Angelus
3346 665 3402 721 in

2069 756 2137 798 eo
2177 744 2566 816 prosequendo
2610 767 2625 801 :
2666 761 2769 803 nec
2793 745 3069 819 sequitur,
3100 743 3244 818 quod
3272 746 3403 801 Deus

2073 823 2248 894 possit
2286 840 2519 882 causare
2565 826 2846 900 judicium
2900 825 3310 892 defectuosum,
3356 830 3405 882 et

2070 903 2220 975 quod
2246 905 2497 978 Angelus
2518 906 2692 979 possit
2728 907 2793 963 in
2823 907 3013 979 primo
3034 905 3267 962 instanti
3290 920 3409 978 pec-

2073 998 2219 1040 care.
2246 987 2392 1041 Nam
2426 984 2499 1042 ad
2532 986 2677 1042 illud
2708 988 2965 1059 primum
2990 984 3197 1042 sufficit
3222 992 3411 1058 poten·

2075 1064 2153 1120 tia
2175 1064 2243 1121 ad
2271 1066 2592 1138 oppositum
2622 1069 2886 1142 negative
2914 1073 3202 1140 acceptum
3223 1082 3414 1123 secun-

2073 1144 2212 1202 dum
2238 1162 2316 1211 se,
2342 1154 2398 1204 et
2443 1149 2505 1205 in
2531 1166 2703 1207 sensu
2731 1148 2917 1206 diviso
2945 1174 2958 1217 ;
3012 1163 3139 1222 quae
3179 1147 3415 1221 potentia

2077 1230 2208 1296 Deo,
2239 1235 2296 1286 et
2321 1230 2536 1304 Angelo
2564 1233 2752 1305 reipsa
2775 1231 3050 1289 convenit
3085 1251 3098 1286 ε
3129 1229 3200 1287 ad
3242 1233 3419 1303 poste-

2079 1310 2199 1366 rius
2223 1327 2361 1368 vero
2390 1313 2787 1386 requirebatur
2815 1313 3068 1386 potentia
3105 1312 3174 1369 ad
3202 1310 3420 1384 opposi-

2077 1396 2200 1446 tum
2213 1390 2498 1462 privative
2508 1399 2880 1467 acceptum‚et
2897 1396 2958 1447 ut
2970 1390 3417 1468 conjungendum

2076 1489 2205 1530 cum
2251 1480 2569 1548 praecept03
2621 1492 2745 1548 qum
2807 1474 3061 1547 potentia
3105 1478 3161 1530 et
3202 1477 3327 1538 Deo,
3370 1476 3420 1527 et

2078 1554 2296 1627 Angelo
2319 1554 2380 1609 in
2411 1555 2600 1625 primo
2626 1554 2865 1610 instanti
2898 1558 3194 1627 repugnat.
3228 1555 3294 1608 Et
3314 1552 3422 1607 haec

2077 1632 2337 1690 doctrina
2386 1635 2666 1691 illustrari
2697 1640 2874 1707 potest
2919 1635 3186 1706 exemplo
3225 1633 3426 1689 Christi

2081 1715 2332 1781 Domini,
2364 1716 2552 1787 quiex
2580 1732 2694 1773 una
2724 1722 2884 1789 parte
2902 1721 3026 1773 erat
3056 1714 3429 1788 impeccabilis

2081 1793 2354 1859 absolute,
2379 1801 2436 1851 et
2460 1811 2530 1852 ex
2558 1797 2674 1853 alia
2707 1802 2865 1869 parte
2893 1795 3074 1852 libere
3105 1794 3431 1868 adimplevit

2082 1876 2269 1933 Patris
2291 1883 2566 1950 praecepta
2594 1903 2607 1946 ;
2632 1878 2768 1951 quia
2788 1876 2990 1934 habuit
3011 1882 3339 1950 potestatem
3364 1875 3430 1932 ad

2080 1960 2393 2016 carentiam
2411 1958 2841 2033 adimpletionis
2858 1960 3123 2034 negative
3134 1964 3423 2032 acceptam.

2080 2046 2138 2098 et
2182 2041 2243 2097 in
2273 2057 2461 2098 sensu·
2483 2042 2667 2100 diviso
2704 2064 2718 2099 ε
2759 2042 2907 2115 quod
2932 2042 3140 2099 sufficit
3166 2042 3231 2100 ad
3262 2057 3424 2117 agen-

2081 2122 2217 2179 dum
2273 2121 2454 2178 libere
2505 2121 2771 2180 libertate
2814 2122 3328 2189 contradictionis;
3375 2126 3427 2178 et

2083 2201 2318 2260 aliunde
2338 2218 2455 2258 non
2472 2204 2653 2274 potuit
2675 2203 2883 2260 habere
2909 2204 3228 2260 carentiam
3251 2202 3428 2259 adim-

2084 2282 2353 2358 pletionis
2375 2282 2658 2355 privative
2679 2289 2992 2357 sumptam,
3017 2289 3072 2340 et
3099 2290 3160 2340 ut
3177 2283 3429 2358 conjunc·

2084 2371 2222 2430 tam,
2272 2365 2365 2421 vel
2416 2363 2872 2439 conjungendam
2922 2371 3200 2439 praecepto
3232 2389 3244 2432 ;
3291 2363 3428 2438 quod

2086 2445 2503 2519 requirebatur,
2554 2452 2616 2500 ut
2666 2447 2951 2503 diceretur
2998 2464 3161 2519 posse
3190 2462 3425 2519 peccare.

2086 2528 2299 2599 Dequo
2328 2525 2535 2581 ilerum
2592 2525 2747 2583 infra
2795 2541 3027 2600 agemus
3065 2528 3129 2582 in
3175 2534 3332 2583 tract.
3370 2526 3429 2580 de

2085 2607 2298 2674 Merito,
2323 2608 2466 2680 disp.
2498 2608 2544 2674 l,
2574 2607 2700 2663 dub.
2726 2609 2781 2663 2.

2697 2788 2834 2856 ἓν.

2370 2934 2574 2993 Ultimo
2601 2943 2917 3005 argumento
2942 2939 3164 3010 satisfit.

2163 3086 2293 3141 361.
2337 3084 2612 3159 Ατεαὶῑιῃ·
2640 3085 2810 3142 tertio
2842 3106 2856 3142 ε
2903 3085 3180 3160 quoniam
3219 3081 3569 3142 etiamsi'rerua

2092 3170 2238 3223 Deus
2290 3171 2479 3239 ageret
2520 3167 2860 3233 necessario,
2917 3184 3035 3224 non
3085 3151 3609 3241 imprimeretnfgffi'

2090 3246 2371 3306 voluntati
2391 3246 2673 3303 auxilium
2689 3246 2967 3303 efficacius
2981 3247 3433 3321 quoadspeciem,

2089 3344 2260 3403 quam
2286 3325 2450 3394 illud,
2475 3342 2585 3399 quo
2605 3343 2731 3383 eam
2754 3325 2824 3385 de
2848 3328 2991 3386 facto
3011 3328 3311 3386 efficaciter
3331 3341 3439 3383 mo·

2092 3416 2186 3467 vet
2219 3430 2232 3466 :
2278 3406 2376 3464 sed
2424 3407 2750 3481 hujusmodi
2795 3410 3081 3466 auxilium
3131 3426 3247 3467 non
3297 3406 3438 3465 tollit

2095 3490 2416 3547 libertatem
2450 3509 2462 3544 ε
2489 3504 2625 3564 ergo
2654 3504 2756 3544 nec
2784 3489 2949 3553 illud,
2979 3506 3093 3562 quo
3123 3490 3305 3563 ipsam
3327 3486 3438 3544 effi-

2093 3570 2297 3628 caciter
2339 3574 2597 3626 moveret
2623 3569 2687 3625 in
2729 3569 3050 3644 hypothesi,
3082 3569 3233 3643 quod
3262 3570 3440 3644 ageret

2092 3668 2163 3709 ex
2186 3651 2515 3708 necessitate
2530 3656 2770 3707 naturae.
2795 3652 3006 3716 Minor,
3032 3658 3090 3709 et
3110 3664 3442 3723 consequen-

2095 3734 2175 3790 tia
2188 3731 2656 3805 constant.Major
2677 3736 2866 3788 autem
2886 3731 3124 3805 probatu
3134 3733 3315 3806 r‚quia
3336 3745 3440 3788 non

2094 3817 2179 3871 est
2217 3809 2584 3885 intelligibile
2629 3810 2918 3867 auxilium
2951 3812 3232 3869 efficacius
3269 3807 3440 3885 quoad

2095 3893 2360 3966 speciem,
2404 3906 2575 3963 quam
2617 3890 2783 3955 illud,
2852 3891 3001 3964 quod
3049 3892 3436 3949 antecedenter

2096 3971 2166 4030 ad
2225 3972 2614 4044 operationem
2659 3970 2825 4027 habet
2881 3972 3250 4029 essentialem
3314 3985 3444 4027 con-

2097 4052 2405 4109 nexionem
2426 4067 2554 4108 cum
2581 4051 2701 4116 illa,
2728 4051 3028 4124 ipsumque
3063 4051 3445 4110 infallibiliter

2098 4130 2278 4189 infert
2303 4130 2435 4188 :sed
2458 4130 2786 4204 hujusmodi
2812 4137 2896 4188 est
2921 4132 3211 4188 auxilium
3239 4131 3443 4192 efficax.

2098 4211 2220 4269 sive
2248 4211 2543 4289 praemotio
2573 4210 2825 4285 physica,
2855 4228 2968 4285 qua
2996 4214 3145 4269 Deus
3200 4210 3271 4268 de
3316 4211 3449 4267 facto

2099 4296 2292 4349 movet
2316 4290 2612 4348 efficaciter
2633 4292 3013 4357 voluntatem,
3063 4297 3123 4347 ut
3148 4297 3364 4350 constat
3385 4304 3448 4346 ex

2098 4372 2264 4429 dictis
2290 4370 2509 4429 duobus
2536 4370 2726 4427 dubiis
2769 4371 3241 4445 praecedentibus,
3279 4378 3336 4430 et
3353 4370 3449 4427 do-

2099 4458 2227 4510 cent
2239 4450 2623 4509 communiter
2638 4452 2947 4509 Thomistae
2967 4473 2980 4508 t
2997 4468 3134 4528 ergo
3150 4452 3443 4511 auxilium.

2098 4551 2213 4609 quo
2236 4536 2383 4591 Deus
2405 4548 2579 4606 agens
2605 4547 2675 4588 ex
2703 4534 3035 4592 necessitate
3061 4540 3302 4599 naturae,
3332 4546 3449 4588 mo-

2101 4621 2261 4675 veret
2287 4616 2661 4681 voluntatem,
2693 4632 2807 4673 non
2828 4621 2974 4673 esset
3000 4616 3189 4688 quoad
3217 4614 3447 4688 speciem

2100 4696 2377 4755 efficacius
2401 4711 2488 4761 eo,
2527 4711 2640 4768 quo
2663 4696 2828 4752 illam
2856 4696 2927 4753 de
2953 4696 3096 4754 facto
3123 4701 3336 4754 movet.
3357 4691 3449 4748 Vel

2102 4780 2152 4836 si
2173 4778 2456 4836 auxilium
2479 4778 2542 4835 in
2583 4776 2850 4851 praedicta
2872 4778 3174 4852 hypothesi
3203 4777 3452 4835 destrue·

2064 4854 2082 4876 ⁸
2105 4864 2194 4918 ret
2212 4859 2558 4923 libertatem,
2583 4858 2758 4916 etiam
2784 4873 2937 4915 nunc
2958 4859 3139 4933 ipsam
3158 4859 3449 4918 everteret;

2102 4938 2251 5016 quod
2279 4944 2473 4997 tamen
2500 4941 2701 5013 nequit
2727 4938 2976 4998 admitti.

2180 5019 2566 5079 confirmatur
2632 5021 2822 5094 primo
2894 5039 2907 5075 ε
2960 5019 3234 5093 quoniam
3290 5015 3452 5075 motio

3286 5109 3453 5155 causae
