3647 5753
1360 414 1541 470 DISP.
1584 414 1704 479 VII,
1750 412 1915 469 DUB.
1958 413 2052 470 lv.
2990 419 3093 474 169

233 587 367 659 quia
433 601 541 643 nos
606 586 782 642 simul
841 585 1143 644 moraliter
1199 600 1591 659 cooperamur.

235 664 399 722 Unde
417 680 548 722 eam
593 669 817 721 tantum
848 665 1299 738 praeventionem
1321 663 1590 730 excludit,

235 762 359 820 quae
408 751 670 803 nostram
713 745 957 803 liberam
990 745 1449 819 cooperationem
1479 746 1596 801 im·-

237 827 459 900 pediat;
485 827 604 884 haec
630 843 768 884 vero
795 842 913 883 non
935 827 1160 883 tollitur
1182 842 1282 900 per
1309 825 1595 882 auxilium

235 907 305 964 ab
348 908 669 965 intrinseco
706 905 921 973 efficax,
974 912 1034 962 ut
1077 906 1224 978 satis
1254 911 1474 964 constat
1523 921 1595 962 ex

235 989 414 1046 dictis.
462 989 812 1046 Recolantur
858 1003 983 1060 quae
1021 987 1275 1044 diximus
1324 987 1480 1061 disp.
1532 988 1588 1055 5,

231 1069 505 1201 dubcggrgi
532 1073 752 1200 lennes
797 1143 895 1216 qui
953 1142 1299 1217 allegantur,
1335 1147 1594 1199 nostram

230 1227 574 1283 sententiam
636 1240 756 1281 non
812 1229 1075 1298 tangunt,
1108 1229 1165 1281 et
1222 1222 1424 1281 eodem
1472 1222 1594 1279 fere

233 1305 400 1364 modo
420 1304 748 1379 exponendi
773 1311 909 1361 sunt
939 1329 953 1372 ;
999 1310 1225 1363 tantum
1253 1304 1463 1379 quippe
1486 1302 1594 1360 do-

231 1391 375 1453 cent,
408 1387 724 1444 motionem
754 1385 855 1443 Dei
876 1401 993 1444 non
1030 1387 1232 1443 tollere
1259 1389 1593 1458 potestatem

232 1466 305 1523 ad
325 1467 647 1539 oppositum
685 1464 869 1538 :quod
897 1465 1201 1522 verissime
1228 1465 1502 1522 asseritur
1523 1463 1595 1521 de

231 1548 454 1605 auxilio
498 1563 569 1605 ex
593 1562 674 1614 se,
705 1552 764 1604 et
783 1545 854 1602 ab
882 1546 1199 1604 intrinseco
1226 1545 1453 1604 efficaci.
1487 1545 1593 1603 Vi-

228 1630 478 1688 deantur
515 1644 640 1702 quae
685 1626 755 1685 de
774 1629 1136 1686 Tertulliano
1162 1627 1470 1698 diximus§
1504 1629 1587 1694 ll,

228 1727 385 1770 num.
415 1714 544 1768 205.
571 1713 735 1768 Certe
755 1710 876 1783 ipse
903 1711 1158 1777 Suarius,
1203 1710 1299 1784 qui
1323 1715 1407 1768 tot
1429 1709 1591 1767 testi-

226 1793 429 1852 monia
474 1792 848 1858 coacervavit,
898 1792 1034 1848 satis
1081 1789 1386 1864 perspexit,
1418 1806 1590 1863 quam

226 1889 440 1947 parum
487 1887 591 1928 nos
636 1869 880 1929 debeant
911 1886 1114 1945 urgere
1147 1891 1159 1926 ε
1209 1886 1346 1927 nam
1375 1869 1466 1925 lib.
1491 1871 1589 1926 cit.

227 1974 353 2029 cap.
393 1956 490 2022 218,
523 1971 676 2009 num.
719 1955 768 2020 l,
791 1952 1057 2010 observat
1083 1951 1419 2009 Damasceni
1446 1952 1585 2022 loca,

227 2037 297 2092 in
340 2034 547 2109 quibus
586 2032 792 2091 asserit
831 2033 983 2089 nihil
1026 2031 1166 2089 boni
1215 2047 1375 2105 posse
1399 2029 1528 2088 fieri
1558 2047 1592 2089 a

229 2114 400 2174 nobis
419 2115 547 2173 sine
574 2113 794 2171 auxilio
838 2112 959 2178 Dei,
994 2112 1243 2170 liberum
1259 2118 1590 2172 tamen.no-

225 2198 319 2256 bis
363 2212 488 2256 esse
515 2198 694 2253 Deum
729 2199 1024 2252 vocantem
1069 2194 1250 2268 sequi,
1287 2199 1344 2251 et
1369 2194 1589 2251 similia

225 2280 392 2336 valde
405 2277 686 2350 ,cycnei-alia
701 2292 824 2342 esse,
847 2290 973 2348 quae
991 2274 1231 2347 proinde
1254 2274 1486 2331 inutilia
1501 2274 1590 2349 ju·

225 2361 445 2419 dicavit
471 2358 540 2417 ad
581 2373 699 2414 suae
739 2356 1037 2414 sententiae
1063 2353 1583 2412 confirmationem.

223 2445 283 2501 Si
312 2449 509 2501 autem
530 2439 959 2515 perpendantur
979 2437 1309 2496 testimonia
1325 2438 1582 2506 Patrum,

225 2531 346 2582 tam
368 2526 717 2588 Graecorum,
743 2535 914 2593 quam
944 2519 1302 2585 Latinorum,
1327 2519 1587 2592 quaeipse

222 2607 416 2673 affert,
443 2605 594 2661 nihil
623 2603 873 2677 amplius
897 2616 1071 2673 quam
1099 2601 1480 2659 Damascenus
1507 2601 1588 2657 af·

221 2686 471 2743 firmant
493 2709 516 2754 ;.
537 2689 704 2757 atque
747 2682 877 2739 ideo
903 2695 1060 2753 aeque
1081 2678 1317 2737 infirma
1342 2686 1479 2738 sunt
1515 2679 1586 2737 ad

220 2763 692 2841 impugnandum
714 2767 970 2819 nostram
992 2761 1360 2818 sententiam.

11 2847 204 2893 Tssfflm·
295 2851 432 2907 246.
481 2850 612 2907 Post
661 2845 805 2904 alios
858 2846 1055 2902 Patres
1094 2843 1303 2918 allegat
1348 2843 1587 2900 Suarius

28 2908 184 3002 Dffig.
215 2930 549 3003 specialiter
570 2925 974 3001 Augustinum,
1006 2929 1061 2980 et
1079 2922 1311 2997 quidem
1333 2924 1543 2981 merito
1567 2944 1582 2980 ι

215 3026 359 3068 nam
410 3010 476 3066 in
524 3009 630 3065 hac
677 3022 846 3063 causa
884 3004 1140 3061 maxime
1189 3004 1410 3062 eminet
1433 3005 1594 3062 inter-

214 3092 363 3149 alios
386 3105 581 3147 sacros
606 3091 888 3145 Doctores,
911 3083 1121 3142 Probat
1142 3088 1333 3141 autem
1359 3088 1585 3160 Augus-

214 3173 410 3229 tinum
458 3162 578 3228 non
624 3168 879 3227 docuisse
904 3165 1152 3242 gratiam
1185 3180 1307 3222 esse
1324 3181 1396 3222 ex
1422 3181 1504 3233 se,
1529 3172 1586 3224 et

207 3254 281 3311 ab
333 3254 659 3312 intrinseco
696 3251 995 3317 efficacem,
1043 3263 1161 3304 non
1191 3246 1320 3314 isto,
1352 3254 1452 3305 aut
1480 3249 1584 3307 illo

207 3334 559 3409 particulari
599 3331 947 3395 testimonio,
1003 3328 1095 3386 cui
1120 3327 1289 3385 facile
1313 3334 1459 3387 esset
1485 3346 1584 3387 oc-

204 3432 454 3474 currere
478 3439 496 3485 5
525 3414 624 3472 sed
647 3411 908 3488 pluribus
928 3408 1183 3477 motivis,
1224 3424 1350 3483 quae
1369 3427 1489 3485 cap.
1508 3412 1582 3467 46

206 3497 413 3564 refert,
447 3500 507 3554 et
531 3494 831 3570 ponderat.
861 3492 1071 3557 Primo,
1109 3489 1246 3562 quia
1270 3490 1326 3548 S.
1357 3493 1583 3566 Augus-

199 3578 368 3635 tinus
423 3576 674 3650 explicat
711 3571 1018 3632 efficaciam
1057 3569 1255 3645 gratiae
1300 3585 1402 3643 per
1453 3587 1583 3629 con-

195 3657 530 3731 gruitatem
572 3653 643 3711 ad
702 3651 1000 3710 hominem
1065 3647 1164 3721 qui
1223 3654 1476 3717 vocatur,
1520 3656 1583 3708 ut

195 3743 430 3796 constat
456 3755 532 3794 cae
554 3736 652 3793 lib.
684 3736 705 3790 l
736 3734 812 3790 ad
829 3730 1280 3805 Simplicianum,
1304 3748 1430 3804 cap.
1447 3734 1502 3799 2,
1530 3739 1581 3789 et

193 3821 259 3876 dc
273 3821 543 3895 χειν-«πάθει.
565 3817 681 3877 SS.
703 3834 824 3889 cap.
859 3816 943 3883 16,
967 3818 1026 3870 et
1045 3811 1185 3869 alibi
1205 3826 1373 3885 saepe.
1398 3813 1456 3870 Si
1485 3829 1582 3871 au-

193 3908 313 3959 tem
341 3903 546 3979 gratia
570 3905 718 3959 esset
741 3896 938 3955 efficax
962 3911 1034 3952 ex
1059 3909 1137 3960 se,
1184 3898 1242 3951 et
1260 3893 1333 3951 ab
1356 3894 1576 3953 intrin-

191 3999 344 4051 seco,
379 3999 512 4042 non
523 3981 810 4056 indigeret
826 3977 931 4034 hac
950 3973 1580 4049 congruitate.Secundo

191 4067 262 4122 D.
293 4066 669 4142 Augustinus
705 4058 920 4118 reducit
948 4055 1252 4114 efficaciam
1281 4058 1481 4132 gratim
1508 4059 1580 4115 ad

195 4147 577 4205 vocationem
624 4140 749 4209 Dei,
779 4145 841 4196 ut
880 4142 1099 4195 constat
1136 4150 1208 4194 ex
1235 4136 1374 4194 locis
1409 4138 1580 4197 modo

193 4229 390 4286 citatis
418 4251 433 4285 ε
460 4243 577 4285 nec
600 4225 778 4283 aliam
806 4219 1052 4298 gratiam
1075 4217 1506 4288 intermediam,
1523 4226 1581 4279 et

193 4311 672 4382 praemoventem
691 4300 995 4378 cognoscit,
1021 4304 1083 4355 ut
1109 4303 1263 4373 patet
1280 4315 1353 4355 ex
1379 4300 1575 4359 libaeit.

189 4391 269 4447 ad
292 4389 771 4464 Simplicianum,
798 4383 897 4440 ubi
924 4382 1034 4440 ait:
1063 4379 1135 4439 Ut
1159 4380 1393 4438 velimus
1416 4398 1580 4439 suum

189 4471 377 4528 voluit
428 4486 575 4536 esse,
621 4473 673 4523 et
696 4472 984 4532 nostrum,·
1034 4479 1197 4519 suum
1223 4461 1488 4529 vocando,
1528 4470 1581 4519 et

191 4561 453 4610 nostrum
483 4546 762 4626 sequendo
784 4544 913 4616 :ubi
939 4540 1274 4600 immediate
1294 4542 1579 4601 vocationi

188 4645 559 4693 consensum
615 4625 896 4702 adjunxit.
940 4625 1010 4680 Et
1034 4624 1308 4684 similiter
1332 4624 1399 4682 in
1429 4623 1580 4683 libro

186 4714 260 4775 de
284 4713 510 4792 gratia,
544 4713 612 4767 et
635 4707 819 4765 libero
841 4703 1100 4772 arbitrio,
1124 4722 1245 4779 cap.
1267 4707 1323 4772 5,
1342 4705 1581 4779 loquens

185 4797 259 4854 de
280 4796 477 4852 Paulo
507 4789 712 4862 inquit
741 4785 939 4860 :Quod
964 4802 1254 4843 conversus
1277 4786 1467 4860 fuerit,
1485 4801 1581 4842 nec

182 4881 381 4952 qratia
417 4880 550 4932 erat
578 4871 726 4937 sola,
756 4886 855 4924 nec
878 4869 1132 4925 voluntas
1156 4874 1277 4925 erat
1319 4866 1438 4924 sola
1455 4885 1477 4935 ,·
1517 4872 1580 4923 ut

185 4969 378 5018 autem
405 4956 738 5017 vocaretur,
779 4951 968 5021 ‚qratia
992 4950 1104 5023 finit
1137 4948 1271 5005 sola.
1302 4947 1365 5005 Si
1389 4950 1580 5004 autem

185 5041 381 5119 gratia
401 5038 485 5095 sit
516 5033 596 5093 ab
622 5030 942 5088 intrinseco
971 5028 1187 5097 efficax,
1211 5031 1434 5101 oportet
1458 5030 1584 5101 post

337 5120 655 5183 salmane.
709 5109 879 5170 cars.
933 5109 1157 5182 theolo9.
1206 5115 1336 5167 tom.
1388 5106 1456 5167 Χ.

1728 584 2092 642 vocationem
2120 586 2280 643 alind
2301 586 2584 645 auxilium
2601 585 2928 661 adjungere.
2968 587 3093 646 Ter-

1726 666 1803 719 tio
1832 667 1898 721 D.
1932 667 2285 741 Augustinus
2306 667 2598 725 constituit
2622 667 2926 724 efficaciam
2954 684 3093 742 gra-

1723 744 1825 802 tiae
1873 746 1939 802 in
1966 747 2221 806 motione
2241 748 2451 806 morali
2475 746 2914 820 praedicationis,
2948 750 3091 805 illu-

1725 826 2093 897 minationis,
2146 830 2565 903 inspirationis,
2619 830 2923 896 suasionis,
2978 837 3085 889 etc.

1725 911 1788 962 ut
1839 914 2061 966 constat
2097 925 2168 967 ex
2219 910 2372 968 libro
2418 910 2488 966 de
2517 915 2742 977 natura,
2792 917 2848 967 et
2877 913 3082 979 gratia,

1724 1005 1845 1061 cap.
1872 990 1947 1043 25
1973 996 2023 1043 et
2037 1007 2140 1062 cap
2161 991 2251 1059 34,
2276 999 2327 1046 et
2358 990 2501 1046 libo
2524 992 2942 1062 confessionum,
2961 1009 3081 1065 cap.

1722 1071 1778 1136 7,
1808 1074 1866 1126 et
1891 1068 2033 1126 alibi
2077 1086 2244 1144 saepe.
2276 1071 2453 1128 Motio
2483 1075 2671 1128 autem
2702 1071 2940 1128 moralis
2968 1087 3087 1130 non

1724 1147 1999 1221 importat
2044 1150 2418 1208 infallibilem
2478 1151 2895 1208 connexionem
2954 1168 3086 1210 cum

1721 1229 1946 1298 effectu,
1979 1230 2078 1288 sed
2105 1232 2237 1289 talis
2263 1238 2366 1299 est,
2400 1236 2461 1288 ut
2486 1232 2537 1288 ei
2582 1231 2863 1305 possimus
2909 1231 3086 1289 resis-

1723 1313 1866 1368 tere.
1901 1315 2132 1384 (Marto,
2171 1313 2306 1386 quia
2325 1311 2677 1385 Augustinus
2705 1310 2860 1368 docet
2889 1311 3082 1368 homi-

1724 1404 1827 1446 nes
1852 1393 2046 1449 vocari
2074 1395 2237 1449 aDeo
2251 1391 2549 1449 efficaciter
2570 1390 2787 1458 multis,
2819 1397 2874 1446 et
2902 1393 3082 1448 variis

1722 1469 2001 1537 modis,ut
2019 1476 2235 1529 constat
2258 1487 2329 1528 ex
2357 1469 2508 1528 libro
2522 1471 2591 1527 de
2617 1476 2922 1543 corrept.et
2942 1488 3080 1546 gra-

1722 1550 1821 1618 tia,
1853 1569 1974 1625 cap.
1999 1554 2051 1620 5,
2071 1551 2169 1609 ubi
2191 1552 2300 1609 ait:
2337 1551 2520 1625 Quare
2542 1554 2635 1607 isti
2655 1554 2751 1618 sic,
2786 1551 3074 1619 illialiter,

1721 1639 1885 1709 atquc
1912 1633 2020 1688 alii
2045 1633 2208 1689 aliter
2226 1633 2476 1699 diversis,
2505 1639 2555 1687 et
2591 1632 3082 1689 innumerabilibus

1720 1712 1899 1768 modis
1936 1721 2225 1782 vocantur,
2273 1723 2335 1771 ut
2363 1715 2729 1785 reformentur
2753 1713 2784 1767 ?
2808 1711 2989 1779 Absit,
3022 1721 3081 1768 ut

1719 1792 1991 1850 dicamus.
2020 1793 2178 1859 Quod
2209 1795 2413 1868 repetit
2441 1794 2535 1850 lib.
2563 1795 2598 1848 6
2643 1794 2872 1866 confess,
2898 1811 3019 1866 cap.
3045 1797 3081 1849 7

1720 1883 1769 1930 ct
1796 1877 1831 1930 8
1857 1881 1909 1931 et
1938 1875 2033 1932 lib.
2063 1879 2119 1945 7,
2145 1895 2267 1950 cap.
2312 1877 2421 1932 ult.
2449 1882 2506 1932 et
2539 1873 2678 1931 alibi
2705 1890 2871 1947 saepe.
2897 1875 3082 1931 Auxi—

1722 1954 1868 2010 lium
1897 1961 2089 2013 autem
2134 1956 2328 2013 efficax
2367 1972 2437 2012 ex
2464 1971 2542 2020 se,
2572 1960 2627 2010 et
2674 1953 2744 2010 ab
2768 1954 3081 2013 intrinseco

1720 2050 1965 2093 movens
2010 2038 2285 2111 importat
2324 2036 2579 2102 unicum,
2624 2039 2681 2091 et
2726 2034 3080 2094 uniformem

1720 2117 1993 2174 movendi
2022 2118 2277 2176 modum.
2325 2118 2549 2191 Quinto,
2580 2116 2713 2189 quia
2742 2120 2804 2173 D.
2838 2123 3076 2192 August.

1721 2212 1839 2253 non
1867 2198 2029 2269 ponit
2049 2199 2335 2255 auxilium
2351 2197 2554 2272 gratiae
2569 2195 2805 2252 efficacis
2829 2197 2891 2253 in
2908 2197 3077 2254 modo

1719 2280 1924 2353 agendi
1949 2280 2243 2337 communi
2286 2279 2451 2336 bonis
2478 2284 2533 2336 et
2573 2279 2762 2346 malis,
2820 2280 3079 2336 rationa-

1720 2358 1871 2416 libus
1897 2366 1953 2418 et
1980 2359 2182 2427 brutis,
2215 2365 2380 2433 atque
2423 2359 2596 2416 etiam
2619 2358 3074 2425 insensibilibus,

1718 2445 1781 2495 ut
1804 2446 2024 2498 constat
2049 2458 2121 2498 ex
2163 2439 2312 2498 libro
2353 2443 2406 2507 2,
2461 2440 2524 2496 de
2544 2447 2814 2513 peccator.
2846 2443 3074 2518 meritis,

1717 2540 1838 2596 cap.
1870 2525 1921 2591 5,
1952 2531 2001 2579 ct
2025 2524 2119 2580 lib.
2152 2524 2215 2580 de
2235 2522 2463 2597 Spiritu
2484 2532 2532 2580 et
2560 2524 2762 2591 littera,
2789 2542 2908 2597 cap.
2936 2524 3008 2580 33
3028 2531 3080 2579 et

1716 2606 1807 2676 34,
1839 2610 1897 2662 et
1922 2604 2062 2662 alibi
2092 2605 2325 2679 passim.
2357 2605 2660 2663 Auxilium
2686 2612 2874 2662 autem
2904 2622 2975 2663 ex
2994 2621 3072 2673 se,

1715 2692 1772 2744 et
1797 2685 1869 2744 ab
1896 2687 2207 2745 intrinseco
2232 2685 2533 2744 efficaciter
2562 2702 2939 2759 praemovenS,
2961 2688 3080 2744 im—

1716 2770 1903 2841 portat
1930 2766 2165 2824 modum
2194 2760 2516 2840 applicandi
2557 2772 2613 2823 et
2681 2766 2884 2842 agendi
2913 2767 3081 2824 bonis

1716 2862 1779 2905 ac
1797 2847 2352 2915 maliS,animatis,et
2367 2847 2790 2914 inanimatis,ac
2809 2846 3080 2904 omnibus

1715 2929 1993 2986 creaturis
2028 2945 2394 2986 communem
2426 2952 2440 2996 ;
2471 2927 2754 3001 siquidem
2803 2927 3079 2985 fundatur

1714 3010 1778 3065 in
1797 3009 2056 3084 generali
2072 3024 2272 3066 earum
2295 3007 2772 3066 subordinatione
2785 3007 2852 3064 ad
2872 3011 3073 3074 Deum,

1714 3095 1776 3148 ut
1828 3090 2137 3148 Thomistae
2174 3091 2560 3149 communiter
2610 3089 2829 3148 docent.
2874 3089 3066 3158 Sexto,

1711 3170 1851 3243 quia
1876 3170 2231 3246 Augustinus
2272 3170 2477 3228 asserit
2523 3186 2652 3226 cum
2678 3167 2878 3227 eadem
2908 3186 3079 3228 voca-

1714 3251 1874 3309 tione
1929 3267 2113 3307 unum
2155 3251 2433 3317 converti,
2477 3255 2533 3307 et
2570 3250 2753 3306 alium
2788 3266 2905 3307 non
2939 3267 3078 3308 con-

1712 3330 1884 3398 verti,
1916 3332 2012 3388 vel
2040 3330 2289 3395 eundem
2319 3330 2381 3386 in
2428 3329 2673 3386 diversis
2698 3329 3072 3402 temporibus,

1712 3416 1777 3467 ut
1794 3416 2016 3469 constat
2054 3428 2128 3469 ex
2156 3410 2310 3468 libro
2330 3410 2400 3467 de
2439 3409 2588 3467 dono
2617 3411 3070 3482 perseverantiae,

1711 3511 1834 3567 cap.
1873 3496 1957 3560 14,
1989 3499 2046 3551 et
2090 3492 2233 3549 alibi
2259 3508 2427 3565 saepe.
2477 3490 2538 3546 Id
2568 3496 2756 3547 autem
2787 3490 3075 3548 verificari

1710 3575 1931 3649 nequit,
1963 3574 2012 3630 si
2053 3573 2241 3648 gratia
2266 3574 2341 3630 sit
2380 3589 2452 3630 ex
2478 3588 2556 3639 se,
2587 3579 2643 3629 et
2665 3571 2735 3628 ab
2764 3573 3078 3631 intrinseco

1709 3654 1908 3713 efficax
1940 3675 1954 3711 ε
1986 3669 2123 3711 nam
2170 3669 2237 3711 eo
2276 3653 2400 3726 ipso
2427 3652 2674 3709 eundem
2717 3654 2780 3709 in
2821 3653 3077 3725 quolibet

1709 3736 1981 3811 subjecte,
2036 3739 2094 3793 et
2137 3734 2201 3791 in
2244 3732 2500 3807 qualibet
2546 3733 2851 3791 duratione
2894 3735 3077 3808 pariet

1709 3816 1997 3875 effectum.
2055 3814 2327 3889 Septimo,
2379 3812 2514 3887 quia
2540 3815 2895 3887 Augustinus
2917 3814 3075 3873 docet

1710 3895 2008 3955 hominem
2064 3911 2223 3969 posse
2269 3892 2506 3952 cuilibet
2530 3894 2730 3969 gratiae
2760 3896 3025 3953 resistere
3056 3919 3071 3962 ;

1709 3981 1766 4035 et
1790 3976 1841 4033 si
1864 3975 2128 4034 resistere
2150 3980 2407 4048 nequeat,
2435 3990 2554 4056 non
2589 3989 2754 4048 agere
2777 3974 2977 4040 libere,
3010 3981 3072 4030 ut

1711 4058 1804 4114 lib.
1860 4057 1924 4112 dc
1969 4063 2194 4124 natura,
2244 4064 2292 4111 et
2335 4058 2543 4127 qratia,
2573 4071 2693 4127 cap.
2737 4057 2791 4125 6,
2820 4054 2915 4111 ubi
2940 4055 3066 4112 ait:

1712 4138 2071 4217 Quacumque
2098 4140 2206 4195 ista
2229 4145 2306 4194 cst
2353 4154 2522 4194 causa
2545 4138 2863 4203 voluntati&
2887 4139 2938 4193 si
2963 4155 3070 4193 non

1703 4226 1879 4294 potest
1902 4221 1954 4275 ei
1972 4221 2174 4285 resisti,
2193 4220 2310 4274 sinc
2320 4225 2537 4292 peccato
2556 4220 2607 4273 ci
2628 4217 3073 4275 ceditur.Gratiae
3178 4276 3182 4281 ,

1710 4303 1902 4358 autem
1931 4315 2001 4357 ex
2020 4315 2103 4367 se,
2131 4304 2189 4356 et
2220 4298 2292 4355 ab
2320 4298 2639 4356 intrinseco
2660 4296 2866 4355 efficaci
2898 4298 3076 4353 resis-

1709 4384 1832 4437 tere
1857 4394 1977 4438 non
2016 4380 2302 4437 valemus.
2348 4378 2571 4446 octavo,
2614 4377 2752 4451 quia
2800 4378 3074 4452 Augusti—

1711 4474 1821 4515 nus
1847 4459 2053 4517 asserit
2073 4458 2356 4516 auxilium
2384 4457 2581 4515 efficax
2611 4460 2880 4530 praestare
2909 4457 3074 4515 nobis

1709 4538 1886 4607 vires,
1938 4545 1996 4597 et
2024 4544 2358 4612 potestatem
2407 4536 2632 4612 agendi,
2665 4541 2727 4592 ut
2758 4542 2976 4595 constat
3002 4553 3075 4596 ex

1711 4620 1864 4679 libro
1878 4619 1949 4678 de
1974 4622 2178 4696 gratia,
2203 4625 2258 4678 et
2280 4619 2464 4677 libero
2484 4618 2749 4686 arbitrio,
2775 4638 2897 4693 cap.
2940 4621 3002 4676 16
3025 4627 3075 4675 et

1707 4702 1866 4774 epist.
1906 4702 2030 4768 107,
2046 4706 2103 4759 et
2124 4701 2266 4759 alibi
2295 4700 2526 4774 passim.
2558 4700 2860 4757 Auxilium
2884 4705 3073 4757 autem

1709 4798 1782 4840 ex
1806 4797 1868 4839 se
1887 4780 2101 4852 efficax,
2132 4787 2188 4840 et
2207 4798 2240 4839 a
2264 4781 2568 4840 sufficienti
2597 4781 2933 4840 distinctum
2957 4797 3076 4841 non

1710 4862 1808 4919 dat
1835 4866 2169 4936 potestatem
2190 4861 2416 4937 agendi,
2449 4866 2511 4918 ut
2530 4860 2736 4919 docent
2754 4864 3078 4921 communi-

1664 4973 1667 4976 *
1710 4948 1801 5002 ter
1820 4943 2150 5002 Thomistae.
2176 4941 2399 5011 Ultimo,
2418 4943 2555 5016 quia
2569 4945 2922 5017 Augustinus
2948 4963 3079 5006 cen-

1710 5028 1795 5084 set
1815 5024 2066 5101 gratiam
2090 5026 2359 5085 collatam
2379 5024 2636 5099 Angelis,
2661 5030 2718 5083 et
2742 5025 3077 5165 homligibus
