3647 5753
1360 406 1536 462 DlSP.
1583 405 1702 471 vn,
1746 405 1912 460 DUB.
1956 403 2052 462 lV.
2922 403 3021 459 185

143 582 298 639 falso
345 581 741 639 obtendebant
780 597 946 638 suam
1002 579 1411 645 innocentiam,
1469 583 1527 635 et

135 659 549 718 causabantur
570 662 884 719 carentiam
905 660 1109 718 auxilii
1125 658 1380 723 efficacis,
1400 659 1527 715 sine

132 757 252 814 quo
275 757 407 798 non
432 748 696 815 poterant
720 741 1042 814 adimplere
1064 745 1368 814 praecepta3
1390 754 1528 812 quo·

135 822 245 879 ties
266 822 445 879 enim
473 822 791 881 omittendo
820 821 1142 896 peccabant,
1176 822 1339 877 toties
1367 819 1526 892 prius

133 908 338 959 sontae
367 903 627 972 fuerant,
657 908 713 960 et
734 907 1106 975 peccaverant
1133 898 1380 957 volendo
1408 913 1526 954 non

133 981 636 1055 adimpletionem
666 982 947 1056 praecepti,
992 995 1162 1054 quem
1198 983 1387 1036 actum
1416 977 1524 1050 ipsi

127 1061 417 1119 cohibere
464 1065 793 1135 potuerunt,
825 1067 881 1117 et
909 1061 1242 1118 noluerunt.
1273 1061 1528 1124 Quamo-

128 1144 301 1201 brem
330 1145 456 1216 ipsi
481 1160 544 1202 se
574 1143 807 1218 proprio
835 1159 935 1200 ore
976 1140 1348 1209 damnabant,
1385 1139 1524 1195 dum

126 1224 285 1299 apud
329 1228 585 1299 August.
626 1224 721 1281 lib.
750 1228 938 1291 citato,
971 1242 1097 1298 cap.
1126 1225 1181 1290 4,
1212 1221 1476 1280 dicebant
1509 1240 1523 1276 ε

126 1306 290 1362 Recte
309 1307 645 1379 corriperer,
670 1307 721 1360 si
738 1322 861 1360 eam
882 1307 1114 1377 (nempe
1132 1304 1381 1379 gratiam
1401 1299 1526 1358 effi-

124 1388 349 1455 cacem)
398 1403 526 1441 mea
566 1385 729 1459 culpa
772 1403 881 1440 non
920 1386 1172 1442 haberem
1211 1403 1229 1438 .·
1268 1383 1402 1456 quia
1422 1397 1524 1438 sua

127 1469 304 1541 culpa
333 1482 466 1524 non
488 1465 778 1524 habebant
796 1467 1045 1542 gratiam
1067 1466 1369 1530 efficacem,
1391 1479 1526 1537 quo-

130 1550 243 1607 ties
264 1564 394 1605 non
420 1546 799 1621 adimplendo
828 1553 1103 1622 praecepta
1124 1546 1445 1622 peccabant.

210 1631 351 1686 263.
364 1631 534 1685 Patet
550 1634 823 1700 praeterea
838 1645 909 1686 ex
923 1628 1107 1695 dictis,
1129 1644 1301 1701 quam
1316 1626 1525 1684 merito

83 1708 463 1790 {PAngelicus
486 1710 689 1765 Doctor
717 1707 854 1765 locis
879 1724 1053 1780 supra
1071 1708 1259 1764 citatis
1288 1721 1524 1765 revoca-

134 1790 291 1848 verit
315 1788 650 1846 carentiam
679 1787 885 1844 auxilii
908 1788 1145 1845 efficacis
1173 1788 1236 1843 in
1261 1785 1518 1853 instanti,

136 1871 202 1926 in
226 1885 344 1942 quo
371 1868 513 1942 quis
534 1871 726 1940 peccat
745 1866 1062 1923 omittendo
1084 1872 1360 1941 praecepta
1379 1868 1524 1938 (quae

135 1951 186 2006 si
212 1949 465 2007 haberet
493 1948 782 2005 auxilium
810 1948 1022 2015 efficax,
1069 1964 1187 2005 non
1214 1947 1523 2018 omitteret)

139 2029 210 2087 ad
230 2027 479 2103 aliquod
506 2034 797 2102 peccatum
826 2028 1180 2097 antecedens,
1213 2043 1324 2101 quo
1350 2027 1522 2084 homo

141 2126 199 2167 se
237 2109 558 2183 impedivit
603 2107 853 2166 volendo
897 2109 1217 2166 carentiam
1266 2106 1521 2181 praedicti

83 2191 372 2247 manxilii.
408 2190 615 2255 Potest,
643 2188 862 2262 inquit,
892 2192 1128 2263 seipsum
1154 2190 1431 2263 impedire,
1458 2205 1523 2242 ne

142 2273 390 2341 qratiam
414 2262 690 2343 riwipiau
710 2271 917 2325 dicitur
935 2272 1081 2325 enim
1106 2270 1170 2325 de
1196 2269 1522 2348 quibusdam

145 2350 247 2407 loe>
285 2353 383 2406 21.
416 2349 619 2408 Recede
646 2366 684 2404 a
725 2349 879 2404 nobis
918 2368 937 2403 .·
974 2352 1260 2405 scientiam
1299 2351 1521 2405 viarum

146 2437 374 2484 tuarum
421 2430 701 2484 nolumus.
753 2427 914 2494 Quod
963 2429 1095 2485 licet
1120 2444 1153 2484 a
1179 2426 1521 2501 quibusdam

149 2508 518 2581 intelligatur
539 2507 608 2564 de
623 2509 747 2580 ipso
770 2513 1009 2580 peccat0,
1035 2507 1184 2581 quod
1205 2507 1521 2565 carentiam

149 2589 362 2646 auxilii
391 2590 667 2662 sequitur,
699 2595 757 2646 et
782 2589 967 2662 ipsam
989 2590 1304 2647 carentiam
1327 2587 1522 2661 dispo-

149 2668 343 2734 sitive,
370 2673 429 2725 et
448 2668 820 2726 demeritorie
849 2669 1133 2741 praecedit‚
1161 2675 1222 2725 ut
1245 2669 1388 2726 solet
1408 2667 1518 2724 dici

147 2747 220 2805 de
246 2748 472 2806 actibus
506 2750 603 2822 qui
645 2747 717 2807 ad
755 2751 1003 2824 gratiam
1044 2748 1396 2806 habitualem
1429 2764 1523 2805 se-

147 2835 433 2903 quuntur,
460 2835 514 2888 et
534 2829 604 2887 ad
626 2845 754 2888 eam
783 2829 1095 2904 disponunt
1126 2850 1139 2886 z
1169 2830 1354 2887 multo
1376 2829 1523 2905 rigo-

152 2913 359 2977 rosiuS,
392 2920 452 2969 et
479 2929 611 2969 cum
655 2913 864 2988 majori
905 2912 1253 2986 proprietate
1297 2912 1522 2970 intelli-

148 2992 302 3067 gitur
327 2991 402 3051 de
422 3000 549 3051 actu
597 2995 1008 3066 peccaminoso,
1034 3010 1146 3067 quo
1171 2994 1300 3066 quis
1338 2993 1524 3051 voluit

150 3076 439 3142 omittere,
466 3082 525 3133 et
551 3077 650 3149 qui
680 3076 864 3148 ipsam
893 3077 1268 3134 omissionem
1301 3076 1523 3149 simpli-

151 3155 288 3211 citer
315 3155 627 3212 antecedit.
663 3157 734 3211 Et
759 3156 907 3212 hanc
934 3157 1366 3229 responsionem
1392 3172 1523 3213 con-

152 3234 343 3291 firmat
384 3237 441 3293 S.
485 3238 691 3294 Doctor
735 3236 1085 3294 authoritate
1120 3239 1183 3293 D.
1215 3236 1522 3311 Augustini

154 3319 210 3370 in
234 3315 329 3371 lib.
366 3316 433 3371 de
472 3333 679 3390 correp.
708 3324 757 3372 et
774 3320 981 3387 qratia,
1013 3315 1113 3373 ubi
1139 3317 1524 3390 querimoniis

150 3398 672 3456 Adrumetinorum
693 3399 941 3456 occurrit
971 3421 985 3456 ε
1015 3398 1169 3456 unde
1189 3401 1370 3457 elucet
1387 3397 1524 3457 doc-

147 3478 373 3536 trinam
387 3495 563 3553 supra
579 3480 852 3536 traditam
872 3496 994 3538 esse
1008 3481 1079 3539 de
1099 3486 1292 3539 mente
1313 3482 1524 3538 utrius-

148 3573 259 3632 que
306 3560 362 3615 S.
413 3560 692 3627 Doctoris,
743 3577 917 3634 quam
965 3562 1203 3635 insuper
1244 3562 1524 3636 expressit

151 3640 306 3697 idem
357 3643 424 3698 D.
468 3643 671 3699 Thom.
724 3645 741 3698 1
777 3650 926 3716 part.
969 3652 1151 3722 quast.
1195 3645 1285 3711 94,
1323 3651 1435 3701 art.
1486 3646 1523 3700 4

151 3722 224 3775 ad
261 3724 320 3787 5,
346 3720 556 3779 abiait
586 3743 601 3777 :
632 3722 707 3780 In
736 3725 1039 3780 tentatione
1066 3742 1175 3780 non
1206 3726 1320 3798 fuit
1338 3727 1523 3797 primo

149 3804 378 3873 parenti
405 3802 749 3870 subventum,
782 3821 847 3859 ne
867 3805 1219 3878 deciperetur,
1253 3805 1373 3861 licet
1394 3812 1524 3861 tunc

154 3886 399 3940 maxime
421 3885 724 3956 indiqu-et,-
744 3888 1015 3961 quiajam
1036 3895 1378 3961 precesserat
1391 3905 1524 3961 pec-

154 3971 339 4019 catum
378 3968 439 4021 in
482 3968 695 4031 animo,
738 3972 791 4020 et
829 3968 904 4022 ad
939 3967 1196 4024 divinum
1240 3969 1523 4023 auxilium

159 4061 435 4100 recursum
466 4063 575 4101 non
593 4045 807 4102 habuit.
827 4046 1002 4103 Addit
1023 4052 1214 4105 lamen
1231 4049 1293 4105 D.
1314 4049 1519 4105 Thom.

162 4125 476 4181 carentiam
514 4125 716 4199 gratiae
741 4141 865 4183 esse
900 4143 1127 4200 poenam
1151 4129 1360 4202 peccati
1379 4146 1524 4201 prai-

165 4205 409 4275 ccdentis,
430 4206 623 4263 saltem
667 4209 977 4278 oriyinalis,
1008 4209 1081 4267 ob
1111 4226 1180 4267 ea
1218 4224 1345 4283 quae
1368 4209 1525 4265 dixi-

164 4302 303 4423 anq’se
329 4287 467 4359 disp.
508 4288 730 4361 praeoed.
776 4288 902 4346 dub.
944 4291 990 4359 1,
1022 4294 1054 4361 ς
1089 4292 1132 4360 1,
1170 4305 1297 4363 quae
1337 4288 1522 4346 videri

200 4380 232 4423 e
305 4371 391 4423 nt.

112 4476 155 4513 ⁸.
235 4448 487 4521 Denique
523 4465 595 4507 ex
634 4450 802 4508 dictis
829 4456 982 4524 patet
1017 4451 1346 4510 differentia
1374 4453 1526 4509 inter

111 4516 265 4617 {has
309 4529 723 4602 propositiones
767 4552 782 4587 ε
829 4534 981 4588 Deus
1013 4534 1162 4604 juste
1207 4540 1385 4603 neque,
1440 4531 1527 4587 vel

168 4626 363 4679 neyare
382 4618 549 4683 potest
572 4614 821 4682 qratiam
863 4615 1077 4671 homini
1108 4632 1165 4670 se
1209 4616 1527 4688 impedienti

160 4699 550 4762 mpeccatum
575 4710 594 4744 .·
622 4691 772 4748 Deus
798 4695 1007 4767 confert
1030 4697 1277 4766 qratiam
1314 4697 1528 4751 homini

118 4838 121 4853 Ι
170 4786 276 4824 non
294 4786 350 4824 se
377 4771 686 4843 impedienti
707 4789 809 4845 per
829 4781 1127 4846 peccatum.
1159 4778 1307 4832 Nam
1336 4776 1526 4850 prima

118 4868 121 4917 ς
168 4853 251 4905 est
276 4848 525 4909 absolute
550 4866 709 4919 vera,
743 4856 808 4908 ut
839 4857 1058 4911 constat
1083 4869 1155 4912 ex
1193 4869 1377 4930 nuper
1396 4856 1527 4917 dic-

172 4930 272 4996 tis,
302 4931 543 4991 secunda
578 4950 720 4992 vero
745 4932 979 4992 denotat
1003 4936 1248 5010 gratiam
1276 4939 1527 4997 conferri

176 5013 388 5069 intuitu
414 5014 651 5091 alicujus
675 5016 1071 5092 dispositionis
1106 5021 1383 5097 negativae
1420 5037 1528 5080 na-

333 5091 609 5154 salmam.
638 5095 806 5156 Cure.
833 5097 1055 5171 thmtoy.
1082 5107 1212 5159 tom.
1245 5099 1314 5161 X.

124 5170 127 5183 i

124 5260 147 5549 i

1662 578 1888 644 turalis,
1921 593 2128 650 nempe
2152 577 2300 652 quod
2342 577 2514 634 homo
2552 576 2778 633 viribus
2807 580 3025 632 naturae

1661 675 1779 717 non
1805 675 1866 716 se
1905 659 2182 732 impediat
2209 674 2310 732 per
2352 663 2659 732 peccatum,
2691 665 2747 716 et
2773 657 2902 714 ideo
2940 660 3027 713 est

1660 740 1918 798 absolute
1945 739 2121 799 falsa:
2150 741 2284 813 quia
2313 755 2415 796 nec
2442 741 2614 796 homo
2642 742 2820 811 potest
2860 738 2940 793 ita
2965 752 3026 793 se

1661 836 1761 894 per
1783 821 1939 878 vires
1965 823 2257 878 naturales
2282 836 2500 895 gerere,
2534 819 2677 892 quin
2708 816 3028 890 aliquando

1661 907 1879 975 peccet;
1911 917 2013 959 nec
2046 905 2193 960 Deus
2219 903 2492 977 alligatur
2523 901 2612 957 illi
2657 899 3024 972 dispositioni

1660 983 1957 1058 negativae,
1976 981 2075 1039 sed
2097 983 2389 1039 multoties
2417 988 2540 1055 post
2568 982 2881 1036 innumera
2904 995 3025 1052 pec·

1659 1069 1782 1121 cata
1799 1064 2185 1121 communicat
2207 1064 2431 1122 homini
2453 1063 2701 1138 gratiam
2725 1068 2840 1118 tam
2864 1060 3024 1116 suffi-

1658 1148 1923 1213 cientem,
1954 1162 2127 1219 quam
2166 1146 2464 1204 efficacem.
2500 1149 2568 1202 Et
2595 1147 2743 1203 hanc
2771 1145 3023 1218 dispari-

1659 1232 1833 1286 tatem
1863 1227 2110 1284 intendit
2144 1231 2207 1285 D.
2241 1228 2445 1285 Thom.
2491 1229 2602 1284 loco
2635 1230 2821 1293 citato,
2852 1244 2924 1282 εει)
2962 1225 3238 1294 3,1>·'·1'h0m.

1658 1318 1848 1367 contra
1873 1318 2070 1379 yentes,
2103 1326 2233 1366 cum
2257 1309 2445 1383 inquit
2478 1331 2490 1366 :
2520 1309 2670 1366 Licet
2696 1310 2905 1388 aliquis
2922 1326 3024 1382 per

1658 1401 1866 1460 motum
1895 1394 2051 1449 liberi
2073 1392 2300 1448 arbitrii
2321 1394 2567 1463 qratiam
2590 1411 2682 1448 nec
2702 1395 3020 1465 promereri,

1658 1493 1753 1532 nec
1786 1477 2054 1531 advocare
2079 1475 2282 1547 (utitur
2324 1474 2501 1532 verbo
2529 1474 3028 1533 universalissimo

1656 1558 2066 1630 complectente
2087 1572 2259 1614 omne
2278 1573 2457 1632 genus
2478 1556 2889 1631 dispositionis)
2905 1573 3029 1629 pos-
3119 1617 3126 1625 ,

1657 1641 1730 1693 sit
1749 1662 1762 1705 ;
1786 1645 1960 1711 potest
1992 1645 2177 1694 tamen
2216 1641 2455 1711 seipsum
2484 1640 2762 1712 impedire,
2803 1656 2869 1694 ne
2904 1655 3028 1694 eam

1656 1721 1908 1792 recipiat.
1951 1722 2134 1784 Quam
2177 1719 2521 1789 doctrinam,
2553 1727 2610 1778 et
2636 1720 3024 1779 differentiam

1659 1801 1772 1858 late
1796 1800 2145 1857 tradidimus
2171 1803 2315 1874 disp.
2340 1803 2393 1869 3,
2425 1801 2552 1858 dub.
2578 1804 2632 1868 8,
2666 1802 2762 1858 ubi
2792 1803 3022 1876 opposi-

1655 1887 1774 1939 tam
1804 1882 1994 1938 Suarii
2022 1882 2358 1955 opinionem
2387 1883 2755 1941 exclusimus.

1730 1966 1860 2021 264.
1878 1967 1991 2022 Nec
2009 1964 2185 2021 refert
2204 1964 2252 2020 si
2275 1963 2460 2021 adhuc
2478 1964 2711 2040 objicias
2729 1991 2741 2031 ;
2767 1981 2902 2022 nam
2920 1967 3020 2025 ille
3034 1979 3240 2033 objectio.

1654 2047 1754 2118 qui
1782 2046 1982 2103 elicuit
2004 2051 2212 2111 actum,
2237 2062 2348 2118 quo
2371 2045 2553 2102 voluit
2569 2051 2685 2102 tam
2703 2048 3020 2106 carentiam

1656 2125 2086 2199 adimpletionis
2138 2124 2421 2199 praecepti.
2481 2141 2653 2197 quam
2706 2129 3021 2185 carentiam

1657 2206 1866 2262 auxilii
1893 2205 2131 2263 efficacis
2171 2204 2242 2261 ad
2285 2203 2612 2278 praedictam
2656 2205 3026 2279 adimpletio-

1656 2302 1791 2343 nem
1822 2287 2103 2361 requisiti,
2149 2287 2262 2343 fuit
2302 2291 2618 2359 praemotus
2658 2287 2963 2346 efficaciter
2992 2307 3027 2347 a

1655 2371 1770 2426 Deo
1823 2368 1894 2426 ad
1931 2366 2279 2427 eliciendum
2329 2367 2500 2424 illum
2553 2374 2762 2437 actum,
2819 2371 3025 2428 saltem

1653 2451 1967 2511 secundum
2022 2466 2144 2508 esse
2180 2450 2511 2516 materiale,
2545 2455 2605 2505 ut
2631 2453 3025 2510 communiter

1654 2536 1858 2594 docent
1896 2533 2207 2590 Thomistae
2244 2532 2397 2590 :sed
2440 2532 2611 2591 homo
2639 2534 2740 2590 tali
2777 2550 3026 2608 praemo-

1656 2616 1811 2673 tione
1832 2606 2061 2671 affectus
2089 2629 2207 2671 non
2231 2617 2453 2686 poterat
2478 2613 2648 2669 illum
2679 2619 2865 2671 actum
2895 2631 3026 2671 sus·

1657 2695 1925 2769 pendere,
1952 2694 2155 2750 saltem
2179 2698 2450 2765 potestate
2470 2696 2856 2767 consequenti,
2883 2697 3021 2752 etin

1654 2793 1823 2835 sensu
1852 2776 2183 2849 composito,
2212 2780 2273 2831 ut
2299 2775 2536 2832 tradunt
2558 2775 2733 2833 iidem
2762 2777 3023 2834 Themis-

1655 2866 1725 2918 tae
1757 2882 1770 2917 z
1799 2874 1936 2935 ergo
1960 2857 2264 2932 praedictus
2291 2859 2463 2916 homo
2499 2860 2705 2932 poterit
2748 2875 2808 2916 se
2847 2874 3021 2917 excu-

1655 2956 1782 2998 sare
1798 2957 1831 2997 a
1848 2945 2088 3013 peccato,
2114 2941 2206 2997 vel
2229 2940 2431 2996 saltem
2454 2940 2723 3013 conqueri
2749 2939 3023 2997 adversus

1657 3024 1856 3079 Deum.
1889 3022 1945 3076 Si
1974 3021 2133 3078 enim
2164 3021 2509 3093 increpetur:
2529 3025 2718 3088 Quare
2733 3020 3023 3079 omisisti?

1655 3102 1803 3159 dicet
1821 3117 1881 3158 se
1901 3101 2180 3166 omisisse,
2196 3101 2330 3174 quia
2357 3101 2567 3168 voluit;
2592 3107 2647 3159 et
2667 3118 2727 3158 se
2748 3101 3018 3168 voluisse,

1654 3182 1790 3256 quia
1817 3185 2123 3253 praemotus
2150 3180 2260 3236 fuit
2287 3180 2357 3237 ad
2387 3180 2716 3247 volendum,
2747 3181 2888 3254 quin
2918 3197 3024 3254 po—

1656 3263 1831 3321 tuerit
1859 3265 1947 3320 vel
1979 3263 2413 3336 praemotionem
2444 3264 2747 3337 impedire,
2774 3266 2867 3322 vel
2890 3280 3016 3322 eam

1655 3359 1786 3399 cum
1813 3342 2071 3401 carentia
2115 3341 2396 3416 praedictae
2437 3344 2749 3401 voluntatis
2787 3359 3020 3417 compo-

1657 3438 1813 3481 nere.

1732 3499 1867 3563 Hoc,
1914 3497 2172 3570 inquam,
2224 3512 2341 3554 non
2392 3496 2567 3554 refert
2598 3521 2611 3554 ι
2643 3495 3018 3570 respondetur
3035 3519 3239 3570 Dirunnr.

1656 3579 1814 3636 enim
1836 3595 2010 3651 supra
2032 3577 2303 3634 traditam
2325 3577 2645 3636 doctrinam
2664 3581 2800 3637 satis
2820 3596 3018 3637 occur-

1658 3676 1786 3718 rere
1810 3658 2195 3733 querimoniis
2220 3674 2444 3725 eorum,
2489 3660 2586 3732 qui
2627 3666 2934 3716 causantur
2958 3675 3019 3717 se

1656 3739 1923 3797 omittere
1944 3737 2417 3810 adimpletionem
2434 3745 2865 3813 praeceptorum,
2886 3740 3021 3813 quia

1657 3834 1775 3875 non
1828 3817 2041 3875 babent
2091 3817 2376 3874 auxilium
2429 3816 2623 3874 efficax
2683 3820 2752 3877 ad
2812 3820 3023 3877 dictam

1658 3897 2130 3971 adimpletionem
2211 3897 2577 3971 requisitum.
2657 3899 3027 3958 Ostendimus

1656 3978 1815 4035 enim
1884 3976 2212 4051 praedictam
2263 3978 2690 4051 querimoniam
2751 3979 3024 4055 injustam

1657 4074 1799 4123 esse,
1833 4059 1971 4132 quia
2003 4059 2262 4116 carentia
2301 4060 2508 4117 auxilii
2549 4059 2785 4117 efficacis
2812 4063 2874 4119 in
2902 4063 3025 4117 ins-

1660 4138 1825 4208 tanti,
1862 4140 1925 4195 in
1967 4155 2077 4212 quo
2122 4139 2293 4196 datur
2332 4141 2568 4199 omissio
2615 4142 3022 4215 peccaminosa,

1656 4223 1742 4278 est
1772 4220 1972 4288 volita,
2004 4225 2061 4277 et
2088 4220 2310 4278 intenta
2335 4220 2406 4279 ab
2433 4224 2733 4281 omittente
2774 4240 2874 4296 per
2913 4224 3025 4279 ali-

1659 4314 1836 4374 quem
1861 4305 2050 4357 actum
2073 4299 2638 4375 antecedentem,quo
2659 4304 2843 4361 voluit
2863 4303 3030 4361 omit-

1659 4385 1797 4448 tere,
1850 4385 1906 4437 et
1951 4396 2126 4455 quam
2173 4381 2520 4455 suspendere
2567 4384 2766 4456 potuit.
2798 4386 2869 4440 Et
2913 4384 3031 4441 haec

1661 4459 1926 4517 doctrina
1955 4476 2072 4518 non
2101 4461 2475 4538 impugnatur
2515 4479 2617 4535 per
2653 4462 3029 4538 objectionem

1658 4557 1835 4615 supra
1880 4542 2147 4615 positam.
2193 4543 2352 4608 Quod
2392 4549 2583 4601 autem
2612 4546 2675 4601 in
2702 4561 2769 4602 ea
2819 4545 3030 4603 dicitur

1659 4621 1731 4680 de
1758 4622 2135 4696 praemotione
2173 4623 2378 4682 efficaci
2420 4624 2491 4682 ad
2525 4630 2732 4691 actum,
2764 4642 2877 4698 quo
2902 4627 3030 4699 quis

1660 4702 1785 4759 vult
1829 4701 2116 4768 omittere,
2165 4704 2461 4761 exclusum
2507 4710 2704 4762 manet
2746 4720 2816 4762 ex
2856 4721 3030 4777 supra

1660 4781 1826 4840 dictis
1853 4784 1886 4852 ἓ
1912 4782 1948 4837 3
1972 4788 2029 4838 et
2066 4786 2099 4852 9
2136 4785 2188 4846 7,
2233 4781 2332 4839 ubi
2373 4782 2615 4852 ratione,
2657 4791 2713 4843 et
2750 4785 3032 4859 exemplis

1663 4861 2043 4930 ostendimus,
2088 4878 2429 4921 concursum
2460 4865 2559 4921 Dei
2600 4864 2670 4921 ad
2712 4881 2893 4923 unum
2935 4883 3031 4924 ac-

1660 4948 1789 4999 tum
1843 4958 1961 5000 non
2014 4944 2218 5001 tollere
2262 4958 2296 4999 a
2346 4944 2643 5001 voluntate
2694 4950 3030 5019 potestatem

1668 5023 2002 5096 proximam
2052 5021 2123 5079 ad
2171 5023 2341 5081 illum
2396 5024 2882 5098 suspendendum,
2939 5027 3033 5084 vel

2812 5110 2876 5165 13
