3647 5753
437 408 548 466 350
1363 413 1456 467 DE
1492 412 1522 464 J
1527 405 2074 465 USTIFICATIONE
2112 402 2318 459 1MP11.

452 591 677 643 tenetur
705 603 806 660 per
827 587 1017 645 media
1037 587 1147 644 sibi
1171 586 1487 660 possibilia.
1512 587 1580 641 Et
1602 586 1799 659 appel-

445 669 629 725 lamus
667 670 772 726 hoc
811 671 905 743 jus
952 672 1235 737 naturale,
1267 687 1387 728 non
1425 669 1563 743 quia
1599 673 1800 726 contra

442 753 901 840 supernaturale,
935 754 1025 809 vel
1052 768 1179 824 quae
1207 750 1650 825 supernaturale
1675 749 1799 806 dic-

444 834 542 896 tat,
584 828 1009 906 distinguatur;
1054 832 1153 890 sed
1190 834 1325 907 quia
1364 831 1741 905 distinguitur
1767 845 1800 886 a

450 915 745 987 praeceptis
808 917 1069 988 positivis
1092 961 1106 985 ,
1163 918 1324 990 quasi
1377 913 1802 972 accidentaliter

445 995 846 1069 superadditis,
873 1001 1151 1056 Caeterum
1175 1000 1294 1057 haec
1315 999 1486 1055 latius
1506 1012 1802 1070 exponen-

449 1082 542 1134 tur
566 1080 686 1136 loco
712 1081 898 1138 citato.

254 1163 410 1255 &Qiffl
523 1158 607 1214 Ad
634 1161 943 1218 secundam
965 1162 1463 1220 confirmationem
1492 1162 1707 1218 constat
1732 1174 1803 1215 ex

248 1244 412 1306 cuinam.
450 1236 626 1294 dictis*
655 1240 796 1313 disp.
848 1244 893 1307 l,
925 1243 1051 1299 dub.
1107 1246 1151 1309 l,
1196 1246 1228 1313 ς
1278 1244 1323 1308 l,
1354 1241 1452 1297 ubi
1498 1239 1805 1296 statuimus

453 1324 740 1391 peccatum
763 1320 1073 1388 habituale,
1099 1324 1222 1379 sive
1243 1322 1527 1379 maculam
1549 1318 1803 1376 hominis

451 1401 657 1457 elevati
681 1401 750 1457 ad
773 1400 948 1459 finem
973 1422 1035 1460 su
1043 1411 1280 1477 pernatu
1292 1400 1807 1467 ralem,consistere

454 1481 778 1573 formaliter
805 1485 868 1540 in
898 1486 1222 1558 privatione
1250 1485 1575 1544 voluntaria
1608 1482 1807 1558 gratiae

451 1562 885 1654 sanctificanti&
926 1567 1016 1622 cui
1064 1567 1375 1640 privationi
1416 1564 1807 1622 immediatius

454 1650 787 1727 opponitur<
806 1647 927 1719 ipsa
952 1648 1155 1720 gratia,
1185 1664 1358 1722 quam
1387 1652 1541 1704 actus
1568 1643 1804 1702 amoris.

459 1721 622 1815 lJnde
658 1740 788 1781 cum
831 1727 892 1782 in
932 1729 1195 1799 praesenti
1238 1744 1473 1802 agamus
1511 1726 1583 1783 de
1622 1725 1809 1781 forma

453 1804 799 1876 justificante
826 1808 1071 1882 impium
1099 1812 1385 1867 elevatum
1415 1808 1483 1865 ad
1525 1821 1809 1881 superna—

457 1889 514 1973 ιιι
526 1886 704 1942 ralem
727 1886 923 1954 finem,
955 1890 1163 1948 merito
1190 1891 1501 1947 asserimus
1526 1904 1654 1945 eam
1680 1900 1811 1943 con-

456 1969 659 2055 sistere
699 1967 761 2022 in
802 1969 986 2041 gratia
1015 1969 1315 2036 habituali,
1355 1975 1412 2026 et
1450 1968 1657 2025 nonin
1686 1970 1809 2022 actii

459 2057 692 2112 amoris,
715 2048 808 2103 vel
835 2049 1214 2106 contritionis.
1237 2051 1306 2105 Et
1325 2048 1576 2122 quidem,
1602 2046 1650 2101 si
1674 2059 1812 2102 vera

456 2127 727 2196 supponit
747 2128 865 2185 hacc
890 2129 1562 2203 confirmatio‚peccatum
1580 2127 1642 2183 in
1661 2130 1810 2181 statu

462 2222 736 2301 purorum
799 2227 916 2268 non
980 2213 1312 2270 consisteret
1374 2213 1436 2267 in
1490 2208 1813 2285 privatione

462 2304 675 2346 amoris
700 2296 1174 2365 supernaturalis,
1202 2295 1271 2351 ad
1298 2310 1466 2367 quem
1496 2293 1669 2349 homo
1696 2303 1814 2346 non

461 2376 606 2461 esset
644 2377 777 2428 tunc
814 2374 1102 2438 elevatus;
1142 2376 1236 2433 sed
1267 2381 1493 2432 tantum
1521 2374 1586 2428 in
1615 2371 1815 2444 priva-

465 2456 619 2508 tione
638 2455 853 2511 amoris
881 2458 1183 2524 naturalis,
1217 2456 1287 2513 ad
1313 2472 1482 2529 quem
1506 2460 1643 2510 tunc
1661 2458 1817 2509 tene-

463 2536 641 2622 retur.
663 2534 745 2588 Ex
765 2551 877 2606 quo
898 2540 1090 2593 tamen
1112 2550 1228 2593 non
1252 2537 1383 2592 licet
1404 2534 1640 2600 inferre,
1666 2529 1815 2604 quod

459 2618 604 2669 sicut
653 2620 786 2672 tunc
831 2616 1004 2673 homo
1044 2617 1452 2691 justificaretur
1496 2614 1818 2673 formaliter

461 2710 564 2766 per
591 2701 778 2752 actum
802 2699 1018 2754 amoris
1042 2700 1343 2766 naturalis,
1369 2699 1448 2754 ita
1472 2713 1625 2753 nunc
1644 2694 1817 2769 justi-

461 2772 664 2864 ficetur
684 2791 786 2847 pcr
806 2777 1052 2833 eundern
1076 2784 1262 2834 actum
1286 2777 1631 2835 naturalem.
1658 2771 1817 2839 Quod

463 2859 603 2910 satis
631 2855 932 2927 persuadet
958 2857 1127 2915 aliter
1156 2855 1674 2932 philosophandum
1697 2867 1820 2911 esse

465 2932 536 2990 de
563 2941 786 3006 peccato
813 2937 1092 2994 habituali
1117 2939 1177 2995 in
1204 2955 1272 2996 ρο
1298 2944 1465 3004 statu,
1498 2953 1560 2994 ac
1587 2937 1650 2993 in
1669 2939 1817 2991 statu

469 3019 765 3090 praesenti;
805 3024 860 3076 et
897 3028 1308 3093 consequenter
1352 3022 1423 3079 de
1463 3021 1669 3092 forma,
1706 3034 1819 3092 qua

468 3096 641 3154 homo
667 3102 800 3190 tunc
819 3099 1244 3173 justificaretur,
1270 3108 1326 3159 et
1352 3101 1522 3160 modo
1541 3101 1822 3177 justifica-

471 3184 581 3236 tur.
614 3181 896 3272 Diximus,
926 3186 977 3238 si
1003 3202 1132 3240 vera
1162 3188 1418 3259 supponit
1456 3185 1818 3257 confirmatio,

468 3266 566 3349 etc.
611 3276 746 3331 quia
775 3264 958 3338 tangit
985 3280 1106 3322 rem
1135 3266 1272 3322 satis
1297 3266 1617 3332 obscuram,
1648 3282 1821 3339 quam

470 3339 626 3398 infra
652 3341 778 3398 dub.
808 3348 843 3400 7
865 3345 1152 3403 elucidare
1177 3347 1527 3405 curabimus.

259 3441 454 3484 nmmum
542 3420 649 3513 73.
677 3424 954 3497 Arguitur
992 3427 1216 3495 ultimo,
1247 3428 1381 3500 quia
1418 3429 1467 3483 si
1508 3428 1680 3485 homo
1707 3442 1823 3484 non

260 3501 452 3583 mae‘ffl'm.
478 3502 747 3591 praeditus
773 3509 960 3580 gratia
999 3507 1281 3565 habituali
1312 3515 1608 3583 raperetur
1634 3508 1703 3565 ad
1732 3509 1825 3565 vi-

471 3596 692 3640 sionem
741 3585 1080 3655 beatificam,
1130 3606 1197 3647 eo
1249 3591 1372 3664 ipso
1419 3590 1826 3665 justificaretur

473 3661 816 3757 formaliter.
848 3677 904 3727 et
929 3672 1310 3730 mundaretur
1335 3690 1367 3730 a
1396 3678 1615 3745 peccato
1644 3695 1657 3729 :
1690 3687 1827 3745 ergo

477 3760 623 3809 visio
669 3747 928 3840 beatifica
967 3758 1147 3825 potest
1184 3756 1386 3811 saltem
1428 3769 1530 3828 per
1563 3752 1825 3808 divlnam

477 3833 789 3917 potentiam
817 3849 938 3889 esse
964 3851 1131 3891 causa
1171 3835 1433 3891 formalis
1466 3833 1829 3910 J‘ustificatio-

479 3923 574 4001 nis
602 3931 616 3966 z
647 3913 800 3984 atqui
822 3929 948 3986 „non
989 3917 1277 3972 minorem
1306 3916 1426 3972 vim
1458 3915 1625 3972 habet
1665 3929 1829 3970 amor

478 3991 593 4082 ⁰9¹.
624 4008 797 4065 super
840 3995 1039 4051 omnia
1076 4016 1088 4052 z
1118 4013 1253 4071 ergo
1279 4001 1460 4069 potest
1496 3997 1698 4052 saltem
1728 4010 1828 4067 per

475 4069 738 4162 divinam
787 4076 1099 4147 potentiam
1154 4077 1451 4133 hominem
1506 4076 1832 4133 formaliter

475 4151 807 4222 justificare.
854 4158 1066 4212 Caetera
1102 4161 1381 4220 constant,
1413 4161 1468 4212 et
1494 4154 1831 4212 antecedens

477 4230 748 4326 suadetur
781 4255 795 4290 ε
825 4239 946 4290 turn
987 4235 1121 4309 quia
1148 4234 1456 4304 beatitudo,
1487 4251 1610 4309 quai
1637 4235 1698 4290 iri
1737 4232 1831 4290 vi-

475 4329 638 4372 sione
665 4315 764 4372 Dei
792 4316 1065 4384 consistit,
1096 4321 1181 4372 est
1214 4316 1452 4390 justitia,
1483 4320 1540 4372 et
1566 4315 1832 4372 sanctitas

478 4403 872 4458 consummata
896 4419 909 4453 ε
939 4412 1075 4472 ergo
1095 4395 1299 4453 videns
1322 4398 1501 4453 Deum
1525 4394 1690 4452 fieret
1710 4393 1833 4452 for-

479 4481 710 4538 maliter
749 4480 955 4553 justus.
983 4480 1130 4533 Tum
1169 4479 1363 4547 etiam,
1387 4478 1523 4550 quia
1546 4473 1834 4533 beatitudo

481 4579 600 4622 non
626 4560 968 4633 compatitur
992 4575 1183 4616 secum
1212 4575 1500 4615 summam
1535 4556 1833 4614 miseriam

481 4644 688 4721 peccati
720 4664 733 4700 :
760 4640 1070 4717 ergo.visio
1091 4638 1347 4697 beatifica
1369 4640 1572 4714 seipsa,
1604 4642 1660 4694 et
1687 4652 1836 4711 prae-

481 4729 595 4786 ciso
608 4738 962 4799 quocumque
973 4719 1169 4778 habitu
1187 4721 1500 4793 expelleret
1513 4718 1849 4788 formaliter,

481 4825 654 4868 omne
683 4811 989 4881 peccatum.

557 4888 953 4963 Respondetur
995 4883 1254 4960 negando
1294 4882 1668 4950 antecedens;
1699 4895 1837 4936 nam

487 4975 738 5030 rationes
764 4987 797 5026 a
820 4967 985 5026 nobis
1011 4967 1272 5040 superius
1301 4966 1474 5030 factae,
1506 4966 1651 5021 sicut
1669 4963 1840 5020 evin-

486 5061 622 5111 cuiit
667 5054 810 5109 alias
862 5050 1220 5122 operationes
1268 5063 1382 5102 non
1433 5062 1591 5118 posse
1645 5042 1842 5099 subire

269 4905 445 4952 solutio.

1930 595 2142 638 munus
2183 579 2386 636 formae
2422 572 2805 652 justificantiS,
2839 571 2919 625 ita
2944 569 3119 625 etiam
3150 580 3294 638 pro-
3380 625 3400 640 ,

1929 660 2088 730 bant,
2113 659 2263 733 quod
2284 658 2433 716 visio
2461 652 2718 713 beatifica
2746 668 2862 709 non
2879 646 3149 724 justificet
3174 645 3287 702 sor-

1930 743 2182 810 maliter,
2204 739 2304 798 sed
2329 743 2557 795 tantum
2576 732 2930 807 dispositive,
2948 733 3003 786 et
3015 742 3287 784 consum-

1933 823 2147 882 mative
2191 846 2205 880 ι
2245 826 2332 878 est
2375 818 2535 876 enim
2582 812 3030 889 perfectissimus
3073 807 3299 865 fructus

1931 905 2134 980 gratiae
2169 899 2594 964 sanctificantis,
2625 911 2724 953 seu
2755 895 2957 951 formae
2976 889 3290 966 Justifican-

1934 987 2026 1042 tis.
2054 985 2218 1043 Unde
2243 984 2292 1040 si
2318 983 2445 1056 quis
2469 977 2657 1053 gratia
2684 973 2965 1032 habituali
2994 987 3112 1031 non
3142 984 3290 1043 prae-

1933 1067 2087 1123 ditus
2109 1070 2408 1138 raperetur
2422 1059 2491 1118 ad
2511 1057 2834 1133 praedictam
2852 1055 3153 1118 visionem,
3173 1066 3303 1108 nom

1935 1152 2199 1206 maneret
2219 1144 2544 1203 formaliter
2558 1140 2762 1214 justus,
2787 1136 2998 1209 quippe
3016 1133 3113 1206 qui
3139 1146 3293 1188 care·

1937 1235 2024 1287 ret
2052 1229 2243 1302 prima
2284 1224 2474 1282 radice
2511 1219 2848 1284 sanctitatiS,
2878 1231 3004 1289 quae
3036 1211 3202 1270 debet
3228 1211 3291 1266 in

1935 1308 2185 1367 essentia
2208 1308 2417 1365 animae
2439 1300 2777 1360 immediate
2800 1294 3065 1362 residere,
3083 1297 3140 1349 et
3160 1290 3305 1348 inde·

1939 1389 2246 1449 refundere
2301 1384 2704 1445 rectitudinem
2758 1379 2827 1436 ad
2881 1375 3185 1451 potentiaS,
3240 1378 3311 1430 et

1937 1470 2314 1547 operationes.
2347 1467 2453 1524 Sed
2482 1470 2705 1522 tantum
2733 1463 2883 1518 esset
2897 1459 3083 1532 justus
3102 1454 3296 1526 dispo-

1937 1551 2126 1617 sitive,
2151 1556 2207 1607 et
2226 1545 2701 1608 consummative,
2725 1545 2782 1598 et
2805 1535 2990 1612 quoad
3006 1535 3255 1592 fructum
3276 1555 3305 1598 ς.

1941 1631 2179 1690 haberet
2220 1629 2379 1685 enim
2422 1624 2816 1698 operationem
2857 1616 3113 1675 maxime
3158 1629 3296 1670 con-

1942 1730 2171 1780 nexam,
2202 1715 2482 1785 quantum
2511 1713 2596 1765 est
2618 1704 2689 1762 de
2713 1720 2792 1767 se,
2814 1716 2944 1758 cuin
2968 1699 3157 1756 forma
3172 1698 3296 1771 jus—

1939 1794 2216 1859 tificante,
2267 1806 2365 1848 seu
2412 1788 2601 1863 gratia
2643 1785 3041 1842 consummata
3069 1804 3081 1846 ;
3131 1785 3186 1834 et
3232 1777 3295 1832 in

1941 1893 2112 1951 quam
2160 1880 2222 1931 ut
2263 1874 2324 1928 in
2366 1870 2725 1945 potissimum
2765 1865 2856 1921 sui
2900 1863 3146 1918 fructum
3175 1859 3298 1932 ipsa

1940 1960 2129 2035 gratia
2153 1957 2413 2014 inclinat.
2440 1952 2606 2008 Unde
2633 1953 2785 2024 patet
2811 1947 2879 2004 ad
2910 1946 3161 2019 primam
3190 1958 3298 1999 an-

1944 2040 2252 2100 tecedentis
2270 2035 2666 2112 probationem
2683 2055 2698 2100 ;
2714 2046 2852 2087 nam
2874 2027 3021 2084 visio
3043 2023 3299 2082 beatifica

1946 2121 2257 2197 praecisive,
2287 2117 2427 2175 etin
2448 2114 2729 2171 abstracto
2748 2115 2992 2182 sumpta,
3016 2107 3159 2162 sicut
3181 2118 3300 2160 non

1944 2209 2028 2260 est
2069 2201 2333 2259 formalis
2365 2195 2608 2272 justitia,
2655 2194 2735 2249 ita
2775 2207 2877 2247 nec
2913 2192 2999 2245 est
3039 2183 3305 2244 formalis

1940 2282 2163 2358 justitia
2187 2270 2598 2342 consummata,
2627 2273 2726 2329 sed
2752 2267 3170 2336 consummatio
3187 2265 3302 2338 jus·

1947 2365 2106 2429 titiae,
2139 2367 2195 2418 et
2215 2360 2436 2436 gratiae.
2466 2355 2554 2412 Ad
2579 2352 2888 2412 secundam
2914 2347 3297 2409 concedimus,

1949 2445 2233 2501 visionem
2281 2437 2601 2501 beatificam
2645 2431 2947 2491 excludere
2974 2443 3145 2487 omne
3172 2440 3313 2499 pec-

1946 2530 2135 2582 catum
2164 2545 2177 2581 z
2207 2522 2303 2580 sed
2327 2520 2385 2577 id
2408 2535 2526 2578 non
2549 2519 2794 2591 praestat,
2816 2513 2952 2586 quia
2976 2511 3163 2568 forma
3178 2508 3304 2581 jus-

1949 2605 2171 2663 tificans
2195 2605 2289 2670 sit,
2314 2602 2406 2660 vel
2437 2604 2724 2674 peccatum
2748 2594 3071 2652 formaliter
3093 2590 3304 2646 imme-

1948 2685 2101 2744 diate
2151 2684 2401 2757 expellat
2439 2705 2453 2748 ;
2508 2677 2607 2737 sed
2669 2677 2805 2751 quia
2869 2681 2955 2732 est
3010 2666 3317 2743 dispositio-

1951 2765 2436 2841 incompossibilis
2472 2777 2615 2820 >cum
2668 2762 2771 2817 illo
2794 2802 2807 2825 ,
2857 2754 3095 2829 expellit
3143 2751 3311 2809 enim

1951 2848 2286 2907 immediate
2325 2859 2499 2904 omne
2543 2843 2833 2900 dictamen
2874 2850 3142 2911 pravum,
3186 2837 3313 2887 tam

1951 2932 2187 2997 actuale,
2232 2944 2402 3002 quam
2431 2924 2738 2991 habituale,
2770 2939 2803 2979 a
2842 2917 3049 2994 quibus
3074 2927 3307 2972 conser-

1952 3011 2106 3069 vatio
2129 3008 2460 3068 voluntaria
2475 3004 2710 3062 maculae
2729 2999 3026 3074 dependet,
3050 3001 3109 3052 ut
3133 3008 3307 3066 supra

1951 3112 2108 3154 num.
2125 3095 2217 3159 71,
2237 3090 2308 3147 de
2334 3094 2459 3147 actu
2486 3085 2802 3152 charitatiS,
2823 3082 2915 3138 vel
2942 3075 3319 3137 contritionis

1953 3173 2278 3232 dicebamus
2298 3195 2311 3238 ;
2335 3175 2390 3227 et
2415 3169 2593 3225 simul
2622 3163 2940 3223 necessario
2965 3156 3311 3216 naturaliter

1954 3253 2131 3311 infert
2176 3253 2365 3325 ipsum
2403 3254 2591 3306 actum
2627 3242 2946 3303 charitatis.
2986 3244 3074 3294 An
3115 3241 3306 3294 autem

1956 3333 2283 3411 hypothesis
2334 3331 2506 3406 hujus
2558 3325 2882 3403 argumenti
2934 3324 3009 3378 sit
3053 3318 3318 3377 absolute

1956 3414 2263 3489 possibilis,
2292 3412 2447 3469 infra
2468 3410 2594 3467 dub.
2625 3412 2660 3464 6
2688 3404 3130 3464 declarabimus.

2430 3605 2712 3659 DUBIUM
2745 3604 2841 3657 111.

1965 3763 2166 3821 Utrum
2204 3769 2483 3837 peccatum
2509 3760 2736 3816 mortale
2775 3756 3009 3822 actuale,
3052 3760 3100 3806 el
3124 3751 3311 3822 {Ji-alia

2033 3844 2336 3922 habitualis
2356 3841 2524 3897 simul
2542 3841 2605 3895 de
2623 3841 2770 3912 sacto
2793 3840 2851 3892 in
2872 3836 3058 3912 aliquo
3081 3831 3313 3887 instanti

2033 3921 2378 3982 coexistunt?

2032 4075 2125 4130 74.
2146 4071 2292 4137 Quia
2314 4069 2383 4128 de
2405 4068 2628 4125 ratione
2650 4065 2847 4123 formae
2856 4059 3219 4138 justificantis
3233 4060 3315 4113 est

1960 4154 2249 4226 expellere
2266 4155 2554 4224 peccatum
2571 4147 2830 4213 mortale,
2852 4145 3051 4216 illique
3071 4138 3280 4212 opponi
3300 4160 3313 4202 ;

1961 4234 2289 4292 examinari
2337 4230 2481 4287 solet
2533 4228 2595 4283 in
2643 4226 2942 4300 praesenti‚
2997 4220 3205 4295 qualiS,
3260 4222 3319 4273 et

1962 4321 2180 4389 quanta
2206 4312 2486 4387 oppositio
2526 4310 2677 4366 inter
2717 4309 2840 4382 ipsa
2885 4304 3222 4379 reperiatur.
3256 4298 3316 4354 ld

1964 4415 2101 4456 vero
2117 4397 2313 4470 nequit
2330 4394 2515 4468 aptius
2537 4394 2909 4456 innotescere,
2929 4403 3101 4462 quam
3124 4385 3325 4440 inves-

1965 4477 2216 4554 tigand0,
2250 4492 2324 4533 an
2355 4475 2560 4550 gratia,
2587 4477 2642 4530 et
2668 4469 3001 4544 praedictum
3033 4468 3319 4540 peccatum

1964 4559 2141 4616 simul
2171 4556 2484 4614 coexistere
2507 4553 2752 4627 possint;
2784 4551 2919 4606 hinc
2942 4548 3101 4606 enim
3143 4559 3323 4617 appa-

1969 4638 2130 4705 rebit,
2176 4641 2372 4693 utrum
2399 4650 2469 4691 ex
2498 4638 2704 4689 natura
2731 4646 2834 4686 sua
2859 4634 3061 4686 mutuo
3086 4623 3196 4681 sibi
3228 4637 3329 4679 re·-

1969 4722 2239 4794 pugnent,
2285 4716 2379 4773 vel
2419 4714 2477 4769 id
2504 4718 2730 4769 tantum
2760 4709 3007 4767 habeant
3031 4723 3101 4764 ex
3127 4704 3327 4776 dispo-

1967 4800 2176 4856 sitione
2225 4796 2546 4855 extrinseca
2600 4792 2699 4849 Dei
2746 4813 2759 4846 ε
2813 4794 2867 4847 et
2914 4787 3101 4847 obiter
3147 4785 3327 4842 etiam

1967 4876 2264 4945 constabit,
2296 4891 2407 4950 quo
2446 4871 2798 4929 causalitatis
2835 4883 3045 4944 genere
3079 4881 3139 4922 se
3167 4862 3327 4920 invi-

1969 4976 2089 5017 cem
2118 4959 2427 5032 expellant.
2456 4956 2638 5011 Porro
2668 4957 2957 5025 peccatum
2980 4946 3223 5003 mortale
3241 4949 3331 5001 est

1970 5043 2220 5113 duplex:
2264 5036 2421 5095 aliud
2470 5035 2709 5098 actuale,
2758 5031 2906 5104 quod
2949 5030 3011 5086 in
3055 5026 3331 5084 exercitio

3018 5105 3332 5164 voluntatis
