3647 5753
551 382 652 438 164
1549 383 1644 437 DE
1683 382 1956 438 GRATIA
1997 382 2341 438 EFFICACI.

537 551 729 611 cludat
750 569 982 611 omnem
1023 554 1269 629 gratiam
1301 556 1771 629 praevenientem,
1802 554 1902 613 sed

534 634 721 690 solam
750 633 996 707 gratiam
1029 634 1328 691 efficaciter
1377 635 1903 708 praedeterminan-

537 718 655 786 tem
682 737 696 780 ;
718 713 916 770 eadem
932 714 1182 780 licentia,
1210 721 1266 773 et
1287 717 1501 790 majori,
1525 716 1902 773 fundamento

538 796 707 852 illum
763 796 1234 869 interpretamur,
1276 797 1426 870 quod
1469 814 1586 854 non
1638 797 1901 855 excludat

533 876 781 948 gratiam
822 875 1120 933 efficaciter
1167 884 1636 950 praemoventem,
1679 877 1776 935 sed
1804 894 1902 935 so-

537 958 656 1013 lam
707 957 955 1028 gratiam
1007 959 1463 1028 necessitantem‚
1497 964 1555 1018 et
1583 958 1902 1031 impedien-

534 1041 651 1092 tem
681 1036 1005 1094 libertatem
1055 1037 1309 1096 arbitrii.
1339 1042 1452 1096 Nec
1486 1039 1645 1096 adest
1689 1038 1901 1096 funda-

534 1122 796 1173 mentum
839 1116 902 1172 in
936 1119 1342 1192 chrysostomo
1378 1118 1448 1176 ad
1493 1121 1655 1176 illam
1689 1120 1897 1193 potius,

422 1235 425 1239 ι
529 1212 706 1269 quam
742 1195 811 1253 ad
848 1198 1015 1253 istam
1060 1200 1498 1272 expositionem,
1529 1199 1627 1256 sed
1666 1206 1900 1258 econtra

533 1293 624 1334 res
648 1292 709 1333 se
736 1276 928 1333 habet.
983 1279 1266 1342 Quoniam
1317 1280 1777 1354 chrysostomuS,
1839 1285 1899 1336 ut

533 1360 772 1416 Suarius
792 1359 1057 1425 affirmat,
1077 1367 1275 1417 contra
1302 1362 1896 1436 semipelagianorum

528 1456 792 1497 errorem
820 1455 1087 1512 expresse
1127 1440 1285 1498 docet
1317 1463 1330 1497 :
1361 1447 1418 1498 at
1444 1442 1896 1517 semipelagiani

534 1535 653 1577 non
674 1523 959 1596 negarunt
984 1522 1231 1593 gratiam
1256 1523 1533 1594 praeviam
1561 1529 1896 1579 moventem

534 1600 916 1666 inefficaciter,
958 1600 1371 1669 indifferenter,
1413 1608 1471 1659 et
1497 1602 1850 1659 vertibiliter
1879 1626 1893 1669 ;

531 1681 629 1738 sed
650 1683 894 1756 gratiam
910 1700 980 1740 ex
1007 1698 1085 1749 se,
1101 1687 1156 1739 et
1171 1683 1241 1739 ab
1262 1684 1576 1741 intrinseco
1590 1684 1891 1751 efficacem,

530 1767 593 1818 ut
618 1778 792 1835 supra
818 1762 1174 1820 ostendimus
1214 1767 1245 1833 ς
1285 1765 1339 1820 6.
1374 1765 1523 1838 Ergo
1552 1764 1895 1838 chrysosto-

529 1858 659 1898 mus
687 1843 752 1899 in
791 1843 1073 1915 praedictis
1114 1842 1557 1900 authoritatibus
1583 1845 1665 1900 ita
1705 1844 1896 1901 docuit

525 1923 774 1996 gratiam
824 1939 942 1980 non
988 1923 1271 1996 impedire
1300 1923 1646 1991 libertatem,
1678 1924 1828 1999 quod
1861 1940 1894 1981 a

525 2004 711 2078 gratia
732 2006 1038 2061 excluserit
1065 2005 1184 2061 vim
1209 2005 1606 2072 necessitandi,
1640 2022 1757 2064 non
1787 2022 1894 2063 au-

527 2090 642 2140 tem
664 2085 939 2141 virtutem
988 2085 1287 2141 efficaciter
1316 2086 1704 2158 praemovendi
1738 2107 1752 2142 ε
1793 2086 1892 2143 sed

528 2164 675 2221 hanc
701 2166 869 2222 tacite
908 2172 1108 2222 contra
1147 2166 1372 2223 futuros
1403 2168 1892 2243 semipelagianos

525 2245 839 2319 supposuit.
882 2289 894 2301 .

2031 555 2170 613 satis
2196 561 2415 614 constat
2457 572 2532 612 ex
2575 554 2742 611 dictis
2769 555 2914 627 disp.
2951 555 2997 620 l,
3050 571 3172 626 cap.
3216 553 3268 618 3,
3299 568 3396 624 per

2032 643 2223 694 totum.
2252 637 2416 694 Unde
2438 644 2625 711 patres
2647 636 2824 693 Graeci
2851 640 3185 699 asserentes,
3212 637 3393 691 Deum

2032 733 2149 775 non
2178 718 2555 791 praedefinire,
2589 734 2705 776 non
2738 716 3080 790 praevenire,
3114 731 3232 772 non
3259 730 3394 790 age-

2033 816 2113 866 re,
2146 817 2262 857 non
2293 816 2643 873 praemovere
2663 802 2988 858 voluntates
3010 802 3253 863 nostrati,
3296 813 3394 854 so-
3453 803 3459 809 '

2032 882 2153 937 lum
2194 881 2505 938 excludunt
2543 881 2859 937 motionem
2887 876 2958 934 ab
2986 877 3270 935 haereticis
3296 893 3392 934 as-

2028 967 2263 1029 sertam,
2317 963 2582 1020 videlioet
2623 962 3077 1027 necessitantem,
3121 964 3179 1017 et
3228 959 3394 1017 aufe-

2032 1050 2254 1102 rentem
2297 1045 2610 1117 potentiam
2651 1043 3025 1100 dissentiendi
3060 1066 3076 1110 3
3141 1042 3393 1098 minime

2030 1139 2168 1181 vero
2189 1129 2398 1198 negant
2417 1125 2663 1199 gratiam
2691 1124 2788 1180 Dei
2817 1122 3116 1180 efficaciter
3142 1137 3390 1179 moven-

2030 1208 2167 1269 tem,
2209 1209 2263 1261 et
2315 1205 2697 1277 applicantem
2733 1224 2746 1260 ε
2818 1204 2937 1260 haec
2979 1203 3189 1277 quippe
3241 1206 3393 1259 recte

2028 1283 2276 1340 cohaeret
2313 1301 2442 1340 cum
2496 1283 2782 1348 libertate,
2837 1285 2959 1339 sive
3009 1279 3388 1339 dissentiendi

2030 1363 2312 1430 facultate,
2347 1369 2404 1419 ut
2431 1368 2648 1422 constat
2668 1380 2740 1421 ex
2779 1379 2950 1436 supra
2992 1362 3175 1419 dictis.
3211 1364 3279 1417 Et
3304 1361 3390 1418 si—

2028 1446 2247 1501 militer
2272 1461 2404 1502 cum
2438 1445 2641 1503 docent
2667 1446 3022 1502 voluntatem
3049 1447 3300 1500 creatam
3326 1459 3389 1499 se

2026 1523 2436 1592 determinare,
2486 1527 2578 1583 vel
2633 1542 2751 1583 non
2794 1524 2961 1582 subdi
3010 1520 3392 1597 providentia:⁴

2027 1605 2256 1675 divinae,
2313 1608 2501 1664 solum
2526 1605 2832 1662 intendunt
2851 1604 3154 1663 excludere
3194 1604 3389 1661 deter-

2026 1685 2427 1753 minationem,
2460 1703 2523 1742 ac
2552 1685 2978 1760 providentiam
3009 1684 3385 1741 intrinsecam

2026 1763 2277 1831 fatalem,
2303 1770 2358 1820 et
2393 1766 2850 1829 necessitantem,
2900 1765 3022 1820 sive
3046 1779 3172 1836 quae
3198 1765 3389 1835 impe-

2023 1845 2145 1901 diat
2183 1845 2428 1904 liberam
2457 1852 2733 1904 creaturae
2765 1845 3122 1910 electionem,
3155 1845 3386 1918 qualem

2024 1926 2317 1984 haereticos
2356 1928 2665 1984 asseruisse
2704 1932 2924 1984 constat
2947 1942 3019 1983 ex
3058 1924 3224 1981 dictis
3263 1925 3387 1982 loco

2025 2007 2286 2080 proxime
2329 2009 2544 2065 citato:
2586 2008 2683 2065 sed
2733 2009 3067 2080 neutiquam
3116 2005 3386 2079 reJ'iciunt

2021 2088 2585 2155 determinationem,
2671 2095 2727 2146 et
2786 2089 3211 2163 providentiam
3277 2089 3381 2144 Dei

2020 2170 2306 2226 causantis
2352 2175 2506 2226 actus
2549 2176 2773 2226 nostros
2818 2186 2936 2226 non
2964 2170 3152 2226 solum
3198 2166 3385 2242 quoad

2019 2249 2419 2318 substantiam,
2451 2251 2547 2309 sed
2575 2254 2752 2308 etiam
2778 2257 3058 2323 quantum
3092 2249 3162 2306 ad
3191 2250 3383 2323 ipsum

2020 2329 2253 2387 modum
2286 2331 2584 2397 libertatiS,
2619 2337 2680 2386 ut
2720 2331 2828 2404 ipsi
2874 2330 3166 2386 multoties
3191 2344 3250 2385 se
3274 2344 3385 2385 ex-

311 2353 516 2407 Legitima
602 2328 734 2383 240.
778 2328 848 2381 Et
875 2326 1010 2382 hinc
1036 2328 1284 2383 sumitur
1318 2327 1504 2394 tertia,
1535 2331 1592 2384 et
1631 2327 1890 2402 legitima

306 2413 479 2496 '3822‘
533 2408 827 2480 responsio
855 2408 923 2464 ad
954 2409 1249 2482 praedictas
1278 2411 1514 2466 Patrum
1560 2410 1887 2465 Graecorum

327 2484 489 2546 oraeoo·
532 2490 925 2548 authoritates.
983 2493 1124 2546 Cum
1155 2492 1313 2547 euim
1361 2495 1494 2547 ante
1539 2491 1788 2548 celebres
1818 2493 1880 2548 D.

311 2558 500 2644 {5¹¹„¹,¹{,},‘}{
530 2571 854 2645 Augustini,
905 2576 960 2627 et
988 2573 1236 2629 aliorum
1287 2570 1714 2627 catholicorum
1755 2588 1886 2628 cum

531 2652 777 2726 Pelagi0,
828 2658 884 2709 et
939 2653 1060 2725 ejus
1100 2651 1396 2723 discipulis
1441 2653 1879 2719 controversiaS,

526 2734 886 2806 potissimum
905 2733 1115 2808 dogma
1139 2750 1172 2789 a
1192 2733 1368 2788 sacris
1398 2732 1729 2789 Doctoribus
1754 2749 1885 2790 con·

526 2819 615 2870 tra
642 2814 935 2870 Simonem
971 2815 1224 2888 Magum,
1269 2814 1640 2880 Marcionem,
1674 2819 1730 2871 et
1757 2816 1884 2871 Ma-

2019 2413 2293 2485 plicantes
2314 2414 2621 2471 affirmant.
2657 2416 2723 2469 Et
2746 2414 2881 2469 hinc
2905 2416 3125 2470 constat
3151 2409 3221 2466 ad
3248 2425 3382 2466 om-

2018 2495 2115 2551 nia
2167 2503 2368 2553 eorum
2419 2495 2749 2552 testimonia
2798 2512 2862 2551 su
2874 2511 2974 2568 pra
3017 2494 3213 2549 relata.
3268 2490 3379 2547 Sed

2017 2577 2254 2649 insuper
2280 2577 2522 2652 singulis
2552 2577 2612 2632 in
2643 2575 2974 2649 particulari
3003 2574 3254 2630 breviter
3275 2588 3375 2629 oc-

2014 2673 2336 2715 curramus.

2088 2741 2216 2795 241.
2263 2739 2711 2813 chrysostomus
2752 2740 2842 2796 vel
2888 2731 3222 2800 sententias,
3252 2752 3587 2829 quaefflffiffl,

2015 2817 2178 2876 nobis
2225 2818 2593 2892 objiciuntur,
2645 2834 2762 2876 non
2805 2819 3060 2893 protulit,
3123 2816 3221 2874 sed
3250 2817 3579 2921 istaectffirsss

526 2895 773 2953 nichaeos
825 2902 1104 2953 assertum
1157 2900 1304 2953 esset
1344 2895 1580 2952 libertas
1625 2896 1876 2967 arbitrii,

520 2994 693 3052 quam
717 2979 805 3034 illi
828 2979 1079 3035 haeretici
1105 2978 1491 3051 praedicabant
1512 2995 1613 3052 per
1637 2980 1737 3036 Dei
1762 2997 1883 3038 mo-

520 3058 759 3125 tionem,
828 3065 884 3116 et
939 3059 1245 3116 efficaciam
1306 3054 1521 3116 divinae
1566 3060 1881 3116 voluntatis

517 3139 742 3206 everti3
792 3155 909 3197 non
939 3144 1055 3196 tam
1108 3144 1385 3196 curarunt
1432 3142 1629 3196 Patres
1654 3144 1880 3215 Augus-

518 3221 643 3277 tino
670 3222 1021 3294 antiquiores
1059 3221 1358 3279 ostendere
1396 3220 1702 3278 efficaciam
1742 3238 1878 3297 gra-

518 3301 633 3368 tiae,
665 3318 837 3374 quam
880 3302 1108 3358 arbitrii
1139 3301 1461 3359 libertatem
1485 3317 1760 3358 asserere.
1810 3305 1879 3358 Et

520 3382 648 3440 ideo
689 3388 834 3441 totos
882 3400 1089 3441 nervos
1117 3384 1178 3440 in
1215 3384 1272 3440 id
1301 3384 1582 3458 praecipue
1608 3383 1877 3441 intende-

520 3470 675 3532 runt,
700 3471 763 3522 ut
789 3465 1118 3539 praedictam
1149 3465 1476 3523 libertatem
1501 3471 1736 3533 sartam,
1768 3471 1876 3522 tec·

517 3552 744 3620 tamque
764 3552 1085 3604 tuerentur.
1111 3546 1276 3604 Unde
1297 3548 1506 3603 factum
1528 3551 1632 3612 est,
1653 3550 1714 3601 ut
1735 3545 1876 3603 adeo

516 3644 619 3701 pro
647 3627 911 3685 libertate
932 3627 1281 3685 decertatum
1311 3628 1504 3692 tuerit,
1534 3632 1594 3682 ut
1615 3627 1876 3699 aliquan·

510 3709 701 3764 tulum
740 3708 984 3766 efficacia
1010 3708 1225 3765 divinae
1262 3708 1462 3783 gratiae
1488 3707 1755 3780 depressa
1774 3709 1868 3775 sit,

511 3790 604 3847 vel
633 3791 835 3847 saltem
865 3807 982 3848 non
1011 3791 1151 3847 adeo
1177 3806 1465 3863 expressa.
1509 3789 1756 3845 Minime
1784 3794 1871 3846 ta-

513 3886 648 3927 men
670 3872 867 3928 Patres
888 3872 1052 3927 illam
1083 3876 1386 3945 negarunt,
1437 3870 1536 3928 sed
1572 3872 1777 3944 potius,
1811 3877 1872 3926 ut

505 3950 822 4024 oportebat,
856 3952 1018 4019 illam
1053 3968 1444 4025 saepenumero
1479 3957 1866 4018 asseruerunt,

510 4037 572 4088 ut
593 4037 811 4089 constat
830 4048 901 4088 ex
922 4048 1122 4088 eorum
1147 4032 1494 4089 testimoniis
1538 4035 1570 4103 ἓ
1601 4034 1617 4088 l
1650 4034 1865 4090 relatis,

509 4114 654 4168 Cum
700 4112 876 4187 igitur
921 4113 1375 4187 chrysostomuS,
1421 4118 1479 4169 et
1526 4113 1626 4168 alii
1671 4115 1871 4171 Patres

506 4193 687 4250 Graeci
731 4193 1003 4250 videntur
1049 4194 1363 4251 motionem
1389 4194 1589 4267 gratiae
1632 4195 1870 4251 efficacis

501 4275 855 4343 excludere;
907 4277 1070 4332 illam
1115 4280 1340 4332 tantum
1389 4291 1597 4350 negare
1642 4276 1869 4334 intelli-

503 4355 679 4430 gendi
700 4362 852 4425 sunt,
878 4374 1050 4431 quam
1079 4357 1330 4414 haeretici
1354 4356 1716 4415 introducere
1737 4375 1869 4416 mo-

511 4436 820 4505 liebantur,
884 4443 944 4493 ut
985 4437 1306 4495 libertatem
1353 4439 1697 4494 everterent.
1773 4439 1865 4496 Illi

507 4533 648 4575 vero
670 4534 785 4576 non
807 4520 1259 4591 qualemcunque
1278 4517 1564 4575 eficaciam
1590 4517 1869 4591 praedica-

508 4599 667 4667 bant,
710 4600 808 4657 sed
858 4600 1164 4658 efficaciam
1217 4601 1674 4667 necessitantem,
1744 4602 1867 4658 sive

505 4684 802 4739 tollentem
834 4683 1155 4740 facultatem
1179 4680 1577 4748 dissentiendi,
1610 4687 1671 4738 ut
1695 4698 1863 4740 cons-

505 4767 587 4820 tat
637 4779 708 4820 ex
760 4780 961 4821 eorum
1022 4763 1436 4822 successoribus
1495 4764 1859 4833 LutheraniS,

507 4846 860 4914 calvinistiS,
885 4852 942 4904 et
959 4848 1380 4918 Jansenianis§
1409 4846 1746 4920 praecedenti
1779 4863 1865 4904 re·

506 4926 656 4993 latis,
706 4929 803 5002 qui
845 4944 1047 4987 eorum
1074 4931 1363 5002 sepultum
1416 4928 1622 5003 dogma
1672 4935 1865 5003 postea

497 5012 959 5076 extumularunt,
989 5016 1044 5066 et
1068 5010 1126 5065 in
1156 5011 1351 5068 orbem
1395 5010 1766 5073 induxerunt,
1802 5016 1864 5066 ut

2013 2917 2046 2957 a
2075 2901 2397 2975 pelagianis
2421 2916 2523 2973 pro
2547 2901 2637 2956 sui
2659 2902 2877 2958 erroris
2923 2901 3258 2974 patrocinio,
3312 2906 3375 2955 ut

2013 2983 2205 3054 plures
2243 2981 2596 3047 existimant,
2656 2982 2778 3055 ejus
2828 2981 3096 3054 operibus
3145 2980 3377 3036 insertae

2009 3067 2143 3117 sunt
2177 3082 2190 3117 ε
2238 3061 2328 3117 vel
2355 3061 2542 3116 solum
2583 3061 2834 3117 excludit
2859 3063 3107 3136 gratiam
3151 3075 3377 3132 praeve-

2010 3142 2266 3199 nientem
2316 3138 2770 3206 necessitantem,
2818 3159 2937 3199 non
2983 3158 3121 3199 vero
3149 3156 3377 3213 praeve-

2008 3223 2284 3289 nientem,
2308 3226 2366 3277 et
2391 3220 2688 3277 efficaciter
2721 3227 3050 3278 moventem
3080 3220 3150 3277 ad
3178 3225 3373 3277 actum

2007 3301 2276 3358 liberum.
2323 3302 2482 3357 Hanc
2519 3301 2730 3375 quippe
2776 3302 2898 3374 ipse
2924 3316 3191 3374 expresse
3212 3300 3377 3358 docet

2006 3390 2135 3439 tom.
2200 3386 2247 3450 1,
2302 3383 2448 3439 hom.
2490 3384 2556 3437 de
2607 3384 2792 3439 Adam
2819 3391 2867 3437 et
2915 3382 3064 3448 Eva,
3112 3382 3373 3439 abiait:

2012 3487 2038 3517 ·‹
2080 3465 2353 3521 Omnium
2378 3464 2662 3521 bonorum
2690 3465 3011 3532 effectuum,
3046 3472 3212 3538 atque
3239 3479 3375 3536 ope·

2012 3567 2038 3597 «
2081 3561 2230 3610 rum,
2257 3551 2312 3601 et
2333 3544 2597 3601 omnium
2618 3544 2961 3609 studiorum.
2987 3546 3369 3616 omniumque

2010 3647 2035 3679 α
2078 3627 2379 3694 virtutum,
2411 3626 2617 3698 quibus
2640 3625 2709 3682 ab
2731 3627 2898 3683 initio
2927 3626 3060 3683 fidei
3084 3625 3154 3682 ad
3185 3629 3367 3681 Deum

2010 3727 2037 3759 α
2080 3705 2353 3774 tenditur,
2405 3708 2584 3763 Deum
2616 3706 2993 3780 profiteamur
3039 3707 3364 3771 authorem,

2009 3809 2035 3840 «
2075 3794 2132 3845 et
2159 3803 2274 3844 non
2320 3788 2648 3846 dubitemus
2676 3788 2746 3845 ab
2795 3790 2974 3861 ipsius
3018 3788 3206 3864 gratia
3232 3804 3372 3844 om-

2008 3891 2034 3923 «
2078 3870 2241 3927 nium
2291 3871 2598 3928 hominum
2646 3872 2855 3928 merita
2885 3872 3211 3944 provenire,
3265 3885 3372 3941 per

2007 3971 2034 4001 «
2073 3967 2246 4022 quam
2274 3952 2453 4008 etiam
2499 3950 2580 4016 fit,
2622 3957 2685 4006 ut
2716 3951 2937 4026 aliquid
2966 3950 3101 4007 boni
3130 3956 3186 4007 et
3217 3949 3373 4006 velle

2007 4053 2032 4083 «
2072 4031 2436 4105 incipiamus,
2466 4037 2522 4088 et
2574 4032 2774 4089 facere.
2810 4053 2834 4081 n
2890 4034 3094 4087 Facere
3141 4036 3364 4095 autem,

2002 4117 2064 4168 ut
2104 4112 2396 4180 faciamus,
2451 4112 2697 4186 gratiam
2738 4110 3036 4167 efficaciter
3062 4110 3370 4183 applican-

2001 4199 2136 4261 tem,
2186 4201 2241 4252 et
2271 4198 2699 4268 promoventem
2731 4194 3019 4264 importat,
3055 4197 3116 4246 ut
3141 4208 3212 4249 ex
3240 4196 3370 4249 Au-

1997 4280 2144 4350 gust.
2179 4275 2431 4331 vidimus
2457 4275 2595 4346 disp.
2629 4276 2683 4338 5,
2712 4273 2842 4328 dub.
2871 4275 2925 4328 6.
3286 4312 3291 4317 ·

2075 4360 2141 4413 D.
2176 4356 2566 4429 Dionysiuseo
2594 4355 2713 4412 loco
2739 4359 2965 4410 tantum
3009 4356 3214 4411 asserit
3254 4356 3367 4413 ho-

2000 4437 2221 4493 minem
2266 4451 2388 4493 esse
2428 4434 2599 4492 liberi
2645 4433 2896 4499 arbitrii,
2945 4438 3003 4491 et
3044 4434 3192 4491 istud
3241 4452 3365 4493 non

1996 4515 2234 4583 destrui,
2268 4515 2362 4571 vel
2390 4514 2627 4572 obtundi
2660 4531 2759 4588 per
2798 4515 3066 4589 gratiam,
3098 4516 3247 4589 quod
3278 4524 3365 4575 est

1996 4597 2369 4655 verissimum
2398 4617 2411 4651 ε
2442 4596 2689 4654 minime
2725 4614 2863 4655 vero
2884 4597 3135 4655 excludit
3163 4614 3371 4655 neces-

1994 4681 2220 4736 sitatem
2250 4679 2437 4736 divini
2462 4679 2668 4735 auxilii
2689 4696 2761 4736 ex
2787 4696 2848 4737 se
2867 4680 3122 4744 efficacis,
3148 4686 3204 4736 et
3228 4697 3357 4738 cor·

1997 4759 2397 4833 respondentis
2442 4760 2645 4818 divino
2691 4760 2915 4819 decreto
2962 4762 3367 4834 praedetermi-

1996 4844 2193 4901 nativo
2220 4848 2552 4900 nostrarum
2581 4845 2871 4903 actionum
2901 4866 2913 4900 z
2941 4844 3089 4917 quod
3118 4845 3238 4917 ipse
3264 4860 3366 4902 ex-

1995 4925 2351 4997 pressissime
2377 4924 2535 4982 docet
2560 4926 2623 4980 de
2651 4927 2859 4983 divinis
2884 4926 3211 4991 nominibus,
3234 4943 3359 4999 cap.

1993 5008 2047 5074 5,
2082 5007 2179 5064 ubi
2204 5013 2266 5064 ut
2289 5010 2526 5080 exponit
2569 5011 2630 5066 D.
2662 5010 2868 5068 Thom.
2901 5009 3017 5064 tect.
3044 5008 3096 5067 3.
3132 5009 3319 5080 inquit
3342 5030 3360 5063 ε

2984 5089 3360 5162 Eaecmplaria

3420 2932 3571 2970 mmm.

3415 4391 3475 4432 D.
3498 4391 3601 4448 Dio-

3407 4449 3583 4493 nysius.
