3647 5753
61 890 200 930 eruum

67 947 87 979 a
137 946 176 979 u-

61 997 117 1029 tcu
137 997 213 1029 mn.

74 2581 211 2625 Salutio

1358 377 1535 432 DISP.
1579 377 1701 443 vn,
1746 375 1916 434 DUB.
1960 380 2028 435 11.

230 557 554 617 naturales,
594 573 712 614 non
757 559 839 616 sic
889 558 1197 625 distribuit,
1229 559 1324 616 sed
1376 556 1604 631 quando

227 635 364 702 vult,
389 642 447 691 et
473 643 646 708 prout
672 638 799 693 vult
818 640 1058 696 omnino
1086 638 1537 712 independenter
1569 654 1603 694 a

227 719 488 773 naturali
535 717 930 792 dispositione,
987 721 1078 778 vel
1131 719 1604 793 attemperatione

224 797 483 874 subjecti.

301 882 395 935 55.
442 880 731 953 Arguitur
751 882 919 939 tertio
944 906 958 949 ;
983 899 1119 939 nam
1143 880 1403 939 diabolus
1424 896 1602 954 pene-

230 963 393 1015 trans
407 959 657 1033 alicujus
680 960 935 1017 hominis
958 968 1090 1018 natu
1101 961 1602 1033 ram,complexio-

229 1055 382 1105 uem,
452 1045 511 1095 et
572 1040 997 1107 inclinationeS,
1056 1047 1236 1114 potest
1295 1040 1601 1098 observare

226 1128 472 1192 tempus,
510 1122 723 1185 locum,
750 1127 803 1177 et
826 1122 970 1177 alias
990 1122 1468 1187 circumstantiae,
1493 1119 1600 1177 sub

226 1203 434 1275 quibus
471 1204 523 1259 si
555 1204 648 1259 illi
695 1202 894 1261 offerat
920 1202 1198 1276 objectum
1240 1204 1599 1278 peccamino-

225 1299 372 1351 sum,
426 1290 486 1340 et
547 1298 668 1339 sure
717 1283 1077 1355 dispositioni
1131 1289 1593 1357 attemperatum,

226 1363 526 1420 hominem
559 1362 949 1419 infallibiliter
973 1363 1179 1427 vincet,
1202 1368 1260 1420 et
1286 1362 1357 1419 ad
1404 1379 1599 1436 pecca-

227 1451 346 1500 tum
375 1445 574 1502 trahet
606 1467 620 1501 :
649 1444 748 1501 sed
788 1461 902 1501 non
922 1450 1008 1502 est
1033 1447 1319 1517 potentior
1339 1443 1598 1504 diabolus

228 1526 295 1583 ad
348 1529 599 1593 malum,
649 1543 822 1600 quam
874 1529 1019 1584 Deus
1058 1527 1129 1583 ad
1171 1526 1385 1584 bonum
1419 1543 1598 1602 :ergo

231 1610 374 1665 Deus
434 1607 686 1680 perfecte
748 1623 1089 1682 cognoscens
1157 1608 1598 1682 uniuscnjusque

227 1688 708 1760 complexionem,
740 1696 796 1745 et
830 1688 1287 1753 inclinationem,
1315 1694 1496 1760 potest
1532 1689 1596 1744 in

229 1768 366 1831 loco,
397 1773 682 1840 tempore,
707 1773 763 1824 et
785 1768 916 1824 aliis
935 1768 1381 1824 circumstantiis
1403 1768 1597 1824 homi-

229 1848 316 1903 nis
335 1848 510 1922 genio
543 1849 938 1920 attemperatis
961 1848 1128 1903 illum
1158 1863 1378 1914 vocare,
1409 1852 1466 1904 et
1491 1864 1597 1905 vo-

228 1927 403 1984 cando
426 1929 664 1985 trahere
704 1926 1094 1985 infallibiliter
1122 1927 1192 1984 ad
1213 1944 1552 1985 consensum
1577 1952 1592 1997 ;

228 2009 445 2065 vocatio
486 2016 685 2066 autem
738 2007 1129 2065 infallibiliter
1171 2024 1426 2066 connexa
1465 2025 1595 2065 cum

228 2104 501 2145 consensu
552 2096 642 2146 est
665 2088 876 2155 efficax,
921 2094 984 2143 ut
1026 2105 1096 2145 ex
1123 2105 1183 2146 se
1211 2090 1388 2162 liquet
1419 2110 1433 2144 ε
1461 2105 1596 2164 ergo

228 2171 468 2228 efficacia
497 2171 720 2228 divinae
745 2170 1059 2233 vocationis
1103 2177 1251 2228 recte
1276 2171 1596 2244 explicatur

233 2266 329 2322 per
370 2251 495 2318 hoc,
526 2249 681 2325 quod
725 2250 974 2323 subjecto
1015 2255 1440 2322 attemperetur,
1472 2251 1596 2308 sive

234 2346 332 2403 per
351 2330 475 2395 hoc,
503 2337 564 2387 et
612 2330 675 2386 in
704 2330 857 2387 idem
889 2329 1048 2394 redit,
1073 2328 1221 2402 quod
1265 2329 1596 2387 conferatur

234 2411 453 2467 homini
484 2411 549 2467 in
571 2426 642 2468 eo
664 2412 803 2476 loco,
835 2416 1108 2482 tempore,
1139 2416 1194 2465 et
1221 2409 1597 2467 circumstan-

235 2491 343 2555 tiis,
370 2491 431 2546 in
445 2490 661 2564 quibus
684 2490 793 2564 ipsi
809 2490 1090 2564 congruit.

215 2614 223 2624 .
305 2571 704 2645 Respondetur
719 2571 823 2628 hoc
849 2576 1251 2646 argumentum
1267 2573 1397 2643 (quo
1418 2544 1594 2628 etiam

238 2652 409 2708 utitur
421 2655 640 2710 Suarez
669 2655 728 2708 in
740 2652 980 2725 opuscul.
1007 2652 1098 2709 lib.
1125 2654 1176 2718 3,
1200 2671 1319 2725 cap.
1354 2654 1437 2719 14,
1463 2671 1520 2708 η.
1537 2654 1595 2723 7)

241 2747 457 2803 peccare
477 2733 543 2788 in
575 2730 861 2806 pluribus.
888 2731 1095 2797 Primo,
1127 2732 1262 2804 quia
1287 2747 1404 2788 non
1437 2731 1593 2788 aliud

235 2827 405 2885 genus
432 2812 713 2870 movendi
754 2813 1108 2869 voluntatem
1129 2817 1378 2868 creatam
1425 2812 1593 2868 attri-

235 2892 350 2949 buit
383 2895 517 2962 De0,
544 2911 719 2968 quam
768 2892 1009 2959 diabolo,
1040 2893 1308 2952 videlicet
1352 2895 1593 2952 morali-

235 2980 313 3029 ter
337 2977 482 3031 etex
511 2979 678 3047 parte
704 2973 904 3048 objecti
926 2972 1252 3040 alliciendo,
1276 2973 1588 3040 suadend0,

235 3055 511 3123 terrendo,
544 3061 653 3111 etc.
683 3053 833 3127 quod
855 3053 1126 3110 motionis
1144 3069 1323 3129 genus
1347 3052 1594 3110 libenter

234 3132 588 3191 admiserunt
618 3132 932 3207 pelagiani,
959 3138 1021 3188 ut
1040 3137 1258 3189 constat
1276 3149 1347 3189 ex
1376 3136 1442 3188 D.
1471 3135 1592 3187 Au-

231 3219 368 3283 gust.
402 3214 494 3269 lib.
532 3214 601 3267 de
617 3215 802 3282 qratia
852 3211 1063 3269 Christi
1095 3229 1217 3284 cap.
1257 3213 1322 3267 to
1347 3216 1403 3269 et
1429 3213 1495 3268 12
1536 3215 1593 3268 et

233 3294 609 3366 expendimus
651 3294 791 3365 disp.
826 3295 871 3357 l,
897 3311 1016 3365 cop.
1040 3294 1095 3357 4,
1127 3297 1158 3362 ς
1185 3294 1239 3358 4,
1288 3301 1338 3347 et
1359 3293 1502 3364 disp.
1531 3294 1586 3358 4,

233 3372 351 3429 dub.
376 3377 431 3440 4,
461 3378 493 3444 ς
530 3377 577 3430 1.
612 3372 882 3437 Secundo,
909 3389 1044 3429 nam
1067 3372 1214 3445 quod
1243 3372 1417 3430 homo
1453 3388 1591 3429 con-

234 3453 434 3509 sentiat
458 3453 691 3511 diabolo
723 3454 986 3520 tentanti,
1030 3468 1150 3508 non
1213 3452 1478 3525 provenit
1520 3467 1591 3509 ex

238 3537 478 3605 potentia
499 3534 736 3600 diaboli,
755 3533 853 3592 sed
874 3552 944 3592 ex
965 3532 1394 3591 defectibilitate
1420 3532 1589 3590 liberi

239 3611 474 3683 arbitrii,
500 3614 651 3687 quod
681 3615 795 3671 nisi
816 3614 1018 3670 divina
1058 3612 1244 3687 gratia
1264 3613 1584 3687 adjuvetur,

242 3694 621 3752 infallibiliter
644 3694 858 3751 labitur
897 3696 960 3751 in
1005 3698 1312 3766 peccatum,
1342 3709 1472 3750 cum
1519 3692 1590 3750 ad

242 3774 374 3830 illud
400 3778 760 3834 sollicitatur¹
785 3777 949 3850 gravi
978 3776 1309 3840 tentatione,
1338 3781 1398 3831 ut
1434 3774 1590 3831 dixi-

241 3869 357 3909 mus
380 3856 519 3929 disp.
551 3859 609 3921 2,
649 3857 775 3912 dub.
807 3858 843 3911 8
872 3880 887 3923 3
918 3871 1053 3929 ergo
1091 3856 1139 3911 si
1185 3860 1589 3928 argumentum

244 3934 443 4007 aliquid
468 3936 690 4009 probat,
712 3936 910 3993 suadet
931 3936 1242 3993 hominem·
1267 3935 1591 3993 consentire

246 4018 345 4073 Deo
381 4019 627 4084 vocanti,
665 4035 781 4076 non
830 4024 1060 4091 propter
1111 4018 1588 4090 omnipotentiam

245 4101 502 4166 vocantis,
532 4101 630 4158 sed
657 4102 791 4174 quia
833 4104 1020 4157 stante
1045 4099 1144 4155 tali
1173 4100 1485 4166 vocatione,
1512 4100 1589 4155 li-

248 4174 435 4234 berum
487 4178 798 4235 arbitrium
851 4195 923 4236 ex
967 4183 1165 4250 suapte
1211 4178 1589 4251 propensione

249 4256 416 4314 fertur
458 4259 726 4315 inillam.
765 4258 969 4321 Tertio,
999 4258 1133 4330 quia
1172 4256 1433 4315 diabolus
1460 4263 1589 4315 ten-

248 4341 380 4403 tans,
421 4344 476 4394 et
521 4337 790 4395 omnibus
834 4339 952 4394 suis
998 4336 1218 4394 artibus
1245 4343 1426 4404 utenS,
1472 4354 1590 4395 non

245 4420 524 4490 extorquet
550 4433 888 4475 consensum
941 4416 1359 4474 infallibilitate
1405 4422 1591 4475 meta-

249 4495 484 4570 physica,
528 4499 618 4555 cui
663 4503 937 4573 repugnat
962 4497 1191 4555 subesse
1218 4498 1463 4566 falsum3
1490 4501 1589 4557 sed

246 4575 357 4631 sola
383 4576 796 4636 infallibilitate
835 4579 1063 4645 morali,
1106 4594 1233 4651 quae
1268 4579 1519 4637 sumitur
1555 4597 1590 4638 a

248 4659 618 4716 communiter
643 4658 1101 4734 contingentibus
1120 4703 1133 4716 .
1159 4658 1287 4716 fieri
1303 4661 1461 4716 enim
1485 4677 1589 4734 po-

249 4738 363 4800 test,
391 4737 536 4809 quod
565 4736 828 4795 diabolus
869 4745 1044 4798 tentet
1079 4741 1375 4798 hominem
1403 4757 1589 4813 quan-

252 4820 360 4869 tum
393 4817 559 4884 valet,
584 4822 642 4873 et
693 4816 799 4873 sub
843 4819 960 4875 illis
1008 4819 1475 4886 circumstantiis,
1526 4820 1588 4877 in

249 4893 439 4964 quibus
457 4897 568 4953 sibi
599 4897 830 4954 relictus
844 4899 1234 4957 infallibiliter
1252 4901 1586 4961 consentietz

249 4977 301 5029 et
339 4975 480 5046 quod
522 4976 908 5034 nihilominus
955 4983 1104 5038 Deus
1144 4980 1442 5037 hominem
1488 4997 1590 5038 sua

3028 388 3106 443 37

1733 552 1921 623 gratia
1961 551 2211 628 adjuvet,
2252 571 2363 627 qua
2404 552 2630 628 adjutus
2656 561 2883 629 superet
2924 562 3104 615 tenta-

1735 632 1987 699 tionem;
2021 633 2115 690 ubi
2147 639 2264 690 tota
2285 634 2391 690 illa
2418 634 2811 693 infallibilitas
2856 636 3101 710 dissipa-

1735 715 1849 769 tur.
1877 712 2213 770 Infallibilis
2243 718 2434 770 autem
2456 715 2758 782 connexio,
2789 732 2913 789 quae
2933 716 3102 774 datur

1733 793 1887 850 inter
1934 794 2222 850 auxilium
2269 794 2479 862 efficax,
2522 800 2580 852 et
2613 812 2973 866 consensum,
3018 804 3103 855 est

1733 875 1868 931 talis
1890 890 2008 932 non
2047 877 2238 932 solum
2270 876 2592 945 moraliter,
2624 877 2723 934 sed
2752 879 2925 934 etiam
2974 895 3099 937 me-

1732 954 2025 1028 taphysice
2056 977 2068 1011 :
2099 957 2245 1012 alias
2284 955 2488 1012 divina
2517 957 2783 1014 voluntas
2808 957 3020 1025 efficax,
3046 965 3103 1017 et

1731 1051 2100 1108 consequens,
2125 1053 2250 1109 quae
2290 1036 2496 1095 mediis
2522 1039 2759 1094 auxiliis
2784 1038 3100 1097 efficacibus

1732 1115 2053 1187 assequitur
2093 1117 2357 1174 effectum
2400 1133 2434 1173 a
2471 1133 2532 1173 se
2574 1117 2882 1184 intentum,
2916 1129 3099 1191 posset

1732 1195 1989 1255 absolute
2026 1196 2185 1256 abeo
2229 1197 2580 1270 assequendo
2620 1198 3098 1273 impediri3quod

1729 1282 1815 1335 est
1835 1278 2077 1336 omnino
2105 1278 2338 1336 falsum.
2368 1282 2515 1353 Ergo
2542 1282 2710 1337 aliter
2732 1289 2925 1338 movet
2953 1284 3098 1339 Deus

1729 1360 2047 1429 efficaciter,
2081 1376 2143 1418 ac
2168 1359 2441 1418 Diabolus
2488 1367 2682 1427 tentat,
2716 1368 2773 1420 et
2823 1363 3001 1419 trahit
3028 1363 3100 1421 ad

1729 1457 2091 1498 consensum.
2124 1441 2337 1515 Quarto
2363 1441 2627 1515 denique,
2659 1444 2795 1517 quia
2823 1460 2894 1500 ex
2920 1460 3100 1517 oppo-

1729 1524 1840 1581 sito
1859 1521 2040 1591 fieret,
2072 1524 2223 1597 quod
2241 1526 2389 1583 sicut
2407 1524 2673 1583 diabolus
2696 1527 2894 1600 nequit
2920 1528 3101 1584 infal-

1731 1605 1974 1662 libiliter
2018 1607 2320 1665 moraliter
2383 1607 2685 1665 hominem
2739 1609 2801 1665 in
2848 1610 3103 1684 quolibet

1729 1693 2003 1759 tempore,
2034 1693 2090 1743 et
2129 1687 2237 1744 sub
2261 1688 2516 1761 qualibet
2543 1687 2922 1763 dispositione
2960 1691 3101 1748 sub—

1730 1772 1956 1824 vertere
1975 1791 1990 1834 ;
2013 1766 2111 1849 sed
2137 1772 2368 1840 spectat,
2403 1767 2694 1841 prospicit,
2725 1774 2782 1826 et
2833 1769 3096 1829 observat

1728 1847 2047 1904 occasiones
2062 1862 2340 1921 congruas
2356 1848 2426 1904 ad
2447 1848 2791 1905 tentandum
2812 1870 2826 1906 ε
2851 1851 2933 1907 ita
2951 1853 3099 1908 Deus

1729 1944 1848 1986 non
1874 1933 2055 2001 posset
2085 1928 2382 1985 hominem
2411 1930 2810 1988 infallibiliter
2851 1948 3097 1990 conver-

1730 2012 1869 2073 tere,
1890 2008 2003 2063 nisi
2027 2009 2090 2064 in
2111 2007 2509 2065 determinatis
2525 2009 2936 2077 occasionibus,
2957 2018 3098 2068 tem·

1730 2086 1983 2160 poribus,
2039 2093 2096 2145 et
2138 2087 2607 2156 circumstantiiS,
2666 2107 2805 2164 quas
2856 2091 3099 2164 proinde

1729 2166 1961 2225 deberet
1980 2166 2305 2233 observare,
2356 2173 2412 2225 et
2438 2174 2736 2241 expectare
2778 2169 2849 2226 ad
2896 2186 3098 2227 conse-

1728 2247 2020 2322 quendum
2043 2246 2220 2304 finem
2243 2248 2556 2305 intentum.
2591 2249 2652 2304 Id
2674 2255 2867 2306 autem
2889 2266 3097 2322 quam-

1729 2329 1818 2385 vis
1867 2328 2140 2386 nonnulli
2181 2344 2300 2386 non
2361 2327 2733 2389 abhorreant.
2772 2329 3096 2397 admittere,

1730 2410 2049 2483 plurimum
2091 2408 2325 2483 derogat
2383 2408 2602 2465 divinat
2644 2411 3095 2483 omnipotentiae,

1727 2496 1782 2547 et
1801 2505 2071 2562 supremo
2099 2488 2197 2546 Dei
2226 2488 2489 2547 dominio
2514 2507 2691 2563 supra
2739 2493 3099 2550 voluntatem

1728 2578 1977 2630 creatam
1998 2569 2103 2627 sub
2128 2570 2383 2643 qualibet
2408 2569 2781 2644 dispositione
2817 2575 3094 2631 constitu-

1729 2658 1866 2709 tam.
1894 2652 2242 2709 Recolantur
2291 2649 2468 2709 verba
2495 2654 2558 2708 D.
2590 2653 2918 2727 Augustini,
2948 2660 3005 2711 et
3025 2659 3090 2714 D.

1729 2732 2013 2806 Prosperi,
2039 2746 2165 2803 quae
2190 2729 2507 2801 dedimusg
2538 2734 2583 2789 l.
2617 2735 2696 2790 De
2740 2749 2853 2806 quo
2879 2734 3092 2792 iterum
3124 2741 3133 2747 '

1727 2813 1886 2870 infra
1911 2811 2036 2867 dub.
2067 2827 2173 2889 seq.
2208 2812 2473 2867 num.78.

1800 2894 1887 2949 Ad
1915 2897 2323 2966 argumentum
2370 2907 2535 2966 ergo,
2576 2893 2892 2952 omittendo
2944 2912 3093 2968 prae-

1727 2974 1932 3029 missas
1961 2973 2025 3028 in
2063 2987 2255 3037 sensu,
2287 2977 2344 3028 et
2382 2988 2513 3028 cum
2541 2971 2868 3031 differentia
2913 2992 3097 3049 nuper

1727 3053 2001 3120 adductiS,
2038 3051 2415 3126 respondetur
2457 3054 2719 3128 negando
2744 3071 3098 3130 consequen-

1727 3137 1888 3193 tiam.
1939 3136 2008 3189 Et
2055 3134 2202 3191 ratio
2246 3133 2602 3207 disparitatis
2654 3143 2756 3204 est,
2821 3141 3095 3210 quoniam

1725 3214 2130 3293 determinatio
2172 3213 2243 3271 ad
2291 3215 2511 3271 malum
2573 3220 2630 3273 et
2677 3233 2984 3276 consensus
3029 3222 3095 3278 in

1726 3298 2122 3363 tentationem,
2146 3301 2426 3369 quatenus
2473 3299 2632 3364 tales,
2686 3302 3036 3372 proveniunt
3065 3320 3099 3360 a

1725 3384 1985 3437 creatura
2004 3377 2163 3433 velut
2189 3391 2224 3432 a
2249 3376 2436 3448 primo
2458 3377 2774 3450 principio:
2793 3380 3095 3438 undenul-

1725 3460 1848 3515 lum
1875 3463 1960 3515 est
1985 3456 2427 3520 inconvenienS,
2459 3456 2610 3527 quod
2637 3460 2930 3531 supposita
2957 3460 3094 3517 alli·
3182 3479 3185 3482 ·

1723 3538 1934 3596 cientia
1955 3534 2162 3594 morali
2191 3533 2393 3609 obJecti
2418 3534 2563 3592 facta
2587 3552 2687 3608 per
2713 3536 2931 3595 diaboli
2957 3556 3094 3613 sug-

1722 3620 2060 3694 gestionem,
2089 3619 2262 3676 homo
2279 3633 2342 3674 se
2366 3617 2715 3675 determinet
2760 3618 2829 3675 ad
2851 3634 3096 3677 consen·

1722 3717 1852 3757 sum
1863 3699 2176 3755 secundum
2189 3698 2476 3754 malitiam
2495 3704 2801 3770 acceptam,
2820 3705 2874 3755 et
2895 3699 3095 3757 reddat

1723 3782 1890 3838 illam
1915 3779 2335 3853 suggestionem
2355 3778 2635 3835 efficacem
2661 3778 2938 3848 absolute,
2969 3797 3094 3854 quae

1724 3866 1856 3917 ante
1883 3859 2071 3931 ipsum
2097 3873 2437 3915 consensum
2490 3857 2720 3929 praecise
2739 3858 3097 3917 determina-

1723 3939 1819 3997 bat
1840 3938 2158 3994 moraliter.
2185 3939 2466 3993 Caeterum
2507 3935 2752 3994 efficacia
2773 3939 3091 3996 vocationis

1722 4018 2179 4094 supernaturalis
2203 4035 2273 4076 ex
2304 4034 2417 4074 una
2446 4025 2606 4090 parte
2653 4019 2931 4076 antecedit
2957 4037 3097 4079 con-

1721 4117 1954 4159 sensum
1985 4099 2154 4156 liberi
2200 4098 2453 4166 arbitrii,
2484 4106 2547 4154 ut
2591 4099 2718 4155 dub.
2744 4102 2966 4171 praeced.
3000 4118 3097 4159 os-

1722 4182 2014 4241 tendimus
2038 4186 2238 4237 contra
2263 4180 2565 4239 Molinam.
2596 4185 2652 4236 et
2684 4189 3094 4253 consequenter

1722 4262 1924 4336 nequit
1943 4260 2168 4318 desumi
2197 4259 2268 4316 ab
2297 4260 2420 4332 ipso
2440 4275 2719 4317 consensu
2755 4281 2768 4316 :
2797 4265 2854 4316 et
2877 4276 2950 4317 ex
2977 4262 3092 4318 alia

1723 4347 1885 4415 parte
1930 4346 2014 4399 est
2056 4340 2536 4413 supernaturalis,
2583 4344 2644 4394 ut
2686 4339 3086 4412 supponimuS,

1722 4427 1890 4496 atque
1911 4419 2039 4477 ideo
2081 4436 2201 4478 non
2230 4423 2406 4493 potest
2435 4418 2702 4476 constitui
2733 4434 2832 4491 per
2879 4434 3093 4492 respec-

1721 4508 1845 4559 tum
1904 4502 2001 4559 vel
2030 4500 2569 4574 attemperationem
2599 4498 2667 4555 ad
2694 4497 3092 4572 dispositiones

1721 4581 2019 4637 naturales
2047 4579 2218 4637 liberi
2272 4578 2524 4636 arbitrii.
2551 4576 2714 4635 Unde
2740 4577 2789 4633 si
2811 4583 2995 4635 stante
3021 4596 3091 4636 ex

1723 4665 1886 4734 parte
1905 4659 2006 4716 Dei
2038 4659 2140 4715 illa
2163 4658 2418 4716 motione
2445 4658 2678 4724 morali,
2722 4673 2894 4729 quam
2918 4674 3092 4732 argu-

1724 4745 1991 4797 mentum
2012 4736 2303 4810 expendit,
2337 4734 2585 4792 liberum
2621 4735 2930 4792 arbitrium
2967 4737 3094 4806 sine

1722 4819 1993 4877 ulteriori
2016 4817 2239 4874 auxilio
2266 4816 2552 4873 vocationi
2572 4816 2938 4882 consentiret,
2964 4832 3094 4875 ma-

1723 4901 1936 4959 nifeste
1957 4899 2294 4963 inferretur,
2317 4897 2541 4953 nullam
2571 4896 2633 4952 in
2653 4912 2720 4955 eo
2748 4899 3095 4970 praecessisse

1722 4980 1973 5057 gratiam
2007 4976 2508 5052 supernaturalem
2554 4976 2830 5036 efficacem
2878 4978 2940 5034 in
2972 4993 3094 5035 esse
