3647 5753
1271 423 1272 426 ‘
1375 444 1550 501 mse.
1597 448 1667 513 11,
1711 448 1877 505 DUB.
1924 452 1991 506 v.
2985 458 3088 514 401

209 630 341 687 qua>
360 629 393 670 a
415 612 682 685 praedicto
707 629 985 671 concursu
1014 613 1264 672 minime
1289 614 1589 689 dependet.

218 694 604 761 Quamobrem
624 696 718 752 vel
764 712 995 770 semper
1040 696 1319 763 manebit,
1353 698 1445 753 vel
1473 697 1596 755 des-

213 774 461 832 truenda
522 779 609 832 est
646 792 679 832 a
709 777 823 834 Deo
874 793 976 851 per
1018 778 1141 845 hoc,
1179 776 1330 849 quod
1377 794 1593 835 novum

217 856 466 929 aliquem
513 871 855 912 concursum
896 857 1107 924 eliciat,
1140 872 1252 929 quo
1299 857 1589 926 immutet,

207 943 272 994 et
295 936 482 993 variet
521 937 810 1010 principia
852 937 1164 1012 adaequata,
1192 954 1226 995 a
1249 936 1460 1011 quibus
1488 938 1597 996 de-

218 1017 443 1091 pendet,
468 1023 525 1074 et
547 1017 610 1074 in
634 1016 844 1091 quibus
865 1019 1143 1076 fundatur
1164 1017 1432 1092 praedicta
1453 1018 1595 1077 obli-

216 1101 369 1175 gatio
400 1125 416 1168 3
446 1101 615 1157 aliter
641 1101 803 1157 enim
848 1100 1050 1158 eodem
1091 1101 1263 1159 modo
1308 1101 1589 1174 persistet.

219 1180 560 1256 Hujusmodi
582 1196 721 1237 vero
747 1181 1037 1255 principia
1062 1188 1202 1238 sunt
1228 1187 1384 1238 actus
1409 1198 1596 1256 pecca-

218 1262 479 1322 minosus
505 1268 705 1321 utnon
733 1268 1093 1333 retractatus,
1117 1270 1174 1322 et
1197 1268 1453 1338 peccator
1470 1266 1594 1338 ipse

220 1345 285 1401 in
308 1361 506 1402 rerum
518 1350 724 1402 natura
744 1360 991 1403 manens
1016 1370 1031 1414 ;
1054 1350 1111 1403 et
1124 1345 1241 1402 haec
1264 1346 1591 1413 immutari,

219 1432 318 1483 aut
337 1428 559 1484 variari
587 1432 875 1501 nequeunt
897 1426 1112 1502 absque
1152 1428 1471 1486 mutatione
1497 1429 1596 1484 in-

219 1510 468 1566 trinseca
536 1509 861 1583 peccatoriS,
915 1515 979 1565 ut
1022 1527 1196 1585 supra
1247 1510 1596 1583 ponderavi-

219 1608 368 1649 mus.
431 1594 582 1667 Ergo
621 1590 895 1666 obligatio
947 1591 1264 1651 intrinseca
1310 1591 1595 1650 subeundi

219 1690 467 1747 poenam,
510 1678 805 1747 peccatum
833 1674 1368 1748 indispensabiliter
1394 1690 1596 1732 conse-

219 1772 415 1829 quens,
448 1773 512 1813 ac
535 1756 779 1830 perinde
820 1763 1109 1830 peccatum
1132 1759 1342 1831 ipsum,
1374 1757 1593 1815 destrui

220 1854 339 1895 non
376 1840 573 1896 valent
645 1839 859 1912 absque
924 1839 1241 1897 intrinseca
1288 1841 1596 1914 peccatoris

42 1928 193 1974 urbo.
223 1921 641 1979 immutatione.
662 1922 1050 1994 Quodoptime
1093 1922 1358 1981 docuitD.
1384 1927 1589 1983 Thom.

221 2004 280 2058 in
306 2003 361 2068 4,
391 2004 517 2060 dist.
561 2006 642 2068 16,
669 2011 854 2081 quoest.
877 2007 935 2068 2,
963 2011 1076 2060 art.
1109 2007 1155 2070 l,
1180 2007 1387 2063 inrest.
1407 2007 1499 2064 ad.
1542 2009 1590 2073 l,

219 2082 310 2137 his
329 2083 521 2139 verbis
546 2108 559 2141 ι
590 2106 616 2137 α
645 2087 941 2142 Peccatum
981 2084 1275 2157 quodlibet
1297 2092 1475 2159 potest
1502 2085 1594 2142 di-

224 2183 249 2213 «
281 2163 453 2230 mitti,
526 2166 620 2222 vel
667 2166 887 2222 remitti
932 2166 1119 2237 quoad
1188 2166 1321 2234 duo,
1379 2167 1596 2224 scilicet

224 2266 248 2294 α
280 2250 556 2317 quantum
617 2245 688 2302 ad
758 2248 1009 2319 culpam,
1062 2252 1116 2303 et
1180 2253 1462 2320 quantum
1523 2246 1594 2304 ad

225 2346 250 2377 α
284 2333 528 2384 reatum.
557 2332 682 2384 Non
725 2334 914 2385 autem
952 2334 1133 2401 potest
1176 2346 1298 2387 esse
1347 2330 1596 2388 secunda

228 2429 253 2460 «
286 2410 549 2469 remissio
575 2412 910 2485 sine'prima
941 2435 955 2477 ;
984 2412 1121 2484 quia
1164 2415 1418 2487 quandiu
1465 2431 1596 2471 ma-

229 2508 254 2538 a
289 2495 389 2545 net
408 2492 589 2562 culpa,
644 2497 835 2548 manet
859 2491 1118 2550 debitum
1163 2511 1361 2567 poenae.
1414 2496 1594 2568 Culpa

228 2590 256 2620 α
288 2575 480 2626 autem
506 2572 568 2626 in
587 2571 1015 2632 deordinatione
1037 2575 1353 2632 voluntatis
1374 2577 1595 2633 consis-

229 2673 256 2704 α
287 2652 376 2708 tit.
415 2651 574 2710 Unde
602 2669 716 2710 non
766 2661 941 2726 potest
969 2657 1134 2729 culpa
1182 2658 1421 2725 remitti,
1479 2659 1593 2715 nisi

225 2753 250 2784 «
287 2735 653 2793 reordinetur
672 2738 937 2794 voluntas
971 2759 984 2793 ε
1027 2738 1175 2811 quod
1199 2754 1319 2796 esse
1341 2755 1460 2797 non
1491 2756 1594 2812 po-

220 2833 248 2863 «
280 2818 392 2871 test
440 2816 692 2890 quandiu
741 2817 804 2874 in
852 2818 976 2892 ipsa
998 2817 1439 2879 deordinatione
1464 2837 1593 2878 ma-

220 2916 244 2947 α
281 2899 552 2964 net,alias
573 2899 685 2957 duo
711 2900 966 2975 opposita
988 2904 1370 2960 essentsimul
1395 2920 1549 2961 vera.
1564 2926 1588 2955 »

28 3007 146 3098 &¹3³
290 2979 383 3070 Ad
422 2981 536 3038 haec
568 3003 581 3038 ε
585 2981 790 3118 ὺέἀοεᾶ·
814 2983 1087 3058 obligatio
1152 2987 1492 3052 extrinseca,
1538 2992 1595 3042 et

14 3066 68 3108 ιιι]
122 3066 190 3114 eui
1565 3097 1595 3106 -

14 3107 177 3200 aaa
213 3076 387 3197 {23²3
393 3072 1594 3219 ‘330⁵ssu2p‘2‘1‘1d3,pffiliffipsslirffiffiffi-

209 3222 380 3278 venit
407 3240 442 3281 a
465 3225 587 3281 solo
610 3226 743 3289 Deo,
768 3230 826 3281 et
874 3241 992 3281 non
1016 3241 1047 3282 a
1075 3232 1364 3297 peccatore
1391 3249 1404 3283 ε
1435 3228 1593 3299 atqui

209 3303 494 3379 obligatio
522 3307 851 3374 intrinseca,
876 3312 929 3363 et
956 3306 1223 3363 radicalis
1246 3325 1363 3366 non
1387 3326 1595 3383 prove—

207 3385 300 3442 nit
341 3403 377 3443 a
406 3390 542 3455 Deo,
574 3388 673 3445 sed
714 3404 749 3444 a
786 3389 907 3445 solo
947 3393 1237 3462 peccatore
1262 3413 1276 3457 ;
1306 3390 1594 3463 siquidem

205 3468 486 3540 praedicta
513 3470 786 3544 obligatio
805 3471 1076 3527 coincidit
1100 3471 1287 3543 reipsa
1321 3488 1452 3528 cum
1480 3475 1595 3530 ali-

200 3565 319 3621 quo
370 3551 535 3607 malo
580 3552 762 3623 culpa}
792 3567 964 3623 :ergo
1013 3551 1280 3623 praedicta
1318 3552 1596 3627 obligatio

200 3630 515 3703 suspendi,
559 3633 653 3687 vel
709 3630 981 3704 impediri
1036 3647 1152 3688 non
1195 3639 1430 3705 potesta
1474 3636 1596 3692 solo

203 3714 326 3769 Deo
355 3729 509 3786 pure
538 3712 608 3768 ab
633 3713 976 3780 extrinseco,
1002 3714 1101 3771 sed
1128 3714 1199 3771 ad
1225 3715 1282 3771 id
1309 3715 1597 3773 desidera-

201 3799 302 3850 tur
330 3794 587 3849 mutatio
614 3794 926 3850 intrinseca
954 3797 1285 3867 peccatoriS.
1315 3799 1384 3851 Et
1426 3812 1597 3871 urge-

201 3880 322 3940 tur,
356 3875 503 3947 quia
529 3876 578 3929 si
624 3878 771 3931 Deus
821 3874 1149 3932 decerneret
1194 3876 1438 3950 obligari
1469 3893 1597 3950 pec-

193 3959 471 4012 catorem
495 3954 565 4010 ad
590 3971 819 4027 poenam
861 3955 1133 4023 absolute,
1159 3964 1217 4014 et
1245 3956 1454 4032 absque
1477 3959 1598 4014 ulla

198 4037 501 4108 temporis
542 4035 906 4102 limitatione,
983 4051 1098 4093 non
1146 4044 1331 4109 posset
1379 4054 1598 4096 cessare

197 4115 554 4192 hujusmodi
583 4115 856 4190 obligatio
878 4117 1089 4191 absque
1118 4119 1310 4192 aliqua
1341 4120 1440 4176 Dei
1465 4134 1599 4175 mu·-

197 4200 439 4255 tatione
465 4212 566 4271 per
596 4213 812 4254 novum
841 4198 1132 4256 decretum
1163 4205 1479 4257 retractans
1501 4216 1601 4257 an-

201 4282 452 4354 tiquum
476 4302 490 4336 :
516 4279 608 4336 sed
628 4279 800 4337 homo
813 4279 1092 4353 peccando
1113 4287 1304 4338 causat
1325 4282 1388 4338 in
1414 4282 1601 4355 seipso

195 4361 641 4436 obligationem
705 4361 1107 4429 intrinsecam,
1158 4366 1214 4419 et
1290 4361 1599 4419 radicalem

195 4440 511 4499 subeundi
561 4456 790 4514 poenam
834 4441 1113 4509 absolute,
1157 4447 1214 4498 et
1240 4441 1450 4515 absque
1480 4444 1602 4500 ulla

201 4523 509 4597 temporis
561 4521 912 4578 limitatione
937 4546 950 4589 ;
994 4521 1278 4594 siquidem
1329 4538 1401 4579 ex
1441 4528 1603 4596 parte

195 4622 312 4663 sua
336 4605 514 4679 ponit
542 4603 989 4661 fundamentum
1016 4610 1294 4661 aeternum
1325 4605 1604 4679 praedictae

195 4686 619 4763 obligationis,
647 4683 913 4742 videlicet
928 4692 1215 4758 peccatum
1250 4709 1263 4745 ε
1291 4704 1428 4763 ergo
1455 4705 1605 4762 praa-

192 4772 366 4829 dicta
380 4766 667 4841 obligatio
695 4781 914 4823 cessare
936 4769 1135 4841 nequit
1155 4768 1363 4843 absque
1384 4771 1605 4827 intrin-

193 4868 339 4910 seca
383 4847 705 4922 peccatoris
748 4847 1171 4917 immutatione,
1202 4863 1315 4922 qua
1342 4850 1607 4909 videlicet

197 4935 301 4993 vel
330 4930 543 4993 eliciat
569 4933 756 4986 actum
787 4930 1226 4998 retractationis,
1250 4932 1343 4988 vel
1366 4931 1607 5005 recipiat

197 5012 505 5069 formam,
532 5003 594 5058 in
641 5019 752 5076 qua
802 5002 1131 5061 eminenter
1169 5004 1448 5062 habeatur
1500 5005 1605 5063 illa

201 5086 583 5154 retractatio.

1807 621 1929 676 148.
1975 624 2354 696 Responsioni
2402 628 2802 686 Nominaliuin
2826 630 3312 688 hactenusaliorum

1725 701 2076 777 impugnatae
2103 706 2290 764 affinis
2312 709 2553 767 omnino
2573 716 2658 769 est
2680 711 2941 770 doctrina
2959 714 3102 768 Car·
3132 701 3299 784 “§ffssf’n‘

1726 786 1941 842 dinalis
1955 785 2025 843 de
2049 789 2202 863 Lugo
2228 798 2389 848 tract.
2414 793 2478 847 de
2501 797 2842 866 poenitentia,
2874 797 3019 868 disp.
3042 798 3097 863 6,
3116 791 3296 894 315⁴ng

1723 875 1852 924 sect.
1874 869 1911 922 5
1932 885 2057 924 cum
2081 873 2444 948 sequentibus,
2468 875 2711 931 Joannis
2734 876 2803 933 de
2852 876 3102 948 Ripalda
3303 872 3316 882 ’

1725 957 1858 1006 tom.
1880 952 1937 1016 2,
1960 949 2025 1004 de
2057 951 2205 1008 Ente
2227 963 2509 1028 super-nat.
2540 956 2686 1030 disp.
2714 959 2820 1014 ult.
2854 965 2978 1013 sect.
3004 959 3097 1024 22,

1724 1049 1851 1087 cum
1870 1051 1977 1112 seq.
2012 1036 2068 1088 et
2086 1034 2451 1105 quorundam
2474 1036 2725 1094 aliorum
2768 1040 2795 1091 J
2804 1038 3097 1105 uniornm,

1724 1113 1823 1185 qui
1868 1119 2208 1188 argumento
2234 1131 2411 1188 supra
2442 1116 2590 1174 facto
2633 1117 2983 1190 respondent
3009 1134 3106 1174 se-

1724 1192 1930 1260 cund0,
1962 1199 2250 1267 peccatum
2279 1194 2575 1254 habituale
2614 1198 2927 1254 consistere
2950 1196 3105 1254 adae-

1722 1279 1893 1347 quate
1920 1276 1981 1331 in
2010 1280 2134 1332 actu
2161 1277 2556 1348 peccaminoso
2598 1279 2902 1351 praetcrito,
2933 1284 2990 1335 et
3038 1279 3102 1335 in

1726 1370 1844 1413 non
1885 1356 2302 1414 condonatione
2350 1357 2594 1426 divina;
2646 1375 2784 1415 narn
2816 1363 3102 1416 transacto

1726 1442 1851 1494 actu
1872 1439 2278 1513 peccaminoso,
2313 1439 2466 1495 nihil
2489 1440 2649 1497 aliud
2666 1444 3095 1516 recognoscunt,

1725 1534 1759 1574 a
1795 1535 1908 1593 quo
1953 1519 2177 1576 dicatur
2228 1520 2402 1577 homo
2441 1521 2769 1578 formaliter
2821 1527 3093 1595 peccator,

1726 1601 1841 1659 nisi
1882 1603 2000 1660 haec
2019 1602 2153 1668 duo,
2196 1601 2460 1661 videlicet
2495 1604 2795 1662 hominem
2825 1619 3097 1678 peccasse,

1725 1687 1782 1740 et
1836 1686 2016 1743 Deum
2090 1685 2180 1740 illi
2225 1701 2344 1749 non
2389 1685 2739 1745 condonasse
2790 1691 3101 1761 peccatum.

1726 1764 1892 1822 Unde
1922 1771 2246 1831 autumant,
2280 1764 2429 1838 quod
2459 1767 2643 1838 posita
2688 1766 3107 1824 condonatione

1723 1844 2046 1904 extrinseca
2067 1846 2391 1914 Dei,statim
2409 1855 2757 1906 evanescunt
2785 1856 2902 1905 tam
2924 1848 3109 1905 deno-

1725 1927 1975 1984 minatio
2026 1928 2352 2000 peccatoris,
2385 1944 2559 2001 quam
2589 1930 2717 1986 aliae
2756 1930 3105 1987 denomina-

1725 2010 1928 2078 tiones,
1954 2026 2080 2081 quae
2131 2010 2297 2066 illam
2317 2010 2687 2076 comitantur,
2730 2016 2788 2068 ut
2811 2018 2946 2084 puta
2973 2029 3102 2066 ma-

1723 2094 1914 2159 culati,
1937 2096 2121 2149 aversi
2142 2111 2178 2148 a
2210 2092 2340 2159 Dee,
2365 2094 2523 2163 diyni
2538 2111 2699 2166 poena
2744 2103 2963 2162 «eterna,
2996 2101 3095 2150 etc.

1723 2174 1989 2247 quamvis
2040 2174 2187 2230 nibil
2237 2175 2514 2246 peccatori
2563 2175 2957 2247 imprimatur,
2995 2191 3098 2248 per

1724 2255 1874 2328 quod
1902 2255 2241 2311 immutetur
2268 2253 2603 2314 intrinsece.
3011 2314 3015 2318 ,

1796 2334 1907 2392 Sed
1938 2335 2056 2391 haec
2081 2334 2346 2391 doctrina
2370 2334 2567 2391 verbis
2595 2340 2821 2392 tantum
2850 2335 3044 2391 differt
3066 2352 3291 2402 anetem-

1723 2416 2011 2474 sententia
2033 2415 2452 2484 Nominalium,
2483 2421 2540 2473 et
2567 2417 2802 2475 aliunde
2826 2422 2911 2474 est
2933 2417 3094 2482 salsa,
3163 2414 3244 2451 ω’·

1723 2500 1780 2554 et
1806 2496 2181 2554 insufficiens.
2226 2497 2386 2562 Quod
2424 2498 2507 2554 sic
2526 2498 2850 2555 ostenditur
2875 2500 3057 2571 primo
3083 2515 3104 2563 ,·

1724 2593 1863 2634 nam
1906 2593 1974 2635 eo
2002 2578 2145 2650 ipso,
2177 2577 2327 2651 quod
2378 2578 2552 2635 homo
2589 2579 2843 2654 graviter
2892 2584 3097 2651 peccet,

1722 2665 1780 2715 et
1807 2664 2115 2732 antequam
2162 2659 2559 2733 intelligamus
2599 2663 2781 2716 Deum
2828 2661 2940 2734 ipsi
2967 2677 3101 2719 con-

1723 2739 1959 2804 donare,
2005 2742 2099 2798 vel
2148 2756 2267 2798 non
2289 2740 2615 2798 condonare
2661 2746 2972 2813 peccatum,
3004 2742 3103 2798 in-

1722 2819 2044 2894 telligimus
2084 2821 2274 2894 ipsum
2335 2821 2707 2881 maculatum.
2754 2836 3022 2879 aversum
3071 2839 3105 2879 a

1724 2901 1856 2967 De0,
1885 2907 1989 2958 etc.
2037 2902 2205 2959 Prius
2249 2901 2412 2958 enim
2468 2906 2571 2969 est,
2602 2902 2751 2974 quod
2775 2903 2948 2959 homo
2976 2918 3108 2976 pec-

1724 2986 1829 3049 cet,
1861 2987 1917 3038 et
1940 2982 2016 3038 sit
2043 2982 2106 3038 in
2129 2987 2278 3039 statu
2303 2984 2532 3055 peccati.
2560 3000 2733 3055 quam
2779 2983 2928 3056 quod
2958 2987 3108 3040 Deus

1722 3060 2026 3127 condonet,
2071 3063 2165 3119 vel
2221 3077 2338 3119 non
2378 3061 2663 3119 condonet
2692 3068 2998 3136 peccatum,
3047 3068 3110 3119 ut

1724 3145 1878 3212 patet
1897 3141 2074 3198 etiam
2098 3141 2161 3196 in
2191 3141 2466 3197 humanis
2487 3160 2506 3194 .·
2528 3142 2689 3214 prius
2717 3142 2876 3199 enim
2903 3145 3109 3199 Petrus

1724 3222 1965 3279 offendit
2012 3223 2278 3288 Paulum,
2329 3228 2387 3280 et
2431 3222 2760 3281 demeretur
2790 3224 3107 3281 amicitiam

1723 3302 1865 3376 ejuS,
1898 3318 2072 3375 quam
2117 3303 2267 3375 quod
2297 3305 2512 3360 Paulus
2560 3305 2837 3370 remittat,
2869 3306 2963 3361 vel
2988 3321 3108 3363 non

1727 3384 1985 3439 remittat
2007 3383 2306 3441 offensam.
2329 3386 2478 3458 Ergo
2500 3391 2788 3457 peccatum
2819 3386 3110 3443 habituale

1724 3480 1843 3521 non
1870 3464 2128 3520 consistit
2166 3465 2492 3522 formaliter
2520 3466 2847 3538 partialiter
2890 3468 2955 3521 in
2989 3482 3107 3523 non

1724 3543 2145 3602 condonatione
2182 3544 2386 3601 divina
2413 3570 2428 3614 ς
2460 3545 2721 3619 implicat
2752 3548 2913 3603 enim
2962 3563 3104 3612 esse,

1727 3628 1823 3685 au't
1846 3627 2093 3701 intelligi
2130 3626 2395 3684 effectum
2438 3628 2744 3685 formalem
2774 3630 2983 3702 absque
3003 3646 3109 3688 suo

1724 3709 2118 3768 constitutivo.
2166 3708 2437 3779 Secundo,
2487 3713 2622 3784 quia
2665 3716 2951 3769 transacto
2980 3717 3104 3770 actu

1727 3790 1956 3863 peccati,
2014 3790 2108 3846 vel
2149 3795 2349 3847 manet
2374 3791 2688 3847 intrinsece
2735 3791 2799 3847 in
2823 3797 3109 3864 peccatore

1726 3869 2089 3943 condignitas
2147 3868 2415 3926 radicalis
2462 3870 2532 3927 ad
2556 3886 2801 3943 paenam,
2857 3889 2981 3946 quae
3022 3878 3109 3930 est

1728 3952 1851 4025 ipsa
1879 3951 2108 4007 macula
2151 3952 2359 4023 peccati
2408 3951 2756 4019 habitualis;
2790 3954 2879 4009 vel
2918 3955 3106 4011 solum

1727 4033 1898 4091 datur
1919 4033 2281 4108 condignitas
2309 4034 2578 4106 proxima
2605 4034 2676 4091 ad
2706 4052 2952 4109 pennam,
2981 4054 3108 4109 quae

1726 4119 1812 4171 est
1837 4113 2234 4172 denominatio
2259 4115 2581 4172 extrinseca
2606 4115 2909 4190 desumpta
2938 4133 2970 4173 a
2994 4119 3109 4175 Deo

1730 4209 1848 4251 non
1893 4194 2255 4252 condonante
2277 4212 2508 4268 poenam
2562 4212 2594 4251 a
2620 4211 2680 4253 se
2707 4202 2960 4253 taxatam
2987 4200 3015 4253 Ρ
3038 4198 3101 4255 Si

1728 4274 1975 4348 eligatur
2003 4275 2282 4348 primum,
2324 4281 2651 4348 perseverat
2673 4276 2736 4331 in
2782 4291 2886 4332 suo
2906 4275 3111 4335 robore

1732 4357 1878 4412 ratio
1893 4356 2251 4428 nostra,quia
2268 4355 2627 4431 condignitas
2649 4356 2961 4413 intrinseca
2984 4358 3109 4416 tolli

1733 4451 1851 4493 non
1872 4438 2027 4493 valet
2047 4453 2150 4510 per
2178 4438 2561 4494 mutationem
2594 4435 2980 4494 extrinsecam
3012 4462 3026 4505 ;
3051 4444 3110 4496 et

1733 4517 1969 4575 aliunde
1996 4523 2234 4592 apparet
2284 4519 2774 4591 inconsequentia,
2808 4524 2864 4575 et
2884 4520 3105 4577 salsitas

1731 4597 2011 4655 doctrinm
2040 4599 2280 4656 illorum
2301 4600 2616 4656 Juniorum
2640 4623 2656 4666 ς
2686 4600 2971 4673 siquidem
3001 4617 3112 4657 an-

1734 4676 2059 4734 tecedenter
2099 4677 2170 4733 ad
2195 4694 2313 4736 non
2362 4679 2841 4737 condonationem
2883 4680 2983 4736 Dei
3006 4680 3112 4736 ad-

1735 4759 1989 4815 mittitur
2015 4758 2080 4814 in
2124 4764 2412 4832 peccatore
2454 4761 2674 4834 aliquid
2710 4761 3111 4831 intrinsecum,

1736 4839 1886 4913 quod
1915 4840 2317 4913 propriissime
2357 4840 2529 4898 habet
2580 4842 2864 4899 rationem
2905 4846 3116 4916 peccati

1737 4921 2073 4979 habitualis.
2120 4922 2180 4977 Si
2229 4926 2517 4980 asseratur
2562 4923 2897 4991 secundum,
2945 4928 3118 4999 plane

1738 5001 2015 5070 infertur,
2041 5001 2192 5074 quod
2220 5008 2508 5059 transacto
2550 5010 2673 5060 actu
2703 5006 2932 5078 peccati,
2963 5009 3118 5066 nihil

1745 5091 2045 5142 remaneat
2084 5085 2197 5141 nisi
2247 5089 2456 5153 reatus,
2524 5086 2647 5145 sive
2686 5087 2992 5147 destinatio
3045 5093 3119 5150 ad
