3647 5753
71 959 281 1054 ᾞιῇᾓξῗ-
360 971 490 1027 256.
536 969 854 1028 Dicendum
924 976 1009 1029 est

1444 395 1624 450 DISP.
1668 396 1735 465 11,
1780 397 1946 455 DUB.
1990 400 2110 456 VII.

909 566 939 633 ς
969 565 1036 620 11.

290 725 578 783 Asseritur
620 728 912 783 necessitas
950 729 1358 787 immutationis
1398 749 1658 806 superna—

873 809 1094 865 librali-5.

1057 974 1324 1043 secundo,
1365 982 1653 1049 peccatum

121 1058 200 1103 sio.
284 1050 578 1110 habituale
628 1054 886 1111 hominis
936 1054 1153 1112 conditi
1196 1058 1259 1114 in
1307 1061 1487 1131 puris,
1537 1076 1655 1118 non

94 1712 245 1758 Proba·

94 1773 252 1856 aas

76 2351 263 2442 Rffig‘m'

92 3087 244 3139 impug-

98 3141 164 3179 nat
168 3147 227 3180 ur.

284 1150 450 1208 posse
476 1134 659 1193 adhuc
686 1153 790 1210 per
829 1137 1092 1194 divinam
1123 1142 1436 1213 potentiam
1471 1141 1653 1199 deleri

284 1217 415 1275 sine
442 1218 638 1291 aliqua
663 1223 1093 1293 supernaturali
1116 1225 1436 1281 mutatione
1459 1239 1655 1297 pecca-

286 1298 450 1356 toris.
473 1302 542 1356 In
562 1299 668 1357 bac
687 1303 1004 1360 assertione
1024 1320 1141 1361 non
1165 1303 1644 1372 determinamus,

287 1396 361 1438 an
382 1381 652 1455 praedicta
685 1385 927 1443 mutatio
967 1385 1197 1443 deberet
1237 1385 1366 1443 fieri
1403 1404 1502 1460 per
1529 1388 1652 1444 ior-

285 1480 445 1521 mam
491 1466 865 1534 habitualem,
915 1470 1011 1525 vel
1056 1486 1157 1542 per
1193 1472 1493 1540 actualem,
1529 1471 1653 1529 sive

285 1545 697 1612 auxiliantem
727 1548 827 1606 sed
852 1551 1042 1606 solum
1070 1550 1396 1617 statuimus,
1430 1552 1651 1626 requiri

284 1625 639 1684 infusionem
679 1630 918 1704 alicujus
943 1631 1144 1705 gratiae
1171 1633 1646 1703 supernaturalis.

286 1710 351 1766 ln
379 1726 489 1783 quo
526 1727 697 1768 sensu
746 1719 1003 1770 nostram
1049 1714 1472 1772 conclusionem
1514 1716 1653 1772 satis

285 1796 479 1862 aperte
499 1790 660 1849 docet
680 1794 744 1849 D.
753 1794 954 1850 Thom.
964 1804 1146 1871 quoest.
1179 1797 1270 1860 28,
1291 1796 1355 1851 de
1392 1796 1645 1864 Veritate,

284 1879 396 1927 art.
427 1873 462 1927 2
486 1873 616 1927 ad*
585 1893 639 1940 o,
667 1874 757 1930 his
784 1874 1017 1932 verbis.
1005 1897 1055 1929 ·«
1079 1876 1263 1933 Adam
1288 1894 1319 1933 a
1339 1882 1487 1933 statu
1514 1894 1651 1951 gra-

289 1974 316 2005 «
347 1952 442 2010 tiae
461 1953 679 2021 cecidit,
723 1959 779 2011 et
797 1971 915 2012 non
936 1957 1126 2012 solum
1162 1973 1193 2013 a
1219 1962 1368 2013 statu
1406 1964 1643 2015 naturae.

287 2056 312 2087 α
345 2032 454 2090 Sed
476 2039 669 2092 tamen
692 2037 740 2092 si
765 2053 796 2093 a
823 2038 945 2095 solo
976 2043 1126 2094 statu
1161 2042 1382 2096 naturae
1402 2038 1648 2095 decidis-

290 2135 314 2166 «
341 2118 429 2170 set
459 2138 474 2181 ;
507 2116 892 2174 nihilominus
928 2125 1121 2175 tamen
1150 2116 1221 2175 ad
1258 2120 1648 2192 expiationem

288 2216 313 2245 α
345 2194 588 2254 infinitae
639 2197 868 2256 offensae
911 2199 1130 2256 donum
1177 2198 1394 2257 divinae
1444 2202 1647 2275 gratias

289 2296 314 2327 α
350 2278 821 2348 requireretur.»

360 2359 474 2411 Nec
515 2358 757 2428 prodest,
783 2361 831 2416 si
859 2378 987 2417 cum
1018 2360 1380 2417 Adversariis
1412 2378 1647 2434 respon-

286 2432 512 2500 deatur,
544 2438 636 2492 vel
663 2440 718 2494 S.
752 2440 899 2497 Doct.
927 2441 987 2496 in
1032 2458 1098 2498 ea
1121 2441 1496 2499 conditionali
1527 2459 1646 2499 non

293 2516 596 2573 excludere
622 2517 692 2573 ab
721 2518 936 2577 Adamo
975 2523 1101 2579 elev
1107 2523 1359 2580 ationem
1391 2524 1459 2579 ad
1494 2524 1647 2581 ordi-

297 2610 433 2652 nem
477 2604 991 2670 supernaturalem,
1017 2610 1073 2660 et
1110 2604 1365 2661 debitum
1396 2606 1645 2663 habendi

291 2677 554 2750 gratiam,
579 2678 675 2735 sed
714 2683 898 2738 solum
924 2685 1169 2760 gratiam
1203 2687 1449 2743 exercite
1476 2686 1645 2743 habi-

291 2762 407 2814 tam
433 2784 447 2826 ;
478 2765 643 2833 atque
681 2762 811 2820 ideo
858 2781 974 2822 non
1015 2767 1169 2839 loqui
1216 2767 1284 2824 de
1336 2768 1556 2826 Adamo
1585 2774 1646 2825 ut

284 2839 642 2900 considerato
688 2843 750 2900 in
799 2846 958 2917 puris
988 2870 1002 2914 ς
1035 2847 1127 2904 vel
1181 2863 1297 2905 non
1350 2848 1644 2908 adstruere

285 2923 678 2981 necessitatem
744 2929 942 3001 gratiae
997 2932 1476 3002 supernaturalis,
1542 2932 1642 2989 sed

280 3005 462 3061 solius
505 3007 705 3079 gratiae
759 3011 1060 3077 naturaliS,
1108 3013 1339 3084 qualem
1388 3015 1536 3070 Deus
1580 3019 1643 3069 ut

280 3086 489 3142 author
529 3094 751 3145 naturze
777 3094 957 3162 potest
993 3090 1344 3164 dispensare.
1378 3096 1511 3161 Hoc,
1543 3096 1640 3151 in-

276 3184 471 3240 quam,
500 3185 617 3227 non
647 3171 860 3238 refert,
889 3173 1023 3245 quia
1077 3179 1316 3247 utraque
1346 3179 1640 3249 responsio

274 3249 604 3306 confutatur
646 3267 719 3308 ex
756 3215 958 3309 eodem
1009 3257 1063 3311 S.
1097 3258 1248 3312 Doct.
1285 3257 1407 3313 loco
1470 3258 1641 3314 citato

275 3330 335 3385 in
363 3348 511 3404 corp.
560 3338 673 3388 art.
712 3331 809 3388 ubi
833 3332 1036 3406 probat
1070 3334 1490 3407 impossibilem
1518 3353 1640 3394 esse

276 3412 678 3469 remissionem
753 3414 963 3485 peccati
1023 3417 1281 3487 sequenti
1354 3416 1631 3485 discursu,

273 3507 445 3564 quem
484 3492 659 3549 etiam
687 3494 873 3568 tangit
922 3494 1116 3551 verbis
1165 3513 1340 3568 supra
1389 3498 1632 3556 relatis:

280 3573 575 3640 «offensa,
625 3591 749 3648 quaa
800 3592 871 3633 ex
924 3583 1145 3649 peccato
1199 3579 1476 3651 sequitur,
1509 3580 1636 3636 sine

275 3676 301 3706 α
326 3655 515 3728 gratia
542 3653 759 3712 aboleri
801 3672 919 3714 non
941 3663 1138 3729 potest,
1163 3659 1285 3714 sive
1326 3659 1635 3732 accipiatur

273 3736 543 3794 «offensa
594 3755 662 3795 ex
715 3744 875 3811 parte
931 3740 1205 3806 hominis„
1250 3741 1313 3797 in
1352 3747 1632 3814 quantum

271 3837 296 3865 «
324 3816 500 3873 homo
527 3817 807 3890 peccando
855 3821 1033 3876 Deum
1080 3820 1355 3888 offendit5
1396 3822 1519 3879 sive
1561 3838 1633 3879 ex

272 3919 298 3948 α
334 3905 495 3970 parte
537 3902 655 3968 Dei,
683 3902 997 3959 secundum
1037 3903 1186 3975 quod
1226 3906 1503 3975 peccatori
1549 3911 1633 3962 est

273 3998 299 4028 «
325 3977 593 4048 offensus,
637 3982 950 4040 secundum
992 3982 1137 4039 illud
1160 3985 1307 4056 psal.
1337 3988 1419 4040 5.
1408 4006 1419 4019 ·
1450 3985 1629 4042 Odisti

273 4079 299 4108 «
325 4074 545 4127 omneS,
578 4063 675 4134 qui
716 4070 1027 4137 operantur
1061 4065 1445 4137 iniquitatem.
1501 4066 1631 4130 Qui-

273 4159 298 4188 «
330 4155 571 4213 cumque
615 4144 773 4200 enim
827 4146 1078 4238 aliquam
1142 4162 1264 4203 rem
1305 4145 1627 4220 digniorem

273 4241 299 4269 κ
329 4219 650 4296 indigniori
679 4228 984 4299 postponit,
1033 4228 1312 4302 injuriam
1352 4230 1403 4285 ei
1453 4229 1623 4296 facit;

271 4322 297 4351 α
323 4305 381 4357 et
419 4307 578 4360 tanto
605 4307 871 4379 ampliuS,
898 4314 1110 4399 quanto
1151 4326 1241 4366 res
1267 4314 1352 4366 est
1371 4308 1620 4383 dignior.

270 4402 297 4432 α
324 4381 689 4457 Quicumque
714 4392 906 4444 autem
935 4389 997 4443 in
1027 4404 1089 4445 re
1117 4391 1416 4462 temporali
1447 4390 1624 4447 finem

272 4485 299 4514 α
327 4462 442 4519 sibi
460 4468 772 4535 constituit,
802 4469 950 4542 quod
978 4470 1112 4526 facit
1139 4472 1328 4526 omnis
1359 4472 1626 4528 mortali-

268 4567 295 4596 «
327 4549 419 4603 ter
443 4563 698 4620 peccans,
762 4567 833 4608 ex
879 4551 983 4608 hoc
1036 4552 1161 4624 ipso
1219 4558 1498 4625 quantum
1553 4552 1623 4610 ad

267 4647 295 4677 α
326 4626 592 4685 affectum
615 4647 783 4687 suum
808 4633 1427 4706 praeponitcreaturam
1450 4635 1624 4691 Crea-

263 4729 292 4760 α
321 4709 455 4776 tori,
481 4708 730 4783 diligens
752 4713 878 4785 plus
897 4718 1239 4779 creaturam,
1265 4729 1436 4786 quam
1459 4717 1625 4771 Crea-

265 4811 292 4841 «
321 4793 527 4847 torem.
562 4790 724 4846 Finis
749 4791 909 4848 enim
943 4798 1045 4859 est,
1078 4791 1227 4866 quod
1255 4793 1508 4849 maxime
1529 4792 1624 4849 di-

266 4891 292 4922 «
316 4869 538 4944 ligitur.
571 4872 715 4927 Cum
753 4887 889 4946 ergo
918 4874 1064 4929 Deus
1091 4878 1413 4930 creaturam
1439 4874 1502 4928 in
1525 4873 1622 4930 in-

262 4971 289 5000 «
320 4948 556 5018 finitum
577 4951 826 5018 excedat,
850 4953 962 5009 erit
989 4955 1271 5026 peccantis
1297 4953 1621 5010 mortaliter

260 5055 287 5085 «
317 5038 521 5091 contra
567 5035 749 5089 Deum
805 5031 1033 5089 infinita
1073 5033 1290 5091 offensa
1344 5049 1417 5090 ex
1463 5039 1623 5105 parte

3042 402 3155 456 479

1798 590 1825 621 α
1855 568 2152 644 dignitatis
2172 574 2311 647 ejus,
2336 574 2426 631 cui
2444 589 2545 647 per
2573 576 2860 646 peccatum
2881 569 3154 643 quodam-

1797 671 1822 702 «
1859 651 2029 710 modo
2052 654 2270 729 injuria
2293 652 2376 721 fit,
2409 654 2548 711 dum
2573 655 2694 727 ipse
2717 654 2863 709 Deus
2894 656 3152 708 contem-

1796 752 1821 783 «
1851 732 2029 800 nit'ur,
2062 741 2118 790 et
2159 736 2279 808 ejus
2320 741 2680 809 praeceptum.
2709 732 2875 789 Unde
2914 730 2984 788 ad
3007 733 3152 787 hanc

1795 835 1821 865 α
1854 814 2131 873 offensam
2159 816 2498 875 abolendam
2539 833 2656 874 non
2689 814 2991 871 sufficiunt
2997 813 3152 870 vires

1794 916 1820 949 α
1852 897 2167 973 humanae,
2157 898 2266 956 sed
2319 900 2636 973 requiritur
2683 912 2897 954 munus
2936 895 3152 952 divinae

1794 997 1821 1029 «
1845 980 2062 1053 gratiae.
2094 1001 2119 1033 »

1865 1061 1972 1124 Qui
2000 1062 2288 1119 discursus
2310 1063 2403 1119 vel
2432 1060 2652 1118 nullius
2679 1057 2905 1116 roboris
2925 1060 3027 1122 est,
3057 1056 3148 1113 vel

1787 1142 2137 1213 generaliter
2158 1142 2362 1215 probat
2384 1144 2446 1198 in
2469 1140 2810 1209 remissione
2830 1137 3150 1212 cujuscum-

1787 1236 1895 1292 que
1917 1224 2126 1294 peccati
2151 1222 2432 1291 mortaliS,
2452 1223 2576 1279 sive
2597 1222 2771 1278 homo
2790 1222 3148 1291 supponatur

1786 1300 2040 1358 elevatus
2087 1302 2157 1360 ad
2203 1303 2381 1360 finem
2427 1299 2931 1375 supernaturalem
2959 1341 2971 1365 ,
3021 1298 3146 1355 sive

1787 1399 1906 1441 non
1938 1402 1951 1436 τ
1984 1386 2118 1458 quia
2146 1404 2262 1444 non
2303 1386 2579 1443 innititur
2623 1384 2686 1439 in
2710 1399 2796 1449 eo,
2828 1381 2977 1454 quod
3000 1384 3149 1437 Deus

1784 1466 1879 1532 sit,
1904 1472 1960 1524 et
1985 1473 2355 1542 cognoscatur
2381 1466 2516 1523 finis
2538 1463 3018 1538 supernaturalis3
3049 1462 3148 1517 sed

1785 1546 1850 1602 in
1896 1563 2001 1613 eo,
2053 1547 2202 1621 quod
2252 1549 2398 1605 ratio
2444 1546 2673 1604 offensae
2711 1543 2907 1618 gravis
2948 1548 3149 1599 contra

1784 1629 1966 1684 Deum
1993 1634 2077 1685 est
2098 1628 2330 1685 infinita
2359 1634 2524 1701 :quae'
2568 1628 2715 1684 ratio
2762 1623 3146 1679 universalis-

1784 1709 1934 1765 sima
1953 1715 2055 1775 est,
2087 1715 2143 1767 et
2165 1715 2330 1785 urget
2357 1709 2420 1765 in
2448 1708 2609 1766 omni
2639 1713 2809 1772 statu,
2843 1712 2905 1761 ut
2945 1705 3064 1777 ipse
3086 1707 3140 1761 S.

1787 1789 1989 1845 Doctor
2038 1790 2318 1861 expressit
2366 1789 2484 1844 illis
2530 1786 2723 1845 verbis
2759 1808 2770 1842 ε
2804 1785 2962 1860 Quod
3006 1785 3146 1857 facit

1784 1871 1964 1924 omnis
2007 1872 2313 1926 mortaliter
2349 1885 2599 1942 peccans.
2651 1868 2799 1940 Ergo
2819 1864 3048 1939 quando
3075 1867 3140 1920 D.

1785 1949 1988 2005 Thom.
2018 1950 2082 2004 in
2132 1950 2503 2022 responsione
2523 1964 2695 2021 supra
2718 1947 2889 2003 citata
2917 1945 3138 2009 asserit,

1783 2030 1833 2086 si
1877 2029 2060 2086 Adam
2086 2048 2122 2085 α
2147 2037 2298 2085 statu
2342 2037 2553 2085 natum
2590 2029 2908 2093 decidisset,
2954 2029 3143 2100 egeret

1783 2109 1983 2166 divina
2018 2111 2203 2185 gratia
2244 2109 2313 2166 ad
2341 2109 2728 2182 expiationem
2758 2106 3000 2171 offensae,
3033 2121 3135 2162 ex·-

1783 2190 1962 2247 cludit
1986 2207 2051 2248 ea
2078 2191 2451 2247 conditionali
2480 2195 2596 2246 tam
2624 2190 2870 2263 gratiam
2893 2186 3142 2243 exercite

1783 2269 2060 2338 habitam,
2092 2288 2264 2345 quam
2304 2277 2517 2327 statum
2546 2267 2885 2326 elevationis
2913 2266 2981 2323 ad
3008 2281 3137 2322 eam

1783 2350 2107 2408 habendam
2124 2376 2138 2419 ;
2168 2356 2225 2407 et
2249 2367 2319 2407 ex
2352 2352 2472 2407 sola
2501 2350 2724 2405 ratione
2751 2347 2959 2420 peccati
3001 2361 3139 2420 gra-

1782 2432 1871 2487 vis
1918 2432 2096 2488 insert
2142 2432 2537 2488 necessitatem
2582 2428 2796 2484 divinae
2840 2426 3040 2501 gratiae
3068 2424 3137 2481 ad

1780 2513 1902 2585 ejus
1931 2513 2337 2584 expiationem.
2367 2514 2584 2567 Rursus
2612 2510 2674 2566 in
2712 2507 2900 2565 verbis
2932 2506 3140 2563 ultimo

1782 2594 1978 2651 relatis
2005 2611 2130 2651 eam
2160 2596 2408 2650 formam
2430 2592 2791 2665 expulsivam
2816 2590 3022 2663 peccati
3044 2589 3138 2647 de·

1780 2676 2012 2744 siderat‚
2042 2679 2117 2733 ad
2144 2694 2326 2756 quam,
2360 2676 2565 2748 inquit,
2594 2692 2702 2729 non
2727 2675 3010 2747 sufficiunt
3030 2675 3138 2729 hu-
3225 2696 3238 2708 ·

1777 2775 1954 2813 manas
1996 2761 2158 2815 vires
2206 2759 2558 2830 Quicumque
2589 2771 2725 2812 vero
2747 2760 2901 2811 actus
2922 2755 3136 2811 entita-

1777 2840 1895 2898 tive
1943 2842 2244 2907 naturaliS,
2295 2839 2482 2915 qualis
2527 2843 2611 2895 est
2641 2854 2805 2895 amor
2853 2836 3135 2894 naturalis

1778 2922 1878 2980 Dei
1907 2940 2078 2996 super
2105 2923 2304 2979 omnia
2343 2925 2467 2994 (per
2506 2935 2676 2993 quem
2714 2924 2977 2976 asserunt
3017 2918 3138 2974 Ad-

1775 3005 2022 3060 versarii
2046 3009 2335 3076 peccatum
2364 3003 2427 3058 in
2453 3008 2598 3058 statu
2626 3016 2905 3074 purorum
2933 2999 3133 3056 delen-

1775 3082 1914 3139 dum
1945 3085 2106 3155 fore),
2138 3084 2287 3139 cadit
2313 3081 2418 3137 sub
2440 3082 2664 3154 sphaera
2693 3080 3000 3137 activitatis
3021 3079 3134 3134 hu-

1772 3182 2082 3222 manarum
2098 3167 2338 3232 virium,
2360 3170 2415 3220 et
2438 3169 2614 3237 potest
2641 3163 2771 3219 elici
2796 3161 2865 3218 ab
2894 3160 3133 3218 homine

1769 3249 1897 3305 sine
1939 3247 2224 3324 adjutorio
2264 3247 2500 3320 gratiae,
2547 3250 2608 3300 ut
2635 3246 2747 3301 late
2773 3241 3131 3301 ostendimus

1771 3336 1932 3385 tract.
1963 3329 2182 3402 praeced.
2213 3330 2375 3399 disp.
2426 3327 2478 3392 2,
2508 3326 2633 3381 dub.
2681 3326 2753 3391 3,
2800 3329 2855 3380 et
2880 3323 3133 3395 amplius

1772 3411 2052 3467 constabit
2097 3427 2167 3468 ex
2211 3407 2488 3465 dicendiS.
2520 3410 2669 3480 Ergo
2695 3406 2910 3480 gratia,
2956 3421 3130 3477 quam

1772 3496 1827 3550 S.
1882 3496 2034 3550 Doct.
2094 3509 2198 3566 pro
2252 3490 2581 3564 expiatione
2628 3488 2835 3561 peccati
2865 3487 3126 3560 requirit,

1771 3590 1891 3630 non
1918 3579 2001 3629 est
2029 3577 2183 3629 actus
2206 3569 2506 3628 entitative
2528 3568 2829 3633 naturalis,
2856 3569 2948 3624 vel
2972 3567 3132 3623 auxi-

1773 3656 1920 3711 lium
1968 3654 2075 3727 ipsi
2124 3653 2483 3718 deservienS,
2509 3649 2607 3706 sed
2636 3650 2829 3722 aliqua
2858 3648 3130 3721 perfectio

1768 3736 2249 3809 supernaturalis*
2282 3733 2609 3790 Praesertim
2636 3732 2786 3804 quia,
2822 3735 2882 3786 ut
2909 3737 3128 3789 constat

1767 3835 1840 3876 ex
1877 3823 2141 3875 contextu
2169 3817 2333 3872 illius
2361 3814 2605 3879 articuli,
2634 3818 2750 3868 tam
2781 3813 2844 3867 in
2864 3829 3119 3885 corpore,

1766 3917 1939 3975 quam
1969 3901 2031 3956 in
2061 3897 2434 3973 argumentiS,
2468 3896 2723 3970 loquitur
2749 3896 2803 3950 S.
2833 3896 3033 3951 Doctor
3053 3895 3124 3952 de

1765 3982 2096 4038 necessitate
2140 3977 2596 4051 supernaturalis
2642 3975 2862 4051 gratiae.
2897 3977 2965 4030 Et
2993 3990 3123 4031 om-

1764 4062 1906 4119 nino
1944 4061 2165 4117 similia
2199 4059 2392 4127 tradit,
2423 4065 2480 4116 et
2506 4076 2538 4116 a
2559 4056 2785 4115 fortiori
2815 4055 3122 4114 confirmat

1762 4147 1820 4200 in
1848 4146 1901 4209 4,
1926 4146 2055 4201 dist.
2090 4147 2173 4209 17,
2200 4161 2249 4221 q.
2286 4146 2333 4208 l,
2358 4150 2470 4200 art.
2495 4145 2550 4208 3,
2578 4143 2890 4220 quaestiunc.
2926 4142 2943 4194 1
2967 4139 3041 4194 ad
3062 4142 3115 4206 2,

1761 4227 1860 4283 ubi
1902 4227 2027 4284 ait:
2063 4249 2090 4280 α
2135 4226 2468 4293 Dicendum,
2519 4223 2668 4299 quod
2714 4221 2981 4295 quamvis
3026 4236 3119 4278 se-

1768 4331 1793 4363 «
1836 4309 2087 4365 cundum
2112 4310 2616 4381 consequutionem
2641 4304 2969 4379 argumenti
3000 4320 3115 4362 non

1766 4411 1791 4440 (ι
1836 4395 2105 4462 sequatur
2135 4388 2339 4462 positio
2373 4389 2572 4463 gratiae
2613 4385 2683 4442 ad
2713 4383 3114 4441 remissionem

1765 4491 1791 4523 «
1833 4471 2049 4543 culpae;
2105 4476 2300 4527 tamen
2349 4467 2656 4524 destructio
2719 4466 2901 4538 culpae
2955 4466 3118 4538 prius

1765 4575 1790 4605 «
1832 4551 2130 4608 existentis
2177 4567 2295 4608 non
2336 4555 2517 4623 potest
2549 4548 2678 4605 fieri
2714 4548 2828 4604 nisi
2859 4564 2959 4621 per
2979 4563 3117 4622 gra-

1765 4656 1790 4687 «
1833 4632 1995 4697 tiam,
2027 4632 2162 4704 quia
2201 4632 2306 4688 illa
2334 4628 2675 4688 innocentiae
2715 4628 2960 4695 bonitas,
2993 4645 3117 4701 quae

1764 4737 1790 4770 «
1832 4715 1985 4771 inter
2005 4719 2312 4786 utrumque
2333 4712 2522 4771 media
2547 4712 2794 4781 videtur,
2816 4726 2933 4767 non
2955 4710 3115 4766 suffl-

1763 4818 1790 4850 α
1830 4800 1981 4851 ceret
2008 4794 2076 4851 ad
2105 4794 2228 4861 hoc,
2262 4792 2412 4868 quod
2451 4793 2692 4867 dignum
2737 4791 3001 4849 redderet
3045 4791 3117 4848 ab

1762 4901 1789 4933 α
1831 4877 2201 4935 immunitate
2229 4891 2501 4950 personae,
2536 4876 2629 4933 vel
2663 4874 2734 4932 ab
2763 4873 2998 4930 infinita
3023 4874 3115 4931 of-

1761 4981 1787 5013 «
1830 4958 1992 5015 sensa
2018 4953 2324 5014 commissa
2354 4957 2550 5029 prius;
2581 4955 2850 5027 quamvis
2892 4953 3115 5012 suffice-

1760 5061 1785 5093 «
1832 5044 1935 5108 ret,
1964 5043 2024 5094 ut
2044 5039 2367 5094 immunem
2397 5035 2658 5095 redderet
2684 5036 2877 5104 illum,
2911 5036 2975 5093 in
3001 5052 3113 5108 quo

3163 4292 3294 4337 Idem.

3135 4342 3185 4386 D.
3207 4344 3309 4388 Tho.
