3647 5753
1397 433 1575 490 mse.
1622 434 1716 500 111,
1760 434 1924 490 DUB.
1971 433 2099 516 ιν..

258 603 330 661 ad
356 604 542 670 illam,
575 604 719 661 sicut
745 621 805 663 se
834 604 1071 663 haberet
1098 605 1396 672 meritum,
1423 605 1628 662 saltem

257 685 328 743 de
367 684 670 759 condigno.
714 689 805 742 An
848 691 1039 744 autem
1089 687 1262 759 possit
1302 685 1436 754 dici,
1481 684 1631 760 quod

259 782 387 824 eam
406 771 699 823 mereatur
715 767 785 825 de
803 782 1075 842 congru0‚
1105 766 1261 824 infra
1278 766 1625 824 videbimus.

260 846 367 904 Sed
393 846 541 920 quod
570 847 639 904 ad
663 848 850 905 locum
873 847 1112 906 Concilii
1135 850 1357 918 attinet,
1385 848 1632 905 minime

260 944 332 984 ex
351 942 419 985 eo
439 926 749 1001 colligitur,
776 929 925 1003 quod
953 927 1158 985 habeat
1191 930 1476 986 rationem
1506 943 1632 984 me-

265 1010 365 1066 riti
412 1008 598 1068 adhuc
645 1011 716 1067 de
760 1027 1031 1087 congruo,
1066 1013 1158 1069 vel
1206 1009 1631 1085 impetrationis

264 1091 497 1164 proprie
524 1090 686 1148 dictae
713 1098 967 1165 respectu
994 1094 1212 1168 gratiae.

48 1175 239 1221 Tertium
339 1173 430 1228 95.
469 1172 664 1230 Tertio
709 1173 986 1247 probatur
1036 1174 1235 1232 eadem
1288 1172 1487 1246 opinio
1535 1187 1632 1228 ra-

91 1237 215 1278 argu-

51 1283 236 1320 mentum

266 1254 454 1322 tione,
524 1270 635 1328 qua
697 1255 979 1328 praecipue
1037 1256 1460 1314 convincuntur
1511 1254 1634 1327 ejus

267 1336 538 1393 authores
565 1336 879 1408 :quoniam
908 1343 1188 1412 repugnat
1216 1338 1484 1393 ultimam
1512 1334 1632 1392 dis-

268 1417 608 1489 positionem
660 1416 731 1474 ad
791 1432 913 1475 esse
978 1418 1178 1493 gratiae
1227 1415 1634 1474 sanctificantis

267 1499 571 1573 procedere
616 1497 877 1557 effective
916 1499 987 1557 ab
1032 1500 1233 1557 eadem
1261 1499 1489 1574 gratia:
1533 1496 1634 1555 sed

264 1588 420 1639 actus
449 1583 655 1640 ultimo
672 1587 1061 1655 praeparantes
1078 1582 1148 1639 ad
1165 1581 1633 1658 justificationem

263 1667 398 1719 sunt
445 1663 655 1720 ultima
699 1662 998 1736 dispositio
1038 1661 1108 1719 ad
1153 1678 1276 1720 esse
1324 1663 1542 1737 gratiae,
1574 1665 1635 1717 ut

266 1747 445 1819 liquet
490 1761 561 1802 ex
604 1746 915 1803 terminis:
972 1747 1272 1820 ergo‘non
1325 1743 1636 1818 procedunt

265 1826 522 1883 effective
564 1843 597 1883 a
634 1828 824 1901 gratia
862 1826 1275 1884 sanctificante.
1316 1828 1530 1892 Minor,
1580 1829 1638 1882 et

266 1907 670 1978 consequentia
718 1911 930 1979 patent.
982 1908 1167 1983 Major
1215 1911 1408 1964 autem
1456 1909 1638 1978 potest

266 1987 495 2045 suaderi
527 2010 539 2044 :
568 1988 779 2055 Primo,
811 1989 949 2062 quia
989 1990 1197 2046 ultima
1238 1987 1538 2061 dispositio
1566 1986 1637 2043 ad

266 2086 389 2129 esse
432 2070 633 2145 gratia:
673 2071 940 2144 praecedit
986 2072 1188 2145 gratim
1233 2070 1633 2136 existentiam:

271 2156 426 2209 actus
451 2166 592 2207 vero
619 2150 931 2224 procedens
957 2152 1213 2210 effective
1234 2168 1267 2208 a
1291 2151 1497 2225 gratia,
1519 2167 1639 2208 non

273 2230 543 2307 praecedit
567 2231 688 2304 ejus
713 2232 1118 2301 existentiam3
1146 2230 1244 2288 sed
1274 2231 1463 2304 potius
1490 2246 1639 2305 prae-

274 2310 545 2386 supponit
595 2311 779 2385 ipsius
824 2328 966 2380 esse,
1021 2318 1078 2370 et
1140 2312 1522 2386 receptionem
1576 2312 1639 2368 in

176 2471 177 2474 Ἴ
276 2392 506 2460 anima;
536 2390 820 2465 siquidem
844 2391 1291 2466 unumquodque
1308 2393 1425 2467 agit
1444 2407 1641 2449 secun-

104 4776 247 4822 Prima

109 4828 260 4884 contir-

104 4880 254 4921 matio.

274 2475 414 2532 dum
461 2473 612 2548 quod
668 2475 894 2543 existit3
942 2481 999 2533 et
1062 2476 1371 2533 existentia
1418 2475 1636 2549 gratiae,

274 2557 420 2613 sicut
433 2562 489 2613 et
514 2556 764 2630 cujusvis
781 2558 1019 2615 alterius
1036 2557 1237 2615 formae
1252 2556 1636 2625 accidentalis,

275 2642 360 2695 est
386 2637 731 2695 inhaerentia
772 2638 842 2695 ad
878 2639 1229 2714 subjectum:
1261 2638 1643 2714 repugnantia

275 2718 452 2794 igitur
472 2724 557 2775 est
578 2718 886 2775 manifesta
913 2720 977 2775 in
1003 2736 1088 2785 e0‚
1120 2718 1270 2791 quod
1298 2720 1504 2775 ultima
1530 2717 1643 2774 dis-

276 2802 482 2875 positio
503 2798 574 2857 ad
595 2814 717 2856 esse
729 2800 928 2874 gratia:
948 2800 1355 2858 sanctificantis
1376 2799 1644 2875 procedat

273 2883 529 2945 effective
569 2881 639 2939 ab
685 2880 883 2939 eadem
929 2884 1138 2958 gratia.
1174 2883 1445 2952 Secundo,
1497 2898 1643 2956 quo-

275 2965 437 3022 niam
465 2965 629 3021 nulla
653 2982 826 3023 causa
855 2966 1245 3039 praesupponit
1272 2963 1643 3021 existentiam

275 3047 364 3103 sui
392 3045 622 3104 effectus
643 3073 654 3106 ε
676 3047 775 3105 sed
801 3053 958 3105 actus
986 3047 1354 3120 procedentes
1386 3047 1645 3105 effective

278 3132 521 3206 agratia
559 3130 948 3188 sanctificante
990 3135 1439 3206 praesupponunt
1487 3131 1645 3187 exis-

278 3212 519 3270 tentiam
565 3212 796 3287 gratiae3
845 3211 1131 3284 siquidem
1176 3229 1346 3269 causa
1396 3211 1647 3268 efficiens

279 3295 396 3370 agit
447 3299 508 3351 ut
560 3293 851 3351 existens:
897 3308 1033 3367 ergo
1078 3297 1233 3350 actus
1279 3291 1649 3365 procedentes

279 3377 535 3435 effective
562 3391 597 3431 a
632 3374 820 3450 gratia
851 3378 1141 3447 nequeunt
1165 3389 1401 3431 causare
1442 3375 1507 3430 in
1535 3373 1650 3429 ali-

280 3474 390 3531 quo
429 3473 641 3532 genere
679 3457 1047 3514 existentiam
1086 3455 1320 3530 gratiae3
1352 3454 1650 3528 dispositio

283 3541 473 3594 autem
521 3536 714 3608 aliqua
764 3549 933 3590 causa
977 3539 1101 3590 est:
1154 3548 1290 3607 ergo
1343 3538 1645 3608 repugnat,

282 3614 433 3689 quod
456 3620 609 3671 actus
631 3612 999 3689 procedentes
1036 3628 1070 3669 a
1094 3613 1283 3687 gratia
1310 3612 1380 3670 ad
1405 3612 1651 3671 eandem

282 3695 528 3770 gratiam
568 3694 896 3768 disponant.
959 3692 1159 3760 Tertio,
1216 3692 1354 3766 quia
1391 3693 1442 3749 si
1497 3698 1653 3750 actus

284 3778 490 3835 ultimo
516 3777 885 3850 disponentes
905 3774 976 3832 ad
1000 3776 1250 3850 gratiam
1279 3773 1350 3831 ab
1389 3791 1458 3832 ea
1482 3774 1653 3833 effec-

286 3860 403 3917 tive
431 3857 819 3933 procederent,
839 3855 1137 3923 haberent,
1155 3861 1212 3913 et
1232 3872 1349 3914 non
1372 3856 1655 3915 haberent

287 3943 654 4001 existentiam
670 3946 803 3998 ante
816 3939 1084 4014 gratiam,
1103 3954 1228 4012 quae
1245 3944 1330 3997 est
1345 3940 1655 3998 manifesta

289 4023 626 4098 implicatio.
659 4020 949 4079 Haberent
972 4020 1227 4094 quidem,
1258 4022 1392 4095 quia
1420 4038 1523 4096 pro
1550 4021 1655 4079 illo

287 4104 471 4180 priori
523 4107 842 4170 causarent,
874 4107 930 4160 et
977 4103 1141 4159 nulla
1185 4117 1373 4171 causa,
1422 4107 1657 4175 excepta

286 4187 474 4255 finali,
501 4191 710 4254 causat,
738 4185 854 4243 nisi
876 4184 1082 4243 habeat
1100 4182 1241 4253 esse,
1267 4185 1392 4243 sive
1409 4185 1656 4243 existere

287 4273 453 4325 extra
505 4282 720 4324 causas.
751 4267 1028 4324 carerent
1081 4271 1273 4324 autem
1324 4265 1650 4335 existentia,

287 4349 424 4425 quia
463 4349 615 4406 nihil
658 4353 838 4422 potest
877 4347 1090 4407 habere
1128 4349 1495 4406 existentiam
1524 4352 1658 4405 ante

289 4447 455 4488 suam
497 4445 725 4486 causam
764 4427 1124 4495 efficientem,
1155 4444 1188 4486 e
1226 4430 1386 4504 cujus
1431 4428 1656 4485 influxu

291 4511 658 4571 existentiam
711 4509 1034 4583 participat.
1092 4511 1392 4584 Repugnat
1455 4510 1653 4584 igitur,

293 4591 442 4668 quod
472 4595 626 4648 actus
667 4589 876 4648 ultimo
920 4589 1288 4663 disponentes
1315 4589 1384 4648 ad
1411 4589 1660 4666 gratiam

295 4673 367 4731 ab
390 4671 590 4730 eadem
617 4668 804 4745 gratia
831 4670 1161 4744 procedant.

371 4751 779 4819 confirmatur,
811 4756 867 4808 et
910 4750 1237 4808 declaratur
1279 4751 1487 4824 primo,
1526 4749 1660 4824 quia

296 4834 555 4910 operatio
617 4833 963 4905 proveniens
1001 4849 1034 4889 a
1077 4833 1264 4906 gratia
1307 4837 1582 4907 tanquam
1630 4849 1663 4889 a

298 4914 587 4992 principio
629 4913 906 4981 effectivo,
951 4912 1223 4985 supponit
1254 4912 1503 4986 gratiam
1542 4928 1664 4971 esse

295 5002 462 5057 extra
490 5010 691 5055 omnes
717 5010 932 5062 causaS,
962 4998 1019 5051 et
1044 4991 1394 5049 causalitatis
1421 4992 1621 5052 modos
1648 5015 1662 5051 :

296 5094 434 5153 ergo
468 5083 623 5136 actus
664 5091 698 5132 a
735 5076 919 5151 gratia
948 5073 1295 5148 proveniens
1323 5075 1520 5149 nequit
1544 5091 1666 5135 esse

3018 433 3130 489 599

1761 620 1930 662 causa
1957 604 2293 679 dispositiva
2317 605 2538 681 gratiae.
2582 603 3000 679 Consequentia
3026 619 3132 676 pa-

1762 690 1861 754 tet,
1896 685 2111 760 alioqui
2165 687 2267 743 ille
2314 690 2469 742 actus
2496 703 2530 743 a
2565 687 2756 760 gratia
2784 685 3132 760 proveniens

1762 771 2109 838 supponeret
2131 766 2526 840 semetipsum,
2557 766 2708 841 quod
2747 772 2831 823 est
2859 766 3133 839 impossi-

1764 846 1900 903 bile.
1943 847 2297 905 Antecedens
2337 853 2528 905 autem
2568 846 2865 921 probatur;
2908 847 3043 920 quia
3071 851 3133 903 ut

1762 928 1949 1004 gratia
1987 929 2061 984 sit
2085 928 2359 996 existens,
2389 928 2555 986 debet
2581 945 2703 987 esse
2729 933 2891 986 extra
2932 944 3134 986 omnes

1764 1027 1978 1079 causas,
2010 1017 2067 1069 et
2086 1012 2435 1069 causalitatis
2461 1011 2681 1079 modos,
2706 1027 2772 1068 eo
2798 1011 2947 1085 quod
2974 1012 3132 1068 exis-

1765 1093 1945 1151 tentia
1979 1094 2127 1151 hanc
2161 1094 2428 1151 ultimam
2466 1095 2790 1152 sistentiam
2820 1094 3131 1167 importat:

1763 1174 1863 1232 sed
1896 1174 2231 1248 priusquam
2258 1176 2445 1249 gratia
2473 1180 2760 1248 operetur,
2793 1175 3019 1241 existit;
3048 1174 3134 1230 si-

1764 1256 2000 1330 quidem
2027 1257 2289 1330 operatio
2317 1257 2682 1331 consequitur
2710 1257 2780 1315 ad
2806 1272 2965 1315 esse:
2998 1271 3133 1331 ergo

1765 1338 2024 1410 operatio
2065 1338 2414 1411 proveniens
2464 1354 2496 1395 a
2547 1339 2734 1412 gratia
2779 1343 3056 1412 tanquam
3102 1352 3135 1392 a

1768 1418 2056 1491 principio
2095 1418 2372 1486 effectivo,
2415 1419 2689 1490 supponit
2727 1419 2975 1492 gratiam
3014 1431 3156 1475 esse·

1766 1503 1931 1556 extra
1957 1515 2157 1557 omnes
2182 1516 2397 1568 causas,
2429 1505 2485 1557 et
2522 1498 2871 1556 causalitatis
2911 1498 3130 1558 modos.

1842 1579 2230 1638 confirmatur
2250 1581 2498 1639 secundo
2519 1603 2533 1648 ;
2558 1597 2696 1637 nam
2718 1580 2782 1635 in
2801 1581 2903 1638 illo
2926 1582 3127 1654 priori,
3145 1565 3350 1633 secunda.

1768 1660 1833 1717 in
1859 1677 1970 1733 quo
1997 1668 2154 1719 actus
2192 1660 2559 1721 contritionis
2584 1667 2776 1718 causat
2801 1661 3136 1735 dispositive

1767 1744 2036 1818 gratiam,
2057 1750 2178 1817 jam
2194 1744 2564 1801 existitextra
2580 1759 2744 1801 suam
2759 1759 2990 1800 causam
3013 1743 3138 1801 effi-

1767 1825 2048 1883 cientem:
2089 1826 2187 1883 sed
2212 1827 2400 1900 gratia
2441 1843 2545 1901 pro
2596 1826 2701 1883 illo
2743 1825 2926 1899 priori
2955 1825 3139 1884 adhuc

1768 1922 1890 1964 non
1937 1910 2131 1962 causat
2168 1907 2446 1976 effective,
2488 1906 2775 1981 siquidem
2803 1906 2987 1964 adhuc
3021 1921 3141 1965 non

1769 1987 1965 2045 existit
1992 2008 2005 2043 :
2066 2002 2203 2062 ergo
2257 1995 2412 2047 actus
2463 1988 2828 2047 contritionis
2878 2005 2983 2063 pro
3038 1988 3142 2046 illo

1772 2068 1958 2142 priori
1989 2084 2107 2125 non
2136 2068 2392 2141 procedit
2418 2086 2452 2127 a
2481 2069 2686 2144 gratia,
2718 2076 2775 2128 et
2799 2085 3144 2143 consequen-

1771 2155 1860 2206 ter
1883 2153 2038 2206 actus
2059 2150 2270 2208 ultimo
2298 2150 2368 2207 ad
2394 2151 2641 2226 gratiam
2663 2150 2993 2224 disponens,
3026 2167 3144 2209 non

1774 2231 2029 2306 procedit
2048 2232 2118 2289 ab
2136 2250 2201 2291 ea
2218 2240 2490 2307 tanquam
2513 2251 2546 2291 a
2563 2233 2848 2307 principio
2862 2232 3138 2291 effectivo.

1849 2312 2238 2372 confirmatur
2265 2315 2454 2382 tertio,
2486 2316 2620 2388 quia
2654 2315 2846 2373 omnis
2886 2314 3142 2389 operatio
3166 2325 3325 2369 Tertia.

1774 2412 1807 2452 a
1833 2397 2019 2471 gratia
2057 2397 2405 2470 proveniens
2452 2397 2725 2471 supponit
2761 2398 3007 2471 gratiam
3052 2412 3145 2453 re-

1773 2483 1996 2551 ceptam
2037 2478 2102 2534 in
2144 2478 2343 2535 anima
2379 2478 2791 2536 convenienter
2828 2478 3105 2552 disposita
3135 2497 3148 2533 :

1774 2575 1913 2634 ergo
1964 2563 2130 2618 nulla
2179 2562 2436 2635 operatio
2480 2578 2514 2618 a
2561 2561 2751 2636 gratia
2796 2560 3148 2633 proveniens

1774 2642 1928 2699 valet
1958 2643 2218 2699 animam
2266 2642 2336 2699 ad
2362 2643 2610 2717 gratiam
2639 2640 2962 2715 disponere.
2995 2644 3147 2698 Con-

1775 2723 2074 2796 sequentia
2095 2723 2293 2796 liquet,
2319 2723 2455 2796 quia
2477 2721 2773 2795 dispositio
2802 2723 3000 2796 nequit
3019 2739 3149 2797 sup-

1777 2818 1992 2878 ponere
2011 2820 2179 2861 suum
2207 2803 2489 2872 effectum,
2521 2803 2707 2878 qualis
2728 2807 2812 2859 est
2830 2804 3149 2880 subjectum

1775 2899 1899 2941 esse
1925 2882 2289 2958 dispositum.
2320 2885 2674 2943 Antecedens
2711 2887 2902 2942 autem
2943 2884 3151 2942 suade·
3178 2899 3184 2905 ·

1776 2970 1893 3034 tur,
1924 2967 2064 3039 quia
2089 2967 2425 3041 priusquam
2446 2967 2634 3041 gratia
2660 2971 2949 3039 operetur,
2982 2966 3153 3024 habet

1778 3048 1999 3116 omnia,
2030 3065 2155 3121 quae
2181 3048 2252 3106 ad
2280 3051 2402 3124 ejus
2429 3064 2552 3107 esse
2578 3048 3034 3106 connaturaliter
3057 3064 3152 3106 re-

1776 3128 2113 3203 quiruntur,
2138 3129 2458 3204 cujusmodi
2484 3134 2569 3186 est
2597 3144 2720 3185 esse
2761 3133 3045 3200 receptam
3086 3128 3151 3185 in

1779 3211 1978 3267 anima
2004 3211 2417 3269 convenienter
2442 3210 2735 3284 disposita.

1856 3294 1949 3349 96.
1982 3292 2128 3349 Huic
2153 3298 2496 3367 argumento
2521 3297 2578 3350 et
2614 3290 3154 3349 confirmationibus

1782 3373 1979 3446 plures
1998 3388 2070 3429 ex
2091 3371 2429 3430 authoribus
2471 3378 2682 3430 nostrae
2707 3372 3005 3429 sententiae
3032 3388 3154 3431 res-

1783 3451 2038 3525 pondent
2077 3450 2452 3518 observando,
2484 3452 2633 3526 quod
2671 3454 2860 3529 gratia
2898 3451 3156 3510 sanctifi-

1784 3546 1920 3587 cans
1987 3534 2168 3603 potest
2231 3531 2503 3588 bifariam
2567 3532 2921 3590 considerari
2959 3552 2971 3587 :
3040 3547 3156 3590 uno

1782 3610 1957 3670 modo
1985 3617 2154 3684 prout
2179 3618 2265 3669 est
2306 3612 2369 3668 in
2410 3610 2560 3678 fieri,
2592 3619 2648 3670 et
2674 3613 2842 3670 habet
2872 3613 3155 3671 rationem

1785 3693 2062 3750 motionis
2102 3692 2470 3760 auxiliantis;
2503 3693 2618 3751 alio
2658 3693 2829 3752 modo
2867 3698 3036 3767 prout
3074 3699 3160 3751 est

1784 3774 1850 3830 in
1877 3790 1999 3831 esse
2037 3774 2250 3848 quieto,
2300 3780 2356 3832 et
2387 3775 2573 3833 ¹habet
2619 3776 2905 3834 rationem
2953 3776 3161 3834 formae

1780 3852 2172 3930 justificantis,
2225 3857 2346 3919 Quo
2395 3855 2690 3928 supposito
2735 3855 2952 3925 dicunt,
3009 3859 3165 3913 actus

1786 3937 2172 4007 contritionis,
2199 3941 2256 3994 et
2274 3937 2571 3994 charitatis
2596 3938 2658 3994 in
2684 3939 2924 3996 instanti
2947 3937 3165 4015 justifi-

1787 4018 2031 4076 cationis
2051 4017 2179 4075 elici
2188 4023 2270 4076 tos
2293 4017 2597 4092 procedere
2622 4021 2880 4078 effective
2901 4036 2933 4076 a
2952 4021 3161 4095 gratia,

1789 4106 1962 4174 prout
1987 4104 2072 4157 est
2096 4100 2160 4156 in
2201 4098 2352 4167 fieri,
2385 4105 2443 4157 et
2485 4099 2656 4158 habet
2705 4103 2991 4160 rationem
3035 4117 3165 4159 mo-

1789 4182 1967 4240 tionis
1993 4181 2350 4248 auxiliantis,
2378 4181 2657 4255 illamque
2682 4183 2997 4241 secundum
3014 4183 3168 4240 hunc

1790 4268 2125 4337 conceptum
2145 4277 2620 4336 praesupponere:
2647 4263 2953 4338 disponere
2974 4269 3167 4321 autem

1791 4344 1865 4402 ad
1885 4344 2128 4403 eandem
2149 4344 2418 4419 gratiam,
2436 4348 2604 4416 prout
2625 4349 2710 4401 est
2734 4346 2796 4401 in
2817 4361 2939 4403 esse
2954 4346 3165 4420 quieto,

1791 4431 1849 4483 et
1888 4424 2059 4484 habet
2101 4425 2388 4483 rationem
2435 4426 2639 4484 formae
2678 4424 3065 4501 justificantis,
3098 4425 3170 4484 ad

1792 4524 2036 4583 eamque
2069 4506 2385 4565 secuudum
2427 4508 2603 4564 istum
2649 4514 2983 4582 conceptum
3029 4525 3170 4583 prae·

1793 4591 2063 4665 supponi.
2133 4590 2243 4656 Qui
2309 4588 2674 4647 discurrendi
2748 4589 2951 4648 modus
3016 4589 3169 4647 haud

1794 4671 2071 4730 obscurus
2096 4676 2199 4739 est,
2233 4670 2511 4745 facileque
2549 4671 2792 4728 extricat
2816 4686 3171 4745 consequen-

1796 4753 1906 4811 tias
1934 4754 1998 4811 in
2021 4759 2379 4828 argumento,
2403 4759 2461 4812 et
2479 4753 3018 4812 confirmationibus
3044 4772 3173 4829 pro-

1797 4837 2029 4912 positas,
2060 4842 2118 4895 et
2144 4842 2327 4911 potest
2345 4836 2563 4911 duplici
2589 4837 2856 4911 exemplo
2883 4837 3172 4911 probabili

1796 4920 2082 4979 declarari
2111 4942 2124 4977 :
2157 4936 2293 4977 nam
2322 4920 2384 4977 in
2408 4919 2629 4977 divinis
2651 4919 2807 4977 inter
2830 4920 3171 4980 relationem

1798 5002 2180 5077 paternitatis,
2212 5007 2275 5059 ut
2296 5003 2592 5060 constituit
2623 5018 2931 5077 personam
2960 5005 3171 5073 Patris,

1800 5090 1861 5142 et
1906 5082 2151 5142 eandem
2200 5083 2563 5152 relationem,
2594 5089 2656 5141 ut
2695 5084 2962 5159 explicite
3002 5083 3179 5142 refert

3191 3298 3328 3340 Prima

3187 3355 3356 3404 respon·

3217 3405 3298 3440 sto.
