3647 5753
1422 418 1602 473 DISP.
1645 419 1715 485 11,
1760 420 1928 477 DUB.
1969 422 2116 479 VIII.
3056 426 3168 482 513

1880 603 2008 660 304.
2054 605 2342 663 Habemus
2386 608 2634 666 secundo
2655 626 2723 666 ex
2750 608 2935 674 dictis,
2969 622 3164 678 pecca·
3202 612 3348 656 Deleri

1806 686 1930 738 tum
1959 686 2187 743 veniale
2208 687 2377 761 hujus
2404 694 2581 745 status
2610 706 2727 746 non
2776 704 2935 762 posse
2979 685 3162 743 deleri
3177 672 3260 756 i¹e⁰s¹t¹
3278 671 3355 763 ¹132}

1807 781 1906 838 per
1934 773 2088 823 actus
2116 786 2257 841 pure
2280 774 2595 829 naturaleS.
2620 775 2767 828 Nam
2788 787 2918 828 cum
2959 769 3057 843 huj
3066 785 3163 825 us·
3175 765 3371 855 ”¹222OEOE-

1803 848 1962 905 modi
1990 857 2278 923 peccatum
2317 855 2546 911 veniale
2571 855 2842 913 consistat
2869 853 2931 909 in
2953 862 3341 908 careri-tumes.

1802 928 1885 986 tia
1928 932 2259 990 voluntaria
2305 934 2548 992 fervoris
2612 935 2925 1004 charitatis,
2974 932 3156 990 deleri

1803 1011 2015 1084 nequit,
2046 1015 2247 1071 saltem
2276 1015 2507 1083 directe,
2541 1016 2655 1071 nisi
2686 1031 2785 1089 per
2821 1016 3011 1088 ipsum
3039 1015 3161 1070 fer-

1802 1107 2021 1160 vorem,
2046 1097 2145 1167 qui
2166 1097 2626 1169 supernaturalis
2666 1102 2769 1162 est,
2809 1102 2870 1151 ut
2896 1113 2966 1153 ex
2994 1110 3054 1151 se
3081 1096 3162 1150 li-

1798 1178 1949 1243 quet.
1977 1176 2197 1233 Etcum
2226 1179 2563 1251 praedictum
2592 1182 2880 1251 peccatum
2911 1174 3160 1232 oll'endat

1802 1252 1983 1311 Deum
1996 1262 2499 1330 supernaturalem
2521 1261 2841 1325 authorem,
2868 1263 2923 1315 et
2957 1256 3153 1324 finem,

1799 1343 1863 1395 ut
1891 1355 2067 1412 supra
2095 1344 2498 1413 praemisimus,
2534 1342 2833 1401 retractari
2867 1340 3158 1398 sufficien-

309 590 368 640 ut
394 601 499 642 nec
525 588 748 643 macula
790 586 965 659 possit
990 588 1231 656 auferri,
1269 589 1415 661 quin
1435 591 1674 648 tollatur

303 666 552 734 offensa;
578 682 680 723 nec
708 667 926 725 offensa
954 670 1193 735 remitti,
1239 671 1382 744 quin
1411 670 1673 729 deleatur

228 790 237 798 .
304 750 560 806 macula:
582 748 853 806 fundatur
873 751 1083 824 quippe
1102 751 1316 810 offensa
1338 753 1401 809 in
1424 755 1666 817 macula.

300 834 509 886 etcum
537 846 605 888 ea
626 837 945 903 permanet,
974 833 1066 889 vel
1089 832 1331 901 deletur,
1357 835 1506 892 sicut
1533 851 1672 908 pro·

304 912 769 985 portionabiliter
804 913 867 969 in
901 918 1124 986 peccato
1144 915 1330 989 gravi,
1364 921 1420 973 et
1456 916 1671 974 offensa

303 992 356 1048 ei
376 991 857 1065 correspondente
883 994 1184 1068 contingit.

66 1081 267 1140 veniale
380 1074 507 1129 303.
554 1075 637 1129 Ex
677 1073 885 1145 quibus
913 1074 1190 1131 habemus
1236 1075 1446 1148 primo.
1473 1092 1670 1149 pecca-

66 1138 263 1231 ..gfflffi‘
310 1159 430 1209 tum
476 1153 709 1210 veniale
750 1155 917 1228 hujus
967 1159 1147 1211 status
1196 1156 1356 1229 (quid
1403 1156 1466 1213 in
1508 1158 1670 1230 puris

64 1232 680 1325 ‘lggepgscontingeren
730 1235 916 1294 obiter
969 1236 1245 1310 dicemus)
1288 1239 1506 1296 remitti
1549 1256 1667 1298 non

65 1329 277 1374 mortale.
310 1332 470 1390 posse
495 1317 722 1374 homini
744 1319 1012 1375 existenti
1049 1320 1112 1376 in
1142 1325 1365 1392 peccato
1405 1322 1664 1379 mortali.

308 1404 491 1463 Quam
506 1399 825 1456 doctrinam
837 1400 1071 1458 tradunt
1085 1404 1473 1461 communiter
1488 1405 1669 1463 Theo-

64 1478 446 1568 Ndffifgsnucdogi,
480 1497 619 1553 quos
664 1481 853 1549 refert,
881 1488 939 1539 et
977 1483 1233 1555 sequitur
1282 1487 1351 1540 N.
1385 1488 1587 1542 Franc.
1632 1501 1666 1543 a

95 1573 260 1618 maria.
304 1564 439 1619 Jesu
467 1562 653 1619 Maria
691 1564 754 1618 de
778 1563 1108 1621 Paenitentia
1153 1584 1273 1640 cap.
1304 1568 1356 1635 5,
1381 1574 1572 1641 punct.
1605 1569 1658 1634 3,

304 1660 457 1699 num.
490 1644 584 1699 38.
615 1647 761 1700 Nam
800 1651 1086 1716 peccatum
1137 1647 1363 1705 veniale
1407 1649 1665 1706 consistit

304 1724 367 1779 iu
388 1723 644 1780 carentia
667 1724 874 1780 nitoris
900 1727 1117 1799 gratiae,
1140 1733 1196 1784 et
1216 1728 1463 1786 fervoris
1478 1730 1664 1787 chari·

305 1806 453 1870 tatiS.
484 1810 545 1860 ut
575 1820 761 1877 nuper
780 1808 1150 1879 exposuimus
1180 1809 1310 1867 :sed
1333 1811 1489 1867 nitor
1525 1827 1662 1885 gra-

298 1887 392 1943 tiae
411 1891 466 1943 et
487 1887 684 1943 fervor
705 1888 1000 1944 charitatis
1021 1898 1352 1963 supponunt
1378 1893 1661 1949 essentia-

300 1967 429 2023 liter
449 1968 717 2039 gratiam,
742 1974 799 2023 et
825 1968 1163 2026 charitatem
1193 1992 1206 2026 ι
1235 1987 1372 2045 ergo
1396 1972 1660 2028 remissio

299 2048 504 2118 peccati
517 2049 914 2120 venialis,quae
928 2055 1009 2106 est
1033 2050 1317 2107 restitutio
1333 2052 1496 2107 illius
1515 2050 1660 2108 nito·

300 2128 677 2201 ris,supponit
696 2129 964 2203 gratiam,
991 2136 1048 2185 et
1066 2132 1425 2199 charitatem,
1452 2132 1658 2204 quibus

302 2208 497 2280 positis
560 2209 918 2282 impossibile
975 2216 1089 2278 est,
1162 2211 1314 2283 quod
1367 2218 1655 2285 peccatum

300 2288 542 2344 mortale
571 2295 913 2361 perseveret,
947 2296 1009 2345 ut
1034 2308 1208 2364 supra
1236 2291 1495 2348 vidimus
1521 2292 1650 2348 dub.

297 2372 350 2423 4.
379 2370 707 2425 Praesertim
749 2371 883 2442 quia
925 2371 1097 2427 homo
1124 2372 1185 2426 in
1226 2387 1394 2428 sensu
1424 2388 1655 2446 compo-

295 2449 407 2505 sito
430 2452 635 2521 peccati
666 2452 928 2508 mortalis
956 2453 1185 2509 nullum
1224 2459 1412 2511 actum
1448 2455 1655 2511 elicere

298 2534 497 2602 potest,
531 2547 630 2603 per
655 2549 823 2605 quem
855 2539 1141 2606 peccatum
1165 2536 1393 2591 veniale
1413 2535 1654 2592 efficaci-

296 2617 386 2666 ter
416 2615 712 2678 retractet;
759 2614 857 2685 qui
897 2614 1055 2670 enim
1112 2614 1355 2687 perfecte
1381 2613 1531 2671 dolet
1583 2614 1654 2672 de

298 2692 644 2757 venialibus,
676 2709 708 2750 a
730 2693 954 2751 fortiori
977 2696 1143 2753 debet
1169 2695 1239 2753 de
1266 2696 1609 2754 mortalibus
1636 2690 1653 2755 z*

294 2772 458 2827 etsie
485 2774 575 2829 vel
597 2774 716 2831 haec
761 2775 937 2831 etiam
975 2777 1233 2849 expellit,
1266 2778 1359 2833 vel
1401 2778 1505 2835 illa
1535 2795 1651 2836 non

60 2873 113 2915 n.
138 2872 255 2916 Tho.
293 2851 565 2909 excludit.
600 2857 781 2919 Quam
805 2854 1127 2913 doctrinam
1153 2856 1329 2914 tradit
1348 2861 1413 2915 D.
1441 2859 1646 2916 Thom.

293 2934 329 2989 3
373 2942 522 3007 part.
552 2944 733 3011 quaest.
779 2939 871 3001 87,
901 2945 1011 2993 art.
1041 2940 1097 3004 4,
1134 2947 1186 2994 et
1211 2941 1272 2994 in
1293 2941 1346 3006 4,
1391 2941 1520 2996 dist.
1561 2941 1644 3007 16,

286 3025 474 3093 quast.
506 3020 561 3084 2,
593 3027 705 3074 art.
744 3021 788 3084 l,
821 3021 1133 3096 quaesliunc.
1167 3023 1220 3086 3,
1272 3024 1333 3077 in
1360 3040 1505 3095 corp.
1552 3021 1649 3077 ubi

283 3098 368 3154 ait
392 3119 407 3154 ε
440 3102 712 3157 «Remoto
736 3101 939 3172 priori,
968 3108 1296 3158 removetur
1324 3103 1607 3175 posterius
1632 3126 1645 3170 ;

290 3205 319 3234 α
349 3197 451 3240 nec
479 3183 761 3256 posterius
794 3183 1133 3250 restituitur,
1163 3186 1275 3240 nisi
1308 3185 1488 3258 priori
1525 3201 1649 3242 res-

287 3287 314 3316 «
350 3264 538 3321 tituto.
585 3266 802 3320 Fervor
830 3268 1021 3320 autem
1067 3265 1381 3333 charitatis,
1414 3266 1503 3322 cui
1546 3260 1649 3323 ve-

290 3371 319 3400 «
350 3348 506 3405 niale
532 3347 860 3420 opponitur,
891 3354 976 3404 est
999 3351 1278 3420 posterior
1301 3351 1426 3422 ipsa
1453 3350 1649 3406 chari-

291 3453 317 3482 «
350 3434 483 3486 tate.
542 3428 704 3485 Unde
731 3429 985 3501 quandiu
1033 3431 1282 3487 charitas
1324 3448 1442 3488 non
1477 3431 1648 3487 resti-

292 3534 321 3563 α
353 3511 533 3566 tuitur
562 3555 574 3579 ,
634 3527 736 3567 nec
783 3510 979 3567 fervor
1028 3511 1325 3567 charitatis
1387 3511 1646 3585 reparari

295 3613 325 3644 «
356 3596 564 3663 potest,
599 3593 660 3648 in
688 3608 799 3665 qua
829 3593 1191 3663 reparatione
1235 3594 1495 3649 consistit
1516 3607 1647 3664 pec-

292 3698 323 3728 «
351 3676 458 3731 cati
482 3675 726 3731 venialis
754 3673 1034 3741 dimissio,
1062 3675 1207 3731 sicut
1252 3675 1427 3731 etiam
1458 3676 1519 3732 in
1550 3692 1648 3733 re-

289 3779 319 3809 «
350 3756 648 3829 paratione
669 3756 961 3811 charitatis
982 3755 1244 3812 dimissio
1266 3757 1531 3813 mortalis
1556 3780 1569 3826 ;
1590 3760 1647 3813 et

286 3861 314 3890 α
346 3837 476 3894 ideo
498 3853 614 3893 non
640 3843 816 3911 potest
842 3838 1071 3902 veniale
1091 3837 1328 3904 dimitti,
1363 3839 1453 3894 cui
1484 3855 1646 3896 mor-

288 3942 315 3968 «
345 3920 461 3973 tale
483 3934 597 3974 non
622 3917 953 3974 dimittitur.
977 3939 1002 3967 n
1030 3918 1190 3981 Quod
1214 3918 1275 3974 in
1305 3925 1645 3993 argumento

278 3997 396 4054 Sed
440 4005 635 4074 contra
680 3997 983 4054 confirmat
1042 3998 1104 4053 in
1153 3999 1304 4053 hunc
1347 4000 1583 4056 modum
1627 4020 1642 4055 ε

287 4099 317 4128 «ι
348 4079 657 4151 Gregorius
695 4078 847 4145 dicit,
891 4078 1038 4152 quod
1079 4079 1309 4136 veniale
1354 4085 1643 4152 peccatum

283 4181 312 4212 «
346 4159 611 4217 obscurat
654 4166 927 4227 mentem,
977 4160 1074 4216 sed
1121 4160 1366 4217 mortale
1405 4160 1645 4218 obtene-

286 4265 315 4295 «
347 4241 510 4298 brat:
539 4241 635 4298 sed
657 4241 970 4299 obscuritas
999 4259 1116 4299 non
1146 4249 1493 4311 removetur,
1527 4231 1641 4301 nisi

274 4347 309 4378 α
345 4342 448 4398 per
473 4326 659 4382 lucem
686 4351 699 4394 3
736 4329 832 4382 lux
853 4331 1042 4382 autem
1065 4326 1387 4399 spiritualis
1414 4333 1499 4384 est
1516 4345 1643 4402 gra—

172 4445 185 4454 .
278 4430 310 4461 «
344 4408 444 4476 tia,
484 4424 610 4481 quae
636 4409 813 4464 etiam
859 4410 1104 4465 mortale
1148 4409 1300 4466 delet
1327 4432 1340 4466 ε
1368 4425 1503 4484 ergo
1525 4425 1641 4467 non

281 4513 310 4543 a
345 4496 528 4563 potest
577 4491 793 4546 dimitti
846 4493 1076 4548 veniale
1122 4490 1249 4549 sine
1300 4492 1644 4550 dimissione

281 4592 311 4623 ιι
343 4572 626 4629 mortalis.
655 4593 680 4623 n
710 4570 875 4629 Unde
901 4571 1086 4629 obiter
1111 4572 1497 4629 excluduntur
1517 4575 1642 4630 Sco-

273 4653 445 4719 tistae‚
469 4659 527 4710 et
542 4653 897 4720 Nominales‚
928 4653 1025 4725 qui
1045 4669 1161 4710 non
1175 4656 1362 4711 solum
1379 4660 1642 4712 asserunt

272 4734 340 4791 id
379 4750 502 4791 esse
530 4733 787 4791 absolute
834 4734 1121 4807 possibile,
1151 4735 1249 4793 sed
1276 4737 1452 4792 etiam
1482 4736 1640 4793 affir-

274 4821 464 4883 mant,
490 4816 822 4890 contingere
842 4815 912 4873 de
933 4817 1078 4873 facto
1100 4817 1163 4872 in
1179 4817 1486 4885 damnatiS,
1506 4834 1641 4891 quo·

273 4904 414 4946 rum
445 4896 664 4962 peccata
692 4891 946 4948 venialia
975 4897 1276 4948 autumant
1294 4892 1517 4964 expiari
1540 4907 1639 4965 per

272 4987 511 5047 poenam
538 4973 776 5040 inferni,
823 4979 1043 5033 retento
1070 4979 1219 5032 statu
1244 4974 1454 5047 peccati
1476 4991 1641 5032 mor-

273 5054 430 5111 talis,
459 5055 673 5112 Eorum
697 5060 888 5133 autem
905 5057 1123 5114 motiva
1143 5056 1302 5113 infra
1327 5054 1632 5114 diluemus.

1797 1422 1886 1475 ter
1909 1435 2025 1477 non
2053 1421 2223 1487 valet,
2259 1423 2372 1478 nisi
2399 1440 2471 1480 ex
2497 1424 2691 1497 aliquo
2719 1422 2937 1478 motivo
2963 1436 3159 1493 super·

1798 1502 2096 1570 naturali3
2153 1510 2320 1577 atque
2369 1504 2498 1563 ideo
2540 1505 2738 1578 nequit
2784 1503 3155 1560 adhucindi-

1798 1590 1948 1642 recte
1972 1586 2182 1657 expelli
2209 1604 2309 1659 per
2335 1593 2543 1658 actum,
2575 1588 2674 1660 qui
2701 1587 2776 1643 sit
2800 1602 2960 1643 mere
2980 1592 3154 1642 natu-

1796 1666 1956 1722 ralis,
2011 1666 2239 1724 Accedit
2277 1670 2474 1736 etiam,
2513 1686 2747 1727 omnem
2796 1672 2982 1724 actum
3013 1684 3154 1740 pure

1795 1750 2122 1806 naturalem
2149 1750 2493 1809 sufficienter
2512 1751 2794 1810 contineri
2820 1752 2880 1806 in
2903 1750 3153 1823 propriis

1794 1829 2049 1885 hominis
2077 1832 2320 1889 viribus.
2349 1831 2512 1890 Unde
2533 1833 2581 1889 si
2611 1837 2898 1905 peccatum
2922 1832 3152 1889 veniale

1792 1912 1963 1985 hujus
2013 1919 2191 1970 status
2232 1921 2418 1988 posset
2477 1932 2576 1989 per
2616 1921 2803 1971 actum
2850 1915 3151 1973 entitative

1794 1997 2116 2053 naturalem
2145 1996 2346 2064 deleri,
2376 2004 2560 2071 posset
2599 1998 2775 2054 etiam
2819 1996 3000 2053 deleri
3049 2013 3150 2070 per

1791 2078 2054 2150 proprias
2080 2079 2253 2145 vires,
2280 2086 2336 2135 et
2377 2078 2830 2151 independenter
2853 2093 2886 2133 a
2913 2079 3148 2135 miseri-

1789 2158 1981 2215 cordia
2009 2159 2128 2226 Dei,
2155 2164 2213 2216 et
2238 2159 2308 2216 ab
2332 2160 2493 2215 omni
2522 2160 2756 2231 speciali
2784 2158 2991 2232 gratia,
3025 2163 3142 2215 tam

1787 2242 2129 2310 extrinseca,
2172 2260 2344 2316 quam
2374 2244 2704 2300 intrinseca.
2763 2240 2922 2306 Quod
2953 2246 3144 2299 tamen

1789 2328 1986 2400 nequit
2011 2328 2307 2395 sustineri,
2352 2343 2488 2383 nam
2530 2327 2593 2382 in
2620 2326 2873 2383 Concilio
2911 2327 3144 2382 Arausi·
3180 2342 3340 2388 concil.

1785 2422 1947 2473 cane,
1980 2424 2196 2465 canone
2219 2411 2275 2475 7,
2319 2408 2530 2464 dicitur
2561 2428 2574 2462 :
2610 2429 2635 2459 «
2665 2409 2779 2463 Nos
2805 2407 2929 2462 sine
2956 2407 3138 2479 gratia
3180 2394 3327 2438 *⁸³⁰⁸-

1793 2510 1819 2541 (ι
1850 2489 2062 2545 Christi
2109 2490 2259 2545 nihil
2304 2505 2495 2558 verae,
2546 2492 2863 2561 sanctaeque
2918 2488 3142 2559 pietatis

1792 2591 1818 2623 α
1848 2570 2077 2637 habere,
2101 2569 2580 2643 cogitare,dicere,
2601 2585 2767 2643 agere
2783 2585 3135 2641 possumus»

1783 2652 2054 2710 Mundari
2080 2661 2270 2710 autem
2319 2669 2353 2709 a
2392 2651 2736 2718 venialibus,
2781 2668 2904 2724 quae
2933 2651 3003 2708 ab
3044 2653 3142 2708 in·-

1782 2751 1980 2809 gressu
2006 2735 2206 2811 gloria}
2228 2734 2648 2808 impediunt,ad
2671 2737 2952 2802 veram,et
2972 2750 3141 2791 sanc-

1783 2820 1902 2872 tam
1933 2815 2197 2890 pietatem
2220 2820 2448 2889 spectat.
2476 2817 2545 2870 Et
2567 2829 2784 2871 canone
2814 2814 2895 2880 14,
2921 2812 3142 2870 diffini-

1785 2903 1878 2954 tur
1906 2923 1918 2957 ε
1950 2920 1976 2952 «
2006 2899 2210 2954 Nullus
2235 2899 2411 2954 miser
2431 2897 2501 2953 de
2520 2911 2875 2970 quacumque
2905 2896 3141 2954 miseria

1789 3002 1814 3034 α
1847 2978 2146 3046 liberatur,
2174 2980 2287 3036 nisi
2309 2980 2406 3052 qui
2435 2979 2534 3034 Dei
2559 2977 2954 3035 misericordia
2983 2995 3137 3049 prae-

1788 3085 1815 3116 (ι
1844 3063 2094 3120 venitur.
2143 3084 2168 3115 n
2216 3064 2286 3117 Et
2340 3066 2627 3135 peccatum
2675 3061 2904 3118 veniale
2943 3061 3136 3133 aliqua

1780 3143 2019 3200 miseria
2039 3149 2141 3200 est.
2170 3143 2336 3200 Unde
2357 3142 2565 3199 merito
2607 3144 2669 3198 D.
2697 3142 2900 3198 Thom.
2946 3150 3126 3217 quaest.
3147 3154 3199 3195 D.
3222 3154 3324 3198 Tho.

1780 3228 1965 3282 87052.
2011 3232 2120 3282 art.
2165 3227 2202 3280 2
2247 3227 2321 3281 ad
2359 3228 2403 3290 l,
2436 3223 2583 3280 dixit
2612 3245 2625 3279 ε
2667 3245 2691 3277 α
2723 3223 3005 3279 Remissio
3033 3239 3136 3280 ve-

1784 3328 1810 3360 «
1844 3308 2091 3364 nialium
2137 3311 2222 3362 est
2258 3307 2489 3363 effectus
2512 3306 2727 3379 gratiae.
2763 3326 2788 3357 »
2826 3306 2893 3359 Et
2920 3308 3024 3360 art.
3052 3305 3086 3360 4
3121 3328 3134 3362 :

1780 3390 1844 3445 in
1871 3405 2027 3461 corp.
2063 3411 2088 3440 α
2115 3388 2449 3453 Dicendum,
2476 3386 2623 3460 quod
2666 3386 2929 3442 remissio
2955 3389 3135 3460 culpae
3211 3428 3230 3452 .

1786 3494 1813 3527 α
1842 3472 2243 3544 cujuscumque
2267 3485 2563 3542 nunquam
2585 3467 2668 3533 fit,
2688 3470 2801 3524 nisi
2829 3485 2926 3540 per
2945 3470 3135 3525 virtu—

1785 3574 1811 3606 «
1842 3560 1956 3609 tem
1976 3551 2176 3627 gratiae
2209 3574 2222 3618 ;
2253 3551 2387 3623 quia
2416 3556 2476 3606 ut
2502 3552 2694 3621 Apost.
2720 3547 2856 3605 dicit
2879 3553 3043 3607 Rom.
3073 3554 3136 3620 45

1785 3656 1811 3687 a
1840 3634 1927 3689 Ad
1959 3633 2208 3707 gratiam
2240 3632 2337 3687 Dei
2366 3630 2630 3705 pertinet,
2662 3630 2811 3702 quod
2840 3634 2984 3688 Deus
3023 3633 3135 3689 ali-

1766 3731 1811 3773 ἀ
1840 3717 1928 3774 cui
1957 3732 2073 3773 non
2112 3716 2354 3787 imputet
2382 3718 2668 3786 peccatum
2702 3734 2715 3768 ε
2746 3713 2894 3786 quod
2940 3715 3136 3771 Glossa

1782 3823 1808 3854 α
1841 3800 1922 3857 ibi
1949 3799 2183 3872 exponit
2202 3797 2272 3855 de
2293 3796 2529 3863 veniali,
2558 3802 2662 3851 etc.
2709 3817 2734 3847 »

1853 3895 1967 3948 Nec
1991 3890 2184 3955 refert,
2210 3889 2260 3945 si
2283 3904 2533 3962 opponas
2553 3889 2751 3960 primo,
2772 3887 2907 3960 quia
2931 3904 3135 3944 unum-
3173 3919 3320 3972 objec-

1775 3973 2035 4047 quodque
2081 3974 2306 4031 tollitur
2354 3989 2454 4045 per
2500 3988 2669 4027 suum
2715 3971 3072 4028 contrarium
3117 3993 3132 4027 ε
3174 3970 3324 4015 tiones.

1774 4056 1875 4112 sed
1903 4055 2109 4129 aliquis
2137 4062 2290 4113 actus
2317 4070 2476 4111 mere
2504 4054 2786 4110 naturalis
2816 4058 2993 4124 potest
3012 4068 3134 4110 esse

1776 4139 2019 4197 omnino
2064 4138 2387 4196 contrarius
2435 4142 2654 4209 peccato
2703 4136 2914 4193 veniali
2965 4136 3132 4209 hujus

1774 4229 1952 4280 status
1996 4245 2008 4279 ε
2052 4239 2186 4298 ergo
2238 4221 2570 4296 praedictum
2616 4223 2902 4292 peccatum
2957 4222 3135 4291 potest

1774 4308 1901 4364 tolli
1930 4323 2030 4379 per
2072 4311 2257 4363 actum
2286 4305 2584 4362 entitative
2614 4303 2955 4358 naturalem.
2989 4302 3132 4357 Sua-

1773 4389 1941 4446 detur
1963 4387 2176 4457 minor,
2203 4388 2339 4461 qui-a
2368 4386 2514 4445 velle
2543 4384 2799 4452 mentiri,
2830 4400 2888 4439 v.
2911 4399 2964 4457 g.
3002 4398 3131 4439 om-

1774 4474 1918 4531 nino
1937 4474 2323 4530 contrariatur
2350 4469 2498 4526 actui
2524 4467 2793 4531 naturali,
2825 4483 2936 4538 quo
2966 4469 3130 4524 volu-

1773 4574 1903 4613 mus
1945 4572 2060 4613 non
2089 4554 2350 4611 mentiri.
2381 4551 2647 4616 Secundo,
2672 4549 2808 4621 quia
2835 4549 3006 4606 homo
3030 4567 3128 4623 per

1773 4639 1928 4695 vires
1967 4637 2257 4695 naturales
2284 4639 2462 4707 potest
2484 4632 2696 4689 mereri
2721 4630 2950 4703 aliquod
2979 4648 3127 4704 prae-

1772 4723 1958 4778 mium
2004 4720 2337 4792 temporale,
2390 4721 2449 4772 ut
2493 4714 2877 4772 communiter
2928 4713 3128 4772 docent

1771 4804 2044 4879 Theologi
2073 4825 2086 4861 :
2114 4801 2213 4859 sed
2242 4799 2505 4857 remissio
2534 4796 2739 4870 peccati
2770 4796 3018 4852 venialis
3044 4803 3128 4853 est

1768 4886 2019 4962 quodam
2047 4885 2262 4943 bonum
2291 4880 2624 4953 temporale,
2663 4876 2947 4951 siquidem
2978 4894 3127 4951 prae-

1770 4970 1985 5028 dictum
2028 4973 2314 5043 peccatum
2340 4966 2522 5023 solam
2564 4978 2794 5035 poenam
2835 4966 3129 5034 tempora-

1771 5053 1886 5110 lem
1911 5049 2165 5108 inducit:
2188 5066 2323 5126 ergo
2343 5049 2516 5106 homo
2538 5061 2638 5121 per
2658 5044 2812 5101 vires
2833 5045 3124 5104 naturales
