3647 5753
248 765 255 787 ·.
274 740 424 785 Modus

268 788 435 834 dicendi

468 408 578 463 534

471 576 610 648 quid
656 577 1057 642 intrinsecum,
1107 572 1258 647 quod
1296 568 1826 641 venialibusrepu-

508 663 621 714 nat.

466 674 504 732 g
539 740 668 796 332.
716 741 930 794 Verum
952 739 1273 803 enimvero,
1300 732 1437 806 quia
1462 746 1734 789 veremur
1751 746 1826 787 ne

258 820 669 894 probam-modus
697 819 924 877 dicendi
954 822 1224 877 hactenus
1262 815 1584 890 propositus
1610 813 1826 885 aliqui-

316 890 399 932 lior

274 943 319 984 ct
334 945 425 982 tan·

242 989 343 1046 deut
359 987 434 1031 ad·

272 1042 445 1082 mitten-

298 1088 392 1131 dus.

466 899 569 955 bus
600 900 779 957 nimis
805 898 1005 965 durus,
1033 903 1130 954 aut
1154 897 1330 953 etiam
1376 894 1572 949 minus
1613 892 1823 965 proba-

464 980 619 1036 bilis·
645 986 935 1053 appareat,
992 980 1273 1051 illumque
1307 976 1371 1030 in
1406 991 1473 1032 ea
1502 975 1822 1048 praesertim

463 1069 643 1135 parte,
676 1078 800 1135 quas
834 1064 1190 1117 sacramenta
1214 1056 1522 1122 concernit,
1549 1060 1611 1110 ut
1631 1056 1825 1130 singu·

464 1143 643 1200 larem
674 1143 1054 1208 criminetur3
1106 1139 1318 1215 placuit
1372 1136 1626 1194 breviter
1673 1137 1822 1192 insi-

463 1242 644 1283 nuare
707 1223 942 1281 modum
1003 1224 1184 1279 alium
1242 1220 1571 1281 suaviorem
1599 1261 1612 1286 ,
1658 1220 1825 1292 juxta

462 1321 631 1377 quem
659 1309 861 1377 quarta
894 1304 1179 1358 sententia
1208 1298 1605 1374 probabiliter,
1656 1299 1823 1365 facile

459 1391 516 1442 et
561 1385 631 1441 ad
679 1389 933 1441 mentem
987 1388 1050 1440 D.
1101 1384 1305 1438 Thom.
1354 1378 1586 1436 defendi
1629 1384 1814 1452 queat.

439 1466 757 1524 Fundatur
786 1471 976 1522 autem
1008 1467 1070 1520 in
1097 1464 1205 1532 his,
1232 1480 1356 1537 quae
1378 1462 1633 1518 dicemus
1653 1468 1817 1516 tract.

410 1571 418 1579 ·
459 1565 566 1623 seq.
597 1549 739 1621 disp.
776 1549 831 1612 4,
862 1546 988 1602 dub.
1022 1548 1076 1610 5,
1109 1544 1207 1599 ubi
1236 1560 1306 1600 ex
1335 1543 1587 1616 professo
1626 1548 1821 1599 osten—

460 1626 680 1692 demuS,
713 1642 949 1683 omnem
975 1633 1162 1683 actum
1205 1624 1513 1680 honestum
1559 1622 1818 1679 elicitum

461 1707 531 1763 ab
578 1707 814 1763 homine
854 1708 1006 1780 justo
1037 1749 1050 1770 ,
1101 1719 1223 1761 esse
1270 1704 1637 1761 meritorium
1693 1702 1822 1758 vitae

458 1792 683 1844 aeternae
708 1786 779 1843 de
806 1785 1106 1859 condigno.
1139 1783 1299 1849 Quod
1329 1784 1517 1848 habet,
1557 1784 1692 1857 quia
1720 1799 1822 1855 per

457 1868 692 1925 modum
751 1866 1037 1939 quendam
1100 1865 1483 1921 intrinsecum
1532 1864 1604 1921 de
1664 1864 1819 1919 linea

455 1949 750 2004 charitatis
770 1947 1017 2003 refertur
1038 1946 1100 2001 in
1125 1948 1304 2002 Deum
1334 1946 1609 2001 ultimum
1637 1942 1815 1998 finem

454 2028 954 2102 supernaturalem
1015 2043 1188 2098 super
1251 2028 1451 2082 omnia
1517 2024 1812 2081 dilectum.

458 2110 622 2165 Unde
650 2108 829 2165 tendit
854 2123 971 2163 non
992 2107 1180 2163 solum
1205 2107 1267 2161 in
1292 2107 1615 2180 proprium,
1635 2110 1690 2161 et
1707 2104 1818 2160 sibi

455 2190 698 2263 speciale
720 2187 1021 2260 objectum,
1044 2193 1209 2258 atque
1229 2201 1300 2242 ex
1320 2187 1555 2260 proprio
1577 2186 1815 2252 motivo;

454 2270 551 2327 sed
573 2272 746 2327 etiam
777 2271 840 2324 in
869 2267 1150 2342 objectum
1174 2268 1476 2339 proprium
1498 2266 1813 2332 charitatiS,

452 2355 508 2406 et
546 2367 617 2408 ex
662 2349 880 2406 motivo
921 2350 1110 2413 illius}
1143 2352 1433 2420 potestque
1462 2348 1567 2404 hac
1595 2346 1819 2404 ratione

451 2430 565 2487 dici
594 2437 747 2488 actus
772 2430 1070 2486 charitatis
1092 2430 1442 2497 virtualiter,
1496 2435 1555 2484 ut
1601 2429 1840 2486 ibidem·

453 2512 576 2567 fuse
601 2526 972 2582 exponemus,
1021 2511 1169 2565 Hinc
1205 2509 1287 2578 fit,
1319 2510 1467 2582 quod
1500 2510 1720 2566 attritio
1747 2508 1817 2564 ab

450 2591 688 2648 homine
710 2593 862 2665 justo
882 2590 1073 2645 elicita
1101 2606 1221 2646 non
1255 2591 1329 2646 sit
1370 2591 1602 2663 praecise
1649 2590 1818 2645 attri-

452 2671 564 2738 tio,
606 2669 704 2726 sed
742 2671 919 2726 etiam
975 2669 1303 2726 virtualiter
1349 2670 1639 2735 contritio,
1693 2670 1817 2726 sive

452 2745 748 2808 charitatis
774 2750 1023 2818 dilectio,
1057 2749 1127 2807 ob
1149 2766 1283 2805 eum
1317 2751 1535 2807 scilicet
1556 2750 1812 2819 modum,

451 2850 621 2907 quem
663 2851 697 2890 a
741 2833 1019 2890 charitate
1066 2833 1386 2906 participat,
1418 2838 1475 2891 et
1502 2850 1604 2908 per
1647 2850 1817 2907 quem

452 2916 752 2971 actualiter
778 2913 1111 2970 virtualiter
1140 2914 1390 2969 refertur
1415 2915 1479 2971 in
1529 2917 1707 2971 Deum
1755 2915 1819 2970 fi·

449 3011 583 3052 nem
616 2995 909 3071 ultimum.
954 2995 1118 3051 Unde
1162 2994 1420 3062 attritio,
1478 3012 1591 3069 qua
1629 2997 1818 3070 justus

447 3074 600 3131 dolet
621 3075 690 3132 de
717 3075 955 3148 peccatis
976 3075 1321 3143 venialibus,
1351 3081 1411 3130 ut
1434 3081 1568 3147 puta
1595 3075 1665 3132 de
1694 3094 1818 3134 ver-

361 3188 364 3191 ·
448 3156 537 3213 bis
578 3158 792 3224 otiosiS,
837 3156 1006 3214 habet
1050 3154 1331 3230 quidquid
1381 3157 1696 3227 requiritur
1745 3158 1817 3216 ad

250 3849 415 3893 Dlrtio.

267 3910 327 3957 ⁶ro
341 3900 418 3958 hoc

266 3950 403 3993 tccndt

261 3998 399 4043 modo.

447 3237 872 3295 excludendum
921 3237 1189 3311 praedicta
1237 3243 1478 3310 peccata.
1526 3241 1673 3294 Nam
1724 3245 1811 3296 est

445 3319 856 3391 aequivalenter
877 3318 1167 3386 contritio,
1193 3323 1250 3374 et
1271 3319 1469 3376 fervor
1489 3320 1809 3388 charitatis,

453 3397 524 3454 ad
553 3414 868 3472 eorumque
902 3398 1291 3471 expiationem
1321 3400 1589 3466 refertur,
1622 3401 1818 3473 eisque

445 3479 771 3551 specialiter
812 3485 1091 3554 repugnat
1124 3501 1137 3535 :
1166 3495 1293 3552 quae
1339 3480 1594 3537 sufficere
1616 3481 1687 3539 ad
1716 3497 1817 3539 eo-

447 3576 579 3615 rum
626 3559 1336 3627 destructionem,constat
1370 3567 1488 3617 tam
1527 3577 1599 3618 ex
1640 3564 1816 3621 moti-

448 3641 557 3706 viS‚
590 3658 762 3714 quam
789 3658 861 3698 ex
889 3645 951 3698 D.
985 3643 1221 3698 Thomae
1247 3643 1388 3715 locis
1408 3659 1586 3717 supra
1613 3662 1817 3719 propo-

450 3723 595 3778 sitis,

523 3801 687 3859 Unde
732 3803 962 3875 quando
1014 3804 1071 3858 S.
1129 3806 1333 3860 Doctor
1381 3811 1549 3879 negat
1593 3814 1817 3880 peccata

449 3884 702 3940 venialia
730 3885 822 3940 vel
847 3886 910 3940 in
940 3884 1248 3941 animabus
1271 3888 1608 3960 purgatorii,
1637 3892 1728 3948 vel
1753 3892 1817 3947 in

451 3964 583 4019 aliis
605 3964 771 4038 justis
798 3964 927 4020 tolli
969 3979 1072 4037 per
1101 3966 1481 4033 attritionem,
1509 3974 1606 4024 aut
1634 3972 1815 4027 alium

450 4047 638 4099 actum
668 4043 1008 4100 inferiorem
1037 4050 1162 4099 actu
1189 4044 1503 4114 charitatiS,
1538 4049 1810 4121 loquitur,

447 4129 511 4179 ut
535 4123 714 4190 decet,
749 4123 814 4178 in
842 4139 1013 4179 sensu
1056 4123 1310 4190 formali,
1335 4129 1393 4180 et
1428 4128 1617 4184 solum
1658 4131 1815 4189 affir—

446 4210 586 4275 mat,
618 4204 768 4279 quod
796 4205 1014 4262 attritio
1041 4220 1112 4260 ex
1141 4205 1379 4277 propria
1399 4208 1602 4278 specie,
1622 4216 1676 4267 et
1698 4229 1818 4270 mo-

446 4286 567 4343 tivo
614 4302 734 4342 non
781 4283 951 4341 habet
997 4284 1256 4342 venialia
1294 4285 1506 4345 delere.
1539 4292 1645 4348 Sed
1697 4310 1816 4353 non

446 4373 633 4442 negat„
666 4366 817 4440 quod
839 4367 1060 4425 attritio
1084 4367 1281 4424 affecta
1302 4369 1472 4426 modo
1492 4374 1809 4445 charitatis,

444 4450 568 4504 sive
610 4453 863 4519 respectu
892 4447 997 4505 illo
1024 4447 1096 4504 ad
1125 4451 1305 4504 Deum
1335 4452 1608 4510 ultimum
1637 4455 1814 4516 finem

447 4532 580 4602 (quo
595 4544 823 4601 semper
847 4530 911 4585 in
927 4530 1095 4605 justis
1115 4529 1381 4604 afficitur)
1402 4537 1654 4608 expellat
1677 4556 1816 4611 prae-

446 4610 600 4666 dicta
620 4614 860 4682 peccata.
888 4614 1043 4668 Sicut
1063 4613 1225 4669 enim
1247 4613 1301 4668 S.
1337 4615 1540 4673 Doctor
1564 4621 1817 4694 exposcit

449 4708 552 4765 pro
601 4690 864 4764 praedicto
917 4692 1115 4751 effectu
1158 4694 1446 4752 fervorem
1492 4699 1810 4771 charitatis,

450 4774 531 4828 ita
561 4771 804 4845 requirit
832 4773 902 4829 ad
923 4776 1200 4831 meritum
1241 4775 1311 4831 de
1354 4778 1638 4855 condigno
1680 4785 1813 4842 vitae

454 4859 683 4910 aeternae
711 4853 1009 4910 charitatis
1035 4855 1467 4927 exercitium‚ut
1491 4861 1815 4922 videbimus

444 4936 588 5009 disp.
616 4937 709 4991 cit.
735 4935 861 4990 dub.
899 4938 946 4992 l.
974 4938 1043 4991 Et
1064 4942 1258 4994 tamen
1282 4941 1612 5013 praedictum
1639 4950 1817 5005 meri-

445 5024 569 5073 tum
613 5033 731 5074 non
759 5018 946 5073 solum
974 5018 1278 5079 invenitur
1303 5023 1368 5078 in
1411 5031 1534 5082 actu
1577 5028 1813 5088 formali

1422 399 1515 453 DE
1552 396 2086 454 JUSTIFICATION
2090 402 2134 455 E
2173 403 2375 461 IMPII.

1958 571 2272 644 charitatiS,
2302 576 2402 632 sed
2423 579 2597 636 etiam
2625 582 2688 637 in
2718 582 2850 637 aliis
2878 582 3092 640 actibus
3120 583 3325 639 hones·

1957 652 2030 708 tis
2051 671 2084 710 a
2098 657 2250 730 justo
2272 659 2502 726 elicitiS,
2522 662 2619 734 qui
2643 669 2777 718 sunt
2799 665 3133 721 virtualiter
3155 680 3321 721 amor

1956 734 2251 793 charitatis
2275 782 2288 807 ,
2345 746 2406 796 ut
2462 741 2582 800 loco
2640 743 2812 802 citato
2874 744 3315 803 declarabimus,

1957 814 2112 873 Idem
2140 833 2275 892 ergo
2302 818 2370 877 de
2396 820 2625 878 fervore
2671 825 2968 881 charitatis
2995 827 3320 899 expellente

1956 898 2212 955 venialia
2233 900 2541 962 dicendum
2563 911 2666 965 est.
2688 911 2855 979 atque
2878 907 3004 964 ideo
3027 923 3144 964 non
3164 908 3320 963 solus

1956 995 2138 1047 amor,
2161 988 2257 1038 aut
2279 982 2442 1041 dolor
2465 1002 2494 1042 a
2517 987 2796 1046 charitate
2816 990 3041 1046 elicitus
3063 990 3319 1047 venialia

1955 1060 2224 1132 destruet,
2251 1064 2349 1121 sed
2377 1067 2552 1122 etiam
2583 1071 2802 1127 attritio
2849 1088 2882 1127 a
2926 1072 3079 1146 justo
3105 1072 3314 1137 elicita,

1954 1159 2077 1215 quae
2124 1144 2294 1202 modo
2343 1147 2642 1205 charitatis
2689 1151 2932 1207 allicitur
2957 1176 2971 1219 ;
3025 1157 3110 1208 est
3158 1153 3319 1208 enim

1955 1225 2284 1284 virtualiter
2312 1230 2601 1295 contritio,
2628 1247 2726 1287 seu
2750 1233 3045 1289 charitatis
3066 1231 3312 1289 dilectio.

1955 1305 2025 1359 Et
2051 1305 2185 1361 hinc
2211 1306 2379 1363 facile
2406 1312 2728 1367 occurritur
2754 1317 2877 1367 tum
2908 1313 3161 1380 motiviS,
3193 1319 3315 1369 tum

1958 1386 2303 1442 testimoniis
2325 1430 2338 1452 ,
2395 1390 2603 1460 quibus
2654 1399 2918 1465 quartam
2970 1394 3313 1450 sententiam

1953 1459 2463 1534 impugnabamus.

2029 1545 2141 1598 Nec
2187 1550 2381 1600 tamen
2429 1553 2785 1604 enervantur
2829 1565 2952 1621 quae
2979 1551 3162 1607 tertiae
3188 1552 3316 1624 opi-

1955 1623 2115 1678 nioni
2139 1626 2509 1697 opposuimus
2536 1653 2549 1693 3
2581 1645 2718 1685 nam
2763 1629 2865 1685 alii
2911 1631 3191 1687 virtutum
3222 1649 3316 1688 ac-

1956 1711 2062 1772 tus,
2092 1712 2290 1778 utputa
2335 1714 2489 1764 actus
2515 1711 2912 1783 temperantiae
2944 1714 3005 1768 in
3034 1713 3138 1769 hac
3158 1730 3318 1770 occa-

1952 1788 2133 1855 sione,
2159 1788 2342 1846 adhuc
2382 1798 2444 1846 ut
2496 1792 2729 1849 affectus
2775 1795 3072 1851 charitatis
3124 1797 3311 1864 modo,

1953 1886 2069 1927 non
2096 1876 2181 1938 est
2206 1870 2370 1929 dolor
2392 1872 2461 1929 de
2485 1875 2726 1946 peccatis
2755 1876 3082 1932 venialibus
3111 1883 3316 1950 praete-

1954 1953 2099 2018 ritis,
2134 1970 2237 2009 nec
2265 1955 2368 2010 illa
2398 1962 2683 2024 retractat,
2712 1963 2877 2031 atque
2920 1959 3049 2014 ideo
3091 1975 3156 2015 ea
3197 1976 3313 2017 non

1949 2037 2203 2107 expellit.
2234 2038 2403 2093 Secus
2435 2038 2638 2094 accidit
2667 2038 2729 2093 in
2759 2041 3057 2100 attritione
3100 2059 3132 2098 a
3163 2043 3314 2116 J‘usto

1914 2117 2158 2185 elicita,
2188 2124 2273 2174 est
2297 2119 2507 2191 quippe
2546 2136 2617 2176 ex
2668 2137 2782 2176 una
2831 2128 2991 2194 parte
3034 2122 3214 2191 dolor,
3261 2129 3318 2180 et

1951 2198 2157 2257 deinde
2180 2218 2297 2259 non
2325 2203 2475 2257 sistit
2497 2203 2559 2258 in
2588 2205 2821 2276 proprio
2838 2205 3071 2272 motivo,
3100 2205 3197 2262 sed
3225 2212 3318 2262 at-

1952 2281 2123 2356 tingit
2143 2283 2423 2356 objectum
2453 2301 2523 2342 ex
2543 2286 2842 2343 charitate.

2024 2364 2156 2418 333.
2200 2366 2346 2421 Hinc
2379 2366 2556 2422 etiam
2599 2371 2768 2439 patet,
2801 2367 3045 2440 qualiter
3089 2367 3523 2461 attfi‘mffi'xff'iit'ss‘

1949 2443 2248 2517 conjuncta
2276 2461 2405 2501 cum
2433 2453 2793 2506 sacramento
2832 2450 3077 2520 expellat
3103 2449 3376 2509 venia-in
3391 2468 3532 2525 sacy·-

1952 2522 2050 2588 lia,
2086 2524 2213 2580 licet
2260 2531 2414 2581 actus
2460 2526 2725 2583 formalis
2771 2528 3085 2595 charitatis,
3115 2531 3241 2587 sive
3271 2521 3509 2618 aessffiffi

1951 2602 2227 2660 charitate
2265 2605 2488 2661 elicitus
2536 2623 2653 2664 non
2694 2607 2969 2665 succedat.
3023 2612 3170 2666 Nam
3217 2612 3311 2668 vel
3325 2615 3523 2659 venialia.

1951 2681 2220 2754 praedicta
2262 2687 2478 2743 attritio
2521 2694 2845 2761 perseverat
2883 2688 3209 2748 formaliter
3245 2693 3310 2749 in

1939 2764 2134 2837 seipsa
2176 2757 2351 2839 usque
2381 2768 2450 2825 ad
2497 2770 2718 2825 instans
2748 2771 3060 2828 infusionis
3086 2774 3303 2847 gratiae,

1949 2851 2006 2903 et
2044 2847 2472 2922 J'ustificationis
2512 2854 2819 2926 peccatoris
2844 2879 2858 2923 ;
2882 2860 2938 2912 et
2964 2855 3028 2912 in
3057 2856 3161 2914 hoc
3179 2872 3310 2914 casu

1952 2931 2153 3003 recipit
2180 2931 2243 2986 in
2270 2947 2336 2988 eo
2365 2932 2605 2989 instanti
2634 2935 3194 2993 modumcharitatis
3220 2937 3315 2995 de·

1952 3011 2203 3068 rivatum
2235 3030 2268 3070 a
2294 3014 2498 3087 gratia,
2530 3021 2586 3071 et
2610 3016 2886 3073 charitate
2928 3033 3030 3089 per
3080 3018 3313 3076 absolu-

1950 3090 2168 3148 tionem
2194 3136 2208 3160 ,
2258 3100 2314 3148 et
2358 3100 2783 3152 sacramentum
2832 3097 3122 3169 productis
3147 3142 3161 3165 ,
3217 3101 3311 3156 vel

1951 3172 2129 3226 auctis
2153 3197 2167 3240 ;
2198 3189 2308 3246 quo
2356 3175 2694 3249 participato
2735 3176 2905 3234 modo
2953 3179 3202 3235 refertur
3247 3181 3313 3237 in

1949 3252 2129 3306 Deum
2175 3254 2448 3309 ultimum
2492 3253 2690 3325 finem,
2724 3273 2788 3313 ac
2823 3256 3069 3315 subinde
3089 3257 3154 3314 fit
3185 3261 3314 3316 vir-

1950 3332 2123 3388 tualis
2149 3333 2438 3400 contritio,
2470 3340 2526 3391 et
2554 3335 2749 3394 fervor
2785 3337 3082 3395 charitatis
3105 3362 3121 3407 ;
3149 3343 3207 3395 et
3232 3339 3314 3396 ita

1948 3414 2097 3472 delet
2137 3416 2413 3482 venialia,
2454 3416 2524 3473 de
2562 3418 2771 3490 quibus
2809 3419 2975 3489 dolet,
3006 3427 3062 3478 et
3107 3420 3313 3494 quibus

1948 3497 2272 3569 specialiter
2295 3504 2592 3574 repugnat,
2620 3507 2683 3556 ut
2722 3502 2985 3575 proxime
3028 3506 3315 3578 explicui-

1949 3593 2097 3632 mus.
2131 3578 2236 3633 Vel
2260 3585 2415 3634 actus
2442 3580 2758 3637 attritionis
2784 3589 2964 3640 cessat
2989 3583 3313 3642 formaliter

1949 3666 2082 3716 ante
2103 3659 2454 3717 infusionem
2475 3663 2674 3735 gratim
2689 3664 3075 3737 justificantis,
3099 3672 3154 3723 et
3177 3672 3314 3724 tunc

1948 3741 2146 3813 nequit
2176 3746 2235 3796 ut
2254 3742 2504 3797 existens
2532 3742 2861 3803 formaliter
2895 3746 2957 3802 in
2994 3747 3174 3818 seipso
3199 3761 3311 3801 ex-

1949 3821 2162 3894 pellere
2190 3821 2461 3878 venialia.
2494 3822 2601 3879 Sed
2651 3825 2788 3896 quia
2828 3832 3189 3898 comparatur
3234 3825 3310 3883 ad

1950 3898 2277 3972 praedictam
2316 3902 2563 3974 gratiam
2592 3903 2662 3965 in.
2683 3914 3040 3963 sacramento
3067 3905 3316 3979 produc-

1950 3987 2087 4045 tam,
2113 3981 2207 4036 vel
2235 3986 2479 4044 auctam,
2505 3987 2567 4039 ut
2587 3999 2755 4041 causa
2774 3985 3054 4052 effectiva,
3080 3987 3172 4042 vel
3194 3986 3318 4043 sal-

1948 4064 2064 4115 tem
2086 4058 2444 4133 dispositiva,
2478 4067 2533 4119 et
2573 4065 2766 4120 omnis
2791 4082 2961 4122 causa
2989 4071 3318 4139 perseverat

1947 4142 2280 4200 virtualiter
2302 4144 2366 4199 in
2395 4160 2498 4201 suo
2524 4144 2724 4204 effectu
2749 4147 2912 4214 ;ideo
2940 4148 3159 4205 attritio
3185 4163 3318 4205 ma-

1948 4228 2047 4280 net
2073 4224 2401 4282 virtualiter
2425 4229 2488 4283 in
2509 4228 2716 4302 gratia,
2749 4227 2942 4301 ibique
2969 4228 3138 4285 habet
3161 4229 3318 4286 emi-

1949 4305 2277 4362 nentiorem
2320 4306 2579 4374 modum,
2606 4324 2670 4365 ac
2710 4310 2773 4364 in
2807 4311 3010 4383 seipsa.
3042 4310 3319 4375 Quocirca

1951 4388 2044 4444 vel
2069 4391 2190 4461 ipsa
2211 4390 2445 4458 attritio,
2477 4397 2539 4447 ut
2566 4395 2653 4446 est
2683 4391 3012 4449 virtualiter
3030 4391 3238 4467 gratia,
3263 4398 3323 4448 et

1946 4467 2220 4538 charitas3
2246 4470 2339 4526 vel
2363 4470 2485 4542 ipsa
2507 4470 2713 4545 gratia,
2740 4477 2799 4527 ut
2823 4471 3151 4529 virtualiter
3177 4486 3323 4529 con-
3419 4526 3440 4535 ,

1949 4548 2097 4606 tinet
2119 4550 2478 4607 attritionem
2505 4550 2576 4608 de
2602 4550 2929 4608 venialibus
2949 4551 3316 4625 specialibus,

1947 4635 2047 4686 aut
2065 4631 2243 4687 etiam
2284 4630 2353 4688 de
2381 4631 2671 4701 omnibus,
2700 4632 2870 4689 habet
2894 4633 3319 4706 oppositionem

1946 4712 2324 4770 sufficientem
2345 4730 2474 4770 cum
2500 4713 2785 4788 praedictis
2814 4716 3073 4788 peccatiS,
3093 4715 3319 4788 illaque

1949 4791 2192 4863 proinde
2212 4792 2465 4850 excludit
2492 4811 2503 4857 ;
2534 4794 2666 4850 licet
2692 4799 2846 4862 tunc,
2880 4796 2971 4851 vel
3002 4799 3194 4867 postea
3219 4811 3321 4851 ac-

1948 4877 2039 4926 tus
2065 4874 2363 4930 charitatis
2404 4890 2524 4930 non
2564 4875 2844 4932 succedat.
2881 4878 2950 4931 Et
2978 4875 3059 4931 ita
3086 4873 3322 4948 perfici-

1947 4960 2043 5010 tur
2067 4955 2170 5013 iste
2190 4961 2685 5015 sacramentorum
2720 4957 2949 5014 effectus
2965 4956 3129 5031 juxta
3153 4973 3321 5014 com-

1949 5051 2186 5092 munem
2233 5035 2591 5111 concipiendi
2635 5037 2893 5105 modum,
2935 5038 3026 5095 cui
3066 5054 3186 5095 non
3232 5037 3321 5095 ita

2999 5115 3319 5177 inhaerebat
