3647 5753
84 1766 266 1810 Diluitur.

1441 388 1619 443 DISP.
1663 389 1731 454 11,
1776 388 1940 444 DUB.
1987 391 2082 446 VI.
2753 428 2756 431 π
3024 393 3141 447 435

272 560 474 620 odium
500 561 620 623 Dei,
646 577 712 618 eo
738 560 969 634 quidem
1001 562 1415 634 proportionali
1446 559 1633 629 mod0‚

270 659 382 715 quo
410 642 666 716 quandiu
694 649 993 714 permanet
1013 642 1198 715 gratia
1222 641 1485 708 innobiS,
1516 657 1639 714 per·

272 731 472 781 manet
495 725 669 781 etiam
694 739 859 780 amor
900 724 996 780 Dei
1040 721 1109 779 ad
1139 739 1261 780 nos.
1295 725 1442 781 Tum
1470 722 1639 778 deni-

270 820 397 878 que,
433 806 567 877 quia
589 803 786 861 odium
812 820 929 860 non
954 804 1193 869 tollitur,
1220 807 1275 858 et
1294 808 1489 868 cessat,
1524 801 1637 858 nisi

273 901 373 959 per
401 901 662 942 amorem
697 906 710 940 :
739 900 876 959 ergo
905 891 968 940 ut
994 887 1142 940 Deus
1168 883 1413 956 deponat
1440 881 1636 939 odium

270 981 407 1039 erga
463 970 835 1037 peccatorem,
889 963 1056 1020 debet
1103 961 1313 1019 habere
1378 976 1636 1018 amorem

270 1062 407 1120 erga
457 1047 631 1102 illum
662 1067 675 1102 z
709 1045 808 1102 sed
857 1046 1141 1101 terminus
1186 1043 1374 1099 divini
1423 1042 1638 1099 amoris

273 1142 408 1201 erga
452 1126 752 1183 hominem
781 1130 866 1181 est
889 1127 1094 1199 gratia,
1126 1141 1237 1199 qua
1265 1124 1435 1180 homo
1469 1138 1638 1180 cons-

276 1207 505 1262 tituitur
524 1207 585 1262 in
606 1221 727 1263 esse
748 1205 948 1279 objecti
965 1206 1203 1279 congrui
1228 1204 1297 1260 ad
1320 1205 1638 1261 terminan-

276 1286 414 1342 dum
445 1286 779 1358 praedictum
828 1302 1087 1342 amorem
1116 1307 1129 1341 z
1174 1302 1310 1359 ergo
1355 1284 1631 1356 implicat,

276 1368 423 1442 quod
453 1372 601 1425 Deus
616 1368 862 1441 deponat
881 1368 1078 1425 odium
1100 1384 1235 1441 erga
1264 1371 1631 1440 peccatorem,

277 1451 417 1523 quin
447 1452 579 1508 huic
604 1451 790 1527 gratia
819 1451 1129 1506 habitualis
1157 1450 1634 1507 communicetur.

81 1523 126 1562 ¹³·
148 1522 244 1564 '¹¹¹0·
279 1532 386 1596 Qui
413 1532 704 1589 discursus
733 1532 961 1588 videtur
999 1547 1302 1604 expressus
1330 1534 1395 1586 D.
1423 1530 1633 1585 Thom.

280 1611 342 1667 in
366 1614 634 1685 praesenti
678 1620 787 1669 art.
840 1614 894 1678 2,
950 1617 1006 1669 et
1055 1628 1230 1683 supra
1275 1617 1455 1687 quoest.
1509 1611 1629 1677 110,

279 1700 389 1749 art.
426 1697 472 1760 1,
498 1703 550 1750 et
574 1693 715 1750 alibi
745 1710 910 1766 saepe.

296 1813 301 1821 -
354 1775 749 1849 Respondetur
799 1775 937 1830 huic
982 1779 1324 1848 argumento
1375 1772 1635 1846 negando

284 1858 566 1914 minorem
601 1881 615 1923 ς.
667 1873 801 1912 nam
829 1856 974 1911 sicut
1015 1855 1195 1927 posito
1221 1859 1342 1909 actu
1391 1869 1636 1909 conver-

282 1940 459 1996 sionis
485 1939 740 2002 efficaciS,
772 1939 895 1993 sive
922 1937 1139 1993 amoris
1176 1937 1634 2007 supernaturalis

281 2019 380 2075 Dei
407 2035 574 2090 super
597 2018 814 2080 omnia,
850 2018 1148 2074 tolleretur
1176 2016 1401 2071 aversio
1442 2015 1634 2069 homi—

284 2100 374 2154 nis
401 2113 432 2153 a
476 2102 632 2164 Deo;
678 2099 757 2153 ita
798 2098 1097 2154 tolleretur
1148 2096 1372 2152 aversio
1424 2096 1521 2151 Dei
1563 2094 1634 2151 ab

282 2181 529 2247 homine,
560 2197 624 2238 ac
646 2180 888 2236 subinde
930 2179 1126 2236 odium
1160 2178 1389 2249 proprie
1417 2177 1631 2233 dictum

290 2261 382 2317 Dei
404 2278 532 2329 erga
581 2262 896 2317 hominem.
939 2262 1131 2316 Posset
1175 2265 1367 2314 tamen
1397 2273 1633 2313 manere

286 2340 476 2396 odium
506 2342 782 2414 negative,
813 2348 868 2397 et
895 2341 1213 2412 improprie
1240 2339 1475 2406 dictum,
1509 2341 1632 2397 sive

288 2426 535 2478 carentia
563 2424 775 2478 amoris
800 2423 1138 2494 simpliciter
1160 2424 1394 2494 sumpti,
1421 2422 1632 2477 consis-

290 2505 414 2557 tens
459 2503 517 2557 in
565 2503 862 2574 negatione
913 2502 1109 2574 gratim
1153 2500 1562 2557 sanctificantis
1614 2523 1627 2556 ι

289 2599 458 2655 quarn
479 2585 721 2657 gratiam
769 2587 908 2640 Deus
949 2582 1399 2655 independenter
1440 2600 1472 2638 a
1500 2599 1629 2654 pec-

285 2669 424 2727 cato,
455 2665 745 2737 etiiijuria
768 2681 880 2720 non
904 2670 1252 2736 provocatuS,
1300 2668 1482 2735 posset
1521 2664 1629 2719 ho-

282 2745 430 2822 mini
458 2747 752 2820 denegare,
789 2752 847 2801 ut
870 2747 1224 2821 contingeret
1246 2750 1362 2801 tam
1387 2745 1448 2800 in
1479 2750 1625 2800 statu

279 2844 572 2900 purorum,
621 2845 789 2901 quam
839 2831 900 2887 in
944 2835 1092 2886 statu
1123 2833 1342 2886 naturas
1367 2828 1622 2894 elevatae,

277 2910 322 2965 si
367 2927 480 2966 non
525 2912 816 2986 supposito
859 2913 1069 2985 aliquo
1099 2911 1355 2969 hominis
1408 2913 1628 2982 peccato

278 2994 439 3058 Deus,
468 2998 525 3047 ut
564 2993 819 3058 absolute
849 3000 1044 3066 potest,
1072 2993 1318 3067 gratiam
1350 2992 1623 3048 auferret.

275 3073 358 3129 Ad
406 3077 648 3146 primam
689 3079 877 3130 autem
933 3074 1180 3130 minoris
1229 3072 1624 3144 probationem

272 3151 528 3220 dIcimus‚
558 3156 735 3209 Deum
752 3152 864 3210 dici
887 3154 1018 3210 odio
1031 3153 1241 3209 habere
1257 3158 1620 3224 peccatorem,

270 3235 400 3305 quia
428 3233 794 3291 abominatur
821 3237 943 3308 ejus
972 3240 1278 3306 peccatum,
1322 3238 1376 3290 et
1412 3233 1474 3288 in
1504 3249 1625 3304 pce-

271 3332 401 3372 nam
448 3318 569 3390 ejus
612 3317 799 3374 aufert
845 3318 915 3374 ab
964 3317 1200 3374 homine
1245 3315 1494 3388 gratiam
1531 3314 1623 3370 :si

267 3403 454 3452 autem
508 3397 680 3453 homo
725 3398 956 3454 eliceret
1005 3412 1261 3454 amorem
1312 3395 1410 3450 Dei
1451 3411 1623 3466 super

264 3479 477 3546 omnia,
534 3494 636 3534 nec
699 3478 935 3535 haberet
987 3482 1296 3550 peccatum,
1357 3482 1417 3530 ut
1487 3476 1624 3531 satis

266 3557 564 3628 probatum
588 3565 690 3624 est,
734 3575 838 3616 nec
862 3558 1100 3632 preinde
1126 3558 1325 3632 grati-<n
1368 3556 1623 3614 carentia

263 3645 405 3695 esset
434 3655 605 3711 poena
652 3641 881 3711 peccati,
927 3639 1023 3696 sed
1070 3639 1320 3710 simplex
1361 3636 1620 3711 quaedam

266 3720 487 3792 negatio
516 3737 529 3779 ;
561 3725 791 3793 negaret
812 3720 1020 3792 quippe
1048 3721 1190 3775 Deus
1236 3718 1297 3773 in
1319 3734 1385 3774 eo
1411 3722 1621 3774 eventu

260 3802 527 3873 gratiam,
562 3817 677 3858 non
721 3803 857 3874 quia
906 3802 1079 3858 homo
1102 3807 1367 3856 maneret
1404 3801 1466 3855 in
1492 3815 1622 3872 pec-

259 3887 396 3946 cato,
428 3881 530 3938 sed
556 3882 691 3953 quia
719 3884 863 3938 Deus
889 3887 973 3937 est
1000 3880 1254 3937 absolute
1280 3896 1397 3936 suae
1423 3880 1621 3954 gratiae

259 3960 549 4026 dominuS,
595 3968 887 4035 potestque
917 3964 1079 4018 illam
1131 3979 1232 4035 pro
1288 3960 1453 4017 libito
1500 3976 1620 4018 non

258 4043 581 4100 concedere.
616 4043 769 4098 Sicut
816 4044 878 4098 in
925 4044 1218 4115 exemplo,
1231 4042 1494 4114 proxime
1516 4040 1619 4096 ad-

258 4121 438 4189 ducto,
468 4124 520 4178 si
552 4124 698 4178 Deus
719 4122 788 4179 ab
807 4122 1060 4189 homine,
1086 4124 1320 4195 quinon
1345 4121 1613 4194 peccavit,

258 4205 508 4261 auferret
536 4204 803 4277 gratiam,
836 4221 953 4260 non
985 4210 1281 4276 propterea
1332 4203 1619 4260 diceretur

256 4286 422 4344 illum
444 4286 634 4345 odisse
656 4287 786 4343 odio
810 4289 1042 4359 proprie
1061 4287 1229 4354 dicto,
1257 4287 1404 4360 quod
1429 4302 1619 4343 versa·

256 4374 345 4424 tur
371 4385 508 4443 erga
538 4370 800 4442 culpam;
849 4369 946 4425 sed
995 4368 1125 4425 odio
1173 4369 1510 4442 improprie,
1561 4373 1618 4425 et

254 4451 517 4523 negative
534 4455 778 4521 sumpto,
801 4449 949 4522 quod
975 4449 1122 4504 nihil
1140 4449 1296 4505 aliud
1312 4454 1416 4516 est,
1441 4464 1613 4521 quam

254 4545 368 4587 non
390 4546 578 4595 amor,
600 4533 691 4587 vel
717 4547 832 4587 non
853 4532 1136 4588 concessio
1155 4530 1438 4597 beneficii,
1465 4530 1614 4603 quod

253 4617 433 4680 posset
460 4612 609 4669 alias
629 4613 903 4669 conferri.

322 4693 405 4748 Ex
425 4708 543 4765 quo
571 4698 722 4764 patet
749 4692 820 4748 ad
847 4693 1143 4749 secundam
1172 4692 1568 4766 probationem
1595 4716 1610 4761 ;

252 4788 382 4830 nam
411 4775 701 4831 terminus
727 4774 846 4831 odii
895 4777 992 4833 Dei
1040 4777 1293 4850 rigorose
1331 4774 1466 4831 dicti
1497 4792 1613 4833 non

248 4860 329 4910 est
353 4854 624 4928 quaslibet
673 4858 930 4914 carentia
977 4859 1216 4934 gratiae3
1267 4857 1415 4912 hanc
1452 4857 1611 4913 enim

248 4939 567 4995 carentiam
594 4937 874 4995 haberent
915 4941 1180 4997 homines
1204 4939 1340 5013 justi
1374 4939 1435 4994 in
1462 4944 1611 4995 statu

251 5022 654 5103 purorum,qui
671 5026 862 5080 tamen
882 5040 997 5079 non
1016 5023 1397 5098 terminarent
1414 5020 1609 5078 odium

1771 560 1939 618 illud.
1983 562 2095 619 *Sed
2141 567 2225 619 est
2279 564 2535 621 carentia
2585 564 2783 638 gratiae
2810 561 3049 619 fundata
3072 561 3136 617 in

1770 643 1955 714 culpa,
2012 647 2068 698 et
2110 650 2341 717 propter
2389 650 2676 718 peccatum
2728 644 2967 701 inssicta.
3028 641 3133 697 Ubi

1771 729 1963 779 autem
1986 724 2158 781 homo
2178 724 2445 801 diligeret
2486 728 2664 782 Deum
2695 740 2891 781 amore
2937 724 3133 780 chari-

1772 805 1924 871 tatis,
1971 807 2092 879 jam
2138 814 2383 865 cessaret
2427 809 2612 880 culpa,
2669 823 2792 879 quae
2843 823 2972 862 cum
3027 805 3142 861 illo

1772 900 1987 952 amore,
2015 892 2076 941 ut
2094 886 2232 943 satis
2260 887 2562 960 probatum
2584 894 2687 954 est,
2714 886 2982 961 conjungi
3013 901 3129 942 non

1773 966 1956 1032 valet;
1980 972 2037 1023 et
2063 965 2191 1024 ideo
2216 968 2471 1024 carentia
2497 968 2698 1040 gratiae
2730 982 2831 1025 nec
2853 965 3138 1021 fundare-⁴

1771 1053 1866 1104 tur
1895 1048 1957 1104 in
1984 1055 2220 1121 peccato,
2252 1065 2356 1107 nec
2396 1054 2628 1122 propter
2667 1047 2813 1103 illud
2844 1047 3131 1120 infligere·

1770 1132 1885 1184 tur.
1909 1129 1995 1184 Ad
2030 1131 2252 1184 tertiam
2291 1127 2596 1185 dicendum
2642 1134 2744 1196 est,
2796 1126 2945 1200 quod
2985 1126 3131 1182 sieut

1772 1213 2060 1279 peccatum
2097 1225 2215 1266 non
2244 1209 2468 1265 tollitur
2487 1207 2701 1264 directe
2728 1208 2841 1263 nisi
2885 1222 2986 1279 per
3008 1207 3130 1262 for-

1770 1306 1950 1356 mam,
1973 1306 2072 1345 seu
2093 1290 2339 1364 gratiam
2362 1288 2735 1355 habitualem,
2760 1305 2872 1362 qua
2895 1289 3084 1361 privat
3112 1312 3126 1354 ;

1770 1377 1950 1445 potest
1974 1378 2167 1429 tamen
2206 1371 2484 1428 indirecte
2510 1371 2729 1427 auferri
2760 1387 2859 1443 per
2881 1369 3129 1441 disposi-

1769 1453 1987 1510 tionem
2015 1451 2126 1507 sibi
2150 1449 2695 1524 incompossibilem,
2730 1466 2936 1521 nempe
2959 1466 3093 1506 amo

1770 1548 1900 1597 rem,
1923 1533 2022 1589 Dei
2050 1548 2222 1606 super
2248 1532 2445 1590 omnia
2480 1553 2492 1588 :
2517 1531 2598 1587 ita
2638 1530 2835 1587 odium
2865 1531 2962 1587 Dei
2991 1546 3138 1604 erga.

1769 1619 2117 1686 peccatorem
2141 1629 2257 1670 non
2286 1617 2465 1685 potest
2484 1612 2697 1670 directe
2723 1628 2960 1677 cessare,
3008 1612 3123 1667 nisi

1771 1712 1871 1767 per
1891 1700 2078 1751 actum
2119 1694 2332 1752 directe
2358 1694 2702 1767 oppositum,
2733 1710 2939 1767 nempe
2962 1710 3132 1751 amo-

1770 1791 1912 1841 rem,
1969 1792 2082 1847 quo
2132 1774 2389 1832 conferat
2431 1774 2679 1847 gratiam
2726 1772 3079 1830 habitualem
3110 1798 3122 1840 ;

1768 1860 1950 1929 potest
1994 1855 2379 1911 nihilominus
2431 1854 2710 1911 indirecte
2755 1870 2973 1910 cessare
3025 1870 3137 1924 per<

1768 1936 1947 1991 alium
1970 1940 2177 2003 actum,
2209 1951 2320 2007 quo
2340 1934 2596 1991 conferat
2622 1935 2906 1990 auxilium
2930 1933 3126 1990 efficax

1766 2014 1837 2071 ad
1858 2014 2204 2072 eliciendum
2234 2030 2491 2072 amorem
2519 2014 2835 2070 charitatis,
2889 2018 3034 2070 Nam
3058 2029 3138 2070 eor

1765 2099 1907 2171 ips0‚
1953 2098 2101 2171 quod
2143 2097 2474 2172 praedictum
2517 2097 2801 2154 auxilium
2849 2096 3121 2163 conserat,

1767 2180 2014 2237 intendit
2040 2179 2338 2237 efficaciter
2389 2176 2834 2235 destructionem
2878 2175 3123 2233 indirec-

1764 2266 1881 2316 tam
1913 2260 2139 2333 peccati,
2187 2275 2297 2330 qua
2326 2259 2508 2330 posita
2547 2257 2743 2328 nequit
2780 2272 3136 2312 conservare

1762 2340 1960 2397 odium
1992 2341 2220 2412 proprie
2248 2337 2462 2394 dictum
2491 2352 2626 2410 erga
2653 2337 2948 2393 hominem
2981 2360 2993 2401 ;
3023 2334 3128 2391 sed.

1764 2422 1911 2494 illud
1962 2420 2300 2485 necessarie,
2364 2420 2510 2476 faeta
2565 2417 2664 2474 tali
2706 2417 3117 2489 suppositione,

1761 2503 2016 2576 deponit.
2050 2502 2404 2559 Testimonia
2433 2505 2622 2556 autem
2649 2501 2709 2554 D.
2743 2500 2977 2554 Thomae
3006 2513 3122 2555 non

1761 2592 2094 2660 oppugnant
2134 2584 2280 2640 hanc
2321 2583 2641 2641 doctrinam
2690 2584 2834 2653 (quze
2885 2586 3000 2636 tota
3040 2587 3130 2635 est

1761 2668 2164 2734 conditionata,
2213 2674 2270 2725 et
2315 2666 2575 2723 innitens
2621 2663 3001 2737 suppositioni
3050 2663 3120 2719 ab

1760 2750 2125 2807 Adversariis
2147 2750 2429 2820 admissae)
2441 2747 2539 2804 sed
2567 2746 2885 2803 firmabunt
2909 2746 3124 2801 resolu-

1762 2831 1976 2889 tionem
2006 2831 2312 2904 §sequenti
2341 2829 2722 2887 statuendam.

1833 2912 1990 2969 Adde
2004 2915 2206 2984 primo,
2235 2916 2419 2968 actum
2444 2911 2633 2973 illum,
2666 2925 2776 2981 quo
2800 2910 2946 2965 Deus
2972 2922 3118 2980 prae-

1758 2991 1918 3048 beret
1945 2993 2230 3049 auxilium
2248 2992 2447 3049 efficax
2468 2990 2538 3047 ad
2559 2989 2908 3047 eliciendum
2931 2993 3122 3045 actum

1759 3073 1973 3129 amoris
2012 3071 2471 3145 supernaturalis
2525 3071 2624 3127 Dei
2675 3086 2846 3141 super
2897 3069 3125 3135 omnia..

1758 3152 1980 3209 licetoh
2006 3153 2288 3210 defectum
2336 3150 2875 3209 communicationis
2917 3149 2980 3203 in
3010 3163 3118 3206 na-

1757 3241 1886 3292 tura
1909 3251 2025 3292 non
2046 3239 2209 3302 esset,
2242 3237 2445 3291 saltem
2473 3232 2742 3297 exercite,
2775 3245 2939 3286 amor.
2962 3229 3116 3285 ami-

1757 3320 1921 3384 citiae,
1947 3318 2094 3375 forte
2124 3322 2317 3373 tamen
2345 3330 2602 3371 amorem
2643 3313 2893 3387 insignis
2936 3312 3116 3368 bene-

1756 3399 2022 3455 volentiae
2049 3398 2148 3453 Dei
2176 3411 2310 3470 erga
2350 3394 2648 3451 hominem
2678 3415 2690 3448 :
2718 3399 2776 3449 et
2799 3394 2929 3448 licet
2956 3408 3117 3448 com-

1758 3481 2015 3554 parative
2037 3479 2106 3535 ad
2148 3484 2358 3542 actum,
2407 3492 2518 3549 quo
2565 3475 2895 3531 infunditur
2929 3476 3116 3548 gratia

1754 3560 2321 3631 sanctificans,posset
2333 3555 2444 3612 dici
2458 3553 2944 3612 amorsecundum
2962 3553 3115 3628 quid;

1756 3641 2141 3699 nihilominus
2182 3639 2439 3697 absolute
2479 3635 2871 3694 consideratus
2927 3642 3114 3709 posset

1754 3740 1872 3781 non
1895 3724 2211 3797 incongrua
2232 3721 2455 3777 ratione
2477 3734 2641 3775 amor
2663 3717 3003 3789 simpliciter
3023 3735 3117 3791 ap-

1755 3805 1979 3879 pellari.
2000 3807 2147 3860 Tum
2162 3803 2296 3876 quia
2313 3817 2474 3857 amor
2491 3815 2610 3856 non
2635 3800 2826 3855 solum
2841 3798 3124 3873 dirigitur¹

1752 3885 1821 3943 ad
1843 3882 2389 3943 communicandum
2415 3880 2583 3946 bona,
2615 3880 2713 3937 sed
2736 3880 2911 3936 etiam
2954 3879 3114 3935 ordi-

1751 3975 1924 4026 natur
1942 3967 2012 4024 ad
2034 3964 2412 4023 auferendum
2438 3965 2660 4019 malum
2683 3986 2695 4029 ;
2722 3966 2778 4018 et
2796 3977 2907 4034 quo
2930 3963 3118 4036 majus

1750 4053 1970 4107 malum
1996 4049 2348 4114 aufer-tuneo
2362 4063 2525 4104 amor
2543 4043 2790 4118 praedicti
2809 4046 2948 4100 mali
2962 4044 3115 4101 abla-

1750 4134 1903 4188 tivus
1923 4136 2009 4190 est
2023 4131 2207 4204 major
2225 4128 2624 4186 benevolentia
2645 4147 2657 4182 :
2682 4142 2810 4181 cum
2832 4142 2967 4200 ergo
2995 4141 3118 4198 pec·

1748 4218 1937 4268 catum
1967 4209 2259 4266 habituale
2274 4209 2348 4265 sit
2373 4209 2593 4265 malum
2617 4207 2977 4278 simpliciter,
3023 4220 3116 4262 se·-

1748 4294 1945 4366 quitur
1967 4290 2114 4364 quod
2145 4289 2375 4347 collatio
2393 4287 2598 4344 auxilii
2622 4286 2996 4357 efficacis,quo
3020 4302 3126 4342 au*

1750 4373 2176 4438 ferretur,esset
2201 4368 2627 4440 simpliciter,et
2649 4365 2904 4422 absolute
2926 4382 3108 4434 amor,

1747 4457 1802 4509 et
1822 4451 2401 4510 benevolentia.Tum
2424 4449 2620 4515 etiam,
2648 4446 2783 4520 quia
2804 4446 2926 4519 ipse
2947 4464 3114 4505 amor

1746 4533 2205 4608 supernaturalis
2232 4531 2530 4588 charitatis
2569 4534 2654 4586 est
2680 4528 2912 4602 quidem
2957 4536 3112 4587 actus

1746 4613 2281 4679 excellentissimus,
2308 4615 2363 4667 et
2386 4625 2596 4684 magna
2619 4609 2874 4666 hominis
2903 4611 3112 4680 perfec-

1745 4699 1826 4755 tio
1850 4721 1864 4764 ;
1888 4697 2155 4770 quocirca
2182 4693 2468 4751 auxilium
2492 4690 2563 4748 ad
2591 4689 2938 4747 eliciendum
2963 4708 3111 4762 prae-

1744 4779 1960 4836 dictum
1984 4782 2171 4834 actum
2214 4790 2333 4831 non
2380 4778 2568 4847 posset
2611 4788 2725 4829 non
2761 4770 2972 4828 habere
3014 4789 3113 4829 ra-

1746 4862 1964 4918 tionem
2006 4857 2254 4932 insignis
2320 4854 2602 4921 beneficii,
2664 4859 2718 4911 et
2772 4869 2935 4909 amor
2999 4856 3118 4912 tale

1745 4941 2030 4998 auxilium
2052 4938 2355 4995 conferens
2378 4935 2521 4991 feret
2550 4949 2715 4990 amor
2741 4932 3104 5004 simpliciter.

1747 5020 1910 5077 Unde
1930 5022 1977 5077 si
2003 5022 2149 5076 Deus
2176 5015 2501 5089 hujusmodi
2551 5015 2837 5072 auxilium
2877 5014 3109 5072 confer-
