3647 5753
1415 419 1593 474 DISP.
1640 418 1737 485 111,
1782 416 1947 473 DUB.
1993 418 2060 474 11.

73 598 282 649 Aperitur
296 590 613 649 voluntatis
641 594 1036 667 peccaminoso
1059 593 1338 660 consistit,
1369 591 1494 648 sive
1520 605 1657 663 ope-

97 652 238 691 status

84 701 254 756 contro·

74 756 253 792 versute.

75 3602 274 3660 conclu-

91 3664 272 3745 nili-²130.

0 4166 4 4199 l
66 4157 272 4198 Amuxo.

68 4207 274 4296 {titt}

68 4304 292 4394 §aaa

0 4436 2 4475 ε
67 4403 294 4502 {iffa

298 670 448 728 ratio
459 672 553 738 sit,
579 673 704 731 sive
719 675 955 733 omissio
977 696 990 732 :
1009 672 1168 731 aliud
1184 672 1494 739 habituale,
1509 669 1659 743 quod

297 749 475 806 situm
500 757 586 809 est
606 754 669 810 in
691 755 937 822 macula,
966 755 1091 810 sive
1118 752 1441 826 privatione
1460 751 1659 825 gratiae

296 833 727 903 sanctificantis.
758 852 830 894 ex
859 840 1084 910 peceato
1111 834 1318 892 actuali
1348 833 1564 900 relicta,
1597 837 1658 888 ut

300 913 474 970 latius
499 915 886 989 explicuimus
910 917 1055 989 disp.
1094 918 1140 983 l,
1172 917 1302 973 dub.
1353 918 1398 971 l.
1443 911 1664 969 Deinde,

297 994 512 1070 duplex
537 997 912 1054 coexistentia
940 998 1095 1054 inter
1117 1000 1421 1070 peccatum,
1452 998 1509 1051 et
1531 1008 1660 1067 gra·

299 1077 442 1133 tiam
464 1078 774 1153 excogitari
805 1083 986 1151 potest
1010 1100 1023 1135 :
1055 1078 1170 1135 alia
1189 1076 1261 1135 de
1285 1077 1450 1140 facto,
1474 1080 1531 1131 et
1559 1089 1659 1146 per

300 1163 619 1231 respectum
660 1156 730 1214 ad
780 1159 1206 1233 providentiam
1247 1155 1608 1232 ordinariam
1642 1174 1655 1209 ε

298 1238 419 1295 alia
443 1236 515 1295 de
542 1236 819 1311 possibili,
850 1245 906 1298 et
934 1255 1036 1312 per
1061 1238 1329 1296 ordinem
1357 1235 1428 1293 ad
1456 1240 1658 1308 poten-

301 1318 446 1375 tiam
469 1319 567 1375 Dei
590 1318 923 1390 absolutam,
942 1335 1067 1393 quae
1088 1335 1205 1376 non
1228 1317 1499 1392 alligatur
1518 1331 1658 1373 con-

303 1398 562 1454 naturali
603 1413 799 1455 rerum
838 1399 1160 1475 exigentiae,
1203 1398 1303 1456 sed
1328 1396 1660 1455 extenditur

302 1478 374 1535 ad
395 1478 590 1536 omnia
615 1495 732 1535 non
750 1479 1111 1553 implicantia
1123 1478 1654 1537 contradictionem.

301 1562 374 1615 Et
398 1560 535 1632 quia
563 1560 749 1617 levior
774 1566 860 1617 est
885 1560 1187 1618 difficultas
1213 1560 1363 1617 circa
1388 1558 1660 1631 quaestio-

304 1656 441 1699 nem
471 1641 540 1697 de
566 1641 732 1710 sacto,
771 1647 828 1698 et
859 1642 1169 1715 respective
1195 1640 1266 1697 ad
1293 1654 1660 1698 communem

302 1720 751 1794 providentiam,
783 1720 994 1778 idcirco
1014 1739 1143 1780 eam
1172 1722 1236 1778 in
1260 1721 1527 1793 praesenti
1551 1720 1661 1775 du-

301 1801 397 1861 bio
447 1802 821 1859 tractabimus
845 1844 858 1867 ,
916 1803 1160 1860 alteram
1217 1801 1530 1863 discussuri
1597 1802 1661 1857 in

299 1881 699 1957 sequenti.Sed
719 1898 850 1938 cum
875 1897 1045 1950 nemo
1060 1882 1483 1939 catholicorum
1506 1896 1660 1937 asse-

304 1969 394 2021 rat
416 1968 706 2037 peccatum
729 1961 1042 2029 habituale,
1069 1969 1125 2020 et
1150 1962 1502 2019 habitualem
1525 1977 1660 2036 gra-

304 2046 445 2101 tiam
473 2046 535 2100 in
566 2045 762 2116 aliquo
790 2044 1028 2100 instanti
1055 2044 1125 2101 de
1156 2043 1300 2100 facto
1325 2043 1656 2109 coexistere,

300 2126 658 2199 superfluum
698 2130 784 2182 est
820 2123 1061 2181 dubium
1092 2125 1153 2180 in
1184 2125 1288 2181 hoc
1326 2140 1497 2181 sensu
1527 2140 1662 2181 ver-

302 2223 431 2265 sare
451 2230 464 2263 :
481 2206 858 2280 quamobrem
874 2206 944 2263 ad
970 2213 1255 2278 peccatum
1280 2207 1496 2263 actuale
1516 2205 1660 2261 illud

306 2290 573 2347 reducere
612 2294 855 2362 oportet.
889 2290 956 2342 Et
997 2288 1088 2343 hic
1126 2293 1210 2344 est
1235 2304 1435 2345 sensus
1464 2289 1615 2345 tituli
1646 2310 1659 2345 ε

311 2368 509 2426 Utrum
529 2376 804 2441 peccatum
826 2368 1040 2423 actuale
1065 2367 1128 2422 dc
1149 2368 1315 2440 facte,
1340 2378 1436 2425 etc.
1463 2370 1662 2425 Move-

308 2456 404 2506 tur
431 2454 620 2506 autem
641 2448 882 2504 dubium
908 2448 1234 2520 specialiter
1263 2455 1494 2523 propter
1515 2448 1662 2504 illud

313 2531 554 2596 instans,
587 2530 649 2585 in
674 2545 784 2600 quo
804 2529 973 2585 homo
1002 2529 1063 2584 in
1085 2530 1278 2602 gratia
1287 2530 1663 2604 praeexistens

318 2614 504 2683 peccat
541 2609 888 2677 mortaliter;
919 2609 1148 2666 videtur
1176 2611 1354 2674 enim,
1381 2609 1530 2683 quod
1560 2625 1664 2682 pro

315 2691 420 2747 illo
441 2689 677 2746 instanti
707 2688 885 2745 adhuc
905 2695 1202 2747 conservet
1226 2690 1472 2764 gratiam
1497 2689 1664 2746 habi-

314 2770 522 2827 tualem
579 2769 908 2827 immediate
961 2775 1083 2842 post
1132 2770 1565 2830 destruendam:
1610 2775 1665 2827 et

309 2857 740 2924 consequenter,
789 2850 936 2924 quod
978 2851 1243 2925 gratiam,
1275 2857 1332 2909 et
1377 2857 1665 2925 peccatum

308 2933 525 2989 actuale
550 2932 621 2989 de
644 2932 790 2989 facto
818 2948 921 3004 pro
946 2933 1137 3006 aliquo
1159 2933 1399 2991 instanti
1420 2932 1545 3005 conj
1555 2947 1662 2988 un-

303 3019 417 3086 gat.

936 3196 1052 3261 §L

309 3342 645 3416 Proponitur
672 3343 974 3396 communis
1000 3345 1294 3412 sentencia,
1338 3350 1386 3398 et
1412 3343 1669 3399 authori-

783 3430 893 3478 tate
919 3424 1196 3494 firmatur.

381 3579 472 3633 75.
520 3577 834 3634 Dicendum
862 3582 963 3641 est,
994 3583 1282 3651 peccatum
1310 3578 1555 3634 martale
1576 3593 1671 3635 ac·-

311 3659 479 3726 tuate,
512 3664 569 3714 et
591 3658 838 3731 gratiam
868 3656 1219 3715 habitualem
1248 3659 1312 3713 in
1341 3659 1505 3714 nullo
1546 3657 1672 3715 ins-

312 3738 456 3794 tanti
486 3738 661 3793 simul
688 3736 758 3794 de
781 3737 924 3794 facto
944 3738 1274 3794 coexistere.
1301 3739 1429 3794 Haec
1448 3739 1673 3795 conclu-

310 3819 397 3875 sio
416 3824 500 3875 est
521 3821 583 3874 D.
610 3818 814 3874 Thom.
846 3821 903 3873 in
926 3821 1175 3891 prasenti
1202 3825 1314 3873 art.
1344 3820 1399 3882 2,
1431 3826 1479 3872 et
1508 3821 1568 3873 in
1612 3820 1667 3885 2,

311 3901 366 3964 2,
410 3905 589 3974 quaest.
622 3900 713 3965 24,
752 3906 862 3955 art.
898 3900 979 3966 10,
1010 3904 1065 3955 et
1091 3906 1271 3979 quaest.
1299 3899 1390 3964 28,
1423 3899 1487 3954 de
1525 3902 1674 3954 veri-

312 3987 441 4045 tate,
466 3988 575 4036 art.
610 3983 665 4045 9,
689 3985 745 4035 et
764 3987 945 4059 quaesl.
971 3983 1139 4037 unica
1159 3981 1223 4035 de
1243 3980 1444 4035 charit.
1467 3987 1576 4036 art.
1611 3982 1675 4036 12

309 4061 386 4115 ad
420 4062 500 4125 13,
531 4060 754 4117 et-alibi
781 4076 950 4132 saepe,
983 4077 1152 4133 quem
1179 4066 1494 4132 sequuntur
1514 4076 1673 4116 com-

310 4142 567 4199 muniter
589 4158 788 4200 omnes
808 4143 1426 4217 Theologi.Videantur
1445 4145 1558 4200 Ara
1567 4159 1676 4200 uxo

311 4228 372 4280 in
398 4226 652 4297 praesenti
679 4231 791 4279 art.
833 4227 889 4289 2,
919 4224 1046 4280 dub.
1077 4227 1133 4291 2,
1162 4226 1331 4282 conci.
1357 4227 1412 4291 2,
1460 4228 1675 4298 Grego-

313 4308 437 4364 rius
463 4306 742 4362 Martinez
770 4306 896 4364 dub.
932 4308 949 4361 l
977 4314 1024 4360 eet
1047 4308 1101 4372 2,
1127 4308 1292 4364 Joan.
1325 4323 1358 4363 a
1385 4308 1440 4362 S.
1467 4307 1671 4364 Thom.

312 4390 368 4455 2,
399 4389 454 4452 2,
480 4387 621 4459 disp.
649 4387 730 4452 16,
752 4393 862 4442 art.
897 4388 943 4452 l,
969 4388 1176 4443 Suarez
1200 4387 1291 4443 lib.
1313 4389 1367 4454 7,
1389 4387 1671 4457 demntia,

313 4485 435 4540 cap.
477 4468 558 4533 19,
588 4464 683 4521 ubi
706 4483 858 4523 num.
885 4468 939 4531 5,
966 4466 1167 4523 asserit
1187 4466 1523 4539 opinionem
1547 4482 1678 4523 con·

316 4549 558 4605 trariam
583 4566 693 4605 esse
732 4549 1051 4615 absurdam,
1091 4556 1139 4603 et
1170 4551 1370 4621 majori
1397 4556 1525 4604 nota
1553 4549 1679 4618 diq-

315 4650 448 4688 nam
474 4630 753 4703 ,·Ripalda
779 4638 909 4686 tom.
935 4634 990 4700 2,
1016 4631 1078 4686 de
1104 4630 1247 4688 Erite
1268 4638 1549 4704 super-nat.
1580 4630 1673 4687 lib.

313 4716 370 4780 6,
402 4713 541 4785 disp.
568 4713 669 4770 ult.
698 4720 823 4768 sect.
864 4714 947 4779 13,
982 4712 1078 4768 ubi
1100 4712 1262 4779 dicit,
1284 4712 1433 4786 quod
1454 4718 1681 4769 senten·

315 4794 457 4849 tiam
498 4793 817 4865 oppositam
865 4813 891 4843 «
939 4807 1141 4849 omnes
1199 4792 1472 4867 Theologi
1517 4792 1681 4850 dese-

322 4898 347 4927 «
394 4879 637 4931 ruerunt
666 4916 679 4940 ,
732 4874 926 4945 plures
982 4880 1275 4931 censentes
1326 4873 1638 4930 absurdam
1662 4917 1675 4940 ‚

321 4980 346 5008 α
390 4959 447 5010 et
478 4955 674 5026 plures
699 4953 1089 5033 temerariam,
1116 4952 1265 5025 quod
1307 4953 1369 5009 in
1414 4968 1476 5010 re
1515 4953 1680 5027 gravi

323 5058 348 5087 (ι
389 5039 588 5091 contra
615 5048 817 5089 omnes
849 5034 1184 5107 Theologos,
1215 5032 1314 5105 qui
1355 5032 1680 5105 oppositum

3049 415 3150 469 351

1800 610 1825 640 α
1866 594 2214 661 supponunt,
2260 589 2468 662 absque
2498 588 2870 645 fundamento
2893 583 3155 641 authori-

1799 691 1825 723 «
1867 672 2014 737 tatis
2044 676 2100 728 et
2128 672 2370 728 rationis
2396 670 2769 745 singulariter
2790 662 3098 725 decernat.'
3123 685 3149 715 »

1792 748 1898 807 Sed
1925 750 2201 825 quidquid
2229 750 2299 809 de
2328 753 2431 808 hoc
2457 751 2554 806 sit.

1831 891 1845 902 ..
1869 832 2132 889 Primum
2161 833 2607 891 fundamentum
2649 836 2857 889 nostrae
2883 826 3154 885 assertio-
3223 845 3345 888 Ratio

1793 912 1885 968 nis
1923 912 2244 971 desumitur
2268 929 2339 970 ex
2367 912 2714 970 testimoniis
2754 925 2927 966 sacrae
2961 907 3155 979 Scrip-
3198 891 3350 986 {fflffi‘

1793 999 1974 1060 turae,
2025 996 2395 1051 Summorum
2423 991 2785 1056 Pontificum,
2816 995 2873 1047 et
2912 987 3153 1044 Concilii
3224 991 3288 1034 tis.

1792 1074 2142 1140 Tridentini,
2191 1091 2316 1149 quae
2354 1076 2492 1131 satis
2519 1081 2712 1147 aperte
2749 1069 3063 1128 excludunt
3088 1068 3157 1124 de

1793 1155 1939 1213 facto
1965 1156 2089 1230 conj
2099 1156 2445 1221 unctionem,
2477 1155 2599 1212 sive
2614 1150 3042 1211 coexistentiam
3065 1165 3155 1204 cu-

1786 1238 2026 1312 juslibet
2050 1237 2255 1311 peccati
2287 1236 2548 1294 mortalis
2574 1252 2702 1292 cum
2729 1232 2915 1307 gratia
2940 1229 3154 1287 sancti-

1790 1316 2014 1384 ficante,
2046 1333 2145 1375 seu
2177 1316 2479 1374 habituali.
2513 1319 2660 1372 Nam
2697 1317 2751 1380 2,
2783 1314 2857 1369 ad
2898 1311 3257 1370 Corinthea
3272 1321 3364 1363 cor.

1791 1399 1828 1453 6
1853 1441 1866 1464 ,
1916 1396 2130 1453 dicitur
2164 1421 2177 1456 z
2209 1397 2340 1470 Qum
2363 1399 2509 1453 enim
2533 1395 2889 1470 participatio
2923 1393 3157 1463 justitias
3245 1370 3284 1411 ⁶·

1792 1496 1917 1534 cum
1944 1479 2256 1556 iniquitate,
2282 1488 2381 1535 aut
2422 1496 2537 1557 quw
2563 1480 2788 1533 societas
2816 1476 2953 1530 lucis
2974 1473 3047 1528 ad
3076 1479 3155 1526 te-

1793 1560 2031 1616 nebras?
2057 1561 2255 1617 Gratia
2294 1567 2486 1617 autem
2515 1557 2826 1616 habitualis
2851 1561 2936 1611 est
2964 1559 3158 1610 nostra

1787 1634 2014 1708 justitia
2039 1634 2348 1703 inhaerens,
2380 1633 2674 1708 quodlibet
2699 1647 2836 1687 vero
2867 1634 3153 1702 peccatum

1793 1714 2039 1771 mortale
2083 1719 2166 1771 est
2213 1715 2505 1787 iniquitas.
2532 1712 2816 1778 Similiter
2842 1711 3028 1785 gratia
3074 1712 3158 1763 est

1793 1795 1895 1851 lux
1923 1793 2152 1864 animze,
2189 1802 2475 1868 peccatum
2503 1810 2641 1851 vero
2666 1793 2908 1848 mortale
2933 1799 3018 1845 est
3044 1789 3156 1844 bu·

1787 1875 1883 1950 jus
1930 1876 2071 1932 lucis
2117 1875 2352 1951 tenebra
2377 1919 2389 1943 ,
2443 1879 2502 1930 ut
2540 1874 2789 1929 sumitur
2840 1889 2910 1929 ex
2955 1869 3154 1927 eodem

1795 1962 1987 2031 Apost.
2019 1958 2094 2013 ad
2118 1957 2323 2030 Ephes,
2351 1958 2395 2021 l,
2422 1963 2477 2013 et
2496 1957 2634 2012 satis
2654 1959 2873 2012 constat
2891 1969 2962 2009 ex
2982 1967 3155 2023 supra
3174 1954 3234 1996 Ad
3251 1954 3363 2043 lssvb.

1793 2038 1958 2094 dictis
1991 2060 2004 2094 ε
2035 2040 2259 2095 nullam
2283 2055 2418 2112 ergo
2438 2037 3036 2098 communicationem,
3064 2035 3155 2089 vel
3277 2035 3285 2043 '

1793 2119 2121 2176 societatem
2145 2119 2359 2176 habent
2379 2120 2554 2174 etiam
2580 2133 2679 2189 per
2707 2116 3019 2171 minimum
3044 2116 3158 2169 ins·

1794 2203 1944 2255 tans,
1975 2198 2243 2271 Idemque
2270 2199 2552 2254 motivum
2581 2197 2901 2253 desumitur
2928 2193 3158 2251 exlocis

1795 2276 2120 2352 Scripturas,
2156 2281 2218 2336 in
2243 2279 2452 2352 quibus
2477 2279 2662 2353 gratia
2689 2276 2899 2332 dicitur
2936 2275 3073 2339 vita,
3104 2278 3157 2329 et

1798 2366 2084 2432 peccatum
2117 2378 2294 2427 morS,
2328 2367 2387 2415 ut
2413 2361 2487 2415 ad
2514 2360 2669 2416 Itoni.
2702 2359 2736 2408 Ξ
2761 2366 2809 2412 et
2838 2359 2872 2411 6
2899 2380 2912 2422 ;
2943 2359 3159 2412 constat
3173 2356 3374 2446 4930311-

1795 2441 1953 2497 enim
1986 2442 2184 2506 vitam.
2235 2447 2291 2496 et
2340 2445 2585 2497 mortem
2626 2439 2878 2513 ejusdem
2923 2435 3159 2509 subjecti
3198 2419 3223 2447 '²
3331 2435 3339 2445 '

1797 2539 1915 2580 non
1960 2523 2135 2579 simul
2185 2523 2515 2580 coexistere.
2569 2524 2855 2578 Praeterea
2902 2518 3160 2574 Christus

1797 2605 2077 2661 Dominus
2113 2606 2317 2661 Matth.
2347 2608 2382 2660 6
2401 2648 2416 2670 ‚
2445 2603 2695 2660 excludit
2739 2600 3025 2673 duplicem
3053 2600 3159 2656 ho·
3176 2601 3369 2643 malms.

1797 2686 1977 2741 minis
2022 2686 2359 2743 servitutem
2387 2700 2522 2758 ergo
2556 2687 2754 2748 Deum,
2782 2687 2838 2738 et
2870 2695 3007 2755 erga
3034 2679 3160 2736 dia-

1797 2767 2013 2835 bolum,
2044 2784 2142 2824 seu
2175 2773 2483 2840 peccatum.
2509 2766 2701 2831 Nemo,
2736 2765 2925 2838 inquit
2948 2807 2960 2827 ,
2986 2770 3160 2835 potest

1797 2850 2004 2907 duobus
2025 2851 2264 2906 dominis
2282 2847 2677 2906 servirc.Unde
2697 2847 3006 2904 subinfert:
3031 2844 3162 2901 Non

1791 2934 2018 3007 potestis
2046 2932 2156 2988 Dee
2182 2935 2402 2998 servire,
2433 2939 2481 2986 et
2506 2948 2841 2986 mammonae.
2880 2929 2938 2983 Si
2968 2931 3160 2984 autem

1800 3013 1972 3070 homo
2001 3015 2063 3070 in
2085 3013 2284 3071 eodem
2308 3013 2562 3078 instanti,
2591 3012 2651 3066 in
2673 3028 2782 3084 quo
2804 3015 3161 3082 peccatmor-

1800 3094 1993 3150 taliter
2017 3137 2030 3160 ,
2065 3094 2343 3151 retineret
2384 3094 2631 3166 gratiam
2657 3135 2670 3158 ,
2702 3092 2876 3146 simul
2916 3089 3162 3146 serviret

1799 3175 1915 3230 Deo
1942 3189 2044 3247 per
2069 3174 2341 3247 gratiam,
2369 3179 2422 3230 et
2449 3172 2678 3229 diabolo
2707 3188 2806 3243 per
2829 3176 3017 3227 actum
3042 3184 3163 3241 pec·

1799 3253 1928 3309 cati.
1963 3253 2180 3310 Deinde
2217 3257 2233 3309 l
2286 3256 2449 3309 Joan.
2485 3255 2538 3322 3,
2571 3253 2780 3308 dicitur
2812 3273 2823 3306 :
2851 3251 3045 3307 Omnis
3066 3250 3372 3325 quil-loan.3-

1802 3334 1862 3387 in
1896 3334 2001 3389 Deo
2026 3341 2229 3398 manet,
2257 3351 2365 3388 non
2391 3340 2592 3405 peccat.
2624 3335 2692 3387 Et
2712 3331 2905 3388 statim
2928 3353 2940 3387 ε
2967 3329 3161 3386 Omnis

1802 3418 1898 3494 qui
1942 3422 2106 3469 natus
2151 3422 2229 3470 est
2251 3432 2324 3468 ca>
2372 3413 2499 3479 Deo,
2530 3420 2808 3485 peccatum
2834 3429 2941 3466 nen
2992 3412 3162 3481 facie‚·

1801 3498 1934 3574 qnia
1961 3511 2137 3550 semen
2164 3495 2355 3565 ipsius,
2391 3509 2596 3565 nempe
2620 3493 2825 3566 gratia,
2868 3493 2924 3545 in
2952 3501 3010 3544 eo
3039 3506 3161 3544 ma-

1803 3584 1891 3632 net
1919 3594 1936 3632 .·
1966 3582 2017 3629 et
2042 3591 2149 3629 non
2171 3581 2341 3645 potest
2364 3591 2602 3647 peccare,
2634 3574 2897 3649 quoniam
2942 3588 3014 3625 ex
3059 3568 3165 3625 Deo

1805 3666 1971 3715 natus
2012 3663 2108 3713 est.
2158 3655 2375 3720 Quibus
2421 3654 2613 3710 verbis
2641 3653 2890 3709 minime
2919 3650 3167 3708 intendit

1803 3737 2107 3812 Apostolus
2133 3739 2401 3801 JoanneS,
2432 3734 2580 3807 quod
2622 3749 2821 3790 omnes
2864 3731 3001 3807 J'usti
3051 3731 3168 3785 sint

1806 3819 2237 3894 impeccabiles,
2281 3818 2374 3875 vel
2403 3816 2551 3890 quod
2581 3821 2867 3886 nequeant
2911 3814 3167 3871 absolute

1808 3918 2034 3978 peccare
2052 3926 2066 3969 ;
2099 3901 2155 3957 id
2181 3900 2340 3957 enim
2369 3905 2454 3956 est
2474 3905 2667 3971 aperte
2693 3903 2893 3954 contra
2922 3897 3120 3953 Fidem
3151 3919 3162 3953 z

1805 3984 1903 4042 sed
1931 3983 2089 4041 docet
2117 3983 2296 4056 justos
2324 3997 2440 4037 non
2471 3996 2628 4053 posse
2653 3996 2783 4034 cum
2811 3996 2913 4034 sua
2944 3977 3167 4051 justitia

1806 4081 2164 4141 componere,
2181 4070 2234 4121 et
2255 4063 2376 4137 conj
2387 4079 2597 4137 ungere
2615 4068 2918 4135 peccatum,
2939 4065 2998 4115 ut
3013 4074 3169 4115 cons-

1806 4155 1889 4206 tat
1914 4165 1986 4206 ex
2018 4146 2315 4205 communi
2344 4149 2582 4202 Patrum
2609 4190 2620 4212 ‚
2666 4151 2723 4201 et
2748 4144 3167 4216 'theologorum

1809 4228 2299 4302 interpretatione.
2346 4226 2405 4281 Id
2433 4231 2624 4283 autem
2654 4223 2957 4280 manifeste
3005 4220 3168 4278 fals-i-

1809 4308 2094 4376 ficaretur,
2125 4307 2174 4363 si
2197 4307 2381 4380 justus
2409 4306 2471 4362 in
2501 4307 2603 4363 illo
2643 4304 2881 4360 instanti
2910 4346 2922 4366 ,
2970 4303 3032 4358 in
3058 4316 3169 4373 quo

1808 4393 1895 4445 est
1915 4388 2118 4462 justus,
2163 4404 2226 4444 ac
2267 4386 2475 4444 retinet
2494 4385 2798 4461 justitiam,
2827 4382 3062 4439 haberet
3086 4382 3169 4437 si-

1810 4470 1932 4524 mul
1964 4471 2250 4541 peccatum
2275 4467 2492 4522 actuale
2533 4466 2777 4522 mortale
2802 4506 2814 4528 ,
2859 4461 3008 4534 quod
3037 4467 3171 4517 tunc

1810 4549 2212 4606 committeret.
2238 4546 2495 4602 Tandem
2520 4548 2818 4619 Apostolus
2838 4545 2912 4599 ad
2933 4544 3088 4601 Rom.
3114 4544 3167 4607 8,
3204 4554 3363 4595 nome.

1813 4629 2018 4687 asserit
2043 4649 2056 4684 ε
2080 4627 2245 4685 Nihil
2271 4645 2416 4683 nunc
2440 4629 2820 4683 damnationis
2845 4632 2921 4681 est
2943 4627 3050 4689 liis,
3078 4626 3174 4701 qui

1811 4717 1942 4766 sunt
1977 4713 2037 4765 in
2083 4709 2303 4766 Christo
2347 4706 2518 4775 Jesu‚·
2546 4708 2727 4774 idest,
2774 4708 2837 4763 in
2865 4706 3070 4781 gratia.
3115 4704 3171 4758 Si

1814 4795 2005 4847 autem
2023 4789 2206 4864 justus
2228 4788 2292 4844 in
2313 4787 2572 4854 instanti,
2602 4789 2663 4845 in
2684 4805 2796 4861 quo
2819 4792 3003 4861 peccat
3025 4800 3176 4841 mor·

1815 4870 2028 4935 taliter,
2062 4868 2314 4934 haberet,
2345 4873 2403 4924 et
2431 4869 2704 4924 retineret
2737 4868 2984 4941 gratiam
3012 4882 3178 4922 sanc-

1814 4949 2146 5017 tificantem,
2189 4946 2365 5004 simul
2393 4954 2539 5004 esset
2577 4947 2639 5003 in
2667 4949 2893 5004 Christo
2918 4949 3047 5003 Jesu
3080 4961 3180 5017 per

1814 5030 2081 5106 gratiam,
2115 5036 2170 5086 et
2217 5029 2432 5100 aliquid
2484 5029 2874 5085 damnationis
2926 5026 3177 5091 haberet,
