3647 5753
284 2000 437 2041 Secun-

262 2048 360 2091 dum
373 2058 438 2091 ar·

278 2106 445 2150 gumen·

311 2155 411 2190 tum.

285 2198 435 2239 Gonet.

466 375 577 431 434

471 546 697 620 inquit:
740 571 766 601 «
802 549 1108 608 Sciendum
1149 558 1253 621 est,
1297 555 1445 629 quod
1475 572 1591 613 non
1617 560 1703 613 est
1728 571 1829 612 ea-

476 651 502 682 «
533 629 663 686 dem
695 632 842 688 ratio
870 632 940 690 de
964 633 1116 692 don'o
1140 636 1455 710 sapientiai,
1489 645 1544 696 et
1579 639 1650 696 de
1677 639 1829 696 dono

477 733 503 763 «
530 713 732 785 gratim
766 713 1134 787 justificantis
1148 740 1163 784 ;
1208 734 1344 774 nam
1384 719 1602 776 donum
1626 719 1829 794 gratiae

476 812 501 842 «
529 790 895 864 Justificantis
934 798 1215 870 praecipue
1254 797 1486 855 ordinat
1527 799 1829 856 hominem

478 872 606 929 «ad
655 873 891 943 bonum,
934 879 1084 951 quod
1129 885 1213 936 est
1266 881 1549 956 objectum
1611 883 1827 939 volun-

478 977 502 1009 «
534 957 666 1013 tatis
691 981 705 1024 ;
735 964 792 1014 et
830 959 958 1017 ideo
986 961 1057 1017 ad
1098 964 1288 1035 ipsum
1342 969 1607 1021 movetur
1655 964 1831 1021 homo

474 1060 499 1089 «
534 1054 634 1111 per
662 1046 881 1097 motum
924 1044 1255 1111 voluntatiS,
1282 1046 1379 1119 qui
1420 1049 1506 1101 est
1534 1050 1724 1102 motus
1752 1046 1832 1101 li-

476 1140 502 1171 «
525 1116 650 1176 beri
674 1120 923 1179 arbitrii.
957 1123 1062 1179 Sed
1089 1126 1371 1196 sapientia
1400 1124 1620 1198 perficit
1653 1126 1831 1183 intel-

477 1202 761 1271 «lectum,
805 1206 903 1277 qui
953 1208 1216 1278 praecedit
1242 1209 1600 1265 voluntatem
1632 1232 1649 1275 ;
1680 1208 1832 1265 unde

477 1304 502 1334 «
534 1281 745 1356 absque
766 1287 1046 1358 completo
1073 1294 1229 1345 motu
1273 1289 1444 1346 liberi
1476 1288 1707 1346 arbitrii
1737 1306 1833 1361 po·

477 1368 640 1420 «test
689 1368 1011 1424 intellectus
1070 1369 1222 1427 dono
1261 1370 1558 1443 sapientiae
1601 1371 1832 1427 illumi-

479 1465 503 1494 «
534 1445 684 1501 nari.
714 1467 740 1498 »
775 1449 907 1511 Quae
948 1449 1147 1506 omnia
1196 1450 1512 1523 procedunt
1551 1453 1615 1507 in
1644 1453 1832 1526 hypo-

473 1526 619 1582 thesi
646 1528 1213 1604 conditionata,quod
1237 1533 1278 1587 ii
1304 1538 1459 1589 actus
1475 1550 1592 1591 non
1613 1533 1832 1606 depen-
1875 1550 1887 1559 ·

470 1606 646 1666 deant
707 1612 1095 1670 essentialiter
1147 1631 1180 1671 a
1225 1616 1414 1689 gratia
1471 1614 1745 1690 tanquam
1799 1632 1833 1672 a

473 1689 759 1762 principio
799 1691 1057 1750 effectivo
1091 1696 1176 1751 :si
1212 1696 1372 1752 enim
1395 1698 1720 1770 oppositum
1747 1713 1833 1753 as·

471 1774 695 1826 seratur
715 1771 805 1842 (de
837 1789 948 1845 quo
973 1776 1191 1846 statim)
1233 1782 1472 1851 uterque
1497 1783 1653 1834 actus
1691 1795 1832 1850 sup-

475 1856 647 1923 ponet
696 1855 1076 1912 essentialiter
1127 1856 1573 1917 destructionem
1623 1861 1831 1933 peccati

476 1948 577 2004 per
597 1934 863 2005 gratiam.

557 2008 677 2062 193.
721 2009 978 2073 Secundo
1036 2014 1224 2087 arguit
1269 2018 1450 2075 Gonet
1505 2035 1518 2070 :
1556 2015 1832 2088 quoniam

478 2090 762 2158 peccatum
792 2087 1083 2148 habituale
1105 2093 1273 2166 hujus
1292 2098 1472 2150 status
1493 2094 1644 2151 nihil
1674 2095 1832 2151 aliud

475 2170 574 2234 est,
606 2184 775 2240 quam
821 2170 1070 2241 privatio
1107 2175 1308 2246 gratiae
1344 2175 1575 2232 inducta
1610 2191 1710 2248 per
1737 2193 1833 2233 ac·-

476 2253 596 2302 tum
628 2250 1082 2322 peccaminosum
1116 2274 1133 2308 2
1158 2254 1257 2311 sed
1284 2257 1539 2328 quandiu
1569 2272 1686 2314 non
1737 2258 1833 2313 in-

475 2328 737 2385 funditur
764 2332 971 2404 gratia,
1029 2332 1200 2390 habet
1239 2336 1414 2393 homo
1445 2338 1832 2410 privationem

469 2410 666 2482 gratiae
689 2411 982 2469 inductam
1015 2430 1115 2487 per
1139 2423 1325 2474 actum
1352 2420 1830 2492 peccaminosum,

472 2490 697 2545 tametsi
747 2508 1006 2551 amorem
1055 2497 1352 2554 charitatis
1392 2500 1585 2556 eliciat
1642 2522 1655 2556 :
1697 2517 1835 2576 ergo

471 2570 654 2627 adhuc
677 2583 976 2644 permanet
1000 2578 1062 2633 in
1084 2584 1233 2635 statu
1254 2583 1467 2654 peccati
1497 2579 1827 2639 habitualis,

475 2651 756 2709 Probatur
796 2656 1028 2724 min0r;
1060 2675 1196 2716 nam
1228 2661 1291 2717 in
1321 2662 1530 2734 primis
1574 2663 1832 2735 quandiu

475 2749 592 2789 non
622 2733 950 2791 infunditur
973 2740 1178 2812 gratia,
1211 2741 1369 2798 adest
1406 2743 1611 2815 gratiae
1633 2744 1833 2815 priva-

476 2813 572 2880 tio,
603 2821 662 2868 ut
681 2830 753 2870 ex
780 2816 919 2889 ipsis
950 2819 1219 2876 terminis
1247 2823 1424 2896 liquet
1456 2844 1469 2879 ε
1500 2822 1708 2881 deinde
1730 2842 1833 2883 ve-

476 2912 605 2951 rum
636 2901 737 2961 est,
770 2897 918 2955 hanc
930 2901 1315 2973 privationem
1340 2905 1632 2963 inductam
1657 2906 1834 2966 fuisse

408 3023 412 3028 .
456 2993 574 3050 *per
621 2985 808 3035 actum
865 2985 1323 3054 peccaminosum
1360 3005 1536 3063 :ergo
1575 2989 1623 3044 si
1661 2990 1834 3048 homo

262 3315 445 3362 Salutio.

475 3074 589 3115 non
616 3059 817 3133 recipit
835 3063 1100 3136 gratiam,
1135 3065 1265 3123 licet
1292 3084 1550 3126 amorem
1579 3070 1834 3136 charita-

475 3139 546 3194 tis
572 3139 780 3207 eliciat,
815 3141 998 3222 adhuc
1025 3146 1234 3203 retinet
1281 3149 1668 3221 privationem
1696 3168 1833 3225 gra-

476 3221 568 3277 tiae
596 3237 697 3294 per
726 3231 1015 3296 peccatum
1045 3228 1357 3289 inductam.

547 3303 632 3358 Ad
656 3305 760 3362 hoc
786 3317 1192 3382 argumentum
1216 3313 1354 3370 satis
1380 3320 1597 3388 constat
1617 3332 1687 3373 ex
1710 3316 1834 3373 dic-

475 3384 547 3439 tis
572 3409 587 3453 ;
620 3401 756 3442 nam
780 3396 1070 3460 peccatum
1098 3393 1392 3451 habituale
1414 3411 1529 3452 non
1574 3398 1834 3454 consistit

472 3465 537 3521 in
560 3467 883 3538 privatione
899 3474 1097 3545 gratiae
1119 3475 1351 3549 physice
1370 3478 1558 3533 solum
1586 3484 1827 3551 accepta,

471 3547 567 3605 sed
592 3552 891 3608 moraliter
918 3556 1277 3613 considerata
1306 3579 1318 3613 ε
1347 3576 1458 3631 quo
1504 3565 1663 3632 pacto
1689 3562 1835 3616 sicut

472 3629 535 3683 in
560 3627 686 3685 fieri
714 3631 996 3705 dependet
1016 3635 1085 3691 ab
1109 3642 1232 3693 actu
1278 3640 1671 3709 peccaminoso
1699 3647 1836 3697 tunc

470 3710 679 3778 elicito,
705 3710 788 3768 ita
808 3715 871 3771 in
894 3718 1223 3773 conservari
1240 3716 1517 3790 dependet
1542 3720 1613 3777 ab
1632 3722 1833 3778 eodem

474 3797 597 3846 actu
628 3795 690 3846 ut
710 3796 1011 3852 moraliter
1024 3805 1417 3870 permanente.
1452 3802 1668 3858 Dicitur
1699 3817 1835 3859 vero

476 3876 629 3927 actus
656 3875 964 3931 moraliter
1010 3892 1395 3948 perseverare.
1427 3880 1681 3953 quandiu
1709 3880 1834 3938 effi-

474 3952 680 4010 caciter
711 3971 828 4011 non
859 3961 1196 4015 retractatur
1222 3984 1237 4026 ;
1268 3967 1445 4018 cessat
1472 3979 1609 4019 vero
1637 3980 1835 4020 mora-

478 4034 609 4091 liter
631 4052 732 4108 per
752 4037 1031 4094 efficacem
1052 4042 1142 4096 sui
1166 4043 1627 4101 retractationem
1655 4070 1669 4112 ;
1696 4062 1834 4103 nam

480 4118 805 4193 hujusmodi
836 4123 1162 4180 retractatio
1194 4131 1279 4182 est
1308 4127 1549 4183 moralis
1575 4126 1836 4185 destruc-

477 4200 563 4258 tio
580 4201 756 4257 iltius.
784 4202 949 4260 Unde
971 4204 1153 4275 posita
1177 4206 1385 4264 efficaci
1434 4210 1836 4268 retractatione

478 4299 579 4356 per
605 4300 865 4342 amorem
887 4286 1202 4356 charitatiS,
1227 4290 1422 4345 statim
1444 4297 1687 4348 cessaret
1710 4294 1835 4365 pri-

478 4363 631 4419 vatio
657 4365 857 4437 gratiae
904 4367 1203 4424 moraliter
1241 4369 1615 4440 considerata,
1668 4378 1837 4446 atque

479 4444 606 4500 ideo
625 4451 915 4517 peccatum
934 4447 1246 4505 habituale.
1266 4451 1530 4509 Carentia
1551 4469 1689 4512 vero
1708 4470 1836 4528 gra-

479 4527 588 4592 tiae,
644 4544 767 4599 quae
805 4529 992 4603 gratia
1032 4547 1150 4588 non
1190 4530 1384 4590 infusa
1418 4544 1831 4607 perseveraret,

475 4608 664 4664 solum
697 4615 845 4666 esset
882 4611 1136 4668 carentia
1189 4612 1443 4687 physica,
1474 4633 1599 4688 quae
1652 4620 1836 4691 posito

477 4704 675 4745 amore
696 4690 795 4746 Dei
835 4707 1008 4763 super
1034 4694 1251 4761 omnia,
1293 4694 1414 4767 jam
1446 4713 1563 4754 non
1601 4715 1836 4757 conser-

476 4774 644 4827 vatur
670 4771 944 4839 effective,
979 4779 1076 4830 aut
1101 4776 1263 4847 quasi
1290 4777 1548 4837 effective
1575 4796 1606 4836 a
1638 4798 1837 4854 pecca-

477 4855 599 4909 tore
627 4851 761 4908 :sed
788 4860 1160 4912 conservatur
1188 4871 1221 4912 a
1242 4858 1375 4926 Deo,
1407 4860 1505 4933 qui
1542 4862 1711 4919 titulo
1735 4880 1837 4920 su—

480 4933 664 5003 premi
679 4932 946 5002 dominii,
968 4937 1059 4993 vel
1085 4936 1366 4995 libertatis
1389 4942 1568 4998 nollet
1585 4945 1835 5017 gratiam

482 5011 806 5070 infundere.
832 5016 946 5071 Nec
965 5016 1027 5072 in
1048 5032 1115 5074 eo
1134 5034 1267 5074 casu
1291 5019 1557 5092 praedicta
1578 5024 1837 5081 carentia

1395 386 1489 439 DE
1526 386 1555 438 J
1561 383 2059 449 USTIFICATION
2067 384 2109 437 E
2149 385 2351 440 IMPII.

1958 561 2106 613 esset
2170 556 2421 629 privatio
2483 555 2852 630 subjectionis
2915 553 3172 611 hominis
3249 551 3323 609 ad

1960 642 2161 706 Deum,
2177 640 2240 696 in
2260 656 2375 712 quo,
2392 639 2650 697 consistit
2672 643 2961 711 peccatum
2990 658 3003 692 :
3031 635 3321 708 siquidem
3346 649 3353 655 ·

1963 720 2153 788 hom0,
2186 725 2247 776 ut
2266 721 2628 794 supponitur,
2646 720 3001 776 convertitur
3021 716 3328 773 efficaciter

1962 802 2032 858 ad
2060 805 2240 859 Deum
2265 820 2437 876 super
2465 803 2664 860 omnia
2700 802 2972 858 dilectum
3000 821 3014 856 z
3050 797 3149 856 sed
3176 800 3329 854 esset

1964 885 2211 956 privatio
2248 885 2641 943 conversionis
2671 883 2931 957 perfectae
2958 880 3059 937 Dei
3103 878 3173 937 ad
3223 879 3328 969 ho-

1962 964 2342 1040 minem‚quae
2369 982 2487 1023 non
2508 965 2745 1022 haberet
2772 963 3056 1020 rationem
3088 963 3320 1034 peccati,

1961 1046 2058 1105 sed
2080 1047 2263 1121 magis
2290 1049 2374 1122 cuj
2385 1048 2583 1104 usdam
2613 1045 2965 1120 poenalitatis
3010 1045 3170 1101 velut
3217 1058 3327 1099 ne-

1961 1129 2191 1202 gativae:
2217 1134 2365 1185 esset
2377 1129 2534 1185 enim
2557 1128 2812 1185 carentia
2828 1128 2914 1201 cuj
2924 1124 3124 1181 usdam
3148 1122 3328 1180 bene—

1963 1208 2098 1275 ficii,
2125 1210 2285 1284 cujus
2312 1211 2483 1267 homo
2508 1215 2632 1267 erat
2663 1225 2862 1281 capax,
2895 1208 3046 1297 sicut
3076 1206 3141 1261 in
3173 1208 3327 1259 statu

1965 1306 2240 1363 purorum
2289 1290 2665 1365 contingeret.
2710 1291 2780 1344 Et
2815 1303 3080 1361 quamvis
3118 1298 3327 1374 verum

1961 1387 2187 1443 semper
2208 1376 2374 1436 esset,
2411 1369 2739 1444 praedictam
2761 1369 3079 1426 carentiam
3107 1383 3140 1422 a
3168 1380 3331 1457 prin-

1964 1453 2114 1525 cipio
2150 1453 2442 1510 inductam
2485 1452 2659 1510 fuisse
2688 1468 2789 1525 per
2816 1456 3004 1507 actum
3054 1451 3352 1522 peccami-‘

1965 1549 2191 1599 nosum,
2219 1534 2278 1590 id
2302 1538 2496 1590 tamen
2509 1530 3051 1589 minimesufficeret
3072 1527 3142 1584 ad
3157 1543 3328 1584 cons-

1966 1615 2283 1672 tituendam
2302 1617 2587 1672 maculam
2605 1615 2810 1688 peccati
2825 1610 3140 1670 habitualis
3158 1626 3170 1672 ;
3188 1625 3328 1666 nam

1965 1697 2116 1754 istud
2152 1714 2268 1754 non
2296 1700 2484 1755 solum
2514 1699 2577 1754 in
2605 1715 2708 1755 suo
2737 1697 2927 1771 primo
2953 1694 3081 1751 fieri
3108 1693 3332 1765 depen-

1965 1779 2112 1836 deta
2139 1786 2360 1852 peccato
2382 1781 2609 1844 actuali,
2635 1778 2732 1836 scd
2754 1778 2930 1835 etiam
2962 1776 3023 1832 in
3063 1790 3167 1830 suo
3186 1789 3328 1830 con-

1964 1861 2204 1916 servari.
2242 1860 2350 1916 Ubi
2379 1865 2570 1917 autem
2601 1861 2771 1916 homo
2809 1856 3171 1914 convertitur
3203 1853 3331 1911 effi-

1964 1942 2169 1998 caciter
2210 1940 2280 1998 ad
2326 1944 2506 1998 Deum
2560 1956 2733 2014 super
2781 1938 2982 1996 omnia
3027 1936 3324 2001 dilectum,

1965 2024 2129 2080 nullo
2154 2023 2326 2080 modo
2377 2029 2573 2080 manet
2602 2028 2756 2079 actus
2804 2019 3013 2093 peccati
3055 2019 3145 2075 vel
3177 2018 3329 2091 phy-

1964 2105 2095 2170 sice,
2140 2107 2232 2162 vel
2275 2104 2600 2162 mortaliter
2637 2129 2648 2172 ;
2693 2108 2859 2175 atque
2906 2100 3034 2157 ideo
3076 2114 3193 2156 non
3239 2104 3327 2154 est

1965 2201 2133 2241 causa
2160 2186 2557 2242 conservativa
2582 2182 2925 2257 privationis
2951 2180 3168 2255 gratim.

2048 2267 2169 2322 194.
2192 2267 2386 2323 Tertio
2400 2266 2592 2339 arguit
2606 2263 2912 2338 Gregorius
2932 2261 3003 2317 de
3021 2260 3283 2317 Valentia
3311 2273 3552 2318 :Tertium

1968 2362 2102 2402 nam
2147 2348 2407 2419 implicat
2444 2345 2661 2403 destrui
2706 2349 2992 2416 peccatum
3034 2334 3562 2418 habitualeussffi‘fl„

1964 2428 2220 2500 quandiu
2236 2430 2380 2484 Deus
2398 2443 2513 2483 non
2529 2423 2970 2498 deponitodium
2988 2436 3122 2494 erga
3143 2436 3332 2493 pecca·
3356 2424 3540 2468 Valent

1968 2514 2183 2566 torem:
2201 2506 2586 2579 sedimplicat,
2612 2504 2761 2578 quod
2779 2507 2925 2559 Deus
2954 2500 3100 2557 illud
3126 2500 3330 2558 odium

1965 2588 2229 2662 deponat,
2258 2591 2369 2645 nisi
2385 2587 2725 2644 infundatur
2743 2583 3326 2661 gratiasanctificans‚

1966 2674 2191 2728 tametsi
2241 2673 2413 2728 homo
2439 2670 2631 2726 eliciat
2677 2684 2933 2725 amorem
2981 2667 3277 2723 charitatis
3312 2687 3329 2721 ε

1964 2771 2099 2828 ergo
2122 2755 2184 2810 in
2228 2752 2498 2826 praedicta
2525 2751 2823 2825 hypothesi
2855 2766 2973 2807 non
2999 2748 3333 2805 destruere-

1967 2840 2059 2892 tur
2087 2840 2375 2909 peccatum
2426 2832 2739 2889 habituale.
2792 2832 2976 2906 Major
3021 2836 3106 2887 est
3130 2834 3285 2886 certa
3312 2852 3329 2897 ;

1965 2917 2237 2990 quoniam
2265 2931 2332 2973 eo
2373 2915 2514 2988 ipso,
2548 2912 2698 2987 quod
2742 2915 2889 2970 Deus
2927 2911 3128 2969 eodem
3158 2909 3334 2967 modo

1964 3015 2024 3056 se
2047 2996 2250 3054 habeat
2266 3013 2400 3070 erga
2423 3001 2794 3068 peccatorem,
2823 2992 3131 3049 manifeste
3157 2991 3334 3048 evin-

1965 3080 2132 3143 citur,
2157 3076 2302 3150 quod
2347 3079 2601 3147 peccator
2627 3072 2826 3130 eodem
2855 3073 3029 3129 etiam
3073 3070 3242 3128 modo
3268 3087 3334 3126 se

1966 3159 2136 3215 habet
2161 3158 2223 3212 in
2248 3155 2453 3228 seipso,
2477 3171 2607 3211 cum
2637 3160 2792 3210 actus
2819 3151 2991 3210 liberi
3017 3151 3206 3208 divini
3231 3152 3333 3208 in-

1966 3240 2155 3297 ferant
2182 3237 2562 3294 mutationem
2589 3237 2651 3292 in
2673 3234 2889 3308 obJecto
2924 3256 2936 3290 ε
2960 3249 3096 3307 ergo
3125 3233 3333 3306 impli-

1966 3326 2070 3391 cat,
2094 3319 2243 3393 quod
2281 3320 2605 3391 perseveret
2643 3315 2797 3373 idem
2838 3313 3037 3372 odium
3065 3331 3135 3372 ex
3166 3319 3335 3387 parte

1965 3403 2066 3462 Dei
2087 3419 2224 3477 erga
2252 3405 2624 3475 peccatorem,
2651 3404 2708 3456 et
2745 3398 2894 3472 quod
2919 3413 3035 3455 non
3063 3412 3334 3469 perseve-

1968 3490 2053 3543 ret
2079 3485 2256 3541 etiam
2280 3482 2433 3540 idem
2464 3486 2752 3555 peccatum
2774 3498 2845 3538 ex
2887 3486 3047 3553 parte
3072 3479 3335 3536 hominis

1966 3571 2164 3623 contra
2205 3566 2427 3635 Deum‚;
2470 3568 2525 3620 et
2563 3566 2977 3634 consequenter
3026 3565 3326 3634 repugnat,

1965 3645 2115 3720 quod
2160 3649 2446 3718 peccatum
2497 3643 2847 3710 destruatur,
2891 3647 2948 3697 et
2992 3640 3139 3714 quod
3184 3644 3332 3697 Deus

1968 3743 2083 3784 non
2110 3725 2358 3798 deponat
2383 3725 2582 3782 odium
2622 3741 2759 3798 erga
2799 3728 3164 3796 peccatorem.
3210 3724 3332 3779 Mi-

1966 3823 2074 3864 nor
2097 3812 2286 3862 autem
2336 3804 2608 3879 probatur
2642 3827 2656 3862 :
2697 3811 2821 3860 tum
2847 3805 2982 3876 quia
3024 3807 3169 3861 Deus
3209 3820 3328 3861 non

1965 3888 2177 3945 dicitur
2204 3885 2336 3946 odio
2362 3886 2576 3943 habere
2625 3892 2995 3961 peccatorem,
3041 3886 3176 3957 quia
3196 3883 3331 3942 des-

1968 3975 2119 4027 truat
2139 3970 2262 4044 ejus
2286 3968 2661 4040 perfectiones
2683 3968 2994 4035 naturales,
3020 3982 3101 4023 eae
3119 3968 3339 4040 quippe

1966 4050 2139 4108 etiam
2171 4054 2295 4121 post
2322 4054 2627 4122 peccatum,
2659 4053 2715 4106 et
2756 4047 2953 4104 odium
3004 4049 3101 4104 Dei
3133 4064 3331 4122 perse-

1967 4136 2215 4196 verant;
2257 4128 2355 4187 sed
2411 4130 2777 4204 quia'privat
2817 4130 2988 4185 illum
3029 4128 3182 4187 dono
3212 4145 3337 4187 suae

1965 4212 2185 4288 gratim,
2233 4218 2289 4269 et
2323 4212 2613 4269 consortio
2664 4228 2781 4268 suae
2847 4216 3070 4269 naturae
3124 4233 3136 4269 :
3193 4227 3339 4286 ergo

1966 4293 2220 4368 quandiu
2251 4296 2399 4350 Deus
2427 4311 2544 4352 non
2571 4296 2956 4352 communicat
2997 4295 3334 4370 praedictam

1966 4376 2234 4450 gratiam,
2263 4374 2447 4431 adhuc
2474 4376 2686 4433 retinet
2714 4376 2910 4435 odium
2951 4393 3087 4451 erga
3132 4391 3338 4450 pecca-

1968 4463 2197 4521 torem;
2245 4459 2412 4527 atque
2456 4455 2582 4514 ideo
2629 4458 2886 4530 implicat
2924 4457 3133 4530 deponi
3180 4457 3336 4513 illud

1967 4540 2166 4598 odium
2205 4538 2463 4614 quandiu
2504 4538 2834 4613 huiusmodi
2878 4540 3067 4614 gratia
3113 4542 3336 4598 iterum

1969 4638 2085 4680 non
2110 4619 2460 4678 infunditur.
2488 4621 2635 4677 Tum
2658 4621 2854 4687 etiam,
2878 4621 3015 4693 quia
3035 4623 3182 4679 sicut
3208 4629 3336 4680 ter-

1968 4702 2164 4758 minus
2193 4701 2409 4759 amoris
2449 4702 2548 4758 Dei
2577 4707 2660 4758 est
2685 4702 2872 4775 gratia
2904 4703 2969 4758 in
2998 4701 3163 4760 nobis
3202 4720 3333 4777 pro·

1968 4781 2152 4848 ducta,
2181 4783 2260 4840 ita
2289 4783 2575 4840 terminus
2592 4782 2710 4839 odii
2736 4782 2834 4838 Dei
2862 4788 2947 4839 est
2967 4784 3202 4852 ablati0,
3227 4800 3332 4842 seu

1971 4865 2221 4938 privatio
2244 4864 2445 4939 gratiae
2469 4864 2607 4922 :sed
2634 4865 2888 4938 quandiu
2919 4883 3039 4924 non
3061 4867 3331 4926 infundi-

1971 4951 2068 5005 tur
2084 4948 2292 5023 gratia,
2345 4954 2670 5021 perseverat
2703 4949 2826 5022 ejus
2853 4948 3101 5022 privatio
3145 4974 3160 5008 ε
3193 4968 3334 5028 ergo

1969 5028 2224 5102 quandiu
2254 5023 2373 5087 non
2395 5029 2726 5086 infunditur
2751 5030 2956 5103 gratia,
3003 5039 3332 5104 perseverat

3134 5114 3332 5172 odium
