3647 5753
270 1475 324 1515 D.
329 1474 430 1516 Tho.

278 1620 411 1665 Idem.

281 3432 429 3475 Genet.

279 3578 419 3637 Tertia

272 3637 430 3679 opimo.

252 3984 440 4037 Pighius.

254 4035 436 4129 aa:

272 4135 437 4178 Funda-

258 4190 452 4230 mentum.

275 4461 436 4504 Rome.

458 406 568 463 306

460 581 747 647 peccatum
787 579 1080 637 habituale
1123 597 1240 638 non
1279 586 1362 637 est
1405 597 1566 638 mera
1595 582 1822 655 negatio

458 656 674 728 gratiae,
703 657 802 713 sed
832 660 1079 730 privatio
1103 660 1380 735 ejusdem,
1414 667 1474 717 ut
1501 659 1732 717 inducta
1750 677 1823 718 ex

457 741 582 792 actu
610 740 837 810 peccati,
887 746 942 797 et
969 741 1040 799 ab
1068 757 1136 799 eo
1164 744 1227 799 in
1251 744 1473 801 ratione
1499 743 1821 800 voluntarii

459 818 806 891 dependens.
840 822 1226 886 Quamobrem
1257 826 1385 882 licet
1411 829 1697 899 peccatum
1726 825 1825 880 ha-

461 899 678 959 bituale
724 906 1037 976 praecisive,
1089 905 1433 974 formaliter,
1482 912 1540 963 et
1578 908 1642 963 in
1672 912 1823 965 recto

460 984 754 1061 sumptum
805 1001 924 1043 non
973 988 1049 1043 sit
1100 987 1320 1060 aliquid
1381 989 1710 1062 positivum,
1760 993 1823 1044 ut

461 1071 679 1123 constat
704 1083 774 1125 ex
801 1068 999 1124 dictis:
1044 1069 1428 1125 nihilominus
1463 1070 1748 1125 terminus
1785 1086 1822 1124 a

463 1164 565 1219 quo
587 1148 1010 1221 justificationis
1038 1150 1253 1222 aliquid
1283 1152 1593 1225 positivum
1623 1152 1823 1224 impli-

463 1232 568 1295 cat,
603 1244 810 1301 nempe
849 1236 1034 1286 actum
1065 1234 1418 1302 praeteritum
1446 1247 1564 1288 non
1610 1238 1826 1288 retrac-

464 1311 664 1373 tatum,
708 1315 765 1365 et
804 1310 1102 1367 moraliter
1142 1318 1617 1383 permanentem:
1658 1316 1826 1384 atque

465 1386 593 1445 ideo
608 1388 936 1463 justificatio
965 1391 1129 1463 impii
1151 1408 1213 1448 se
1235 1392 1422 1458 habet,
1450 1398 1509 1447 ut
1545 1392 1734 1463 inquit
1753 1395 1823 1447 D.

463 1468 668 1525 Thom.
696 1471 989 1526 secundum
1014 1474 1284 1527 rationem
1311 1480 1506 1538 moluit,
1540 1471 1670 1527 licet
1698 1488 1827 1528 mo-

464 1551 554 1602 tus
578 1548 863 1621 rigorosus
889 1565 1006 1605 non
1031 1550 1123 1606 sit.
1151 1551 1306 1607 Sicut
1330 1550 1402 1607 ob
1428 1551 1670 1607 eandem
1691 1567 1826 1623 pro-

466 1630 925 1701 portionabiliter
973 1633 1254 1688 rationem
1294 1634 1555 1705 expulsio
1605 1631 1828 1689 umbrae

465 1725 567 1782 per
611 1710 921 1769 adventum
970 1713 1112 1768 lucis
1163 1718 1350 1770 motus
1394 1713 1628 1788 quidam
1673 1721 1758 1772 est
1792 1731 1827 1771 a

461 1792 750 1848 contrario
772 1794 835 1848 in
852 1793 1228 1851 contrarium.
1250 1795 1689 1868 Desumiturque
1711 1796 1829 1852 haec

464 1874 757 1944 responsio
784 1889 855 1929 ex
901 1875 1100 1931 eodem
1143 1877 1198 1931 S.
1244 1878 1394 1932 Doct.
1427 1884 1605 1948 (μυεῖ.
1637 1878 1728 1941 28,
1764 1877 1829 1930 dc

476 1953 638 2011 Verit.
683 1962 795 2014 art.
849 1958 903 2021 6,
945 1956 1043 2011 ubi
1087 1957 1208 2012 ait:
1257 1980 1281 2009 «
1324 1957 1598 2014 Absentia
1625 1958 1827 2031 gratias

469 2058 494 2087 «
522 2035 837 2092 secundum
883 2053 942 2093 se
980 2037 1336 2094 considerata
1383 2039 1554 2095 habet
1600 2045 1825 2095 tantum

467 2118 808 2174 «rationem
852 2134 1049 2190 poenae,
1096 2134 1214 2175 non
1275 2125 1465 2175 autem
1534 2122 1820 2177 rationem

469 2221 493 2250 «
523 2199 723 2271 culpae,
777 2199 890 2253 nisi
931 2199 1242 2256 secundum
1289 2200 1436 2273 quod
1478 2201 1828 2273 relinquitur

466 2300 490 2330 «
522 2294 592 2335 ex
620 2283 744 2333 actu
787 2279 1115 2335 voluntario
1139 2279 1486 2351 praecedente
1512 2301 1524 2336 :
1555 2282 1699 2337 sicut
1743 2288 1829 2338 te-

469 2379 494 2409 «
526 2356 708 2414 nebra
749 2372 865 2413 non
895 2358 1063 2413 habet
1105 2360 1388 2416 rationem
1440 2359 1676 2428 umbrae,
1712 2361 1825 2417 nisi

467 2460 491 2487 «
523 2436 837 2493 secundum
859 2437 1008 2509 quod
1039 2438 1387 2511 relinquitur
1413 2455 1483 2495 ex
1512 2441 1829 2513 interposi-

469 2519 679 2574 «tione
724 2520 979 2590 corporis
1019 2520 1197 2590 opaci.
1244 2520 1398 2575 Sicut
1437 2536 1573 2595 ergo
1613 2523 1828 2579 ablatio

469 2621 495 2651 «
527 2597 746 2654 umbrae
767 2599 1042 2670 importat
1085 2615 1202 2654 non
1229 2600 1417 2655 solum
1449 2604 1828 2659 remotionem

469 2678 789 2745 «tenebrae,
852 2679 949 2735 sed
999 2681 1375 2737 remotionem
1417 2684 1671 2755 corporis
1712 2685 1830 2739 im—

467 2781 491 2809 «
525 2758 807 2830 pedientis
874 2759 1057 2814 lucem
1086 2780 1098 2814 :
1174 2759 1253 2815 ita
1316 2761 1580 2819 remissio
1644 2764 1827 2835 culpae

467 2860 491 2890 «
525 2853 643 2895 non
710 2839 900 2896 solum
959 2840 1231 2912 importat
1296 2839 1646 2899 ablationem
1725 2843 1830 2899 ab-

467 2940 494 2972 «
526 2919 724 2976 sentiae
768 2919 986 2993 gratias,
1043 2919 1140 2975 sed
1188 2919 1536 2977 ablationem
1578 2923 1828 2995 impedi-

468 3021 493 3050 «
523 2999 707 3055 menti
745 3000 962 3073 gratiae,
1013 3000 1163 3072 quod
1191 3005 1315 3057 erat
1353 3018 1422 3058 ex
1463 3007 1587 3058 actu
1619 3004 1827 3074 peccati

470 3100 495 3130 «
527 3078 878 3150 praecedente
905 3100 917 3134 :
949 3095 1067 3136 non
1096 3086 1157 3135 ut
1181 3086 1335 3138 actus
1357 3082 1458 3138 ille
1488 3098 1603 3138 non
1633 3083 1826 3150 fuerit,

470 3183 495 3212 «
522 3159 670 3231 quod
692 3166 776 3217 est
797 3160 1153 3233 impossibile
1173 3187 1187 3229 3
1211 3162 1310 3219 sed
1335 3169 1395 3217 ut
1414 3169 1642 3237 propter
1658 3165 1829 3222 illum

467 3263 491 3292 «
525 3240 777 3297 influxus
803 3244 1002 3316 gratiae
1016 3257 1134 3299 non
1151 3243 1519 3316 impediatur.
1552 3267 1577 3297 ιι
1599 3249 1828 3304 Cretera

464 3322 632 3396 hujus
665 3324 955 3396 opinionis
1000 3325 1214 3382 motiva
1252 3323 1555 3382 videantur
1584 3327 1694 3382 loco
1730 3331 1826 3384 cit.

465 3403 593 3459 dab.
622 3405 675 3470 3,
706 3423 742 3460 a
763 3423 913 3461 num.
946 3408 1038 3471 76,
1083 3411 1137 3462 et
1165 3405 1313 3479 apud
1337 3410 1535 3464 Gonet.
1571 3415 1731 3466 tract.
1764 3409 1830 3465 de

467 3487 715 3556 peccatiS,
740 3486 882 3557 disp.
906 3490 962 3550 7,
994 3493 1103 3542 art.
1130 3489 1183 3552 5,
1210 3490 1242 3555 ξ
1263 3488 1318 3543 6.

545 3566 564 3620 l
585 3567 630 3620 l.
656 3566 850 3622 Tertia
871 3567 1155 3623 sententia
1167 3566 1642 3638 docet,peccatum
1658 3568 1830 3643 origi-

464 3646 597 3703 nale
611 3662 732 3703 esse
754 3652 1042 3720 peccatum
1067 3650 1284 3705 actuale
1310 3647 1715 3722 Adami,pront
1734 3667 1831 3706 ex·

463 3727 707 3784 trinsece
760 3729 1029 3800 parvulos
1077 3735 1393 3801 peccatores
1443 3728 1828 3787 denominat:

466 3808 619 3865 unde
644 3815 1055 3882 consequenter
1075 3812 1298 3876 asserit,
1332 3815 1618 3882 peccatum
1646 3812 1831 3886 origi-

466 3891 597 3945 nale
619 3906 736 3946 non
759 3891 925 3945 multi
936 3891 1258 3963 plicari,sed
1285 3908 1480 3958 unum,
1506 3896 1563 3949 et
1589 3890 1741 3948 idem
1767 3894 1831 3949 in

466 3970 736 4028 omnibus
776 3974 1035 4044 parvulis
1074 3987 1215 4030 esse.
1247 3976 1328 4029 lta
1351 3975 1607 4048 Pighius,
1640 3980 1695 4030 et
1722 3979 1831 4031 Ca-

465 4052 752 4117 tharinuS,
800 4069 940 4125 quos
996 4054 1255 4124 sequitur
1293 4056 1613 4111 Salmeron.
1670 4072 1833 4128 super

465 4137 622 4208 epist.
651 4135 726 4189 ad
747 4134 904 4191 Rom.
933 4151 1054 4206 cap.
1099 4136 1153 4199 5,
1183 4135 1325 4209 disp.
1351 4138 1442 4204 45,
1466 4154 1591 4192 cum
1616 4137 1831 4193 duabus

465 4223 699 4289 sequent.
750 4214 911 4270 Nihil
958 4218 1148 4270 autem
1189 4218 1436 4273 occurrit
1461 4217 1525 4272 in
1573 4216 1832 4275 favorem

467 4294 635 4368 hujus
665 4295 960 4352 sententiae
999 4296 1191 4366 (quam
1231 4296 1617 4354 communiter
1644 4298 1833 4355 Theo-

469 4378 583 4450 logi
613 4382 674 4432 ut
703 4377 1099 4449 periculosam,
1133 4383 1186 4434 et
1207 4391 1513 4435 erroneam
1543 4380 1832 4454 rejiciunt)

472 4456 586 4511 nisi
611 4457 1005 4513 testimonium
1028 4457 1197 4514 Pauli
1222 4459 1298 4513 ad
1323 4459 1479 4516 Ilom.
1511 4460 1561 4519 5.
1588 4458 1685 4515 ubi
1727 4461 1828 4517 ait:

472 4534 574 4590 Per
601 4537 1019 4595 inobedientiam
1038 4541 1208 4594 unius
1225 4547 1526 4612 peccatores
1551 4544 1834 4598 constituti

468 4626 595 4674 sunt
621 4620 804 4676 miolti.
834 4621 1114 4678 Constitui
1154 4621 1312 4677 enim
1344 4637 1443 4693 per
1471 4623 1709 4697 aliquid,
1748 4624 1833 4680 si-

466 4697 697 4772 gnificat
742 4717 971 4758 causam
1025 4701 1367 4759 formalem:
1428 4718 1564 4777 ergo
1620 4704 1832 4762 Adami

467 4785 756 4851 peccatum
803 4780 1143 4838 denominat
1186 4784 1455 4854 parvulos
1491 4791 1827 4857 peccatores,

469 4863 635 4930 atque
686 4859 814 4916 ideo
860 4862 920 4916 in
981 4860 1247 4934 praedicto
1301 4868 1522 4933 peccato
1567 4864 1836 4964 consistet
1876 4877 1885 4886 ·

468 4938 791 4994 formaliter
831 4946 1119 5010 peccatum
1142 4941 1447 5014 originale.

547 5019 661 5074 Hoc
687 5024 880 5076 tamen
905 5020 1070 5079 facile
1095 5022 1453 5095 dispellitur;
1484 5039 1620 5079 nam
1649 5029 1835 5097 Apos-

1402 412 1494 465 DE
1532 413 1562 464 J
1568 412 2065 467 USTIFICATION
2071 412 2116 467 E
2156 413 2362 470 IMPII.

1956 584 2105 640 tolus
2137 600 2254 641 non
2284 589 2519 656 usurpat
2548 586 2605 657 ly
2628 601 2744 657 per,
2777 583 2840 638 in
2860 598 3028 639 sensu
3052 579 3295 661 formali,
3315 596 3482 638 nlmitm.

1955 663 2053 720 sed
2082 664 2144 718 in
2170 678 2341 719 sensu
2367 664 2613 720 causali:
2644 662 2931 737 significat
2969 662 3145 725 enim,
3179 674 3305 731 pec·

1957 747 2147 797 catum
2175 741 2378 798 Adami
2403 743 2577 799 fuisse
2595 757 2824 798 causam
2852 741 3104 798 effective
3123 737 3308 795 tradu-

1956 830 2179 881 centem
2227 829 2514 897 peccatum
2560 826 2861 899 originale,
2931 823 3054 879 sive
3112 819 3308 894 gratiae

1959 907 2346 979 privationem
2375 907 2446 964 ad
2475 908 2762 979 parvulos.
2808 905 2970 971 Quod
3017 903 3314 961 manifeste

1961 987 2138 1058 liquet
2157 1002 2228 1043 ex
2255 987 2327 1042 iis
2347 1004 2472 1060 quae
2492 986 2826 1044 immediate
2851 985 3064 1041 Paulus
3088 982 3314 1057 subjun-

1958 1068 2041 1142 git
2066 1089 2078 1123 ε
2102 1069 2261 1125 Sicut
2278 1086 2377 1143 per
2397 1068 2814 1123 inobedientiam
2835 1070 3003 1122 unias
3016 1072 3316 1138 peccatores
3367 1085 3462 1128 men

1958 1151 2240 1204 constituti
2254 1155 2381 1204 sum
2401 1149 2585 1215 multi,
2604 1150 2684 1203 ita
2705 1155 2754 1203 et
2769 1165 2870 1219 per
2891 1149 3056 1203 unias
3070 1145 3317 1200 obedien-

1961 1231 2099 1283 tiam
2111 1230 2254 1300 justi
2274 1232 2683 1286 constituuntur
2702 1229 2881 1284 multi.
2909 1230 3141 1284 Constat
3160 1225 3316 1281 enim

1956 1309 2138 1380 justos
2163 1323 2305 1375 esse,
2328 1308 2509 1365 etdici
2527 1307 2850 1365 formaliter
2867 1307 3007 1363 tales
3028 1321 3060 1361 a
3076 1305 3316 1379 justitia,

1960 1389 2083 1445 sive
2108 1405 2141 1445 a
2165 1389 2350 1464 gratia
2393 1389 2502 1446 sibi
2547 1390 2885 1453 inhaerente,
2931 1403 3049 1444 non
3089 1402 3227 1455 itero
3254 1385 3321 1441 ab

1961 1469 2287 1527 obedientia
2309 1470 2521 1526 Christi
2544 1470 2775 1527 Domini
2797 1493 2811 1536 ;
2837 1469 2952 1525 haec
2977 1468 3186 1541 quippe
3209 1483 3321 1523 non

1961 1549 2276 1606 sanctificat
2328 1567 2433 1607 nos
2492 1551 2831 1616 formaliter,
2899 1549 2996 1605 sed
3041 1549 3318 1610 effective,

1960 1636 2240 1702 quatenus
2267 1631 2375 1687 fuit
2413 1647 2582 1688 causa
2602 1631 2906 1688 meritoria
2934 1634 3140 1686 nostra:
3165 1629 3323 1685 salu-

1961 1710 2054 1777 tis,
2089 1714 2148 1765 ut
2172 1710 2332 1767 docet
2373 1710 2631 1768 Trident.
2663 1728 2792 1767 sesS.
2839 1712 2895 1777 6,
2946 1727 3069 1765 can.
3120 1712 3207 1775 10,
3238 1708 3511 1764 hisrridem.

1964 1788 2190 1846 verbis:
2219 1791 2431 1866 Siquis
2449 1792 2676 1857 dixerit,
2702 1792 2946 1847 homines
2970 1792 3084 1845 sive.
3112 1788 3325 1846 Christi

1955 1873 2198 1942 justitia,
2244 1890 2343 1944 per
2382 1890 2549 1945 quam
2578 1874 2732 1928 nobis
2757 1875 2974 1938 meruit,
2996 1870 3325 1944 justificari,

1963 1958 2061 2006 aut
2096 1969 2195 2023 per
2230 1970 2352 2006 eam
2403 1956 2582 2025 ips-am
2626 1954 2939 2026 formaliter
2973 1955 3154 2022 justos
3199 1968 3325 2014 esse,

1963 2033 2263 2094 anathema
2288 2036 2378 2088 sit.
2412 2032 2568 2089 Idem
2591 2049 2726 2106 ergo
2757 2030 3328 2105 proportionabiliter

1964 2110 2034 2166 de
2060 2112 2447 2169 inobedientia
2474 2112 2700 2177 Adami,
2726 2117 2783 2169 et
2810 2112 2880 2168 de
2911 2117 3129 2184 peccato
3146 2111 3324 2185 origi-

1965 2193 2086 2248 nali
2133 2191 2436 2249 dicendum
2476 2199 2580 2259 est,
2610 2208 2741 2248 cum
2771 2192 2950 2248 verba
2979 2192 3232 2264 Apostoli
3263 2191 3325 2246 in
3532 2166 3542 2351 4

1965 2278 2205 2344 utraque
2235 2273 2621 2345 propositione
2657 2272 2819 2344 paria
2847 2273 2982 2338 sint,
3033 2276 3087 2327 et
3113 2271 3332 2326 simili-

1966 2351 2224 2409 tudinem
2250 2354 2401 2409 inter
2429 2351 2817 2410 obedientiam
2847 2352 3080 2417 Christi,
3110 2357 3169 2407 et
3197 2352 3328 2407 ino·

1965 2431 2315 2488 bedientiam
2344 2432 2550 2488 Adami
2590 2431 2847 2489 doceant.

2009 2515 2091 2571 12.
2100 2517 2312 2578 Quarta
2332 2514 2616 2570 sententia
2631 2513 2884 2570 concedit
2903 2514 3331 2586 peccatumbri-
3369 2523 3491 2580 Quam.

1963 2593 2155 2667 ginale
2174 2595 2484 2651 consistere
2513 2596 2573 2650 in
2604 2595 2733 2666 priv
2737 2595 2929 2650 atione
2951 2594 3192 2667 justitiae
3218 2595 3333 2650 ori·
3360 2583 3482 2626 ΨΜ

1964 2674 2209 2747 ginalis3
2247 2676 2448 2732 asserit
2489 2681 2682 2732 tamen
2725 2681 3010 2747 peccatum
3038 2675 3334 2732 habituale

1968 2756 2265 2827 personale
2329 2772 2445 2812 non
2503 2756 2813 2812 consistere
2876 2756 2937 2810 in
3005 2756 3334 2828 privatione

1966 2836 2186 2910 gratiae,
2218 2835 2314 2893 sed
2343 2836 2405 2893 in
2434 2841 2555 2893 actu
2597 2835 2884 2909 praeterito
2915 2836 3329 2910 peccaminoSO,

1966 2914 2113 2988 quod
2175 2918 2305 2974 licet
2365 2917 2596 2991 physice
2648 2918 2965 2984 transierit,
3027 2919 3335 2975 moraliter

1966 3004 2159 3054 tamen
2190 3004 2514 3071 perseverat
2537 2998 2791 3071 quandiu
2822 3015 2937 3056 non
2968 3005 3330 3066 retractatur,

1968 3080 2059 3135 vel
2096 3079 2472 3137 condonatur.
2526 3082 2608 3135 lta
2650 3081 2910 3136 sentiunt
2950 3083 3463 3153 vasq..1,2,va.<q

1964 3162 2109 3234 αισι».
2143 3164 2262 3228 139,
2295 3180 2415 3236 cap.
2444 3165 2502 3229 5,
2534 3163 2693 3218 salas
2719 3170 2909 3238 quast.
2938 3164 3028 3228 86,
3059 3164 3206 3235 disp.
3247 3166 3331 3227 14,
3371 3108 3477 3244 {²3}

1965 3251 2093 3300 sect.
2134 3247 2189 3309 4,
2223 3246 2376 3319 Lugo
2416 3246 2480 3300 de
2516 3247 2792 3318 poenitent.
2836 3245 2975 3338 disp.
3018 3249 3073 3310 7,
3115 3254 3246 3301 sect.
3279 3248 3333 3310 5,

1965 3329 2022 3380 et
2049 3323 2151 3380 alii
2177 3326 2205 3377 J
2216 3340 2467 3388 umores,
2503 3325 2784 3382 Probatur
2810 3328 3008 3397 primo,
3038 3326 3179 3398 quia
3208 3342 3337 3398 pec-
3366 3341 3486 3386 not«

1965 3411 2154 3461 catum
2208 3405 2515 3472 habituale,
2568 3423 2623 3463 v.
2668 3424 2723 3481 g.
2764 3407 2920 3475 furti,
2965 3414 3049 3464 est
3075 3409 3336 3481 ejusdem

1969 3485 2211 3541 rationis
2236 3485 2298 3540 in
2325 3492 2475 3542 statu
2501 3493 2723 3544 naturae
2746 3489 2995 3552 elevatae,
3021 3488 3164 3543 etin
3186 3494 3334 3543 statu

1968 3572 2189 3623 naturae
2227 3566 2471 3624 conditae
2517 3571 2580 3625 in
2628 3571 2824 3642 puris:
2865 3569 3053 3625 sedin
3078 3584 3147 3626 eo
3190 3576 3337 3626 statu

1968 3662 2088 3704 non
2109 3648 2445 3705 consisteret
2461 3649 2523 3704 in
2542 3650 2866 3720 privatione
2885 3649 3103 3723 gratias,
3127 3651 3343 3721 quippe

1966 3745 2092 3800 quae
2114 3734 2248 3784 tunc
2277 3743 2381 3785 nec
2406 3736 2570 3796 esset,
2605 3746 2707 3787 nec
2747 3730 3084 3796 deberetur:
3115 3731 3340 3786 consis-

1970 3812 2113 3864 teret
2139 3813 2330 3864 autem
2379 3809 2444 3864 in
2492 3816 2711 3882 peccato
2760 3811 3053 3882 praeterito
3093 3825 3217 3866 non
3249 3826 3341 3866 re·

1965 3894 2205 3946 tractato
2233 3891 2534 3948 moraliter
2571 3892 2934 3963 permanenti
2961 3915 2973 3958 ;
3015 3908 3145 3949 cum
3176 3894 3341 3949 nulla

1967 3970 2083 4026 alia
2105 3970 2314 4033 forma,
2341 3973 2622 4044 autquasi
2648 3972 2837 4027 forma
2861 3988 3212 4044 permanens
3239 3989 3342 4046 pro

1966 4067 2034 4108 eo
2086 4057 2235 4107 statu
2273 4053 2583 4127 excogitari
2626 4053 2834 4125 possit:
2876 4070 3013 4128 crgo
3061 4054 3220 4110 idem
3278 4057 3340 4110 in

1971 4132 2235 4205 praesenti
2262 4136 2411 4188 statu
2440 4131 2747 4191 dicendum
2776 4140 2877 4190 est.
2903 4133 3169 4203 Secundo,
3203 4136 3341 4209 quia

1967 4212 2038 4269 de
2081 4213 2328 4270 essentia
2373 4215 2581 4285 peccati
2622 4214 2872 4270 venialis
2899 4212 3214 4271 habitualis
3256 4222 3341 4273 est

1970 4300 2193 4351 tantum
2225 4309 2494 4366 peccasse,
2526 4301 2582 4352 et
2622 4311 2739 4352 non
2771 4302 3100 4354 retractasse
3136 4312 3339 4369 peeca-

1969 4384 2093 4434 tum
2123 4398 2136 4433 :
2165 4394 2301 4452 ergo
2328 4377 2480 4433 idem
2509 4377 2619 4433 dici
2642 4376 2811 4434 debet
2836 4376 2905 4434 de
2931 4384 3151 4450 peccato
3174 4373 3340 4436 mor-

1968 4459 2070 4515 tali
2117 4456 2418 4514 habituali.
2478 4456 2673 4526 Terti0,
2724 4458 2859 4528 quia
2905 4459 3154 4516 intentio
3189 4475 3251 4513 v·
3281 4476 3336 4533 g.

1968 4536 2339 4596 consecrandi
2371 4538 2601 4612 physice
2624 4541 2932 4610 praeterita‚
2958 4544 3014 4595 et
3036 4539 3339 4596 moraliter

1964 4620 2042 4678 ob
2068 4636 2186 4678 non
2215 4621 2674 4677 retractationem
2707 4637 3080 4693 perseverans
3106 4621 3333 4690 sufficit,

1970 4708 2032 4760 ut
2051 4703 2224 4760 homo
2238 4702 2464 4758 dicatur
2477 4717 2600 4759 esse
2616 4701 2984 4759 habitualiter
3002 4702 3333 4768 intendenS,

1968 4786 2094 4841 sive
2115 4798 2463 4857 permanens
2483 4783 2544 4838 in
2567 4783 2890 4839 intentione
2917 4803 2929 4838 :
2961 4798 3097 4858 ergo
3118 4785 3339 4857 pariter

1970 4872 2260 4940 peccatum
2307 4867 2528 4922 actuale
2573 4864 2803 4938 physice
2850 4868 3233 4938 praeteritum,
3283 4871 3338 4923 et

1970 4950 2272 5006 moraliter
2313 4963 2703 5022 perseverans,
2754 4948 3007 5016 sufficiet,
3060 4955 3119 5004 ut
3158 4949 3339 5007 homo

1970 5030 2193 5088 dicatur
2232 5027 2602 5086 habitualiter
2643 5033 2917 5100 peccator,
2951 5030 3073 5086 sive
3101 5044 3338 5101 perma-

3188 5119 3338 5162 nens
