3647 5753
304 2128 443 2169 'serua

297 2184 462 2231 respon·

305 2234 369 2266 sio
381 2235 433 2267 ex

297 2276 453 2317 Sunt-ic.

301 4943 462 4993 inpug-

308 4997 438 5032 natur.

494 391 605 445 376
1428 385 1521 439 DE
1559 382 2140 437 JUSTIFICATIONE
2181 384 2385 438 lMPII.

497 587 522 615 a
553 562 611 618 id
640 566 832 618 tamen
873 561 935 615 in
977 559 1082 615 hac
1121 559 1288 632 impii
1318 556 1726 631 justificatione
1764 555 1849 622 fit,

498 668 521 695 «
553 642 692 698 dum
713 640 967 715 ejusdem
990 640 1367 696 sanctissimae
1401 638 1683 711 passionis
1725 652 1853 695 me-

496 747 518 773 «
553 723 665 779 rito
705 739 807 796 per
847 721 1128 796 Spiritum
1174 725 1434 777 sanctum
1472 720 1724 776 charitas
1752 719 1852 776 Dei

499 827 522 856 «ι
551 802 898 860 diffunditur
927 804 989 858 in
1014 800 1281 859 cordibus
1301 816 1525 866 eorum,
1557 800 1656 874 qui
1678 800 1854 874 justi-

495 910 519 937 «
553 884 818 951 ficantur,
843 889 1011 957 atque
1030 882 1094 938 in
1122 882 1262 955 ipsis
1284 882 1544 947 inhaeret,
1576 886 1682 938 etc.
1711 904 1735 933 n
1769 883 1853 936 Ex

491 964 699 1039 quibus
719 964 917 1035 liquet,
947 960 1097 1035 quod
1120 962 1249 1018 licet
1269 959 1340 1017 ad
1361 961 1484 1028 hoc,
1508 966 1572 1016 ut
1600 966 1854 1033 peccator

493 1045 593 1102 fiat
614 1046 820 1118 justuS,
863 1049 920 1100 et
961 1049 1374 1116 consequenter
1411 1057 1444 1098 a
1483 1040 1723 1114 peccatis
1748 1057 1854 1098 ex-

496 1130 788 1200 purgetur,
832 1129 994 1197 egeat
1021 1124 1219 1180 favore
1246 1123 1364 1186 Dei,
1396 1127 1451 1178 et
1478 1122 1687 1179 merito
1721 1138 1853 1195 pas-

490 1206 672 1263 sionis
698 1205 910 1260 Christi
959 1202 1191 1261 Domini
1223 1230 1236 1268 ,-
1264 1207 1459 1259 tamen
1485 1201 1578 1257 hic
1605 1200 1769 1258 favor
1787 1203 1852 1258 in

493 1288 615 1358 ipsa
645 1285 843 1358 gratiae
886 1282 1410 1340 communicatione
1438 1280 1764 1349 imbibitur,
1796 1287 1852 1339 et

493 1368 562 1424 ab
588 1383 656 1424 ea
697 1367 1021 1424 formaliter
1068 1365 1448 1437 importatur;
1499 1364 1652 1419 hunc
1688 1363 1861 1420 enim·

492 1448 797 1505 formalem
818 1461 1050 1502 sensum
1071 1445 1427 1517 exprimunt,
1460 1448 1516 1501 et
1543 1442 1854 1500 intendunt

492 1527 666 1584 verba
686 1526 927 1584 Concilii
949 1548 963 1593 ;
987 1532 1043 1582 et
1073 1540 1190 1582 non
1218 1540 1441 1581 meram
1468 1524 1854 1583 concomitan-

491 1608 632 1664 tiam
679 1607 974 1680 temporis,
1021 1606 1114 1662 vel
1173 1605 1534 1662 identitatem
1591 1603 1847 1678 subjecti.

491 1690 723 1747 Relictis
765 1705 901 1763 ergo
941 1688 1051 1756 his,
1083 1693 1139 1744 et
1179 1688 1312 1744 aliis
1361 1686 1848 1759 responsionibus,

490 1786 614 1842 quae
638 1771 778 1827 satis
803 1769 1050 1826 demisse
1074 1768 1146 1825 de
1173 1767 1363 1826 forma
1391 1768 1704 1825 intrinseca
1726 1768 1854 1841 jus-

491 1851 745 1909 tificante
771 1852 1104 1923 loquuntur,
1129 1854 1184 1907 et
1211 1851 1501 1907 minorem
1532 1850 1853 1925 probabili-

491 1935 624 1991 tatis
667 1934 913 2007 speciem
944 1938 1066 2007 post
1094 1934 1416 1992 Concilium
1440 1934 1852 1992 Tridentinum

493 2011 704 2070 habere
725 2013 1016 2070 videntur.

577 2097 694 2153 112.
727 2097 921 2153 Tertio
946 2097 1196 2153 occurrit
1224 2098 1437 2154 rationi
1471 2102 1683 2153 nostrae
1706 2097 1854 2152 Sua-

496 2177 617 2232 rius
654 2176 1013 2236 concedendo
1036 2178 1285 2253 gratiam
1316 2177 1526 2235 habere
1551 2193 1623 2234 ex
1645 2181 1853 2233 natura

493 2273 594 2314 sua
622 2258 1039 2331 oppositionem
1067 2275 1196 2315 cum
1226 2263 1468 2332 peccato,
1511 2264 1567 2316 et
1592 2273 1717 2330 quae
1743 2274 1854 2315 na-

493 2339 774 2405 turaliter,
799 2343 855 2395 et
881 2338 1091 2411 absque
1115 2340 1351 2411 speciali
1374 2340 1656 2396 miraculo
1680 2354 1854 2411 supe-

493 2419 613 2474 rari
667 2434 784 2475 non
815 2420 1027 2490 possit;
1076 2425 1132 2477 et
1176 2425 1585 2494 consequenter
1626 2420 1848 2486 asserit,

489 2498 919 2555 coexistentiam
941 2500 1162 2573 gratim,
1193 2506 1248 2557 et
1270 2502 1479 2574 peceati
1506 2504 1700 2573 (quam
1725 2514 1855 2556 cen·

488 2584 571 2635 set
601 2594 718 2636 non
746 2579 1067 2651 implicare)
1093 2580 1216 2637 fore
1238 2582 1855 2655 miraculosam.Negat

487 2666 683 2716 tamen
713 2658 849 2714 hinc
874 2661 1054 2732 sequi,
1085 2660 1236 2733 quod
1264 2665 1411 2719 Deus
1431 2662 1506 2716 sit
1526 2677 1695 2717 causa
1722 2676 1853 2733 pec-

487 2740 615 2805 cati,
662 2740 752 2795 vel
791 2741 1249 2798 conservationis
1278 2740 1457 2806 illius,
1493 2742 1583 2797 vel
1613 2740 1854 2816 alterius

496 2820 831 2879 indecentiae
858 2823 965 2896 ipsi
997 2822 1369 2897 repugnantis
1394 2845 1408 2890 ;
1437 2822 1573 2895 quia
1602 2821 1673 2880 ad
1701 2837 1854 2896 pras-

491 2904 706 2960 ‹lictum
733 2903 1084 2960 miraculum
1107 2903 1403 2971 sufficeret,
1436 2907 1616 2961 Deum
1643 2919 1714 2961 ex
1737 2919 1852 2960 una

491 2991 653 3061 parte
681 2991 967 3057 peccatum
997 2986 1348 3058 permittere,
1390 2992 1448 3043 et
1476 3002 1547 3043 ex
1575 2986 1691 3043 alia
1716 3001 1853 3060 gra-

492 3068 634 3123 tiam
659 3065 986 3132 infundere,
1019 3064 1281 3123 habendo
1318 3082 1380 3124 se
1418 3067 1760 3141 permissive
1781 3065 1852 3123 ad

494 3153 801 3221 peccatum,
846 3152 901 3204 et
954 3146 1255 3214 influxive,
1300 3155 1467 3221 atque
1498 3149 1754 3207 effective
1781 3146 1854 3204 ad

493 3228 759 3300 gratiam.
787 3229 851 3282 In
865 3243 977 3300 quo
999 3227 1227 3284 nullum
1251 3228 1566 3285 absurdum
1590 3232 1850 3303 apparet3

493 3309 562 3365 de
591 3308 734 3364 facto
772 3306 932 3363 enirn
974 3308 1256 3379 permittit
1298 3314 1605 3382 peccatum,
1650 3307 1854 3381 eteius

492 3387 1009 3446 conservationem.
1053 3387 1207 3444 Sicut
1244 3390 1401 3446 calor
1443 3395 1502 3446 ut
1540 3404 1659 3456 sex,
1691 3405 1749 3446 v.
1793 3404 1850 3462 g.

491 3470 741 3528 excludit
761 3485 832 3526 ex
851 3475 1058 3527 natura
1079 3486 1183 3527 sua
1199 3471 1578 3546 frigiditatem
1607 3476 1669 3528 ut
1687 3472 1856 3545 quin-

491 3567 618 3624 que,
642 3556 700 3608 et
721 3551 1069 3606 miraculum
1099 3550 1245 3608 foret
1271 3557 1576 3625 utramque
1601 3551 1855 3624 qualita-

493 3641 607 3690 tem
628 3648 758 3688 cum
787 3631 912 3686 illis
933 3631 1278 3688 intensionis
1297 3631 1570 3706 gradibus
1591 3632 1767 3689 simul
1791 3631 1855 3687 in

495 3711 695 3768 eodem
734 3710 985 3785 subjecto
1005 3726 1381 3769 conservare:
1423 3717 1478 3769 et
1506 3719 1700 3769 tamen
1720 3712 1856 3785 quia

496 3792 781 3868 frigiditas
809 3794 1007 3866 nequit
1026 3793 1265 3862 destrui,
1292 3795 1432 3867 quin
1456 3797 1603 3851 Deus
1623 3809 1857 3867 suspen-

493 3873 589 3929 dat
627 3889 965 3931 concursum
1005 3875 1129 3950 ejus
1169 3877 1653 3940 conservativum,
1684 3888 1856 3948 quem

495 3958 643 4012 Deus
672 3954 853 4012 libere
890 3955 1131 4021 confert,
1163 3957 1255 4012 vel
1304 3961 1510 4030 negat;
1555 3961 1856 4028 propterea

494 4040 617 4108 post
676 4034 1158 4093 introductionem
1208 4037 1419 4093 caloris
1478 4042 1658 4109 potest
1709 4038 1857 4093 Deus

492 4131 835 4174 conservare
858 4116 1255 4192 frigiditatem,
1282 4116 1547 4175 videlicet
1574 4134 1693 4174 non
1726 4133 1857 4173 sus-

493 4196 794 4271 pendendo
813 4214 1155 4255 concursum
1182 4199 1646 4256 conservativum
1670 4198 1851 4255 illius.

493 4279 584 4335 Sic
607 4278 904 4352 ergo,quia
933 4284 1219 4351 peccatum
1241 4282 1614 4336 conservatur
1638 4279 1857 4351 depen-

494 4358 697 4415 denter
736 4374 768 4414 a
816 4359 1457 4442 permissioneqdivina,
1500 4374 1673 4432 quam
1709 4362 1858 4417 Deus

494 4443 620 4510 post
646 4438 999 4496 infusionem
1025 4439 1225 4513 gratim
1260 4456 1376 4497 non
1416 4439 1703 4514 obligatur
1727 4456 1858 4497 sus-

497 4516 784 4591 pendere;
826 4518 1037 4577 idcirco
1083 4519 1210 4578 fieri
1255 4521 1537 4578 divinitus
1583 4523 1751 4589 valet,
1794 4527 1860 4577 ut

497 4603 621 4671 post
644 4599 892 4674 gratiam
921 4600 1173 4657 infusam
1197 4608 1520 4674 perseveret
1549 4607 1854 4676 peccatum,

492 4682 634 4753 quin
661 4683 784 4757 ejus
821 4698 962 4751 esse,
1007 4685 1099 4742 vel
1145 4686 1474 4742 conservari
1516 4684 1860 4744 refundatur

495 4761 558 4818 in
587 4764 768 4820 Deum
809 4769 1082 4836 tanquam
1113 4765 1175 4820 in
1200 4779 1451 4834 eausam,
1496 4765 1595 4824 sed
1631 4771 1858 4824 tantum

493 4848 557 4898 ut
591 4844 931 4916 permissive
955 4861 1016 4903 se
1043 4844 1370 4903 habentem.

568 4923 676 4981 Sed
719 4924 827 4981 ista
873 4926 1169 4999 responsio
1213 4941 1332 4985 non
1371 4927 1647 4985 satisfacit
1684 4943 1859 5004 argu-

497 5011 712 5076 mento,
752 5012 811 5064 et
859 5009 1147 5067 refellitur
1189 5025 1260 5067 ex
1298 5009 1515 5068 eisdem
1560 5011 1861 5084 principiis

1987 556 2262 613 hactenus
2288 558 2555 630 expensis
2576 580 2589 622 ς
2613 554 2886 628 quoniam
2914 553 3093 607 Deum
3118 550 3350 621 permit·

1987 639 2108 692 tere
2161 642 2447 709 peccatum
2494 636 2785 693 habituale
2836 632 2985 688 nihil
3037 628 3195 687 aliud
3239 634 3343 694 est,

1985 731 2159 788 quam
2201 726 2319 775 non
2340 717 2604 775 conferre
2638 716 2887 772 formam
2914 728 2984 770 ex
3013 716 3221 767 natura
3247 724 3350 765 sua

1985 795 2397 854 destructivam
2425 799 2587 854 illius
2614 817 2627 852 ε
2656 796 2800 853 sicut
2818 797 2997 851 Deum
3022 790 3353 864 permittere

1987 883 2277 949 peccatum
2300 880 2537 944 actuale,
2566 876 2717 933 nihil
2740 874 2896 932 aliud
2917 878 3020 939 est,
3037 886 3209 945 quam
3231 885 3349 927 non

1983 957 2247 1014 conferre
2283 959 2572 1015 auxilium
2598 956 2815 1021 efficax,
2840 970 2952 1027 quo
2976 952 3157 1026 posito
3178 952 3351 1008 homo

1985 1054 2103 1096 non
2127 1046 2380 1113 peccaret
2405 1062 2420 1096 :
2447 1045 2503 1097 et
2525 1042 2703 1095 Deum
2730 1036 3061 1111 permittere
3085 1031 3352 1091 tenebras

1986 1120 2048 1176 in
2089 1137 2221 1180 aere
2261 1123 2414 1179 nihil
2464 1121 2622 1178 aliud
2668 1126 2771 1185 est,
2814 1135 2987 1193 quam
3024 1120 3203 1174 Deum
3232 1130 3349 1172 non

1984 1204 2417 1261 communicare
2439 1203 2562 1261 aeri
2587 1202 2932 1274 lucem,quae
2954 1196 3220 1256 tenebras
3239 1195 3351 1251 dis·

1987 1284 2221 1356 pelleret
2247 1307 2260 1341 :
2305 1285 2460 1358 atqui
2483 1284 2669 1358 gratia
2697 1281 3007 1339 habitualis
3032 1285 3118 1337 est
3141 1294 3214 1337 ex
3241 1293 3351 1334 na-

1985 1370 2117 1420 tura
2155 1380 2259 1422 sua
2288 1364 2478 1421 forma
2498 1363 2845 1419 destructiva
2888 1360 3116 1434 peccati,
3151 1364 3211 1414 ut
3239 1359 3352 1414 hu·

1984 1461 2194 1519 cusque
2238 1445 2616 1511 ostendimus,
2666 1450 2723 1501 et
2768 1445 3006 1500 Suarius
3050 1440 3348 1498 admittit:

1983 1540 2121 1601 ergo
2138 1542 2268 1583 cum
2299 1530 2447 1584 Deus
2483 1526 2709 1582 confert
2737 1525 2961 1583 homini
2990 1524 3259 1598 gratiam,
3284 1536 3353 1578 eo

1986 1609 2110 1682 ipso
2149 1625 2267 1666 non
2311 1609 2594 1682 permittit
2640 1612 2951 1681 peccatum,
3008 1610 3174 1676 atque
3220 1604 3355 1660 ideo

1987 1694 2275 1761 peccatum
2302 1690 2498 1746 statim
2542 1695 2737 1749 cessat.
2789 1688 2945 1743 Sicut
2984 1685 3046 1740 in
3066 1684 3356 1756 exemplis

1986 1769 2262 1838 adductis,
2290 1772 2472 1844 posita
2495 1771 2638 1837 luce,
2662 1772 2839 1827 cessat
2862 1766 3165 1841 permissio
3185 1771 3355 1823 tene-

1986 1849 2242 1919 brarum,
2280 1858 2336 1908 et
2364 1852 2547 1924 posito
2574 1849 2796 1906 auxilio
2821 1847 3028 1905 efficaci
3058 1845 3127 1903 ad
3156 1845 3355 1901 vitan-

1984 1931 2124 1988 dum
2147 1937 2435 2005 peccatum
2459 1933 2697 1997 actuale,
2726 1945 2843 1987 non
2868 1928 3026 1986 adest
3047 1925 3358 2001 permissio

1987 2012 2275 2087 peccandi,
2327 2030 2430 2071 nec
2473 2015 2734 2086 sequitur
2766 2016 3075 2085 peccatum.
3110 2008 3278 2065 Unde
3302 2010 3353 2064 si

1987 2096 2049 2151 in
2071 2096 2341 2169 praedicta
2368 2096 2669 2170 hypothesi
2699 2093 2883 2151 adhuc
2909 2095 3355 2149 conservaretur

1987 2183 2275 2250 peccatum
2304 2178 2615 2248 habituale,
2651 2192 2832 2232 unum
2858 2190 2891 2232 e
2911 2172 3132 2231 duobus
3151 2186 3353 2228 neces·

1985 2261 2140 2318 sario
2160 2259 2394 2318 deberet
2412 2259 2545 2325 dici,
2574 2274 2783 2331 nempe
2804 2257 2893 2315 vel
2914 2256 3160 2330 gratiam
3182 2270 3215 2310 a
3233 2254 3351 2310 Deo

1985 2342 2253 2399 collatam
2299 2357 2417 2399 non
2468 2356 2592 2399 esse
2633 2356 2706 2398 ex
2750 2356 2810 2397 se
2854 2338 3226 2395 sufficientem
3274 2334 3350 2391 ad

1984 2420 2400 2478 destruendum
2429 2426 2756 2495 peecatum;
2800 2420 2892 2476 vel
2939 2422 3118 2477 Deum
3167 2414 3352 2489 posita

1984 2502 2090 2557 tali
2136 2502 2342 2576 gratia,
2393 2517 2511 2559 non
2555 2517 2618 2559 se
2664 2500 2877 2557 habere
2921 2499 2994 2555 ad
3034 2497 3177 2555 illud
3208 2511 3354 2569 pure

1986 2584 2345 2656 permissive,
2376 2582 2475 2639 sed
2516 2583 2777 2655 positive,
2808 2588 2865 2639 et
2902 2581 3176 2647 effective,
3209 2594 3353 2636 con-

1984 2664 2268 2722 servando
2320 2666 2509 2737 ipsum
2548 2668 2746 2721 contra
2788 2669 3058 2719 naturam
3102 2661 3350 2735 gratiae;

1984 2743 2132 2816 quod
2158 2751 2241 2800 est
2268 2745 2511 2801 omnino
2552 2743 2781 2799 falsum.
2828 2740 3215 2807 Quamobrem
3257 2740 3354 2797 vel

1985 2826 2195 2882 Suarez
2215 2823 2325 2881 sibi
2353 2823 2680 2882 contrarius
2701 2828 2895 2881 tuetur
2935 2823 3122 2896 reipsa
3142 2819 3354 2878 doctri-

1986 2922 2123 2963 nam
2150 2907 2544 2971 Scotistarum,
2593 2911 2653 2962 et
2698 2905 3100 2961 Nominalium
3129 2916 3352 2976 negan-

1985 2986 2132 3042 tium
2178 2985 2379 3060 gratiae
2422 2985 2546 3040 vim
2594 2984 2970 3040 intrinsecam
3022 2979 3356 3054 depellendi

1988 3072 2277 3139 peccatum
2318 3068 2510 3139 (quam
2539 3065 2662 3140 ipse
2697 3066 3047 3122 asseritesse
3073 3061 3357 3136 improba-

1986 3147 2170 3219 bilem)
2218 3148 2310 3204 vel
2353 3147 2832 3219 inconsequenter
2872 3142 3128 3218 procedit
3151 3157 3355 3200 conce-

1985 3226 2172 3285 dendo
2199 3225 2529 3300 possibilem
2549 3240 2672 3284 esse
2686 3222 3120 3282 coexistentiam
3139 3223 3353 3295 peccati

1985 3322 2116 3364 cum
2154 3308 2359 3383 gratia.
2406 3307 2567 3373 Quod
2610 3322 2644 3364 e
2686 3306 2809 3363 suis
2835 3305 3082 3363 asseruit
3108 3303 3540 3377 Ripaldammwa

1988 3389 2086 3447 ubi
2112 3406 2287 3463 supra
2331 3398 2456 3448 sect.
2500 3391 2595 3456 20,
2640 3387 2740 3445 ubi
2790 3386 3157 3467 recognoscit,
3201 3386 3354 3458 quod

1986 3471 2277 3543 supposita
2327 3471 2710 3546 repugnantia
2755 3469 2910 3525 inter
2959 3474 3268 3542 peccatum,
3298 3473 3359 3524 et

1987 3551 2235 3625 gratiam
2276 3552 2623 3609 naturaliter
2660 3547 3063 3622 insuperabili,
3115 3562 3218 3605 nec
3246 3562 3352 3620 per

1988 3631 2336 3688 miraculum
2354 3632 2480 3689 fieri
2508 3634 2706 3704 potest,
2736 3634 2800 3686 ut
2817 3628 2996 3685 simul
3016 3627 3356 3708 cpexistant3

1987 3715 2045 3767 et
2061 3710 2213 3783 quod
2234 3713 2350 3769 tale
2370 3711 2723 3768 miraculum
2747 3714 2835 3767 est
2860 3709 2976 3766 Deo
2999 3705 3359 3780 impossibile

1988 3809 2118 3850 cum
2147 3794 2338 3866 ipsum
2369 3793 2541 3850 faciat
2567 3792 2893 3858 authorem,
2923 3797 3022 3847 aut
3047 3801 3356 3847 conserva·

1988 3881 2172 3934 torem
2198 3876 2427 3947 peccati.
3498 3937 3506 3946 ‚

2063 3955 2394 4030 Explicatur
2438 3956 2691 4030 amplius
2718 3955 2806 4011 vis
2834 3953 3004 4028 hujus
3045 3939 3529 4034 impugna-&321

1990 4038 2204 4095 tionis:
2231 4037 2508 4112 quoniam
2532 4037 2590 4094 id
2611 4035 2761 4111 quod
2790 4051 2907 4094 non
2927 4033 3226 4108 dependet,
3252 4049 3359 4093 nec
3391 4039 3501 4094 pirus.

1988 4125 2360 4178 conservatur
2378 4134 2413 4176 a
2442 4121 2556 4177 Deo
2582 4124 2785 4195 agente
2812 4134 2915 4192 per
2935 4116 3223 4174 influxum
3252 4132 3359 4189 po-

1988 4200 2249 4267 sitivum,
2299 4200 2397 4257 sed
2443 4201 2633 4257 solum
2662 4203 2723 4254 ut
2748 4198 2821 4255 ab
2853 4198 3102 4257 habente
3126 4212 3188 4256 se
3215 4212 3359 4271 pure

1991 4280 2331 4354 permissive
2349 4281 2500 4337 circa
2527 4279 2699 4348 illud,
2726 4279 2928 4352 nequit
2949 4295 2982 4336 a
3004 4280 3118 4337 Deo
3136 4277 3358 4336 destrui

1991 4378 2094 4436 per
2116 4363 2514 4431 cessationem,
2546 4365 2645 4418 aut
2691 4360 3131 4434 suspensionem
3178 4358 3358 4416 influ-

1989 4459 2116 4511 xus,
2159 4441 2258 4500 sed
2285 4440 2504 4499 destrui
2531 4441 2698 4500 debet
2743 4456 2845 4513 per
2872 4439 3359 4498 introductionem

1990 4525 2190 4583 formae
2214 4525 2507 4599 oppositas.
2532 4526 2655 4589 Qua
2683 4523 2908 4584 ratione
2923 4522 2995 4580 ad
3014 4521 3359 4580 destructio-

1991 4621 2126 4663 nem
2166 4604 2390 4661 umbras
2432 4619 2552 4662 non
2597 4602 2978 4670 desideratur,
3008 4601 3160 4677 quod
3207 4602 3358 4659 Deus

1989 4685 2301 4760 suspendat
2329 4684 2616 4742 influxum
2644 4683 2993 4758 positivum;
3021 4681 3118 4741 sed
3162 4683 3359 4756 requi-

1991 4767 2163 4836 ritur,
2192 4772 2251 4824 et
2275 4764 2500 4834 sufficit,
2547 4765 2699 4841 quod
2739 4763 3069 4827 introducat,
3108 4762 3360 4820 formam

1992 4849 2217 4907 umbrae
2264 4847 2606 4921 oppositam,
2657 4860 2867 4921 nempe
2891 4846 3097 4904 lucem.
3129 4847 3360 4903 Constat

1991 4935 2205 4999 autem,
2249 4928 2399 5004 quod
2425 4927 2786 4988 conservatio
2813 4926 3021 5001 peccati
3047 4925 3361 4985 habitualis

1991 5028 2113 5071 non
2160 5011 2446 5087 dependet
2473 5027 2506 5068 a
2532 5014 2648 5071 Deo
2692 5010 2935 5085 positive
2978 5008 3260 5068 influente
3294 5007 3359 5065 in

3042 5093 3352 5164 peecatum,
