3647 5753
1464 488 1468 492 ᾗ
1559 415 1733 471 mse.
1778 417 1821 483 1,
1865 418 2030 475 DUB.
2074 420 2116 476 1.
3137 422 3243 478 307

396 598 540 639 nens
568 583 630 638 in
657 588 898 654 peccato.
927 584 1067 655 quin
1095 584 1210 639 alia
1239 584 1443 651 forma,
1476 590 1573 642 aut
1598 585 1756 658 quasi

400 665 586 721 forma
605 666 680 719 sit
703 665 1042 721 necessaria.
1068 664 1298 736 Qua-rto,
1317 666 1452 739 quia
1475 667 1536 721 in
1559 667 1758 723 huma-

398 744 507 811 ni5‚
539 750 601 799 ut
627 745 754 817 quis
783 744 1002 801 dicatur
1028 761 1151 802 esse
1177 745 1546 803 habitualiter
1573 746 1756 803 offen—

393 843 509 892 ωε,
540 826 744 882 sufficit
772 827 960 899 ipsum
989 828 1297 900 aliquando
1335 829 1654 894 offendisse,
1700 833 1756 885 et

394 905 670 962 offensam
701 923 800 978 per
823 907 1288 971 satisfactionem,
1336 910 1426 965 vel
1450 909 1563 965 alio
1586 908 1754 965 modo

395 1003 512 1043 non
557 1003 988 1058 compensasse:
1038 986 1190 1044 idem
1233 989 1409 1062 igitur
1435 987 1504 1044 de
1532 995 1754 1061 peccato

389 1066 673 1123 habituali
695 1072 895 1124 contra
923 1071 1100 1123 Deum
1130 1068 1436 1125 dicendum
1458 1075 1562 1125 est.

464 1147 594 1202 Haec
632 1149 826 1202 tamen
872 1147 1089 1219 opini0,
1149 1153 1209 1204 ut
1252 1164 1426 1221 supra
1473 1146 1746 1216 diximus,

387 1225 557 1281 valde
609 1226 1089 1299 inconsequenter
1113 1227 1408 1299 'procedit
1473 1230 1530 1283 Si
1590 1229 1749 1285 enim

389 1310 680 1377 peccatum
702 1305 908 1362 Adami
927 1307 1339 1373 habuitvim,et
1353 1308 1656 1365 efficaciam
1680 1309 1748 1366 ad

391 1386 912 1443 transfundendum
936 1388 997 1443 in
1016 1390 1283 1460 parvulos
1298 1390 1512 1461 aliquid
1543 1391 1750 1446 intrin-

386 1480 597 1532 secum,
640 1473 696 1523 et
725 1467 953 1541 physice
994 1483 1359 1540 permanens,
1391 1476 1446 1525 et
1473 1486 1506 1526 a
1528 1477 1749 1541 peccato

388 1548 596 1604 actuali
653 1547 989 1605 distinctum
1016 1593 1028 1616 ,
1099 1566 1304 1622 nempe
1364 1552 1746 1623 privationem

384 1629 582 1702 gratiae
609 1653 624 1695 3
656 1645 758 1684 cur
799 1636 1084 1702 peccatum
1121 1633 1338 1687 actuale
1366 1633 1664 1704 personale
1690 1631 1747 1687 id

387 1712 575 1784 ipsum
605 1712 666 1766 in
692 1713 925 1784 proprio
951 1713 1241 1785 supposito
1264 1729 1379 1769 non
1406 1714 1606 1770 efficiet
1626 1718 1653 1770 P
1683 1717 1749 1770 Et

383 1792 431 1846 si
455 1792 705 1863 privatio
743 1794 942 1865 gratim
967 1809 1038 1848 ex
1067 1800 1287 1864 peccato
1310 1795 1516 1851 actuali
1540 1794 1746 1851 Adami

386 1872 584 1927 relicta
611 1872 780 1928 habet
804 1873 1160 1929 conditiones
1179 1874 1536 1940 sufficientes,
1566 1880 1625 1930 ut
1652 1876 1747 1931 di·-

383 1957 542 2006 catur
571 1959 858 2024 peccatum
897 1953 1189 2010 habituale
1227 1955 1512 2028 originale
1534 1973 1744 2028 parvu-

386 2032 609 2099 lorum;
657 2049 837 2105 quare
878 2035 1124 2105 privatio
1167 2036 1366 2107 gratia:
1408 2052 1479 2091 ex
1528 2043 1746 2108 peccato

384 2112 591 2166 actuali
609 2113 898 2183 personali
925 2114 1117 2169 relicta
1137 2114 1364 2170 easdem
1388 2116 1745 2174 conditiones

385 2207 502 2247 non
555 2191 805 2257 habebit,
860 2199 920 2248 ut
958 2194 1180 2250 dicatur
1239 2199 1526 2266 peccatum
1576 2195 1745 2252 habi-

385 2274 535 2329 tuale
558 2276 858 2345 personale
880 2274 1206 2332 adultorum
1229 2280 1256 2332 ⁴?
1282 2276 1613 2334 Adversarii
1638 2295 1743 2334 au-

384 2362 496 2409 tem
538 2354 608 2410 ad
639 2355 784 2411 illud
808 2357 965 2429 prius
986 2357 1356 2414 asserendum
1383 2359 1743 2431 compellun—

206 2449 350 2505 cquen.
385 2442 477 2491 tur
523 2438 867 2494 authoritate
913 2439 1154 2495 Concilii
1195 2440 1522 2496 Tridentini
1569 2458 1741 2515 supra

192 2498 369 2542 T¹¹⁰⁰¹¹'·
388 2519 586 2583 relata,
630 2520 717 2574 cui
747 2521 913 2576 aliter
939 2521 1263 2578 satisfacere
1286 2528 1592 2596 nequeunt,
1627 2524 1739 2580 nisi

386 2597 692 2654 concedant
722 2600 781 2654 in
805 2601 1061 2672 parvulis
1090 2601 1305 2674 aliquid
1336 2596 1735 2671 intrinsecum,

386 2683 443 2733 et
464 2693 800 2749 permanens
822 2694 854 2735 a
884 2688 1103 2754 peccato
1130 2682 1334 2738 Adami
1358 2683 1695 2741 distinctum
1725 2708 1737 2742 :

380 2775 504 2831 quae
542 2761 852 2817 authoritas
895 2779 1009 2819 non
1059 2764 1310 2835 procedit
1356 2781 1624 2838 expresse
1669 2767 1740 2824 de

382 2850 600 2914 peccato
626 2842 913 2900 habituali
944 2846 1256 2919 personali.
1286 2850 1356 2901 At
1380 2864 1509 2905 cum
1536 2850 1738 2907 Conci-

383 2924 526 2979 lium
573 2924 782 2997 absque
823 2927 1047 2984 ratione
1094 2929 1157 2984 in
1208 2928 1310 2984 illo
1355 2928 1579 2989 decreto
1619 2948 1736 2989 non

382 3008 749 3075 processerit;
779 3012 836 3062 et
873 3007 1073 3064 eadem
1117 3008 1263 3065 ratio
1293 3017 1487 3082 urgeat
1517 3012 1581 3067 in
1610 3029 1738 3084 pec-

377 3089 498 3141 cato
518 3084 794 3143 habituali
827 3088 1203 3158 personali,ut
1235 3088 1402 3146 modo
1429 3091 1685 3148 diximus
1721 3113 1735 3147 ε

378 3167 466 3222 vel
514 3167 884 3223 asserendum
935 3173 1036 3234 est,
1090 3177 1376 3240 peccatum
1443 3171 1736 3230 habituale

372 3248 677 3318 personale
717 3248 779 3303 in
822 3249 1147 3305 voluntaria
1177 3251 1499 3322 privatione
1537 3255 1736 3328 gratiae

369 3330 684 3387 consistere
709 3354 722 3398 ;
756 3331 854 3387 vel
873 3329 1201 3400 dicendum,
1234 3334 1641 3392 Tridentinum
1671 3337 1734 3392 in

368 3426 434 3467 eo
477 3410 705 3468 decreto
731 3413 929 3467 minus
979 3419 1126 3472 recte
1169 3418 1546 3487 processisse;
1584 3417 1732 3490 quod

370 3507 545 3548 nemo
581 3493 1001 3549 Catholicorum
1039 3495 1306 3552 admittit.
1343 3500 1454 3554 Nec
1483 3499 1734 3555 rationes

366 3573 577 3646 quibus
615 3574 948 3633 Adversarii
998 3583 1256 3644 utuntur,
1289 3578 1534 3636 efficaces
1574 3584 1726 3649 sunt,

364 3655 460 3712 sed
485 3655 657 3711 facile
677 3663 891 3728 queunt
917 3659 1183 3715 convelli.

172 3751 332 3846 2333.
362 3819 398 3872 d
444 3739 539 3792 13.
566 3735 651 3791 Ad
671 3739 1068 3876 Εὲὶωξιηὲωῑο
1089 3739 1365 3878 {onstabit
1385 3756 1455 3796 ex
1477 3739 1732 3877 dicgndis

193 3835 220 3858 ··
401 3823 449 3874 is
496 3836 590 3874 ‚se
634 3863 647 3874 .
788 3863 800 3876 .
865 3864 877 3877 .
934 3825 1065 3876 'unc
1130 3823 1339 3878 reviter
1358 3838 1445 3878 res
1488 3839 1562 3879 on
1604 3828 1732 3879 etur

172 3859 323 3946 “¹33⁸
365 3838 559 3972 prilino
583 3835 861 3972 giaJ'orem
892 3916 1006 3957 non
1034 3916 1154 3958 esse
1178 3907 1412 3968 certam,
1445 3840 1578 3975 guia
1599 3919 1729 3959 cum

203 3961 298 3995 ''¹¹¹''
363 3987 544 4038 status
576 3996 873 4052 purorum,
920 3987 977 4038 et
1020 3986 1197 4038 status
1240 3988 1460 4039 naturae
1498 3986 1732 4041 elevatae

364 4079 481 4121 non
503 4067 699 4122 essent
718 4061 970 4136 ejusdem
996 4063 1254 4126 rationis,
1275 4062 1370 4119 sed
1391 4063 1556 4121 valde
1579 4065 1730 4121 inter

360 4158 421 4199 se
465 4143 792 4207 differrent,
826 4144 966 4200 satis
993 4144 1315 4200 verisimile
1339 4144 1453 4212 est,
1507 4150 1729 4216 peccata

362 4222 688 4280 habitualia
715 4223 954 4280 illorum
993 4228 1248 4279 statuum
1276 4223 1503 4280 diversa
1530 4240 1725 4281 essen-

361 4304 584 4360 tialiter
614 4301 734 4359 fore
758 4327 771 4369 ;
803 4308 970 4376 atque
998 4303 1124 4360 ideo
1152 4319 1221 4359 ex
1248 4320 1332 4369 ρο,
1364 4303 1512 4377 quod
1543 4320 1728 4377 pecca-

359 4391 482 4441 tum
505 4384 805 4442 habituale
827 4385 889 4439 in
915 4389 1063 4440 statu
1094 4400 1372 4456 purorum
1394 4385 1728 4442 consisteret

360 4468 421 4523 in
468 4475 602 4526 actu
631 4467 918 4541 praeterito
956 4482 1073 4523 non
1117 4472 1433 4535 retractato,
1479 4468 1727 4525 minime

325 4550 640 4621 sequitur,
691 4545 838 4619 quod
885 4546 955 4603 de
1003 4546 1145 4602 facto
1189 4546 1250 4601 in
1293 4547 1559 4618 praedicto
1600 4545 1722 4604 actu

355 4631 651 4687 consistat.
697 4628 1022 4685 Praesertim
1063 4643 1192 4683 cum
1236 4643 1387 4682 nunc
1414 4627 1726 4686 habeamus

357 4711 581 4785 aliquid
609 4726 681 4766 ex
703 4716 923 4783 peccato
939 4708 1145 4764 actuali
1171 4710 1454 4775 relictum,
1486 4715 1542 4766 et
1563 4710 1633 4765 ab
1654 4725 1721 4767 eo

354 4790 717 4856 distinctum,
751 4791 813 4845 in
840 4805 951 4862 quo
977 4790 1282 4846 essentiam
1320 4790 1527 4862 peccati
1556 4790 1723 4847 habi-

354 4874 527 4929 tualis
582 4871 1017 4937 constituamu5‚
1076 4888 1280 4945 nempe
1334 4870 1720 4946 privationem

349 4958 569 5029 gratiae.
606 4958 680 5009 At
701 4954 765 5008 in
792 4959 938 5009 statu
983 4971 1259 5026 purorum
1286 4971 1400 5011 non
1428 4953 1603 5022 adest,
1628 4955 1720 5011 vel

353 5055 472 5105 non
504 5038 677 5095 facile
722 5038 1040 5110 explicatur
1067 5037 1286 5112 aliquid
1325 5038 1657 5093 distinctum
1689 5053 1722 5094 a

1891 592 2112 658 peccato
2151 590 2357 647 actuali
2399 594 2707 664 praeterito,
2741 592 2803 647 in
2842 605 2953 663 quo
2979 586 3249 645 consistat

1890 675 2179 739 peccatum
2221 670 2530 732 habituale.
2567 673 2728 730 Unde
2754 672 3080 745 obligamur
3105 683 3243 724 con—

1886 747 2105 816 cedere,
2137 755 2424 822 peccatum
2461 752 2751 809 habituale
2791 748 3043 824 praedicti
3067 751 3250 803 status

1886 830 2192 888 consistere
2213 833 2277 889 in
2299 841 2422 891 actu
2447 834 2834 908 peccaminoso
2851 830 3080 904 physice
3097 843 3244 900 prae-

1888 911 2072 977 terite,
2103 919 2159 969 et
2184 916 2484 973 moraliter
2528 915 2912 988 permanenti,
2957 911 3028 967 ab
3067 924 3249 981 eoque

1885 991 2150 1051 homines
2176 994 2545 1053 denominari
2578 1001 2910 1069 peccatores,
2939 993 3061 1049 sive
3088 989 3244 1046 habi-

1884 1075 2117 1131 tualiter
2166 1079 2473 1137 existentes
2524 1081 2587 1135 in
2636 1083 2876 1151 peccato.
2946 1076 3251 1144 Potestque

1883 1153 2004 1210 haee
2046 1160 2339 1229 responsio
2386 1161 2593 1217 instari
2643 1153 3022 1231 retorquendo
3060 1157 3246 1209 totum

1884 1243 2289 1308 argumentum
2318 1239 2381 1294 in
2421 1240 2840 1304 Adversarios;
2884 1251 3020 1291 nam
3050 1248 3244 1305 pecca-

1882 1317 2005 1369 tum
2022 1315 2316 1375 habituale
2330 1319 2557 1387 Adami,
2578 1327 2635 1378 et
2651 1325 2939 1393 peccatum
2961 1313 3249 1388 originale

1884 1397 2259 1464 parvulorum
2304 1408 2390 1456 est
2439 1400 2693 1475 ejusdem
2743 1398 3003 1462 rationis,
3060 1392 3244 1466 magis

1880 1492 2051 1548 quam
2082 1485 2368 1550 peccatum
2415 1481 2708 1538 habituale
2742 1482 2805 1537 in
2845 1482 2991 1535 statu
3022 1480 3249 1530 naturae

1880 1558 2130 1627 elevatae,
2155 1566 2213 1618 et
2235 1568 2522 1635 peccatum
2552 1563 2846 1621 habituale
2869 1561 2931 1616 in
2958 1561 3105 1613 statu
3135 1569 3242 1610 na-

1882 1645 2024 1697 turae
2045 1642 2284 1698 conditae
2311 1644 2374 1699 in
2405 1646 2563 1717 puris
2591 1669 2604 1712 ;
2636 1662 2765 1701 cum
2795 1645 2884 1700 illi
2905 1645 3086 1696 status
3112 1651 3240 1692 ma-

1878 1722 1964 1794 gis
1990 1721 2278 1790 differant,
2310 1741 2483 1796 quam
2525 1726 2621 1781 isti
2650 1748 2662 1781 ε
2692 1725 2789 1782 sed
2818 1728 3103 1797 peccatum
3133 1718 3238 1773 ha-

1879 1801 2092 1858 bituale
2106 1802 2312 1860 Adami
2331 1821 2448 1860 non
2464 1804 2894 1871 consistebat‚ut
2910 1801 3018 1874 ipsi
3040 1799 3239 1855 dicunt

1879 1880 1940 1935 in
1972 1882 2296 1953 privatione
2334 1886 2550 1958 gratiae,
2581 1884 2767 1941 sedin
2795 1889 2919 1940 actu
2948 1878 3241 1953 praeterito

1878 1977 1996 2018 non
2027 1970 2326 2022 retractato
2354 1987 2366 2021 :
2395 1982 2531 2040 ergo
2554 1966 2707 2023 idem
2728 1965 2799 2020 de
2820 1969 3042 2037 peccato
3068 1960 3239 2033 origi-

1858 2044 2000 2098 nali
2027 2043 2331 2100 dicendum
2354 2053 2440 2102 est
2464 2070 2477 2113 ;
2520 2047 2668 2119 quod
2691 2052 2884 2101 tamen
2903 2040 3236 2098 Adversarii

1878 2140 1994 2180 non
2023 2125 2233 2183 audent
2253 2128 2578 2186 concedere.
2607 2129 2761 2184 Sicut
2781 2143 2916 2200 ergo
2940 2126 3047 2198 ipsi
3069 2124 3238 2180 aliter

1876 2205 2207 2265 discurrunt
2233 2210 2302 2266 de
2343 2214 2581 2283 peccatis
2622 2207 3013 2267 habitualibus
3041 2221 3239 2277 perso-

1876 2286 2015 2352 nali,
2066 2294 2121 2344 et
2149 2290 2465 2364 originali:
2514 2293 2595 2348 ita
2635 2307 2739 2347 nos
2782 2303 3078 2361 possumus
3106 2302 3236 2342 cum

1875 2366 2072 2422 eadem
2139 2370 2394 2438 licentia,
2464 2377 2519 2428 et
2579 2370 2788 2444 majori
2860 2367 3243 2423 fundamento

1875 2447 2061 2513 aliter,
2093 2455 2148 2503 et
2173 2450 2343 2506 aliter
2369 2451 2584 2507 sentire
2604 2450 2675 2507 de
2704 2448 2939 2523 peccatis
2968 2444 3235 2502 habitua-

1875 2527 2023 2584 libus
2051 2530 2288 2587 illorum
2315 2537 2584 2589 statuum.
2635 2531 2884 2589 Secundo
2926 2527 3234 2601 responde-

1874 2626 2020 2676 muS,
2073 2618 2361 2684 peccatum
2408 2614 2701 2669 habituale
2740 2613 2801 2668 in
2831 2618 3038 2667 neutro
3084 2616 3235 2665 statu

1872 2692 2180 2749 consistere
2206 2694 2269 2748 in
2309 2699 2432 2749 actu
2463 2694 2751 2766 praeterito
2771 2692 3071 2748 moraliter
3100 2706 3235 2762 per-

1872 2774 2152 2840 manenti,
2209 2773 2307 2831 sed
2362 2781 2586 2831 tantum
2643 2776 2705 2830 in
2758 2773 3082 2846 privatione
3134 2787 3236 2844 per

1870 2856 2058 2907 actum
2076 2855 2531 2926 peccaminosum
2557 2853 2817 2920 inducta;
2840 2867 2965 2926 quae
2983 2851 3233 2926 privatio

1871 2949 2024 2992 nunc
2043 2941 2127 2992 est
2145 2937 2401 2994 carentia
2420 2939 2619 3011 gratiae
2639 2960 2653 3004 ;
2674 2942 2730 2993 at
2745 2938 2808 2992 in
2828 2951 2895 2991 eo
2915 2939 3064 2991 statu
3086 2940 3232 2991 esset

1869 3015 2122 3071 carentia
2174 3032 2292 3073 non
2342 3018 2545 3091 gratiae
2595 3014 3075 3088 supernaturalis,
3130 3012 3230 3069 sed

1871 3095 2227 3152 rectitudinis
2272 3099 2574 3163 naturalis,
2624 3113 2749 3170 quae
2782 3100 2911 3168 apta
2948 3099 3096 3151 esset
3123 3094 3230 3151 ho-

1868 3175 2124 3231 minibus
2151 3193 2254 3248 pro
2274 3193 2342 3234 eo
2361 3182 2509 3234 statu
2538 3182 2881 3248 competere.
2919 3174 3097 3231 Tertio
3135 3173 3229 3229 di-

1866 3257 2067 3322 cimuS,
2090 3262 2376 3327 peccatum
2395 3257 2685 3313 habituale
2708 3258 2769 3311 in
2783 3259 2931 3311 statu
2951 3269 3232 3326 purorum

1868 3336 1989 3392 fore
2014 3337 2395 3393 essentialiter
2442 3339 2827 3410 privationem
2855 3336 3074 3409 gratim,
3109 3349 3228 3390 non

1865 3431 1989 3487 quae
2015 3415 2076 3468 in
2097 3414 2345 3490 subjecto
2390 3423 2553 3484 esset,
2584 3415 2683 3472 sed
2710 3430 2881 3486 quam
2918 3431 2950 3470 a
2979 3413 3228 3486 subjecto

1865 3493 2208 3563 excluderet,
2241 3496 2291 3551 si
2324 3496 2486 3552 illam
2528 3497 2592 3552 in
2632 3510 2699 3552 eo
2727 3494 3056 3550 inveniret:
3085 3492 3229 3547 sicut

1865 3574 1935 3630 de
1974 3574 2119 3632 facto
2164 3577 2389 3633 macula
2436 3592 2538 3649 per
2582 3573 2897 3634 secundum
2942 3577 3228 3646 peccatum

1864 3658 2109 3712 mortale
2152 3656 2401 3722 inducta,
2446 3661 2529 3712 est
2569 3655 2954 3713 essentialiter
2982 3653 3231 3725 privatio

1863 3735 2075 3807 gratiae,
2124 3735 2260 3806 quia
2306 3737 2437 3792 licet
2486 3752 2586 3809 per
2625 3733 2884 3792 accidens
2932 3750 3061 3790 eam
3108 3747 3227 3790 non

1862 3820 2144 3886 supponat
2172 3815 2236 3870 in
2280 3814 2550 3889 subjecto,
2583 3816 2769 3888 ipsam
2805 3821 2998 3870 tamen
3029 3828 3129 3885 per
3167 3828 3229 3868 se

1862 3894 2205 3962 excluderet,
2236 3896 2286 3950 si
2315 3896 2626 3953 inveniret.
2662 3898 2803 3951 Utra
2830 3900 3023 3950 autem
3049 3909 3120 3949 ex
3154 3891 3227 3948 iis

1864 3976 2332 4049 responsionibus
2371 3978 2575 4036 debeat
2601 3978 2883 4052 praeferri,
2916 3979 3036 4032 loco
3057 3975 3225 4032 citato

1859 4056 2159 4115 constabit.
2186 4058 2505 4116 videantur
2526 4059 2766 4115 interim
2788 4057 2937 4114 dicta
2958 4063 3121 4111 tract.
3138 4055 3218 4121 13,

1858 4138 2000 4211 disp.
2044 4140 2125 4205 16,
2156 4138 2283 4195 dub.
2311 4141 2365 4206 5,
2397 4156 2550 4196 num.
2591 4141 2709 4206 153.

1933 4216 2020 4272 Ad
2046 4217 2361 4274 secundum
2391 4218 2800 4291 respondemus
2829 4213 3088 4289 negando
3122 4229 3435 4283 fin-Disponi-

1859 4299 2160 4360 tecedens:
2194 4317 2340 4357 ‘nam
2386 4302 2563 4358 etiam
2608 4316 2679 4357 ex
2727 4303 2947 4372 peccato
2998 4296 3217 4353 veniali
3231 4285 3423 4373 0333ξί

1859 4382 2064 4439 actuali
2096 4382 2444 4455 relinquitur
2482 4380 2745 4455 quaedam
2786 4379 3010 4434 macula
3050 4376 3219 4434 habi-

1858 4462 2049 4527 tualiS,
2112 4479 2237 4536 quae
2294 4463 2553 4519 consistit
2606 4476 2723 4517 non
2777 4461 2840 4516 in
2893 4458 3218 4530 privatione

1856 4542 2072 4616 gratim,
2090 4542 2189 4599 sed
2211 4544 2274 4598 in
2299 4543 2624 4615 privatione
2639 4540 2884 4597 fervoris
2898 4539 3215 4604 charitatis„
3250 4561 3259 4568 ·

1855 4624 2062 4679 sivein
2082 4638 2149 4679 eo
2169 4623 2318 4696 quod
2337 4624 2586 4679 charitas
2612 4622 2685 4677 sit
2701 4624 2895 4678 minus
2915 4620 3127 4677 habilis
3147 4618 3217 4674 ad

1848 4719 1985 4764 suos
2029 4707 2182 4759 actus
2225 4700 2570 4759 exercendos
2617 4708 2679 4757 ut
2715 4703 3006 4776 colligitur
3048 4716 3118 4756 ex
3146 4702 3209 4755 D.

1854 4785 2059 4841 Thom.
2112 4787 2171 4839 in
2215 4785 2266 4851 4,
2316 4784 2447 4839 dist.
2509 4784 2592 4849 16,
2648 4791 2827 4857 quast.
2883 4787 2937 4852 2,
2994 4792 3104 4846 art.
3152 4783 3207 4848 2,
3226 4800 3428 4843 D.'1·hom.

1854 4867 2166 4944 quaestiunc.
2202 4867 2218 4920 l
2253 4864 2330 4919 ad
2380 4867 2425 4930 l,
2460 4863 2556 4920 ubi
2585 4865 2704 4921 ait:
2740 4885 2764 4915 ιι
2790 4867 3013 4920 Macula
3036 4868 3214 4936 potest

1860 4972 1886 5002 α
1913 4963 2034 5004 esse
2073 4945 2393 5019 dupliciter.
2438 4948 2567 5004 Uno
2606 4946 2776 5008 modo
2805 4963 2903 5019 per
2932 4945 3214 5019 privatio-

1858 5050 1884 5080 «
1917 5044 2051 5085 nem
2080 5024 2548 5100 pulchritudinis,
2579 5030 2636 5083 et
2660 5028 2741 5083 sic
2766 5027 2830 5083 in
2853 5026 3067 5083 veniali
3097 5042 3215 5083 non
