3647 5753
299 722 460 765 ΒΑΜ.

263 1520 445 1611 effusam

493 383 607 440 222

496 559 712 627 queunt
751 554 1060 611 convenire
1103 558 1398 610 creaturae.
1447 552 1856 627 Fundaturque

495 633 614 689 haec
643 634 937 705 responsio
989 633 1052 688 in
1097 633 1427 690 testimonio
1464 649 1640 705 supra
1685 634 1855 689 citato

495 714 559 768 D.
603 711 840 769 Thomae
871 736 886 779 ;
919 727 1055 768 nam
1084 714 1273 785 inquit
1305 735 1318 769 ι
1367 735 1394 767 α
1417 713 1571 769 Sicut
1591 713 1854 769 intellec-

499 814 526 844 «
555 797 643 847 tus
665 800 930 850 movetur
952 791 1022 849 ab
1043 791 1276 867 objecto,
1308 799 1367 851 et
1392 793 1462 850 ab
1482 808 1549 850 eo
1570 794 1669 866 qui
1696 792 1855 850 dedit

503 895 530 924 (t
561 873 837 930 virtutem
878 873 1238 947 intelligendi
1263 898 1278 941 3
1310 874 1390 930 ita
1409 875 1683 932 voluntas
1722 888 1853 930 mo-

498 976 524 1006 «
554 959 721 1011 vetur
748 954 818 1010 ab
844 953 1081 1028 objecto,
1111 954 1258 1026 quod
1296 960 1382 1012 est
1428 953 1665 1021 bonum,
1696 960 1754 1011 et
1779 953 1853 1010 ab

493 1057 521 1086 (ι
548 1050 617 1091 eo
643 1035 740 1107 qui
767 1041 958 1091 causat
973 1035 1247 1091 virtutem
1271 1035 1524 1092 volendi.
1556 1035 1633 1092 Et
1662 1035 1816 1106 infra
1833 1053 1851 1088 .·

494 1137 520 1167 α
549 1115 835 1172 Similiter
861 1121 1051 1172 autem
1098 1120 1155 1173 et
1199 1115 1385 1171 virtus
1413 1115 1645 1173 volendi
1668 1132 1699 1172 a
1721 1115 1851 1173 solo

491 1218 518 1248 «
549 1199 664 1254 Deo
707 1203 988 1254 causatur.
1019 1219 1044 1250 ι)
1097 1200 1167 1254 Et
1192 1198 1329 1254 hinc
1354 1197 1662 1267 concludit,
1697 1196 1848 1271 quod

486 1278 634 1333 Deus
660 1283 887 1335 moveat
912 1278 1268 1335 voluntatem
1293 1294 1407 1336 non
1434 1279 1623 1335 solum
1651 1293 1848 1336 mora-

489 1357 639 1424 liter,
666 1360 788 1415 sive
808 1374 878 1416 ex
906 1365 1065 1432 parte
1103 1358 1324 1434 objecti,
1350 1358 1449 1416 sed
1482 1359 1658 1416 etiam
1698 1358 1848 1433 phy-

486 1437 619 1503 sice,
643 1439 768 1496 sive
793 1455 865 1496 ex
887 1445 1045 1512 parte
1072 1441 1356 1513 potentiae.

564 1519 1090 1592 Hoc,inquam,non
1117 1517 1287 1575 diluit
1316 1520 1443 1575 vim
1467 1518 1839 1592 praecedentis

337 1580 402 1614 ω’·
485 1596 1112 1674 discursus3quoniam
1156 1601 1354 1674 nequit
1408 1600 1654 1669 admitti,
1687 1599 1841 1674 quod

485 1682 634 1736 Deus
684 1685 912 1738 moveat
964 1680 1191 1755 physice
1243 1683 1600 1739 voluntatem
1627 1725 1639 1748 ,
1698 1681 1845 1754 quin

480 1762 791 1819 concedere
834 1779 974 1834 opus
1018 1763 1111 1827 sit,
1143 1761 1292 1835 quod
1342 1762 1461 1835 ipse
1516 1763 1748 1836 adjiciat
1773 1761 1843 1818 de

479 1855 631 1898 novo
660 1843 946 1898 auxilium
970 1841 1202 1916 physice
1223 1857 1462 1899 movens
1486 1863 1498 1897 z
1531 1841 1629 1899 sed
1658 1843 1840 1898 Deum

476 1921 815 1994 produxisse
841 1923 1220 1990 voluntatem,
1250 1940 1367 1981 non
1414 1923 1570 1980 addit
1591 1923 1662 1981 de
1691 1940 1842 1982 novo

471 2002 759 2059 auxilium
808 2004 1040 2078 physice
1089 2019 1347 2071 moven3‚
1398 2010 1460 2059 nt
1506 2004 1840 2061 Adversarii

469 2079 716 2140 dicunt:
766 2099 902 2158 ergo
947 2084 1041 2140 vel
1086 2083 1396 2141 concedere
1438 2083 1662 2151 debent,
1688 2085 1841 2158 quod

471 2163 620 2219 Deus
643 2181 759 2221 non
776 2171 1001 2223 moveat
1023 2166 1381 2224 voluntalem
1401 2168 1652 2242 physice,
1684 2171 1741 2224 et
1766 2182 1838 2224 ex

473 2250 635 2315 parte
657 2245 890 2320 subjecti
913 2271 926 2314 3
970 2246 1072 2303 sed
1120 2247 1306 2303 solum
1338 2248 1659 2312 moraliter,
1686 2251 1742 2303 et
1767 2262 1839 2303 ex

473 2332 636 2398 parte
676 2327 879 2403 objecti
913 2330 1102 2402 :quod
1150 2335 1234 2386 est
1287 2328 1596 2386 manifeste
1639 2333 1838 2386 contra

473 2407 537 2462 D.
564 2406 774 2464 Thom.
814 2411 870 2465 et
898 2410 1180 2466 rationem
1229 2425 1404 2482 supra
1452 2409 1700 2477 factam;
1743 2409 1838 2466 vel

470 2487 781 2547 concedere
820 2495 1108 2559 tenentur,
1141 2490 1290 2564 quod
1311 2490 1543 2564 quando
1571 2492 1838 2549 voluntas

411 2600 437 2616 »
472 2568 609 2642 agit,
644 2571 895 2626 Deusilli
924 2571 1117 2645 adjicit
1135 2587 1353 2628 novum
1384 2572 1672 2629 auxilium
1695 2573 1837 2646 phy-

468 2650 585 2706 sice
624 2666 881 2719 movens,
911 2668 1024 2724 quo
1053 2653 1236 2725 ipsam
1266 2653 1335 2709 ad
1370 2653 1655 2727 agendum
1684 2654 1836 2729 phy-

470 2729 585 2787 sice
638 2731 899 2798 inclinat,
932 2739 988 2789 et
1015 2733 1285 2806 impellit.
1332 2735 1517 2808 Major
1562 2734 1836 2792 suadetur

471 2812 732 2886 generali
757 2813 999 2880 ratione,
1029 2830 1138 2887 qua
1169 2830 1368 2872 omnes
1390 2820 1700 2872 assertores
1728 2833 1834 2873 au-

472 2892 605 2949 xilii
653 2894 888 2953 efficacis
917 2898 1215 2954 intrinseci
1263 2902 1505 2954 utuntur
1553 2897 1623 2955 ad
1662 2901 1834 2957 evin-

471 2975 717 3032 cendam
743 2977 865 3050 ejus
911 2980 1322 3041 necessitatem,
1380 2994 1505 3051 quae
1533 2986 1714 3052 potest
1751 2981 1833 3037 sic

478 3056 743 3125 formari,
775 3065 830 3116 et
859 3061 1127 3132 praesenti
1154 3060 1472 3116 difficultati
1512 3063 1786 3134 applicari
1814 3085 1828 3120 ε

474 3140 752 3210 quoniam
775 3142 1129 3198 voluntatem
1156 3141 1228 3199 de
1255 3158 1404 3199 novo
1433 3143 1654 3199 moveri
1679 3144 1831 3219 phy-

469 3218 585 3275 sice
613 3235 645 3275 a
669 3222 780 3276 Deo
809 3218 877 3275 ad
906 3220 1211 3295 agendum,
1238 3227 1324 3280 est
1350 3221 1609 3294 quaedam
1638 3221 1830 3280 deter-

468 3301 716 3360 minatio
762 3319 946 3371 nova,
988 3310 1045 3361 et
1084 3305 1255 3362 realis
1284 3347 1298 3371 ‚
1345 3319 1470 3377 quae
1516 3307 1714 3379 nequit
1764 3307 1828 3364 in

473 3400 670 3441 rerum
709 3392 915 3444 natura
959 3388 1225 3444 constitui
1258 3386 1468 3460 absque
1509 3389 1828 3448 mutatione

471 3465 713 3540 alicujus
753 3468 1013 3526 extremi.
1053 3469 1143 3526 vel
1172 3468 1477 3535 moventis,
1505 3470 1597 3525 vel
1628 3471 1771 3528 moti
1809 3492 1823 3527 ε

470 3549 627 3621 atqui
653 3549 769 3606 haec
812 3549 1207 3606 denominatio
1256 3565 1372 3606 non
1417 3551 1711 3624 consurgit
1754 3567 1825 3608 ex

466 3630 788 3687 mutatione
811 3630 1042 3704 physica
1066 3631 1183 3696 Dei,
1207 3635 1267 3685 ut
1286 3646 1357 3686 ex
1378 3646 1438 3687 se
1466 3630 1665 3703 liquet:
1688 3646 1825 3706 ergo

463 3711 704 3767 resultat
741 3727 813 3767 ex
856 3712 1172 3769 mutatione
1222 3712 1456 3787 physica
1483 3712 1816 3769 voluntatis

462 3794 672 3865 Nequit
734 3799 924 3850 autem
977 3795 1245 3850 voluntas
1305 3795 1522 3851 mutari
1586 3794 1820 3868 physice

460 3873 671 3947 absque
711 3876 1033 3948 receptione
1059 3877 1301 3951 alicujus
1348 3876 1649 3933 intrinseci
1687 3892 1816 3933 eam

459 3954 692 4028 physice
720 3957 1004 4013 moventis
1038 3978 1051 4012 ε
1075 3957 1285 4013 entitas
1312 3955 1542 4029 quippe,
1573 3955 1697 4012 sive
1719 3956 1815 4012 in-

456 4035 713 4102 clinatio,
744 4052 917 4108 quam
946 4053 979 4093 a
1004 4038 1115 4093 Deo
1142 4037 1204 4092 in
1233 4036 1423 4110 prima
1445 4036 1817 4109 productione

457 4116 689 4188 recepit,
716 4118 830 4173 nisi
853 4118 907 4174 ei
935 4115 1154 4190 aliquid
1181 4116 1501 4192 adjiciatur,
1523 4116 1815 4174 invariata

456 4198 728 4270 persistit,
762 4204 817 4256 et
845 4215 1059 4257 novam
1107 4200 1485 4256 mutationem
1515 4214 1632 4256 non
1661 4198 1813 4272 pati-

449 4283 587 4335 tur:
635 4296 771 4353 ergo
797 4280 993 4353 nequit
1039 4278 1281 4347 admitti,
1310 4278 1461 4352 quod
1507 4282 1654 4336 Deus
1682 4295 1812 4336 mo-

453 4366 582 4419 veat
623 4360 852 4436 physice
881 4362 1256 4427 voluntatem,
1300 4366 1356 4417 et
1379 4359 1529 4432 quod
1552 4360 1660 4432 ipsi
1692 4377 1811 4418 non

451 4440 681 4517 adjiciat
706 4441 777 4499 de
815 4458 967 4500 novo
993 4439 1223 4514 aliquod
1268 4440 1554 4497 auxilium
1580 4440 1810 4515 physice

451 4539 712 4581 movens,

519 4602 636 4656 ⁴Nec
664 4599 815 4656 valet
863 4613 1125 4656 recursus
1153 4597 1222 4653 ad
1265 4597 1580 4655 motionem
1610 4613 1807 4655 mora-

446 4684 607 4740 lem:
651 4688 772 4738 tum
819 4681 955 4754 quia
1000 4680 1115 4737 haec
1167 4680 1363 4753 nequit
1400 4678 1800 4750 denominare,

447 4763 745 4837 nisijuxta
784 4760 1172 4818 conditionem
1223 4776 1436 4828 suam;
1481 4766 1648 4833 atque
1674 4759 1804 4819 ideo

446 4861 564 4903 non
604 4843 944 4902 denominat
994 4841 1349 4899 voluntatem
1395 4846 1611 4900 motam
1652 4833 1840 4917 phy-⁴

441 4926 574 4987 sice,
606 4923 704 4981 sed
732 4923 1052 4980 moraliter.
1081 4924 1227 4978 Tum
1250 4923 1386 4996 quia
1413 4927 1595 4980 totum
1622 4938 1801 4996 genus

443 5008 667 5064 morale
718 5004 994 5063 fundatur
1044 5021 1217 5078 supra
1242 5021 1423 5080 genus
1452 5005 1750 5080 physicum
1785 5026 1797 5061 ε

1518 381 1613 437 DE
1650 380 1923 437 GRATIA
1961 380 2303 439 EFFICACI.

1990 568 2130 627 ergo
2154 555 2312 626 prius
2339 555 2605 611 voluntas
2626 553 3349 628 debetdeterminariphy-

1985 635 2099 692 sice
2121 640 2294 704 mota,
2320 651 2493 710 quam
2522 638 2822 694 moraliter
2850 642 3044 693 mota:
3072 641 3129 692 et
3156 651 3346 693 conse-

1984 721 2226 788 quenter
2246 718 2444 785 moti0,
2459 723 2517 774 et
2534 717 2932 776 denominatio
2949 717 3184 791 physica
3207 731 3342 789 prae-

1987 796 2146 852 venit
2193 797 2530 867 motionem,
2561 803 2616 855 et
2656 797 3191 855 denominationem
3215 812 3343 854 mo-

1987 877 2168 933 ralem
2200 921 2213 943 ,
2268 883 2322 934 et
2384 894 2500 935 non
2561 880 2713 935 valet
2776 876 2846 932 ab
2900 877 3004 934 illa
3072 877 3349 949 primitus

1986 957 2314 1028 provenire.
2364 959 2434 1014 Et
2460 959 2780 1033 oppositum
2829 974 2947 1015 non
2987 958 3246 1014 insinuat
3272 960 3336 1015 D.

1984 1036 2190 1093 Thom.
2212 1038 2348 1110 quia
2373 1038 2493 1112 ejus
2517 1039 2763 1096 intentio
2786 1055 2903 1096 non
2930 1038 3083 1094 sistit
3110 1038 3347 1111 praecise

1982 1116 2045 1172 in
2067 1132 2152 1186 e0,
2202 1117 2352 1190 quod
2399 1121 2545 1175 Deus
2572 1118 2910 1192 produxerit
2954 1120 3337 1186 voluntatem,

1980 1202 2038 1255 et
2071 1199 2126 1255 ei
2175 1201 2688 1258 communicaverit
2729 1202 2988 1274 primum
3034 1216 3157 1257 esse
3181 1224 3196 1267 ;
3241 1199 3339 1258 sed

1981 1281 2169 1352 potius
2189 1296 2260 1338 ex
2282 1282 2387 1339 hoc
2413 1283 2696 1356 principio
2720 1301 2818 1356 per
2845 1299 2904 1340 se
2922 1287 3058 1340 noto
3082 1281 3336 1354 procedit

1979 1357 2050 1415 ad
2094 1361 2567 1429 concludendum,
2617 1362 2765 1435 quod
2813 1366 2960 1421 Deus
3006 1367 3153 1429 actu,
3192 1367 3337 1419 etex

1980 1443 2140 1512 parte
2168 1442 2433 1513 potentia!
2454 1450 2681 1499 moveat
2701 1445 3080 1507 voluntatem,
3100 1447 3162 1499 ut
3182 1447 3329 1516 agat,

1979 1526 2042 1575 ut
2066 1536 2137 1577 ex
2163 1522 2283 1579 sola
2304 1522 2547 1579 lectione
2574 1528 2761 1580 textus
2797 1523 3094 1598 apparebit
3120 1545 3133 1579 z
3162 1538 3329 1580 cons-

1978 1605 2059 1659 tat
2079 1606 2269 1659 autem
2296 1603 2446 1677 quod
2478 1606 2622 1661 Deus
2648 1603 2998 1671 causalitate,
3023 1610 3080 1662 et
3110 1602 3330 1659 influxu

1977 1683 2308 1758 physicis,et
2335 1686 2607 1760 rigorosis
2637 1687 2906 1761 produxit
2927 1689 3283 1745 voluntatem
3317 1706 3329 1740 ε

1976 1779 2110 1837 ergo
2135 1766 2229 1821 vel
2258 1764 2545 1823 discursus
2574 1771 2640 1823 D.
2682 1768 2886 1824 Thom.
2912 1783 3043 1823 cum
3073 1766 3327 1838 aequivo-

1974 1846 2197 1904 catione
2224 1848 2494 1920 procedit,
2544 1848 2695 1922 quod
2721 1856 2807 1907 est
2847 1848 3161 1905 absurdum
3194 1872 3208 1915 ;
3240 1848 3330 1905 vel

1974 1928 2263 1985 convincit
2287 1930 2438 2003 quod
2483 1933 2630 1988 Deus
2658 1937 2849 1987 movet
2869 1933 3000 1987 volu
3013 1925 3225 1986 atatem
3259 1929 3329 1986 ad

1974 2009 2277 2084 agendum,
2320 2028 2436 2070 non
2463 2015 2650 2070 solum
2682 2013 2996 2081 moraliter,
3029 2012 3126 2069 sed
3149 2011 3324 2069 etiam

1974 2093 2218 2166 physice,
2250 2100 2306 2150 et
2334 2095 2605 2168 rigorose.

2046 2173 2173 2230 310.
2208 2173 2639 2231 confirmantur
2656 2175 2775 2233 haec
2795 2175 2995 2232 omnia
3015 2173 3327 2249 detegendo
3358 2185 3525 2242 Urceus

1973 2253 2501 2328 inconsequentiam
2557 2256 3040 2314 Adversariorum
3094 2256 3155 2312 in
3222 2255 3325 2311 hac

1974 2338 2134 2404 parte
2158 2358 2172 2401 ;
2202 2337 2337 2408 quia
2363 2337 2560 2393 omnia
2590 2336 2708 2393 fere
2735 2342 3092 2412 argumenta,
3118 2335 3325 2408 quibus

1972 2412 2101 2485 ipsi,
2133 2421 2189 2472 et
2216 2432 2319 2474 nos
2338 2433 2467 2475 cum
2492 2419 2556 2475 D.
2588 2419 2924 2492 Augustino,
2950 2423 3008 2474 et
3034 2417 3324 2473 D.Thoma

1970 2494 2282 2564 probamus
2311 2499 2703 2555 necessitatem
2732 2498 2938 2554 auxilii
2960 2513 3030 2554 ex
3057 2513 3118 2554 se
3145 2495 3323 2553 effica-

1968 2572 2067 2641 cis,
2118 2574 2372 2633 distincti
2400 2577 2471 2634 ab
2506 2579 2741 2635 auxiliis
2768 2577 3197 2644 sufficientibus,
3229 2577 3321 2634 vel

1969 2653 2121 2709 nihil
2168 2656 2430 2728 probant,
2476 2661 2567 2715 vel
2612 2659 2887 2716 evincunt
2929 2659 3319 2715 necessitatem

1968 2737 2173 2794 auxilii
2203 2739 2436 2814 physice
2456 2741 2758 2808 moventiS,
2785 2746 2840 2798 et
2869 2739 3321 2812 praedetetermi-

1967 2819 2160 2875 nantis
2182 2821 2536 2879 voluntatem
2561 2838 2737 2897 :ergo
2772 2838 2902 2880 cum
2931 2821 3188 2895 primum
3217 2820 3321 2878 do-

1964 2904 2146 2966 ceant,
2175 2916 2498 2974 perperam,
2527 2908 2585 2959 et
2606 2903 3081 2975 inconsequenter
3110 2908 3322 2977 negant

1963 2981 2295 3039 secundum.
2353 2983 2706 3041 Antecedens
2758 2983 3077 3041 ostenditur
3131 2984 3321 3057 appli-

1963 3061 2144 3119 cando
2166 3063 2267 3120 illa
2285 3071 2623 3139 argumenta
2645 3064 2714 3121 ad
2728 3070 3069 3137 praesenlem
3082 3064 3322 3121 difficul-

1964 3146 2156 3199 tatem.
2184 3143 2565 3203 Primo.·1deo
2595 3148 2739 3202 Deus
2761 3153 2969 3216 movet,
2994 3152 3050 3202 et
3071 3146 3318 3219 applicat

1961 3222 2260 3280 efficaciter
2311 3225 2669 3282 voluntatem
2715 3225 2786 3283 ad
2827 3226 3132 3302 agendum,
3180 3227 3320 3298 quia

1961 3305 2229 3360 voluntas
2253 3321 2370 3362 non
2390 3312 2473 3364 est
2491 3308 2747 3380 primum
2770 3323 3027 3374 movenS,
3053 3312 3108 3364 et
3134 3306 3319 3365 deter-

1960 3386 2234 3443 minans:
2277 3389 2432 3460 atqui
2463 3391 2727 3446 voluntas
2770 3405 2886 3445 non
2925 3394 3012 3445 est
3060 3388 3317 3461 primum

1958 3481 2218 3533 movens,
2238 3472 2292 3524 et
2314 3467 2712 3526 determinans
2735 3468 2999 3543 physice;
3028 3467 3323 3542 siquidem

1957 3547 2062 3604 hoc
2087 3553 2170 3605 est
2200 3550 2500 3621 proprium
2525 3551 2726 3623 primae
2751 3566 2934 3606 causae
2964 3572 2977 3606 ε
3006 3566 3143 3625 ergo
3169 3553 3323 3607 Deus

1956 3634 2165 3697 movet,
2197 3634 2253 3685 et
2298 3631 2543 3703 applicat
2580 3631 2808 3707 physice
2834 3632 3193 3688 voluntatem
3241 3631 3312 3687 ad

1954 3708 2330 3782 operandum.
2385 3712 2485 3768 Vel
2532 3711 2637 3767 sub
2658 3713 2775 3768 alia
2802 3711 2990 3768 forma
3019 3733 3032 3767 ε
3075 3712 3133 3767 Si
3167 3713 3322 3768 Deus

1953 3804 2071 3846 non
2116 3794 2392 3857 moveret,
2430 3798 2487 3848 et
2512 3793 2823 3866 applicaret
2852 3794 3207 3850 voluntatem
3238 3791 3308 3848 ad

1953 3870 2256 3943 agendum,
2291 3874 2555 3929 voluntas
2576 3878 2733 3930 esset
2757 3874 3013 3945 primum
3043 3888 3312 3940 movenS,

1949 3953 2007 4005 et
2026 3950 2280 4021 primum
2303 3967 2362 4008 se
2392 3950 2787 4009 determinans
2804 3975 2819 4020 ;
2835 3951 2985 4024 quod
3005 3957 3088 4009 est
3111 3950 3308 4008 absur-

1948 4027 2088 4087 dum
2122 4053 2135 4088 :
2165 4048 2301 4106 ergo
2326 4033 2374 4089 si
2405 4036 2551 4090 Deus
2589 4048 2706 4090 non
2735 4039 2944 4103 movet,
2970 4038 3027 4090 et
3051 4033 3307 4105 applicat

1947 4108 2244 4168 efficaciter
2303 4113 2533 4187 physice
2591 4114 2947 4169 voluntatem
2974 4155 2987 4178 ,
3030 4114 3311 4169 voluntas

1945 4190 2058 4246 erit
2084 4191 2339 4264 primum
2361 4208 2421 4250 se
2442 4208 2680 4250 movens
2696 4193 2942 4267 physice,
2960 4198 3015 4249 et
3042 4192 3306 4266 primum

1944 4285 2005 4327 se
2036 4269 2429 4330 determinans
2478 4273 2708 4348 physice
2738 4273 2923 4346 ;quod
2947 4289 3064 4330 non
3106 4273 3302 4329 mino-

1947 4367 2067 4408 rem
2080 4353 2369 4425 praesefert
2384 4354 2817 4411 absurditatem.
2840 4353 3160 4412 Videantur
3173 4368 3310 4427 quaa*

1942 4434 2197 4493 diximus
2217 4437 2359 4510 disp.
2385 4439 2441 4504 5,
2466 4437 2590 4493 dub.
2621 4439 2676 4503 6,
2703 4438 2801 4508 §4-

2014 4517 2264 4577 Secundo
2292 4537 2309 4574 :
2362 4518 2494 4577 Ideo
2539 4522 2684 4576 Deus
2736 4518 2901 4577 debet
2949 4534 3309 4592 praemovere

1940 4601 2314 4667 voluntatem,
2358 4600 2493 4673 quia
2552 4601 2817 4658 voluntas
2875 4605 3139 4657 movetur
3198 4615 3307 4671 per

1938 4682 2333 4754 operationem
2359 4697 2393 4737 a
2418 4698 2478 4738 se
2504 4681 2755 4738 elicitam
2788 4704 2803 4748 ;
2845 4686 2903 4736 et
2946 4696 3120 4737 omne
3147 4678 3297 4753 quod

1937 4767 2221 4829 movetur,
2280 4760 2351 4818 ab
2398 4762 2514 4819 alio
2564 4764 2870 4819 movetur:
2901 4760 2999 4818 sed
3026 4762 3307 4817 voluntas

1935 4850 2198 4903 movetur
2227 4845 2459 4919 physice
2497 4842 2824 4916 recipiendo
2874 4844 2937 4900 in
2975 4859 3037 4901 se
3064 4842 3299 4900 volitio-

1936 4941 2069 4982 nem
2103 4942 2275 5000 :ergo
2301 4925 2468 4983 debet
2488 4941 2521 4981 a
2548 4926 2663 4981 Deo
2680 4924 2912 4999 physice
2928 4922 3294 4997 praemoveri.

1936 5007 2164 5064 Velsub
2179 5009 2292 5066 alia
2312 5008 2499 5066 forma
2527 5029 2538 5064 :
2569 5008 2845 5073 Quamvis
2872 5009 3138 5065 voluntas
3165 5022 3296 5062 mo-

3091 5092 3294 5144 veatur

3366 2244 3521 2290 impug-

3366 2289 3490 2327 natno.
