3647 5753
109 2085 224 2130 idem.

77 3388 228 3432 Confir-

1367 376 1542 431 DISP.
1592 377 1739 444 v111,
1788 378 1950 436 DUB.
1998 383 2066 438 11.

287 542 339 595 et
361 542 868 617 terrapert'ectior.
899 547 957 601 Si
1006 563 1143 604 vero
1182 547 1544 605 attendamus
1572 548 1643 605 ad

288 623 522 679 modum
554 624 962 696 productionis,
994 628 1222 695 coelum,
1248 635 1304 687 et
1330 635 1484 688 terra
1510 637 1645 687 sunt

286 703 471 778 majus
511 721 670 777 opus,
702 708 836 780 quia
879 715 1012 765 sunt
1037 725 1109 766 ex
1138 711 1343 769 nihilo.
1377 710 1644 784 Idemque

287 787 488 858 repetit
514 787 574 842 in
606 791 977 861 responsione
999 791 1067 847 ad
1109 795 1164 848 4.
1213 794 1360 866 Ergo
1399 808 1469 849 ex
1508 809 1643 850 sen-

285 867 465 922 tentia
493 868 546 922 S.
598 869 853 926 Doctoris
876 872 1062 945 gratia
1091 871 1404 947 justificans
1434 888 1550 928 non
1579 871 1643 929 fit

280 964 352 1004 ex
380 950 586 1015 nihile,
613 956 668 1006 et
698 967 798 1022 per
842 955 1190 1010 creationem
1212 979 1225 1020 ;
1270 953 1368 1010 sed
1395 970 1465 1010 ex
1494 971 1642 1027 prae-

279 1030 577 1101 supposito
620 1031 870 1105 subjecto
897 1077 910 1099 ,
955 1040 1010 1090 et
1035 1049 1134 1106 per
1159 1034 1537 1092 eductionem.
1573 1038 1642 1092 Et

279 1125 455 1182 supra
477 1119 661 1187 qvas-t.
700 1114 820 1176 llO,
852 1121 961 1170 art.
995 1117 1029 1170 2
1055 1115 1130 1169 ad
1157 1116 1211 1177 3.
1244 1131 1373 1171 cum
1402 1116 1641 1172 dixisset

279 1190 525 1264 gratiam
552 1190 677 1248 fieri
697 1208 768 1248 ex
794 1193 999 1262 nihilo,
1043 1194 1246 1268 adjecit
1271 1196 1419 1269 quod
1451 1213 1550 1269 per
1580 1196 1637 1271 ly

279 1288 353 1325 ecc
396 1272 588 1337 nihilo,
631 1272 956 1328 excluditur
985 1275 1259 1330 meritum
1291 1275 1632 1348 praecedens.

282 1350 483 1408 Gratia
509 1395 522 1419 ,
573 1353 775 1426 inquit,
824 1354 1031 1410 dicitur
1074 1359 1253 1411 creari
1276 1374 1348 1411 ca:
1370 1374 1460 1423 co,
1496 1358 1640 1435 quod

280 1433 522 1490 homines
564 1435 855 1490 secundum
882 1438 1063 1508 ipsam
1087 1443 1358 1503 creantur,
1390 1437 1448 1491 id
1471 1446 1548 1492 est
1577 1441 1638 1494 in

279 1531 419 1569 novo
438 1532 547 1569 esse
576 1518 984 1572 constituantur
1008 1534 1080 1571 ca:
1119 1517 1313 1583 nihilo,
1340 1519 1400 1572 id
1424 1527 1502 1574 est
1527 1537 1636 1576 non

277 1611 347 1649 ex
371 1598 600 1652 meritis.
646 1598 766 1660 Quo
809 1603 967 1668 pacto
1007 1598 1145 1653 satis
1172 1599 1469 1669 expressit,
1500 1616 1636 1673 gra-

279 1675 416 1731 tiam
460 1691 576 1732 non
605 1674 733 1732 fieri
779 1692 848 1732 ex
879 1677 1067 1733 nihilo
1110 1677 1358 1751 physice,
1403 1679 1527 1735 sive
1563 1696 1635 1737 ex

278 1771 392 1812 non
416 1757 825 1830 praesupposito
844 1756 1115 1831 subjecto,
1162 1758 1309 1829 quod
1339 1759 1406 1815 ad
1435 1777 1633 1817 veram

277 1838 621 1893 creationem
666 1836 1097 1910 requirebatur;
1125 1837 1222 1894 sed
1261 1844 1481 1896 tantum
1506 1857 1634 1898 mo-

281 1918 496 1985 raliter,
521 1918 645 1974 sive
670 1934 740 1974 ex
768 1933 885 1975 non
915 1933 1099 1989 praesu
1109 1918 1327 1990 pposito
1359 1921 1634 1994 recipien-

281 1998 349 2053 tis
371 2001 599 2064 merite,
629 1998 778 2071 quod
818 1997 888 2055 ad
919 1999 1234 2072 rigorosam
1276 2005 1630 2059 creationem

280 2095 394 2136 non
416 2079 638 2135 sufficit.
666 2080 734 2132 Et
755 2083 935 2153 quast.
961 2081 1128 2134 unica
1156 2080 1219 2134 de
1239 2082 1485 2138 virtutib.
1515 2091 1624 2139 art.

286 2160 365 2227 lO,
398 2162 457 2214 in
482 2175 721 2231 respon-3.
749 2159 825 2213 ad
860 2160 923 2215 13
946 2202 959 2225 ,
1006 2159 1233 2231 inquit:
1269 2183 1294 2210 α
1341 2163 1404 2216 In
1433 2163 1632 2218 anima

283 2261 307 2290 α
346 2244 430 2294 est
457 2238 674 2311 aliquid
717 2238 778 2294 in
808 2239 1060 2311 potentia
1086 2284 1098 2305 ,
1142 2240 1288 2313 quod
1319 2246 1517 2297 natum
1547 2246 1631 2297 est

281 2343 304 2370 α
352 2317 540 2374 reduci
589 2319 651 2374 in
694 2323 881 2374 actum
910 2317 980 2374 ab
1015 2326 1216 2393 agente
1245 2321 1531 2388 naturali;
1574 2325 1630 2377 et

279 2421 304 2448 α
321 2398 454 2454 'hoc
478 2396 647 2455 modo
666 2397 881 2453 suntin
904 2399 1157 2470 potentia
1199 2399 1259 2455 in
1286 2400 1411 2473 ipsa
1440 2400 1629 2456 virtu-

281 2501 304 2528 «
348 2482 432 2534 tes
459 2479 757 2551 acquisitae.
807 2478 938 2534 Alio
983 2479 1153 2536 modo
1192 2480 1412 2553 aliquid
1452 2486 1535 2537 est
1564 2481 1626 2537 in

279 2579 304 2609 α
349 2560 601 2630 potentia
643 2559 700 2614 in
741 2559 954 2624 anima,
987 2558 1135 2630 quod
1170 2576 1285 2616 non
1314 2566 1397 2617 est
1425 2567 1625 2616 natum

281 2663 304 2690 «
348 2639 508 2699 educi
551 2640 613 2695 in
640 2646 823 2696 actum
847 2683 860 2706 ,
895 2640 1009 2695 nisi
1039 2655 1141 2713 per
1168 2641 1441 2698 virtutem
1470 2642 1626 2698 divi-

278 2745 301 2772 «
347 2738 480 2778 nam
509 2765 521 2788 ,
553 2726 609 2777 et
635 2721 739 2778 hoc
765 2720 933 2778 modo
970 2727 1105 2777 sunt
1133 2723 1193 2778 in
1219 2724 1471 2795 potentia
1499 2725 1625 2780 vir·-

275 2829 296 2852 u
345 2811 490 2862 tutes
535 2804 756 2861 infusae.
810 2823 836 2853 ι)
896 2804 1005 2860 Ubi
1059 2821 1324 2878 expresse
1369 2808 1625 2865 concedit

267 2888 508 2944 virtutes
533 2886 753 2942 infusas
779 2882 907 2941 fieri
937 2903 1037 2958 per
1056 2886 1414 2944 eductionem
1437 2904 1507 2944 ex
1530 2907 1625 2963 po·

268 2969 445 3027 tentia
484 2966 855 3025 obedientiali
892 2967 1140 3035 animae;
1188 2968 1388 3025 eadem
1431 2976 1621 3027 autem

266 3054 349 3106 est
377 3047 522 3105 ratio
566 3046 636 3103 de
674 3046 859 3119 gratia
898 3046 1283 3119 justificante:
1312 3054 1434 3104 tum
1486 3052 1622 3124 quia

269 3128 548 3201 praedictae
575 3127 815 3182 virtutes
854 3132 988 3182 sunt
1036 3130 1410 3201 proprietates
1450 3133 1572 3205 ejus
1605 3153 1618 3187 ε

267 3218 384 3264 tum
408 3209 540 3281 quia
572 3222 672 3279 per
700 3222 759 3262 se
782 3206 1064 3279 loquendo
1083 3206 1231 3264 fiunt
1257 3224 1357 3281 per
1378 3209 1621 3267 eandem

264 3291 565 3355 actionem,
598 3303 711 3359 qua
730 3289 912 3361 gratia
943 3287 1295 3360 producitur.

339 3366 730 3427 confirmatur
757 3369 1055 3444 urgentius
1080 3385 1150 3425 ex
1193 3370 1494 3444 principiis
1519 3387 1619 3447 ge-

55 3441 577 3531 'ffssgo‘fffieralibuffi
602 3454 669 3506 et
712 3451 881 3507 certis
926 3450 987 3505 in
1014 3449 1270 3507 doctrina
1313 3453 1375 3509 D.
1409 3453 1615 3510 Thom.

261 3534 407 3588 Tum
429 3532 562 3605 quia
586 3531 747 3586 nulla
785 3536 1044 3586 creatura
1069 3531 1219 3586 valet
1245 3546 1366 3589 esse
1395 3532 1617 3589 instru-

261 3618 520 3669 mentum
562 3610 908 3675 creationis,
968 3615 1028 3666 ut
1070 3610 1246 3666 tradit
1284 3613 1359 3666 S.
1416 3614 1617 3670 Doctor

266 3697 282 3749 l
318 3702 468 3766 part.
497 3696 680 3769 quast.
710 3693 801 3757 45,
835 3699 945 3747 art.
978 3693 1013 3745 5
1040 3715 1053 3758 ;
1077 3690 1176 3747 sed
1201 3695 1462 3748 creatura
1485 3708 1616 3750 con·

258 3776 440 3832 currit
491 3773 1014 3831 instrumentaliter
1064 3771 1132 3827 ad
1182 3771 1612 3845 productionem

256 3855 472 3929 gratiae,
507 3861 569 3909 ut
595 3853 840 3910 affirmat
878 3850 1030 3909 idem
1070 3854 1124 3908 S.
1174 3855 1375 3909 Doctor
1420 3854 1482 3909 in
1511 3855 1615 3912 hoc

255 3936 516 3999 articulo,
554 3937 614 3990 in
635 3953 754 4007 resp
796 3935 871 3990 ad
906 3935 921 3988 l
951 3939 1005 3989 et
1027 3935 1081 4000 2,
1111 3940 1168 3991 et
1194 3936 1228 3989 3
1251 3943 1403 4007 part.
1426 3944 1606 4013 qiu-cst.

253 4020 344 4084 62,
376 4025 485 4073 art.
528 4020 575 4085 1;
599 4033 734 4092 ergo
761 4032 830 4072 ex
856 4017 1140 4073 sententia
1168 4018 1227 4073 D.
1255 4018 1459 4074 Thom.
1483 4034 1613 4091 gra·

254 4101 333 4156 tia
355 4115 470 4155 non
494 4096 557 4154 fit
579 4114 678 4171 per
699 4098 1064 4154 creationem.
1091 4099 1237 4154 Tum
1258 4098 1453 4165 etiam,
1475 4100 1610 4172 quia

252 4177 563 4237 secundum
607 4183 945 4251 praesentem
987 4178 1409 4251 providentiam
1456 4180 1607 4235 nihil

253 4262 470 4320 desinit
523 4276 625 4334 per
662 4261 1184 4327 annihilationem,
1230 4265 1292 4317 ut
1333 4260 1507 4318 tradit
1547 4262 1601 4317 S.

250 4348 452 4402 Doctor
488 4345 504 4398 l
528 4350 679 4416 part.
712 4350 892 4421 quas-st.
936 4345 1055 4410 104,
1086 4350 1198 4399 art.
1227 4343 1261 4397 4
1286 4358 1453 4416 gergo
1471 4359 1607 4417 gra-

250 4427 330 4481 tia
357 4440 487 4482 cum
516 4423 830 4480 destruitur
858 4439 960 4495 per
1000 4428 1286 4496 peccatum
1314 4464 1327 4488 ,
1360 4439 1477 4479 non
1502 4421 1607 4479 de-

247 4505 390 4562 sinit
418 4519 518 4578 per
547 4503 1030 4561 annihilationem
1060 4524 1073 4559 :
1097 4503 1251 4576 atqui
1274 4502 1477 4560 desitio
1521 4504 1605 4561 rei

248 4584 717 4658 proportionatur
736 4584 858 4657 ejus
881 4582 1258 4657 productioni,
1280 4582 1358 4638 ita
1380 4588 1440 4638 ut
1456 4583 1606 4656 quod

247 4664 448 4738 incipit
475 4680 577 4736 per
597 4664 964 4731 creationem,
996 4662 1220 4721 desinat
1246 4678 1345 4736 per
1372 4664 1606 4720 annihi-

246 4748 560 4810 lationem,
590 4750 647 4802 et
690 4745 841 4819 quod
888 4744 954 4801 fit
999 4761 1100 4819 per
1144 4743 1499 4803 eductionem
1528 4761 1599 4803 ex

241 4820 515 4895 subjecto,
540 4817 767 4876 desinat
794 4835 895 4893 per
916 4820 1322 4878 resolutionem
1347 4820 1409 4875 in
1431 4819 1598 4887 illud,

242 4907 306 4957 ut
348 4900 680 4972 frequenter
704 4899 880 4957 tradit
919 4899 1072 4957 idem
1107 4901 1163 4956 S.
1196 4901 1401 4956 Doctor
1427 4919 1440 4955 ε
1468 4914 1603 4974 ergo

240 4999 314 5043 ex
327 4983 454 5058 ejus
473 4987 667 5038 mente
680 4982 867 5057 gratia
888 4998 1007 5039 non
1022 4980 1086 5037 fit
1106 4997 1209 5055 per
1227 4982 1597 5051 creationem,

3033 398 3138 450 277

1775 551 1875 608 sed
1904 570 2004 627 per
2030 555 2409 616 eductionem.
2437 563 2747 620 Evasiones
2770 570 2982 630 autem,
3006 569 3136 640 qui-

1776 630 1882 688 bus
1909 643 2136 706 possent
2162 637 2497 696 Adversarii
2530 643 2647 698 vim
2680 644 2886 700 harum
2931 646 3135 704 autho—

1774 713 2017 846 criitatum
2046 715 2354 786 declinare,
2400 722 2595 777 statim
2623 722 2862 780 dicenda
2891 727 3136 796 praeclu·

1813 800 1930 850 ent.
2228 807 2233 812 '

1859 876 1941 931 17.
1984 877 2242 935 Secundo
2271 879 2544 950 probatur
2565 881 2762 938 eadem
2787 886 3024 943 assertio
3046 902 3132 942 ra-

1776 954 1930 1012 tione
1970 955 2390 1016 fundamentali
2432 977 2501 1016 ex
2530 962 2743 1019 eisdem
2787 965 3130 1022 testimoniis

1773 1036 1839 1090 D.
1872 1036 2078 1093 Thom.
2109 1037 2408 1112 desumpta
2433 1065 2446 1107 ;
2477 1043 2613 1114 quia
2638 1044 2824 1098 creari
2854 1060 2970 1101 non
2990 1061 3129 1102 con-

1773 1116 1932 1171 venit
1953 1117 2067 1173 nisi
2088 1118 2318 1174 entibus
2344 1136 2445 1192 per
2468 1137 2527 1177 se
2554 1121 2993 1180 subsistentibus
3016 1169 3030 1192 ,
3074 1133 3131 1182 et

1769 1199 2061 1255 concreari
2104 1215 2221 1256 non
2256 1204 2543 1269 convenit,
2578 1205 2689 1260 nisi
2722 1205 2890 1262 rebus
2909 1223 3032 1280 quae
3059 1207 3130 1264 ad

1772 1277 2204 1350 productionem
2226 1282 2376 1337 entis
2399 1298 2499 1353 per
2520 1299 2580 1339 se
2600 1284 2963 1342 subsistentis
2983 1303 3133 1353 com·

1771 1358 2164 1432 producuntur
2191 1381 2204 1416 :
2230 1360 2328 1417 sed
2354 1363 2538 1435 gratia
2564 1379 2679 1420 non
2708 1372 2792 1421 est
2819 1381 2923 1422 ens
2946 1382 3046 1439 per
3071 1384 3133 1425 se

1767 1438 2103 1506 subsistens,
2138 1456 2240 1497 nec
2260 1441 2724 1514 comproducitur
2758 1444 2827 1502 ad
2854 1447 2976 1520 ejus
3006 1462 3132 1520 pro·

1767 1519 2094 1577 ductionem
2124 1537 2294 1596 :ergo
2321 1524 2523 1590 creari,
2559 1526 2649 1581 vel
2677 1527 2969 1584 concreari
3011 1543 3129 1584 non

1767 1602 2037 1658 convenit
2061 1604 2260 1676 gratias
2286 1628 2300 1664 ς
2332 1610 2499 1676 atque
2546 1604 2676 1662 ideo
2702 1608 2889 1679 gratia
2916 1622 3033 1663 non
3062 1607 3129 1663 tit

1770 1697 1870 1755 per
1890 1685 2257 1752 creationem,
2284 1685 2381 1741 sed
2403 1702 2505 1758 per
2538 1686 2921 1744 eductionem.
2963 1689 3128 1745 Utra-

1765 1777 1875 1833 que
1895 1765 2298 1836 consequentia
2328 1771 2496 1837 patet.
2524 1766 2706 1839 MaJ'or
2728 1773 2917 1824 autem
2945 1767 3125 1824 decla-

1768 1848 1928 1898 ratur
1953 1886 1964 1908 ,
1997 1850 2052 1900 et
2078 1844 2349 1901 suadetur
2374 1888 2387 1910 ,
2420 1861 2557 1903 nam
2587 1847 2678 1902 vel
2710 1863 2799 1903 res
2822 1847 2886 1902 fit
2914 1863 3014 1920 per
3039 1864 3120 1915 se,

1765 1923 1858 1978 vel
1885 1921 1956 1979 ad
2003 1923 2432 1997 productionem
2462 1926 2701 1982 alterius
2735 1948 2747 1982 :
2781 1927 2907 1984 fieri
2931 1933 3123 1985 autem

1765 2017 1868 2074 per
1894 2019 1954 2060 se
1982 2020 2099 2061 non
2143 2006 2429 2070 convenit,
2483 2007 2595 2061 nisi
2643 2005 2871 2063 entibus
2919 2024 3019 2081 per
3061 2025 3123 2065 se

1762 2082 2204 2140 subsistentibus
2230 2106 2243 2141 ε
2269 2091 2331 2140 ut
2357 2101 2495 2142 vero
2522 2085 2738 2159 aliquid
2775 2085 3121 2160 comprodu-

1763 2167 1923 2218 catur
1951 2162 2020 2218 ad
2047 2163 2285 2219 alterius
2334 2164 2766 2236 productionem
2792 2207 2805 2231 ,
2850 2181 2991 2239 opus
3015 2173 3116 2232 est,

1762 2235 1911 2307 quod
1959 2235 2056 2293 fiat
2099 2236 2299 2294 eadem
2346 2240 2605 2305 actione;
2664 2238 2760 2295 ubi
2805 2240 2961 2295 enim
3007 2239 3122 2296 duo

1761 2312 1909 2371 fiunt
1936 2332 2035 2388 per
2062 2316 2320 2374 diversas
2358 2318 2623 2386 actioneS,
2661 2321 2888 2375 nullum
2916 2335 3118 2376 eorum

1761 2395 2260 2468 comproducitur,
2301 2397 2399 2453 sed
2441 2398 2887 2472 unumquodque
2914 2399 3117 2455 termi-

1762 2480 1862 2531 nat
1887 2474 2175 2532 diversam
2218 2478 2498 2534 actionem
2533 2520 2545 2542 ,
2591 2484 2651 2532 ut
2696 2494 2766 2534 ex
2804 2495 2865 2534 se
2892 2480 3069 2552 liquet
3102 2502 3113 2533 :

1758 2556 1944 2611 creari
1981 2573 2081 2629 per
2102 2573 2161 2613 se
2191 2573 2306 2613 non
2330 2557 2599 2613 convenit
2629 2558 2742 2614 nisi
2766 2558 2994 2615 entibus
3015 2575 3117 2631 per

1757 2653 1818 2694 se
1842 2636 2280 2696 subsistentibus
2304 2683 2317 2706 ,
2348 2646 2405 2695 et
2430 2640 2722 2695 concreari
2752 2655 2868 2696 non
2904 2656 3116 2698 conve-

1759 2719 1865 2785 nit,
1912 2720 2025 2775 nisi
2067 2719 2234 2777 rebus
2286 2737 2409 2794 quae
2452 2719 2523 2776 ad
2564 2719 2994 2793 productionem
3032 2724 3114 2780 rei

1758 2816 1860 2873 per
1904 2818 1965 2859 se
2001 2800 2383 2867 subsistentis,
2435 2810 2491 2859 et
2528 2803 2883 2859 creationem
2911 2807 3116 2860 termi—

1758 2886 1952 2941 nantis
1994 2885 2538 2958 comproducuntur.
2590 2884 2750 2950 Quod
2796 2885 3120 2947 declaratur

1754 2967 2036 3038 exemplis
2062 2991 2076 3033 ;
2109 2982 2245 3023 nam
2277 2965 2404 3022 ideo
2430 2967 2655 3039 Angeli,
2689 2966 2902 3023 animae
2940 2968 3119 3025 ratio-

1755 3048 1936 3113 nales,
1968 3053 2024 3105 et
2042 3048 2168 3104 coeli
2195 3049 2518 3104 terminant
2540 3063 2640 3119 per
2666 3062 2726 3103 se
2747 3048 3112 3108 creationem.

1753 3131 1890 3203 quia
1905 3130 2231 3204 (suppositis
2254 3129 2385 3185 aliis
2406 3127 2852 3199 conditionibus)
2873 3136 3008 3187 sunt
3024 3148 3114 3189 res

1755 3227 1856 3284 per
1894 3226 1955 3267 se
1979 3211 2386 3274 subsistentes,
2443 3214 2499 3265 et
2530 3209 2655 3265 ideo
2685 3209 3023 3278 intellectus,
3055 3218 3114 3269 et

1753 3292 2077 3348 voluntates
2103 3290 2475 3363 Angelorum,
2508 3294 2563 3345 et
2584 3288 2916 3345 animarum
2942 3290 3110 3348 ratio-

1753 3371 1999 3435 nalium,
2029 3375 2085 3426 et
2123 3369 2339 3442 pariter
2376 3369 2578 3424 t’ormae
2600 3367 3022 3435 substantiales
3053 3377 3109 3427 et

1751 3451 2126 3508 accidentales
2179 3451 2453 3507 coelorum
2498 3456 2875 3506 concreantur
2905 3474 2919 3518 ;
2973 3451 3110 3523 quia

1752 3532 1883 3589 licet
1904 3548 2003 3604 per
2023 3547 2083 3588 se
2112 3547 2229 3588 non
2255 3531 2584 3597 subsistant,
2630 3529 2777 3585 flunt
2817 3537 3009 3589 tamen
3036 3533 3109 3589 ad

1750 3610 2182 3685 productionem
2216 3612 2602 3685 Angelorum,
2648 3612 2980 3667 animarum
3004 3656 3019 3681 ,
3051 3618 3109 3670 et

1747 3693 2025 3751 coelorum
2054 3716 2066 3757 ;
2099 3698 2267 3764 atque
2312 3692 2632 3747 terminant
2675 3692 2917 3748 eandem
2942 3708 3106 3751 crea—

1748 3772 1986 3829 tionem.
2014 3774 2206 3828 Minor
2227 3771 2471 3842 denique
2494 3770 2676 3843 quoad
2706 3772 2955 3844 primam
2980 3789 3106 3845 par·

1749 3858 1862 3910 tem
1902 3858 1986 3910 est
2030 3852 2375 3917 manifesta;
2430 3868 2566 3906 nam
2607 3851 2790 3925 gratia
2829 3857 2912 3909 est
2965 3869 3103 3911 vera

1744 3936 2010 4008 qualitas,
2042 3940 2098 3992 et
2119 3934 2306 3990 forma
2334 3931 2715 3998 accidentaliS,
2747 3949 2868 4004 quae
2908 3935 2970 3990 in
2996 3952 3100 3994 suo

1744 4033 1867 4074 esse
1892 4014 2173 4089 dependet
2199 4031 2231 4071 a
2251 4014 2517 4088 subjecto,
2551 4019 2609 4069 ut
2636 4019 2853 4070 constat
2885 4030 2955 4071 ex
2975 4015 3099 4074 dic-

1744 4099 1817 4155 tis
1843 4100 1984 4171 disp.
2014 4099 2069 4164 4,
2113 4096 2239 4154 drab.
2282 4099 2300 4153 l
2326 4121 2341 4165 ;
2371 4110 2505 4171 ergo
2530 4094 2716 4169 gratia
2745 4111 2860 4152 non
2887 4102 2973 4153 est
3012 4114 3102 4155 res

1743 4197 1847 4256 per
1885 4197 1947 4238 se
1988 4180 2321 4237 subsistens.
2354 4176 2612 4236 Secunda
2651 4176 2825 4234 etiam
2854 4179 3104 4237 minoris

1744 4278 1878 4336 pars
1905 4262 2072 4319 facile
2099 4258 2417 4317 ostenditur
2441 4281 2456 4325 ς
2497 4274 2633 4314 nam
2663 4261 2854 4314 omnis
2884 4274 2973 4314 res
3000 4276 3102 4332 per

1739 4358 1801 4399 se
1826 4341 2139 4398 subsistens
2164 4345 2250 4397 est
2269 4338 2462 4412 aliqua
2499 4336 2835 4401 substantia,
2866 4342 2922 4394 et
2947 4340 3101 4395 enti-

1742 4422 1828 4474 tas
1854 4415 2156 4480 naturaliS,
2193 4427 2317 4487 quae
2347 4410 2587 4485 proinde
2614 4411 2888 4468 terminat
2929 4419 3100 4469 natu—

1742 4498 1925 4555 ralem
1973 4495 2255 4553 actionem
2297 4510 2310 4546 e
2356 4491 2454 4547 sed
2494 4492 2679 4567 gratia
2729 4506 2846 4547 non
2891 4490 2957 4547 fit
2997 4510 3100 4567 per

1739 4578 2022 4634 actionem
2048 4573 2272 4632 ordinis
2306 4572 2604 4639 naturalis,
2635 4570 2734 4627 sed
2769 4586 2869 4643 per
2894 4588 3100 4646 super-

1738 4659 2064 4714 naturalem
2102 4650 2407 4717 inssuxum,
2452 4668 2583 4708 cum
2624 4651 2747 4723 ipsa
2778 4650 2853 4705 sit
2890 4653 3100 4711 entitas

1740 4734 1967 4799 ordinis
1993 4737 2180 4794 divini
2210 4750 2381 4809 :ergo
2407 4734 2592 4809 gratia
2615 4748 2730 4789 non
2752 4734 3099 4806 comprodu-

1736 4820 1887 4877 citur
1908 4817 1978 4875 ad
2009 4817 2438 4891 productionem
2462 4814 2545 4871 rei
2569 4828 2671 4887 per
2692 4828 2754 4869 se
2780 4811 3099 4874 subsisten-

1737 4902 1811 4959 tis
1836 4945 1849 4969 ,
1893 4900 1992 4958 sed
2019 4898 2085 4955 fit
2121 4916 2222 4973 per
2259 4898 2549 4957 diversam
2590 4897 2891 4953 actionem.
2936 4899 3097 4963 Quod

1737 4982 2030 5040 inductive
2048 4980 2225 5038 etiam
2261 4981 2477 5054 liquet;
2508 4992 2644 5035 nam
2674 4976 2819 5034 actio
2845 4977 3099 5038 efficiens

3172 917 3295 960 Ratio

3161 1012 3328 1059 damen·

3183 1063 3292 1108 talis.
