3647 5753
359 3742 517 3798 Impro-

360 3797 497 3842 portio

377 3849 514 3882 exem-

360 3889 416 3940 pli
435 3888 498 3946 in·

364 3938 494 3982 ducti.

568 398 679 454 410
1496 397 1588 450 DE
1625 398 1654 451 J
1663 394 2205 452 USTIFICATIONE
2243 396 2447 450 ΙΜΡΠ.

567 573 677 629 cati
707 570 1015 628 habitualis
1059 568 1372 641 requiritur
1420 568 1611 641 aliqua
1656 569 1919 634 mutatio,

566 655 699 711 talis
720 652 886 709 debet
929 665 1069 716 esse,
1103 656 1163 705 ut
1199 649 1468 706 immutet
1513 648 1816 723 principia,
1852 648 1922 705 ad

564 750 688 807 quae
718 748 816 806 per
842 747 903 787 se
928 729 1310 801 consequitur,
1341 730 1480 786 etin
1507 727 1714 801 quibus
1733 745 1923 786 essen-

565 814 781 871 tialiter
823 810 1099 868 fundatur
1130 816 1414 883 peccatum
1468 809 1778 866 habituale.
1805 810 1921 866 Mi·-

566 914 674 955 nor
693 897 867 954 etiam
899 893 1391 967 liquet,-quoniam
1415 892 1679 965 praedicta
1699 893 1922 964 princi-

564 982 657 1053 pia
706 979 854 1036 nihil
884 976 1042 1033 aliud
1068 981 1219 1039 sunt,
1252 991 1423 1048 quam
1454 980 1607 1031 actus
1636 976 1920 1048 peccami-

564 1078 735 1118 nosus
764 1075 878 1116 non
922 1062 1273 1122 retractatus,
1316 1061 1372 1112 et
1401 1056 1648 1127 privatio
1692 1056 1913 1129 gratias,

560 1145 650 1200 vel
704 1142 981 1201 carentia.
1035 1143 1095 1195 ut
1138 1139 1297 1196 docet
1343 1139 1553 1203 Curiel,
1606 1138 1919 1195 habitualis

557 1222 979 1281 conformitatis
1016 1222 1085 1278 ad
1135 1222 1317 1294 legem
1347 1235 1446 1292 per
1469 1220 1800 1292 praedictum
1823 1236 1919 1276 ac-

560 1312 681 1362 tum
735 1305 964 1361 inducta
990 1324 1003 1359 2
1026 1302 1121 1360 sed
1171 1302 1411 1359 mutatio
1451 1301 1594 1358 facta
1632 1302 1694 1358 in
1741 1303 1918 1359 Paulo

560 1402 660 1459 per
686 1386 807 1459 ejus
833 1399 1040 1457 preces,
1067 1383 1170 1439 illa
1188 1380 1471 1454 principia
1494 1381 1912 1447 nonimmutat,

555 1461 654 1522 sed
683 1465 894 1520 intacta
923 1462 1200 1533 relinquit
1216 1486 1230 1527 ;
1248 1460 1533 1533 siquidem
1560 1477 1661 1519 nec
1681 1462 1919 1533 expellit

554 1544 870 1602 carentiam
917 1543 1143 1615 gratiae,
1198 1544 1289 1599 vel
1333 1541 1782 1608 conformitatiS‚
1814 1556 1918 1597 nec

554 1630 819 1681 retractat
841 1629 1126 1696 peccatum
1175 1624 1529 1693 praeteritum
1556 1622 1711 1679 Petri
1745 1636 1916 1695 :ergo

556 1721 673 1761 non
701 1705 972 1761 immutat
994 1703 1296 1776 principia,
1323 1702 1393 1759 ad
1414 1719 1537 1775 quae
1567 1717 1666 1775 per
1695 1717 1756 1758 se
1776 1716 1916 1758 con-

552 1786 826 1858 sequitur,
841 1790 894 1841 et
925 1784 986 1839 in
1008 1783 1213 1856 quibus
1233 1783 1616 1840 essentialiter
1639 1780 1916 1838 fundatur

560 1871 846 1939 peccatum
877 1862 1187 1920 habituale.

340 1948 549 1995 secundo.
637 1945 1026 2004 confirmatur
1053 1942 1317 2010 secundo,
1360 1944 1496 2017 quia
1521 1960 1689 2000 causa
1719 1958 1914 2000 mora-

560 2031 634 2087 lis
666 2028 981 2087 consistens
1008 2028 1069 2083 in
1097 2026 1324 2093 merit0,
1360 2026 1454 2083 vel
1483 2026 1909 2098 impetratione,

556 2121 674 2168 non
701 2113 893 2166 causat
938 2105 1272 2163 immediate
1310 2105 1593 2171 effectum,
1622 2105 1691 2162 ad
1738 2121 1913 2178 quem

550 2188 975 2255 ordinatur,sed
995 2192 1221 2244 tantum
1233 2193 1447 2254 movet,
1461 2194 1518 2245 et
1537 2187 1717 2244 allicit
1736 2189 1914 2244 Deum

549 2279 612 2328 ut
639 2271 971 2345 praa-dictum
1000 2268 1261 2326 effectum
1291 2267 1583 2341 producat,
1617 2272 1715 2324 aut
1737 2266 1915 2324 ‘infe—

549 2360 671 2411 rat:
706 2355 802 2411 sed
830 2368 1020 2428 preces
1049 2351 1215 2409 Pauli
1236 2353 1427 2409 solum
1449 2356 1667 2424 queunt
1681 2366 1915 2408 concur-

552 2453 680 2494 rere
709 2436 778 2493 ad
829 2433 1242 2492 destruendum
1286 2438 1576 2507 peccatum
1606 2433 1762 2489 Petri
1813 2447 1914 2504 per

548 2516 786 2573 modum
815 2532 995 2573 causae
1016 2514 1254 2573 moralis
1285 2514 1650 2571 consistentis
1679 2514 1741 2568 in
1787 2526 1914 2567 me-

551 2598 663 2655 rito
695 2602 858 2661 ,aut
898 2596 1302 2669 impetratione
1343 2592 1599 2666 praedicti
1645 2592 1908 2657 effectus3

543 2678 829 2750 siquidem
854 2694 956 2735 nec
981 2681 1116 2732 sunt
1156 2688 1322 2730 causa
1364 2673 1617 2745 rigorose
1637 2670 1906 2736 efficiens,

546 2776 648 2817 nec
709 2776 876 2816 causa
927 2755 1192 2815 formalis
1244 2754 1407 2809 illius
1458 2773 1470 2807 :
1527 2767 1662 2825 ergo
1719 2752 1910 2808 solum

544 2847 762 2915 queunt
779 2834 1029 2905 movere,
1056 2842 1111 2894 et
1132 2834 1365 2892 allicere
1387 2835 1590 2900 Deum,
1623 2838 1684 2889 ut
1705 2831 1913 2890 efficiat

545 2922 990 2979 destructionem
1053 2914 1304 2990 praedicti
1359 2915 1590 2988 peccati.
1644 2917 1713 2970 Et
1756 2931 1913 2971 nunc

549 3005 722 3058 restat
747 2996 1223 3063 examinandum,
1251 3012 1326 3052 an
1375 2994 1547 3068 possit
1596 2997 1742 3050 Deus
1780 3011 1910 3052 eam

546 3079 765 3136 efficere
792 3077 1001 3151 absque
1023 3077 1339 3133 mutatione
1366 3074 1682 3131 intrinseca
1726 3074 1905 3140 Petri,

546 3164 603 3216 et
632 3158 981 3231 relinquitur
1033 3163 1211 3214 status
1247 3155 1604 3230 quaestioniS,
1654 3161 1710 3213 et
1737 3171 1911 3230 argu-

546 3241 810 3293 mentum
834 3255 867 3294 a
901 3236 1066 3294 nobis
1088 3237 1299 3295 factum
1342 3237 1406 3293 in
1433 3234 1631 3293 eadem
1660 3235 1911 3308 disposi-

544 3319 723 3383 tione,
758 3335 821 3375 ac
841 3320 889 3375 si
921 3335 1111 3392 preces
1157 3319 1271 3376 illae
1300 3334 1418 3376 non
1466 3318 1905 3391 praecessissent.

547 3399 993 3471 Impertinenter
1042 3398 1252 3472 igitur,
1299 3404 1356 3455 et
1396 3397 1804 3453 insufficienter
1849 3412 1908 3454 se

545 3479 716 3537 habet
738 3480 840 3537 illa
863 3481 1023 3553 prior
1052 3480 1293 3538 mutatio
1320 3497 1352 3537 a
1373 3482 1450 3535 Cu
1461 3480 1601 3538 riele
1622 3480 1909 3554 assignata

546 3560 616 3617 ad
639 3561 1014 3620 decidendam
1033 3563 1405 3635 quaestionem
1429 3563 1594 3628 hanc,
1615 3567 1670 3619 et
1684 3562 1908 3618 diluen-

546 3642 684 3700 dum
715 3649 1120 3718 argumentum
1147 3659 1320 3717 supra
1347 3643 1579 3700 factum.

632 3728 750 3784 160.
797 3731 908 3783 Nec
935 3727 1267 3798 exemplum
1309 3724 1381 3782 ab
1414 3742 1481 3782 eo
1522 3726 1762 3781 allatum
1793 3725 1908 3781 ali-

546 3806 680 3879 quid
700 3807 920 3880 probat;
936 3824 1070 3864 nam
1081 3805 1391 3863 satisfactio
1409 3806 1639 3878 respicit
1652 3821 1900 3878 poenam,

545 3905 668 3960 quae
694 3905 725 3944 a
750 3892 866 3946 Deo
912 3894 1157 3954 taxatur,
1201 3892 1258 3944 et
1284 3886 1566 3961 infligitur
1600 3908 1612 3941 :
1643 3885 1795 3943 unde
1820 3887 1907 3942 'si-

545 3976 638 4026 cut
666 3972 812 4026 Deus
854 3973 1031 4041 potest
1056 3984 1157 4040 pro
1179 3966 1343 4023 libito
1366 3967 1529 4023 illam
1561 3967 1630 4024 ab
1676 3968 1906 4023 extrin-

544 4065 670 4106 seco
693 4048 1038 4113 condonare,
1064 4052 1121 4103 et
1165 4062 1283 4103 non
1331 4046 1585 4115 inferre;
1614 4047 1693 4103 sic
1727 4051 1906 4120 potest

546 4130 852 4186 admittere
901 4127 1346 4184 satisfactionem
1398 4128 1567 4183 unius
1614 4143 1717 4200 pro
1764 4127 1900 4183 alio.

545 4215 829 4269 Caeterum
852 4211 1037 4283 culpa,
1063 4215 1120 4266 et
1140 4216 1427 4282 peccatum
1456 4205 1749 4266 habituale
1768 4215 1904 4265 sunt

544 4294 778 4365 praecise
800 4309 831 4348 a
874 4297 1182 4365 peccatore,
1212 4295 1267 4346 et
1296 4288 1588 4363 supposito
1615 4294 1739 4345 actu
1782 4305 1904 4363 pec-

542 4375 672 4434 cati.
701 4373 770 4430 ad
800 4373 987 4445 ipsum
1004 4387 1073 4428 ex
1104 4375 1310 4427 natura
1330 4387 1432 4426 sua
1453 4377 1898 4442 consequuntur,

542 4461 597 4512 et
622 4454 751 4512 ideo
780 4471 896 4510 non
937 4458 1116 4527 potest
1141 4454 1291 4510 Deus
1318 4452 1468 4509 illud
1517 4468 1659 4526 pure
1689 4453 1758 4510 ab
1797 4470 1901 4511 ex-

543 4535 790 4591 trinseco
810 4534 1122 4600 destruere,
1153 4533 1252 4591 sed
1272 4533 1438 4592 debet
1454 4534 1763 4592 immutare
1781 4551 1902 4608 pec·

540 4623 790 4674 catorem
821 4617 884 4672 in
911 4615 1115 4689 seipSO,
1148 4618 1239 4674 vel
1269 4615 1527 4674 faciendo
1556 4622 1617 4672 ut
1640 4623 1902 4675 retractet

539 4699 841 4757 efficaciter
867 4701 1051 4753 actum
1091 4697 1464 4770 praeteritum,
1510 4698 1602 4754 vel
1638 4714 1901 4754 commu·

545 4774 798 4837 nicando‘
814 4778 921 4852 ipsi
951 4778 1167 4835 donum
1207 4779 1457 4851 aliquod,
1504 4778 1567 4834 in
1611 4795 1722 4852 quo
1748 4779 1897 4836 emi-

543 4868 748 4918 nenter
770 4859 1048 4917 habeatur
1072 4878 1139 4919 ea
1168 4860 1508 4919 retractatio.
1538 4862 1606 4914 Et
1632 4859 1899 4932 quemad-

542 4940 779 4998 modum
804 4941 935 4998 licet
975 4957 1123 4997 unus
1163 4943 1336 5000 homo
1373 4945 1541 5014 queat
1574 4940 1898 4997 satisfacere

544 5037 643 5092 per
671 5038 841 5095 opera
866 5024 1118 5100 alterius,
1141 5022 1336 5096 nequit
1357 5027 1552 5079 tamen
1572 5037 1691 5079 esse
1711 5021 1899 5096 justus

2043 562 2158 642 ‘per
2178 567 2299 641 ejus
2334 568 2639 641 justitiam,
2669 566 2765 623 sed
2807 565 2972 623 debet
2998 565 3210 622 babere
3239 563 3411 637 justi-

2055 651 2198 707 tiam
2241 651 2302 708 in
2329 651 2534 722 seipso,
2571 656 2633 705 ut
2682 665 2858 720 supra
2903 645 3159 703 diximus
3196 646 3321 702 dub.
3363 649 3406 712 1,

2019 720 2026 727 ⁴
2057 731 2136 788 ita
2170 731 2267 804 qui
2295 736 2380 788 est
2419 732 2685 804 injustus,
2712 729 2911 803 nequit
2937 728 3285 802 injustitiam
3311 727 3411 785 de-

2057 828 2269 886 ponere
2298 828 2397 885 per
2424 812 2572 868 solas
2597 827 2790 885 preces
2838 810 3094 876 alterius,
3126 809 3223 866 sed
3250 809 3409 868 debet

2054 892 2315 965 in'seipso
2338 892 2669 958 immutari;
2695 891 2831 964 quia
2853 896 2970 946 tam
2989 889 3408 963 justitia,quam

2053 972 2339 1046 injustitia
2365 972 2718 1028 conveniunt
2744 970 2973 1028 homini
3003 969 3335 1037 intrinsece,
3359 975 3412 1027 et

2053 1060 2222 1127 prout
2248 1054 2311 1110 in
2341 1069 2422 1109 re.
2475 1052 2533 1109 ld
2583 1069 2721 1110 vero
2746 1052 2897 1127 quod
2942 1050 3304 1108 admittimus
3345 1051 3415 1108 de

2054 1135 2394 1192 remissione
2422 1150 2604 1206 poenae
2632 1133 2836 1193 debitae
2859 1132 3157 1206 peccatori,
3184 1132 3414 1189 intelli-

2050 1216 2303 1292 gendum
2325 1223 2407 1274 est
2429 1216 2498 1273 de
2527 1232 2694 1289 poena
2734 1214 3060 1289 temporali,
3085 1219 3140 1270 et
3167 1213 3239 1272 de
3264 1212 3415 1271 obli-

2049 1299 2278 1374 gatione
2301 1299 2566 1372 proxima
2596 1296 2828 1355 inducta
2853 1313 2924 1354 ex
2944 1296 3168 1353 decreto
3190 1297 3293 1353 Dei
3321 1320 3337 1363 3
3362 1298 3410 1354 si

2050 1380 2209 1438 enim
2248 1395 2439 1437 sermo
2482 1379 2578 1435 fiat
2601 1378 2670 1435 de
2708 1378 3074 1451 obligatione,
3100 1376 3224 1432 sive
3255 1381 3409 1434 reatu

2053 1458 2289 1516 radicati
2318 1459 2388 1515 ad
2411 1474 2638 1532 poenam
2655 1458 2873 1523 damni,
2901 1454 3309 1529 inseparabilis
3328 1461 3413 1513 est

2050 1548 2346 1614 apeccato,
2370 1548 2425 1599 et
2463 1541 2707 1599 subinde
2753 1540 2951 1615 nequit
2999 1555 3067 1597 eo
3118 1555 3239 1596 non
3279 1538 3408 1596 des-

2049 1626 2232 1680 tructo
2260 1623 2495 1679 remitti.

2133 1706 2252 1761 161.
2297 1705 2587 1761 Secundus
2612 1705 2786 1762 etiam
2828 1701 3167 1760 mutationis
3205 1702 3411 1759 modus
3437 1723 3587 1780 msuai·

2677 1865 2687 1876 .
2759 1864 2770 1874 .
2860 1864 2871 1876 .
3074 1863 3085 1875 .
3423 1775 3589 1865 εέὧῗᾶῗ

2014 1870 2291 1939 .tempu3,
2317 1871 2373 1923 et
2398 1868 2520 1940 ejus
2566 1870 2810 1923 variatio
2855 1870 3306 1937 1mpert1nenter
3350 1882 3410 1924 se
3450 1870 3572 1915 modi-

2047 1789 2132 1841 est
2160 1785 2525 1851 insufficienS,
2573 1785 2646 1843 ob
2688 1800 2873 1856 nuper
2917 1784 3099 1851 dicta;
3130 1784 3408 1856 quoniam

2050 1944 2261 2002 habent.
2299 1945 2369 2001 ad
2402 1946 2790 2009 existentiam,
2822 1947 2913 2001 vel
2958 1944 3408 2002 destructionem

2049 2029 2256 2101 peccati
2285 2028 2614 2101 habitualiS,
2640 2043 2743 2084 nec
2767 2027 3049 2083 recenseri
3071 2025 3282 2083 debent
3303 2028 3413 2085 ⁴in-

2048 2115 2135 2166 ter
2157 2108 2458 2181 principia,
2484 2124 2607 2180 quae
2647 2106 2717 2163 ad
2745 2105 2866 2179 ejus
2909 2107 3410 2165 conservationem

2047 2194 2414 2247 concurrunt.
2443 2189 2606 2246 Unde
2632 2188 2680 2245 si
2703 2190 2851 2244 Deus
2874 2189 3073 2262 nequit
3101 2187 3251 2245 illud
3278 2187 3411 2246 des-

2049 2277 2241 2329 truere
2269 2270 2498 2343 absque,
2524 2270 2640 2327 alia
2667 2269 2986 2327 mutatione
3024 2268 3096 2327 ad
3135 2274 3322 2337 extra,
3352 2277 3414 2327 ut

2047 2354 2302 2412 concedit
2323 2353 2535 2420 Curiel,
2563 2369 2678 2410 non
2695 2352 2905 2426 poterit
2928 2352 2986 2409 id
3010 2358 3282 2426 praestare
3310 2369 3414 2427 per

2046 2436 2229 2492 solam
2267 2434 2542 2507 temporis
2582 2434 2996 2500 mutationem;
3026 2433 3236 2507 quippe
3278 2451 3408 2507 quae

2048 2515 2288 2588 perinde
2314 2530 2374 2571 se
2402 2513 2571 2572 habet
2617 2513 2688 2571 ad
2718 2514 2884 2580 illud,
2924 2530 2988 2571 ac
3013 2514 3062 2569 si
3093 2529 3211 2571 non
3231 2519 3406 2572 esset.

2047 2596 2218 2669 CuJ'us
2270 2596 2502 2669 signum
2550 2600 2634 2651 est
2654 2639 2666 2663 ,
2716 2594 2866 2668 quod
2899 2595 3127 2651 etiamsi
3174 2595 3410 2652 nullum

2046 2682 2271 2750 tempus
2296 2678 2462 2742 foret,
2498 2682 2678 2750 posset
2707 2675 3093 2733 nihilominus
3121 2682 3417 2748 peccatum

2047 2758 2288 2814 remitti.
2339 2757 2669 2814 Praesertim
2697 2755 2834 2827 quia
2874 2754 3222 2811 adveniente
3261 2761 3417 2814 tem·-

2046 2855 2201 2913 pore‚
2229 2838 2292 2896 in
2320 2855 2432 2912 quo
2456 2841 2603 2896 Deus
2629 2836 2701 2894 ab
2728 2842 2941 2894 aeterno
2989 2834 3245 2893 decrevit
3275 2854 3415 2911 pec-

2043 2926 2231 2977 catum
2253 2919 2565 2983 destruere,
2608 2917 2859 2991 procedit
2899 2917 3197 2989 praesentis
3239 2918 3410 2977 dubii
3477 2971 3482 2975 .

2044 3000 2363 3067 difficultas,
2395 3016 2470 3057 an
2495 2998 2758 3057 videlicet
2782 2997 2957 3070 possit
2983 3000 3133 3054 Deus
3148 2997 3207 3054 id
3231 3015 3404 3071 praes·

2044 3088 2166 3139 tare
2185 3082 2395 3153 absque
2421 3084 2539 3138 ulla
2563 3079 2879 3137 intrinseca
2926 3081 3240 3151 peccatoris
3283 3082 3398 3139 im-

2042 3163 2363 3220 mutatione
2385 3165 2412 3217 ?
2458 3164 2602 3217 Dum
2658 3166 2850 3217 autem
2915 3159 3126 3218 dicitur
3150 3204 3163 3229 ,
3223 3163 3405 3220 Deum

2041 3243 2359 3302 decrevisse
2381 3242 2528 3298 illud
2555 3241 2850 3299 destruere
2867 3258 2968 3315 per
2995 3242 3178 3298 solam
3209 3248 3404 3301 muta-

2042 3325 2259 3392 tionem
2306 3322 2584 3396 temporis
2615 3366 2628 3390 ,
2674 3326 2729 3378 et
2772 3321 2853 3377 sic
2901 3320 3248 3379 adveniente
3302 3324 3402 3380 tali

2045 3409 2301 3477 tempore
2329 3402 2568 3467 destrui,
2603 3403 2813 3475 petitur
2843 3402 3196 3475 principium
3225 3427 3239 3470 ;
3270 3403 3401 3477 quia

2039 3485 2089 3542 si
2118 3484 2495 3558 impossibilis
2517 3490 2600 3540 est
2623 3483 2930 3541 destructio
2957 3485 3165 3557 peccati
3191 3484 3401 3559 absque

2041 3568 2236 3641 aliqua
2279 3568 2421 3624 reali
2470 3566 2807 3631 mutatione,
2839 3565 3196 3640 impossibile
3226 3567 3401 3625 etiam

2039 3656 2143 3718 est,
2194 3649 2344 3721 quod
2399 3651 2548 3706 Deus
2589 3648 2911 3706 decreverit
2936 3648 3081 3705 illud
3120 3650 3251 3707 sine
3299 3649 3399 3706 tali

2039 3731 2358 3786 mutatione
2405 3728 2698 3786 destruere
2751 3728 2814 3784 in
2857 3734 3132 3801 tempore.
3185 3730 3400 3787 Exem-

2037 3812 2201 3886 plum
2231 3809 2459 3868 veroin
2506 3810 2864 3866 contrarium
2893 3808 3198 3867 adductum
3248 3810 3396 3867 nihil

2040 3889 2259 3963 probat,
2287 3888 2358 3946 ob
2387 3890 2672 3945 rationem
2694 3887 3049 3962 disparitatis
3075 3890 3285 3962 saepius
3306 3905 3397 3946 as-

2037 3971 2345 4046 signatam;
2373 3970 2508 4043 quia
2531 3971 2622 4026 lex
2651 3975 2812 4027 vetus
2851 3975 2978 4027 erat
3017 3970 3187 4027 unice
3208 3987 3243 4027 a
3264 3972 3391 4036 Deo,

2036 4053 2133 4126 qui
2162 4052 2306 4108 sicut
2358 4051 2537 4123 potuit
2564 4066 2690 4106 eam
2732 4050 2896 4107 nullo
2934 4050 3105 4108 modo
3130 4051 3389 4116 condere,

2037 4133 2117 4190 ita
2140 4131 2661 4206 potuitdecernere,
2678 4137 2739 4186 ut
2759 4130 3011 4198 duraret,
3036 4137 3092 4189 et
3117 4130 3394 4207 obligaret

2037 4231 2213 4288 usque
2237 4214 2305 4271 ad
2322 4222 2547 4286 tempus
2562 4213 3013 4271 determinatum
3029 4238 3044 4282 ;
3068 4231 3180 4289 quo
3196 4214 3391 4288 proin-

2035 4294 2105 4351 de
2131 4296 2342 4368 elapso,
2389 4293 2596 4367 absque
2625 4295 2744 4351 ulla
2780 4295 3096 4353 mutatione
3122 4295 3391 4371 obligatio

2035 4391 2164 4432 eam
2186 4374 2530 4432 observandi
2553 4373 2811 4431 cessavit.
2837 4377 2910 4430 At
2931 4382 3220 4448 peccatum
3239 4374 3389 4433 habi·

2035 4458 2187 4513 tuale
2203 4473 2321 4513 non
2338 4460 2602 4512 causatur
2619 4471 2652 4511 a
2667 4457 2799 4522 Deo,
2813 4455 2912 4512 sed
2925 4463 3010 4513 est
3034 4457 3199 4514 unice
3215 4474 3248 4514 a
3264 4471 3386 4530 pec·

2033 4543 2240 4606 catore,
2279 4535 2569 4593 mediante
2606 4538 2826 4608 peccato
2861 4538 3092 4594 actuali:
3130 4538 3385 4610 quocirca

2032 4619 2178 4675 sicut
2205 4634 2274 4674 ex
2301 4618 2712 4692 suppositione,
2744 4617 2894 4690 quod
2923 4621 3068 4680 Deus
3095 4620 3384 4693 permittat

2034 4705 2321 4774 peccatum
2352 4701 2588 4764 actuale,
2632 4713 2749 4756 non
2777 4705 2957 4772 potest
2986 4702 3381 4758 resultantiam

2032 4781 2342 4840 habitualis
2363 4781 2662 4855 impedire,
2679 4781 2759 4837 ita
2776 4781 2887 4838 nisi
2908 4786 3244 4841 retractetur
3261 4798 3381 4857 pec-

2031 4869 2219 4920 catum
2235 4868 2354 4920 actu
2366 4866 2471 4930 ale,
2484 4879 2599 4919 non
2613 4863 3011 4932 valetefficere,
3028 4869 3088 4919 ut
3100 4863 3382 4921 habituale

2031 4952 2233 5004 cesset:
2266 4947 2463 5020 nequit
2504 4949 2694 5001 autem
2720 4952 3007 5018 peccatum
3036 4948 3256 5003 actuale
3295 4961 3381 5002 re-

2029 5032 2206 5085 tracta
2215 5028 2262 5084 ri
2275 5027 2400 5083 sine
2412 5026 2729 5083 mutatione
2744 5026 3054 5084 intrinseca
3066 5025 3380 5156 pecg'atoris

3214 5101 3383 5159 ertius
