3647 5753
1464 382 1640 439 DISP.
1688 383 1782 449 111,
1826 383 1991 441 DUB.
2037 385 2103 441 V.

289 552 382 607 vel
430 558 704 625 augeatur
749 551 875 608 sine
919 551 1134 608 actibus
1174 553 1245 609 ad
1290 569 1418 611 eam
1457 554 1663 611 ultimo

288 631 745 706 disponentibus,
797 632 1131 705 neutiquam
1178 635 1483 709 colligitur,
1514 634 1662 708 quod

291 714 544 788 praedicti
562 721 718 771 actus
745 731 862 772 non
889 715 1006 771 sint
1030 715 1431 791 dispositiones
1461 718 1664 793 physi-

290 811 370 853 cae
393 795 462 852 ad
489 796 758 871 gratiam,
790 800 846 853 et
885 796 1035 869 quod
1076 798 1192 855 haec
1238 798 1371 854 illas
1415 796 1662 871 disposi-

297 875 480 934 tiones
506 879 963 936 connaturaliter
986 893 1104 935 non
1129 884 1410 952 exposcat.

903 1102 934 1171 g
975 1101 1044 1156 11.

441 1263 752 1324 Roboratur
777 1267 1021 1340 amplius
1046 1266 1230 1322 eadem
1256 1268 1505 1324 assertio,

3063 391 3176 447 613

1790 554 2005 628 jectum
2036 555 2237 614 formas
2277 557 2636 631 recipiendae.
2677 558 2822 614 illud
2852 556 3165 624 afficienda,

1796 633 2260 705 determinando,
2310 642 2366 695 et
2410 637 2693 696 trahendo
2740 639 2810 695 ad
2841 637 3168 712 praedictam

1795 714 2049 773 formam
2076 739 2088 774 :
2120 719 2275 793 atqui
2305 719 2625 794 dispositio,
2670 736 2843 793 quam
2885 720 3169 776 moralem

1794 802 1999 853 vocant
2055 797 2411 867 Adversarii,
2464 806 2525 856 ut
2583 801 2885 857 moraliter
2939 798 3171 872 praecise

1792 895 2048 949 causans,
2082 881 2279 954 nequit
2302 882 2569 956 praedicta
2597 899 2842 939 munera
2872 886 3164 956 praestare,

1794 959 1941 1018 bene
1982 966 2175 1018 autem
2202 961 2499 1034 dispositio
2522 964 2755 1037 physica
2783 986 2796 1019 ε
2821 980 2956 1038 ergo
2985 961 3170 1034 dispo-

1792 1040 1927 1099 sitio
1969 1042 2199 1113 proprie
2224 1041 2375 1099 dicta
2401 1048 2485 1101 est
2509 1043 2764 1117 physica,
2796 1051 2849 1101 et
2882 1058 2998 1099 non
3049 1057 3170 1099 mo·

1795 1121 1956 1178 raliS.
1987 1121 2270 1178 Suadetur
2286 1123 2484 1181 minor
2505 1124 2675 1197 hujus
2703 1122 3035 1195 posterioris
3056 1121 3171 1194 syl·

1792 1202 2044 1277 logismi,
2086 1205 2221 1277 quia
2249 1205 2466 1262 actibus
2495 1207 2707 1263 nostris
2738 1222 2854 1263 non
2895 1204 3165 1261 convenit

1793 1282 1910 1338 alia
1956 1284 2259 1341 causalitas
2297 1286 2538 1343 moralis
2580 1286 2893 1359 respective
2933 1284 3003 1342 ad
3044 1299 3173 1358 gra·

1791 1365 1934 1421 tiam
1963 1370 2024 1421 ut
2049 1364 2300 1441 subJecto
2325 1367 2893 1435 communicandam,
2927 1367 3041 1423 nisi
3069 1382 3171 1439 per

77 1453 226 1497 atiud
372 1440 495 1495 112.
527 1438 782 1496 Secundo
821 1437 1096 1511 probatur
1136 1443 1332 1496 nostra
1371 1438 1661 1497 conclusio

48 1503 254 1598 Πξξζζζξξῗῶ
288 1519 635 1577 authoritate
695 1520 891 1587 simul,
948 1525 1004 1576 et
1053 1521 1278 1578 ratione
1322 1539 1336 1574 ε
1383 1518 1659 1591 quoniam

122 1612 244 1646 vera.-
279 1599 464 1667 verba
486 1600 876 1657 Conciliorum
898 1599 1108 1657 debent
1137 1600 1201 1656 in
1222 1615 1395 1657 sensu
1427 1599 1660 1672 proprio

55 1662 234 1745 ωιῗῧῗιῖ.
287 1682 679 1755 interpretari,
732 1680 830 1737 ubi
882 1686 1082 1738 contra
1127 1680 1444 1754 rigorosam
1474 1680 1659 1736 inter-

1792 1446 2032 1504 modum
2085 1449 2300 1516 meriti,
2343 1450 2437 1506 vel
2485 1449 2941 1523 impetrationis3
2986 1464 3170 1522 neque

1791 1529 1951 1587 enim
1995 1531 2172 1589 aliam
2214 1532 2611 1589 causalitatem
2640 1531 2921 1589 moralem
2965 1547 3167 1604 possu-
3236 1560 3239 1565 ·

1793 1627 1923 1667 mus
1951 1613 2014 1669 in
2048 1612 2152 1670 hac
2179 1619 2341 1687 parte
2380 1616 2736 1690 excogitare;
2767 1621 2820 1671 et
2847 1614 2897 1669 si
2926 1628 3160 1670 omnem

1792 1696 2185 1753 causalitatem
2224 1698 2602 1763 excludimuS,
2657 1714 2773 1755 non
2818 1696 3170 1769 relinquitur

68 3488 250 3534 Concu.

55 3539 267 3584 Trident-

288 1763 667 1835 pretationem
721 1777 839 1818 non
903 1766 1012 1817 stat
1059 1759 1290 1833 aliquod
1348 1760 1660 1832 Scripturas

283 1842 702 1906 testimonium,
754 1842 846 1898 vel
894 1842 1153 1898 Ecclesiae
1198 1839 1469 1897 diffinitio
1513 1840 1657 1897 :sed

283 1924 603 1982 Concilium
632 1923 1042 1981 Tridentinum
1059 1924 1327 1989 declarat,
1346 1929 1402 1980 et
1423 1921 1653 1992 diffinit,

281 2006 582 2063 hominem
609 2004 857 2078 disponi,
890 2012 945 2063 et
970 2004 1285 2078 praeparari
1314 2003 1386 2061 ad
1410 2004 1658 2078 gratiam

275 2087 703 2162 justificationis
733 2105 833 2161 per
868 2094 1043 2153 actuS,
1075 2103 1216 2159 quos
1245 2086 1447 2143 divina
1472 2086 1660 2161 gratia

283 2176 609 2242 praeventus
630 2171 784 2227 elicit
807 2194 820 2235 ;
851 2174 907 2227 et
928 2168 1228 2242 dispositio
1257 2167 1488 2240 proprie
1509 2166 1658 2224 dicta

282 2256 366 2309 est
384 2251 683 2324 dispositio
712 2251 963 2324 physica,
998 2265 1116 2307 non
1141 2254 1334 2307 autem
1364 2247 1608 2304 moralis
1641 2269 1654 2304 ε

284 2350 419 2408 crgo
466 2340 639 2399 actus,
696 2332 901 2407 quibus
950 2333 1166 2405 impius
1212 2331 1541 2404 disponitur
1586 2329 1655 2386 ad

281 2416 769 2490 justificationem,
814 2421 948 2472 sunt
974 2415 1374 2488 dispositiones
1407 2411 1657 2486 physicae

286 2496 357 2554 ad
405 2496 740 2569 praedictum
781 2498 1064 2556 effectum.
1108 2494 1524 2568 Consequentia
1552 2509 1658 2566 pa-

283 2581 384 2635 tet.
408 2579 593 2653 Major
613 2581 787 2637 etiam
810 2579 1003 2654 liquet,
1027 2578 1161 2651 quia
1181 2577 1231 2632 si
1259 2577 1456 2633 liceret
1479 2573 1656 2632 verba

285 2659 672 2717 conciliorum
703 2661 763 2716 ia
792 2676 961 2717 sensu
1000 2657 1320 2732 improprio
1364 2657 1656 2730 interpre-

282 2740 415 2811 tari,
448 2741 596 2799 nihil
625 2742 863 2799 firmum
908 2740 1214 2799 haberetur
1252 2754 1324 2797 ex
1350 2738 1653 2810 Conciliis;

282 2826 339 2879 et
365 2837 537 2880 nemo
563 2838 762 2880 eorum
794 2822 1138 2882 authoritate
1159 2822 1343 2894 posset
1362 2818 1650 2887 convinci,

283 2918 412 2959 cum
456 2901 623 2960 facile
668 2903 735 2959 ad
799 2902 1218 2977 metaphoricas
1268 2898 1656 2970 expositiones

286 2990 627 3043 recurreret.
670 2985 829 3052 Quod
857 2985 1070 3042 directe
1115 2980 1429 3056 opponitur
1450 2979 1672 3038 Conci«

285 3070 500 3128 liorum
539 3069 751 3139 menti;
781 3083 917 3125 nam
945 3065 1332 3138 utplurimum
1359 3061 1655 3120 declarant

282 3166 366 3219 ea,
382 3169 505 3225 quae
526 3150 762 3209 obscure
783 3149 1228 3207 continebantur
1250 3146 1313 3202 in
1335 3145 1649 3218 Scriptura,

281 3237 336 3289 et
361 3233 423 3289 in
450 3234 659 3298 vari03,
681 3238 1105 3302 extraneosque
1118 3243 1321 3285 sensus
1347 3223 1655 3282 traheban-

282 3322 378 3373 tur
405 3316 475 3372 ab
521 3315 822 3373 haereticis.
855 3313 1051 3369 Minor
1078 3310 1250 3368 habet
1276 3309 1418 3366 duas
1441 3313 1649 3380 partes,

283 3415 529 3471 quarum
576 3397 763 3470 prima
792 3400 877 3452 est
901 3393 1242 3460 manifesta;
1272 3407 1409 3448 nam
1449 3387 1654 3447 Conci-

284 3479 433 3534 lium
459 3476 715 3534 Trident.
742 3494 873 3532 sess.
900 3477 955 3538 6,
983 3492 1108 3548 cap.
1145 3476 1201 3539 6,
1231 3471 1419 3545 inquit
1445 3491 1458 3527 :
1487 3491 1512 3521 «
1536 3469 1656 3525 Dis·

290 3579 314 3607 <1
348 3560 642 3630 ponuntur
669 3562 860 3613 autem
889 3554 959 3611 ad
981 3554 1167 3628 ipsam
1194 3553 1496 3629 justitiam,
1516 3549 1655 3605 dum

291 3659 316 3688 a
347 3636 576 3703 excitati
604 3635 805 3692 divina
849 3635 1048 3709 gratia,
1077 3639 1133 3691 et
1162 3632 1360 3708 adjuti,
1386 3631 1562 3688 fidem
1584 3645 1657 3686 ex

290 3742 315 3768 tt
350 3715 548 3774 auditu
596 3718 998 3790 concipientes,
1043 3715 1230 3772 libere
1257 3716 1566 3772 moventur
1592 3710 1657 3766 in

289 3822 313 3850 «
345 3801 548 3866 Deum,
575 3803 678 3855 etc.
700 3796 776 3854 Et
796 3815 917 3870 cap.
931 3800 965 3853 7
988 3798 1179 3853 :Hanc
1193 3794 1650 3868 dispositionem,

289 3901 312 3930 α
346 3895 442 3937 seu
469 3877 950 3952 praeparationem
993 3875 1320 3951 justificatio
1353 3875 1480 3948 ipsa
1516 3889 1654 3931 con-

286 3983 311 4011 «
337 3961 614 4032 sequitur.
667 3959 744 4016 Et
785 3960 940 4032 inf-ra
982 3976 999 4011 .·
1043 3958 1336 4014 Justitiam
1384 3957 1449 4013 in
1490 3953 1656 4012 nobis

287 4063 311 4090 «
347 4041 705 4114 recipientes
741 4040 1129 4113 unusquisque
1155 4054 1320 4095 suam
1340 4034 1655 4094 secundum

288 4143 313 4172 α
348 4137 703 4187 mensuram,
735 4137 908 4194 quam
936 4120 1182 4193 Spiritus
1216 4122 1446 4174 sanctus
1473 4114 1658 4190 parti-

290 4224 312 4251 «
345 4208 442 4258 tur
463 4202 705 4276 singulis
729 4206 896 4275 prout
925 4201 1064 4266 vult,
1096 4204 1150 4256 et
1178 4197 1492 4256 secundum
1520 4211 1654 4269 pro—

291 4305 316 4335 «
348 4284 537 4356 priam
573 4285 843 4359 cujusque
869 4282 1323 4354 dispositionem,
1355 4285 1411 4337 et
1453 4293 1656 4349 coope-

291 4386 318 4416 ιι
348 4365 651 4422 rationem.
684 4363 756 4420 Et
777 4380 900 4419 can.
926 4364 993 4418 4:
1024 4361 1233 4434 Siquis
1260 4359 1489 4426 dixerit,
1508 4357 1657 4414 libe·

292 4471 318 4498 «
350 4464 481 4505 rum
513 4446 763 4504 hominis
800 4443 1107 4501 arbitrium
1143 4460 1174 4499 a
1199 4444 1311 4500 Deo
1329 4445 1569 4507 motum,
1601 4442 1657 4496 et

293 4556 316 4584 «
347 4531 654 4589 excitatum
673 4528 823 4585 nihil
840 4524 1133 4599 cooperari
1157 4523 1522 4584 assentiendo
1545 4524 1657 4578 Deo

292 4640 316 4668 α
346 4613 639 4676 excitanti,
671 4617 837 4682 atque
859 4610 1108 4673 vocanti,
1138 4625 1251 4682 quo
1278 4607 1349 4665 ad
1385 4606 1655 4664 obtinen-

292 4723 316 4751 «
343 4698 478 4756 dam
520 4691 947 4771 justificationis
992 4691 1243 4767 gratiam
1281 4704 1340 4746 se
1367 4688 1650 4761 disponat,

291 4803 315 4832 <t
348 4797 411 4837 ac
438 4783 735 4853 praeparet,
768 4780 874 4831 etc.
899 4772 1206 4830 anathema
1227 4771 1319 4827 sit.
1351 4790 1376 4822 n
1401 4765 1658 4825 Secunda

284 4878 423 4921 vero
462 4861 711 4918 minoris
753 4874 902 4931 pars,
938 4856 1001 4911 in
1041 4870 1153 4928 qua
1179 4857 1263 4910 est
1302 4850 1488 4923 major
1516 4847 1658 4904 diffi-

283 4945 487 5011 cultas,
538 4943 619 4998 sic
659 4937 980 4997 ostenditur
1033 4957 1046 4992 :
1087 4933 1364 5008 quoniam
1410 4943 1656 4986 munera

284 5028 528 5106 propria
554 5021 950 5100 dispositionis
975 5023 1316 5078 exercentur
1342 5012 1492 5072 circa
1519 5011 1656 5070 sub-

1791 1792 1964 1834 verus
1983 1783 2282 1851 conceptus
2309 1795 2508 1846 causae,
2543 1796 2605 1836 ac
2643 1778 2886 1853 proinde
2915 1795 3017 1835 nec
3037 1778 3163 1835 dis-

1792 1856 2095 1929 positionis
2129 1880 2142 1915 :
2173 1857 2320 1932 quod
2347 1865 2432 1917 est
2476 1860 2810 1924 absurdum,
2842 1864 2899 1916 et
2924 1858 3169 1916 destruit

1792 1936 1871 2005 id,
1901 1940 2051 2012 quod
2096 1941 2161 1998 in
2206 1940 2310 1998 hoc
2351 1940 2526 2000 dubio
2552 1943 2933 2016 supponimus
2964 1963 2976 1998 ε
3008 1943 3165 2014 atqui

1790 2023 2084 2091 meritum,
2113 2028 2170 2081 et
2209 2024 2544 2097 impetratio
2590 2040 2709 2082 non
2736 2027 3004 2081 exercent
3032 2038 3162 2096 pro·

1791 2102 1917 2175 prie
1958 2103 2241 2177 loquendo
2269 2120 2521 2165 munera
2555 2105 2951 2177 dispositionis
2989 2118 3166 2178 supra

1792 2184 2006 2250 relata;
2054 2184 2338 2256 siquidem
2380 2201 2498 2243 non
2524 2185 2815 2257 explicant
2864 2183 3163 2241 habitudi-

1790 2277 1925 2319 nem
1967 2264 2294 2335 proximam
2323 2263 2394 2322 ad
2419 2264 2757 2339 subjectum,
2798 2264 2896 2322 sed
2937 2265 3163 2336 impor-

1790 2348 1913 2400 tant
1943 2350 2259 2417 respectum
2286 2345 2357 2403 ad
2387 2346 2808 2419 praemiantem,
2836 2351 2892 2403 et
2917 2345 2988 2401 ad
3013 2358 3164 2417 prze-

1789 2426 2019 2497 mium;
2072 2428 2225 2485 unde
2269 2429 2435 2503 juxta
2502 2443 2870 2486 communem
2919 2424 3156 2483 modum

1789 2508 2168 2582 concipiendi,
2213 2510 2509 2576 meritum,
2540 2514 2598 2566 et
2642 2509 2994 2582 impetratio,
3019 2522 3166 2579 qua-

1789 2592 1957 2646 tenus
1995 2591 2157 2660 talia,
2207 2607 2325 2649 non
2377 2590 2591 2648 habent
2643 2590 2927 2647 rationem
2982 2603 3166 2645 causas

1787 2672 2126 2739 materialis,
2175 2673 2276 2731 sed
2319 2689 2505 2730 causac
2550 2672 2846 2729 efficientis
2878 2669 3157 2728 moralis:

1787 2768 1924 2826 ergo
1948 2751 2127 2827 gratis
2170 2768 2450 2820 concesso,
2482 2751 2630 2825 quod
2669 2757 2844 2817 actus,
2877 2766 3016 2824 quos
3043 2748 3165 2805 Ad-

1787 2834 2031 2894 versarii
2059 2840 2268 2894 vocant
2312 2835 2719 2910 dispositiones
2749 2835 3020 2903 moraleS,
3055 2833 3162 2891 ha-

1788 2915 1992 2974 berent
2018 2917 2140 2973 vim
2168 2916 2544 2991 impetrandi,
2577 2922 2675 2973 aut
2723 2915 2985 2973 merendi
3025 2930 3163 2990 gra-

1787 2995 1960 3061 tiam;
1989 3003 2186 3056 tamen
2222 3005 2503 3072 quatenus
2542 2999 2837 3063 meritum,
2877 3003 2933 3054 et
2974 2998 3165 3069 impe-

1787 3080 1961 3138 tratio
2022 3085 2176 3146 sunt,
2228 3085 2521 3155 nequeunt
2585 3085 2857 3153 praestare
2916 3093 3164 3135 munera

1788 3161 2024 3234 propria
2048 3177 2230 3217 causae
2255 3161 2635 3234 dispositivae.

1863 3240 2254 3299 confirmatur
2281 3242 2491 3316 prime,
2522 3242 2658 3314 quia
2703 3240 3002 3312 dispositio
3044 3257 3166 3300 mo·
3210 3259 3365 3302 conar-

1789 3324 1930 3381 ralis
1952 3339 2071 3381 non
2089 3323 2260 3381 habet
2288 3324 2574 3380 rationem
2597 3322 3012 3396 dispositionis,
3047 3324 3163 3382 nisi
3210 3314 3353 3353 mm*

1787 3419 1861 3461 ex
1886 3403 2252 3460 ordinatione
2290 3403 2389 3460 Dei
2419 3403 2759 3474 acceptantis
2786 3417 2890 3473 pro
2916 3401 3164 3476 disposi-

1787 3485 1946 3542 tione
1971 3483 2050 3550 id,
2076 3482 2226 3557 quod
2252 3500 2322 3541 ex
2348 3487 2558 3540 natura
2597 3499 2701 3540 sua
2741 3482 3025 3539 rationem
3053 3484 3165 3540 dis-

1788 3564 2092 3637 positionis
2119 3580 2238 3622 non
2256 3562 2427 3621 habet
2447 3583 2459 3618 ε
2479 3563 2636 3635 atqui
2659 3566 2813 3619 actus
2828 3569 3165 3637 supernatu—

1791 3648 1955 3715 raleS,
1970 3645 2179 3720 quibus
2203 3645 2418 3718 impius
2431 3643 2500 3702 ad
2515 3645 2800 3719 justitiam
2816 3644 3159 3718 disponitur,

1789 3727 2003 3786 habent
2031 3727 2431 3786 antecedenter
2481 3726 2552 3783 ad
2596 3728 2977 3784 extrinsecam
3004 3727 3165 3786 ordi-

1788 3812 2091 3870 nationem
2114 3810 2214 3866 Dei
2243 3809 2549 3884 disponere
2570 3809 2866 3867 hominem
2895 3809 2965 3866 ad
2989 3811 3131 3886 justi
3147 3843 3166 3853 -

1788 3898 1956 3964 tiam,
1982 3897 2086 3952 ‘seu
2112 3895 2363 3968 gratiam
2396 3916 2409 3952 :
2439 3910 2575 3969 ergo
2601 3898 2737 3950 sunt
2762 3893 3169 3966 dispositiones

1789 3993 1910 4035 nou
1964 3974 2196 4050 praecise
2235 3976 2505 4043 morales,
2548 3973 2647 4032 sed
2696 3975 2960 4049 physicae,
3003 3979 3059 4033 et
3097 3989 3170 4031 ex

1789 4064 2001 4116 natura
2020 4059 2122 4115 rei.
2154 4057 2443 4114 Probatur
2469 4057 2682 4124 minor,
2709 4058 2841 4130 quia
2861 4062 3168 4131 antequam

1789 4142 2186 4214 intelligamus
2214 4138 2470 4212 aliquam
2510 4140 2891 4196 extrinsecam
2940 4139 3040 4196 Dei
3069 4154 3169 4196 or-

1788 4221 2166 4287 dinationem,
2194 4219 2366 4276 aliter
2393 4236 2454 4277 se
2480 4219 2650 4276 habet
2677 4221 2866 4287 hom0,
2892 4219 2991 4292 qui
3014 4218 3171 4276 elicit

1789 4310 1946 4362 actus
1972 4302 2441 4375 supernaturales
2488 4303 2743 4370 timoris,
2773 4302 2914 4374 spei,
2946 4302 3166 4358 contri-

1788 4379 1986 4442 tionis,
2011 4381 2066 4433 et
2093 4375 2412 4443 charitatiS,
2445 4375 2652 4449 quibus
2688 4381 2967 4449 quantum
2990 4380 3072 4432 est
3098 4376 3172 4432 de

1788 4478 1870 4530 se,
1903 4464 2169 4519 retractat
2198 4459 2490 4531 praeterita
2530 4464 2770 4532 peccata,
2801 4465 2858 4515 et
2883 4458 3069 4516 studet
3096 4459 3170 4516 ad

1790 4544 1890 4602 Dei
1920 4542 2240 4600 amicitiam
2270 4540 2561 4608 accedere;
2600 4557 2773 4614 quam
2825 4541 2927 4599 ille
2972 4541 3163 4608 homo,

1790 4624 1889 4699 qui
1914 4625 2008 4681 vel
2030 4624 2263 4680 nullum
2294 4626 2482 4678 actum
2509 4621 2683 4689 elicit,
2715 4622 2809 4678 vel
2835 4622 2993 4679 elicit
3013 4628 3169 4680 actus

1792 4703 2027 4777 praecise
2055 4702 2350 4759 naturales
2377 4699 2514 4758 :sed
2541 4700 2658 4758 haec
2698 4701 3006 4758 diversitas
3036 4717 3170 4775 per-

1791 4784 1939 4841 tinet
1960 4781 2029 4838 ad
2050 4797 2231 4856 genus
2254 4797 2436 4838 causae
2455 4782 2776 4839 materialis
2798 4781 3166 4854 dispositivae3

1791 4873 1899 4915 nec
1941 4855 2101 4914 enim
2147 4855 2219 4913 ad
2268 4855 2427 4912 aliud
2471 4872 2652 4930 genus
2699 4854 2892 4912 reduci
2937 4860 3163 4927 potest:

1792 4952 1929 5012 ergo
1968 4942 2139 5003 actus,
2170 4934 2378 5008 quibus
2430 4935 2647 5009 impius
2699 4935 2772 4993 ad
2795 4934 3170 5010 justificatio-

1790 5035 1928 5079 nem
1979 5018 2327 5094 disponitur,
2376 5017 2592 5077 habeut
2648 5019 3048 5078 antecedenter
3097 5020 3171 5078 ad
