3647 5753
1550 394 1731 452 DISP.
1778 394 1843 461 11,
1887 395 2055 452 DUB.
2097 395 2166 451 11.
3138 399 3246 455 337

383 564 523 621 dum
553 585 566 621 :
594 579 733 639 ergo
760 565 1031 638 praedicta
1050 566 1318 624 contritio
1339 582 1456 624 non
1480 564 1750 640 justificat

385 647 454 705 de
500 649 668 705 facto.
723 649 963 721 Sequela
1008 648 1347 717 ostenditur,
1401 650 1536 723 quia
1594 648 1748 706 idem

381 728 610 786 effectus
644 728 911 785 formalis
939 730 1137 803 nequit
1177 729 1523 789 naturaliter
1550 747 1583 787 a
1602 729 1748 785 dua·

385 809 490 867 bus
529 810 736 867 formis
782 811 1063 883 praestari,
1118 816 1178 869 et
1212 811 1295 868 sic
1341 812 1542 885 nequit
1593 811 1748 868 idem

381 890 697 967 subjectum
722 908 847 949 esse
885 892 1081 949 album
1122 907 1224 965 per
1250 891 1393 948 duas
1430 892 1743 960 albedines,

384 979 483 1029 aut
507 972 760 1030 calidum
784 988 887 1045 per
906 971 1050 1029 duos
1073 974 1291 1030 calores
1319 989 1492 1049 :ergo
1504 974 1554 1030 si
1575 972 1748 1032 homo

303 1052 314 1063 ”
383 1053 692 1127 aliquando
707 1051 1053 1128 justificatur
1076 1053 1402 1111 formaliter
1424 1069 1524 1128 per
1537 1054 1749 1112 contri-

383 1136 622 1202 tionem,
672 1136 872 1210 nequit
916 1139 1053 1193 tunc
1073 1135 1378 1212 justificari
1422 1136 1747 1194 formaliter

384 1230 487 1290 per
533 1216 778 1291 gratiam
830 1216 1205 1274 habitualem.
1262 1217 1504 1273 Falsitas
1554 1220 1746 1273 autem

383 1297 779 1370 consequentis
802 1296 995 1371 liquet,
1021 1297 1156 1372 quia
1166 1297 1481 1374 justificare
1501 1297 1748 1371 pertinet

387 1377 458 1436 ad
495 1379 756 1436 effectum
795 1379 1104 1437 formalem
1149 1379 1500 1453 primarium
1546 1379 1747 1453 gratiae

383 1458 829 1526 sanctificantis;
883 1460 1168 1535 siquidem
1220 1466 1328 1533 per'
1373 1459 1742 1531 semetipsam

378 1539 618 1612 expellit
658 1541 968 1608 maculam,
1011 1557 1075 1598 ac
1112 1540 1407 1598 constituit
1445 1539 1743 1597 hominem

381 1620 716 1693 participem
764 1625 986 1676 naturae
1024 1620 1256 1686 divinae,
1303 1626 1360 1677 et
1404 1618 1746 1692 simpliciter

379 1708 617 1768 rectum,
669 1718 731 1758 ac
771 1702 993 1776 justum
1045 1718 1239 1759 coram
1300 1703 1433 1769 Deo,
1503 1705 1563 1757 ut
1611 1699 1739 1755 dub.

371 1784 593 1855 praced.
629 1781 886 1839 vidimus
914 1805 927 1840 :
958 1782 1157 1855 nequit
1182 1788 1372 1839 autem
1422 1781 1609 1838 forma
1635 1795 1745 1837 na-

379 1863 643 1920 turaliter
670 1862 1089 1920 communicari
1110 1861 1381 1936 subjecto,
1405 1860 1547 1934 quin
1572 1876 1743 1917 suum

375 1942 637 2000 effectum
665 1943 996 2009 formalem,
1026 1947 1084 1999 et
1112 1942 1460 2015 primarium
1489 1940 1599 2013 ipsi
1628 1941 1743 1996 im-

379 2023 658 2095 pertiatur
685 2044 699 2079 :
721 2038 858 2097 ergo
878 2024 927 2078 si
948 2022 1020 2079 de
1047 2022 1193 2081 racto
1213 2022 1401 2098 gratia
1430 2020 1743 2078 habitualis

271 2116 278 2131 ¹
382 2105 443 2159 in
467 2105 660 2177 aliquo
674 2105 829 2177 justo
852 2119 968 2161 non
987 2109 1210 2161 exercet
1236 2103 1518 2159 rationem
1540 2101 1743 2158 formae

379 2183 803 2249 sanctificantis,
824 2184 1083 2256 sequitur
1097 2182 1224 2240 dari
1242 2184 1312 2239 de
1328 2184 1473 2240 facto
1489 2183 1740 2255 aliquem

376 2265 608 2338 justum,
652 2266 715 2321 in
741 2280 854 2338 quo
896 2279 1011 2319 non
1052 2263 1127 2319 sit
1164 2263 1350 2337 gratia
1388 2261 1737 2328 habitualis;

379 2344 526 2419 quod
570 2351 767 2403 tamen
806 2350 891 2400 est
935 2360 1102 2402 error
1147 2345 1210 2399 in
1261 2343 1416 2410 Fide,
1461 2348 1518 2401 et
1542 2347 1741 2400 contra

382 2425 697 2482 Concilium
750 2424 1012 2483 Trident.
1060 2442 1191 2480 sess.
1239 2427 1295 2490 6,
1349 2441 1470 2497 cap.
1520 2426 1577 2480 7.
1628 2426 1740 2480 Nec

383 2505 610 2578 prodest
652 2504 859 2572 dicere,
907 2506 1339 2569 contritionem,
1386 2509 1444 2561 et
1491 2504 1739 2578 gratiam

385 2585 732 2643 habitualem
775 2603 894 2644 esse
915 2604 1123 2646 ,causas
1150 2586 1423 2644 formales
1468 2586 1739 2660 partiales

381 2666 632 2741 ejusdem
673 2667 1096 2742 justificationis
1121 2690 1135 2734 ;
1186 2683 1323 2724 nam
1378 2666 1738 2742 impugnatio

385 2762 566 2820 nuper
580 2748 721 2805 facta
735 2749 872 2805 satis
888 2749 1102 2805 evincit
1114 2749 1361 2823 gratiam
1384 2747 1736 2804 habitualem

377 2843 498 2885 esse
523 2829 769 2886 formam
798 2828 1107 2903 adaequate,
1139 2834 1196 2887 et
1215 2826 1559 2886 sufficienter
1574 2826 1738 2902 justi·

376 2908 674 2968 ficantem:
705 2910 761 2966 id
789 2910 936 2983 quod
966 2911 1143 2984 liquet
1170 2911 1231 2966 in
1263 2910 1521 2983 parvulis
1546 2908 1737 2981 bapti-

376 2991 531 3057 zatis,
581 2992 678 3065 qui
722 3008 823 3065 per
849 2993 1098 3066 gratiam
1126 2990 1480 3048 habitualem
1522 2989 1737 3047 consti-

374 3076 613 3128 tuantur
621 3072 758 3146 justi
775 3087 967 3129 coram
981 3073 1094 3128 Deo
1109 3086 1226 3127 non
1239 3071 1435 3126 minus
1449 3069 1736 3142 adaequate

367 3157 425 3228 et
442 3151 811 3217 sufficienter,
837 3152 1223 3209 essentialiter
1244 3149 1548 3223 loquendo,
1561 3164 1733 3221 quam

369 3233 549 3290 adulti
579 3239 784 3308 :atque
805 3234 932 3292 ideo
960 3235 1051 3291 vel
1091 3232 1396 3291 dicendum
1416 3237 1501 3290 est
1516 3232 1736 3304 aliquos

367 3316 591 3374 adultos
611 3314 914 3391 justificari
943 3316 1013 3372 de
1035 3316 1181 3372 facto
1204 3315 1414 3388 absque
1440 3313 1736 3371 infusione

366 3397 564 3471 gratias
586 3396 918 3462 habitualiS‚
949 3395 1099 3468 quod
1126 3395 1254 3451 sine
1279 3410 1479 3452 errore
1506 3394 1570 3449 in
1600 3392 1735 3450 Fide

367 3476 476 3534 dici
505 3493 625 3534 non
656 3480 837 3549 potest
861 3500 875 3544 ;
901 3477 990 3533 vel
1019 3474 1326 3533 concedere
1354 3478 1576 3548 oportet
1595 3488 1735 3546 prae·

368 3557 577 3616 dictam
605 3556 855 3632 gratiam
883 3572 1005 3614 esse
1029 3555 1100 3614 de
1121 3557 1267 3614 facto
1292 3561 1412 3613 tarn
1439 3556 1503 3612 in
1529 3571 1736 3627 parvu-

371 3639 457 3704 lis,
524 3654 707 3713 quam
760 3637 823 3693 in
876 3635 1084 3693 adultis
1135 3652 1361 3693 causam
1428 3636 1732 3692 formalem

368 3718 725 3793 adaequatam
760 3716 1202 3792 justificationiS,
1234 3722 1291 3774 et
1322 3722 1735 3789 consequenter

369 3808 521 3859 actus
547 3800 939 3868 contritioniS,
987 3805 1045 3857 et
1084 3800 1300 3858 amoris
1343 3798 1415 3856 de
1443 3799 1589 3856 facto
1614 3813 1734 3854 non

366 3883 682 3956 justificare
705 3881 1046 3938 formaliter.

168 3968 357 4020 Obieciio.
442 3968 534 4023 54.
561 3962 677 4022 Sed
705 3964 969 4037 objicies;
1008 3978 1142 4019 nam
1172 3962 1503 4018 humanitas
1523 3958 1734 4017 Christi

369 4047 600 4105 Domini
643 4044 993 4102 sanctificata
1018 4048 1103 4102 est
1131 4044 1411 4119 primario
1433 4058 1535 4117 per
1562 4048 1736 4099 natu-

368 4146 491 4188 ram
519 4129 792 4186 divinam
822 4127 930 4200 ipsi
959 4126 1419 4183 substantialiter
1444 4125 1506 4180 in
1534 4123 1734 4181 eadem

364 4227 609 4284 persona
630 4210 862 4266 unitam
884 4233 897 4277 ;
914 4215 971 4266 et
986 4208 1374 4265 nihilominus
1386 4204 1736 4262 sanctificata

363 4293 537 4349 etiam
561 4293 682 4349 {uit
697 4307 797 4364 per
811 4291 1058 4365 gratiam
1078 4288 1430 4345 habitualem
1453 4288 1516 4343 in
1537 4286 1737 4342 anima

365 4378 651 4446 receptam
699 4393 712 4426 ε
734 4385 870 4444 ergo
889 4386 960 4426 ex
982 4386 1049 4426 eo
1068 4368 1218 4442 quod
1246 4367 1474 4425 adultus
1492 4365 1562 4422 de
1588 4366 1735 4423 facto

361 4453 707 4527 justificetur
737 4465 838 4524 per
866 4458 1052 4507 actum
1078 4448 1464 4515 contritioniS,
1489 4464 1606 4505 non
1631 4449 1736 4505 im-

366 4535 593 4608 peditur
611 4531 916 4610 justificari
932 4533 1107 4589 etiam
1121 4531 1192 4588 de
1205 4532 1352 4588 facto
1372 4544 1474 4602 per
1487 4529 1736 4603 gratiam

366 4617 748 4674 habitualem.

178 4717 352 4765 solvitur.
439 4695 845 4771 Respondetur
904 4692 1166 4769 negando
1224 4692 1734 4765 consequentiam:

366 4785 489 4837 tum
511 4780 652 4853 quia
677 4794 754 4836 ex
778 4775 1087 4849 praemissis
1114 4789 1233 4832 non
1261 4772 1513 4830 infertur
1537 4788 1738 4831 conse-

366 4863 603 4934 quentia
630 4860 705 4917 de
731 4859 898 4927 facto,
929 4857 1028 4916 sed
1056 4855 1127 4913 ad
1147 4871 1442 4913 summum
1462 4854 1534 4913 de
1554 4855 1737 4928 possi-

368 4942 493 5010 bili,
544 4949 604 5000 et
644 4955 750 5014 per
790 4945 1107 5012 respectum
1158 4936 1230 4994 ad
1276 4935 1595 4996 absolutam
1620 4935 1738 5008 {Dei

370 5025 713 5099 potentiam,
776 5023 937 5096 cujus
994 5037 1138 5094 opus,
1199 5018 1307 5075 fuit
1370 5015 1739 5075 sanctificatio

1885 567 2129 624 Christi:
2155 584 2231 624 an
2252 572 2446 625 autem
2471 568 2561 625 vel
2589 568 2694 626 hoc
2719 569 2922 627 saltem
2952 569 3245 641 probetur,

1883 647 2040 704 infra
2054 646 2379 704 videbimus
2391 650 2487 718 §3-
2505 648 2653 704 Tum
2669 647 2929 716 etiam,et
2942 650 3244 722 praecipue,

1881 729 2015 802 quia
2043 728 2162 786 illae
2186 728 2311 786 duae
2349 729 2561 786 Christi
2588 732 2916 788 sanctitates
2946 746 3064 788 non
3108 737 3247 788 sunt

1872 808 2135 885 ejusdem
2188 810 2457 877 rationis,
2515 826 2619 868 nec
2667 810 2917 868 eundem
2982 811 3246 869 effectum

1870 892 2190 949 'formalem
2232 897 2506 965 praestant
2531 917 2545 961 3
2574 892 2672 950 sed
2702 910 2817 950 una
2857 898 2942 949 est
2968 894 3242 962 increata,

1881 974 2065 1031 altera
2082 980 2272 1031 creata
2292 998 2306 1041 ;
2326 990 2442 1031 una
2465 977 2804 1047 personalia,
2827 975 2941 1031 alia
2957 974 3221 1033 formalis
3229 1002 3243 1043 ;

1883 1053 2044 1125 prior
2088 1052 2401 1111 sanctificat
2441 1054 2917 1121 substantialiter,
2966 1057 3247 1127 posterior

1881 1149 2019 1192 vero
2062 1133 2507 1193 accidentaliter.
2552 1136 2723 1210 Cujus
2768 1135 3121 1193 diversitatis
3159 1136 3246 1192 si-

1880 1231 2061 1291 gnum
2076 1222 2179 1285 est,
2205 1215 2352 1289 quod
2377 1232 2482 1274 nos
2502 1217 2754 1274 dicimur
2775 1218 3015 1275 univoce
3035 1220 3239 1284 sancti,

1879 1313 1946 1354 ac
1964 1297 2104 1370 justi
2142 1312 2273 1353 cum
2302 1297 2529 1354 Christo
2556 1304 2619 1353 ut
2643 1303 2838 1355 sancto
2866 1312 2967 1371 per
2992 1299 3242 1374 gratiam

1880 1378 2254 1444 habitualem,
2279 1393 2438 1435 secus
2459 1384 2522 1434 ut
2544 1384 2742 1437 sancto
2763 1393 2865 1451 per
2878 1380 3242 1438 sanctitatem

1881 1459 2243 1532 personalem
2271 1466 2329 1517 et
2368 1459 2719 1516 increatam:
2759 1459 2908 1516 circa
2954 1459 3103 1532 quod
3150 1461 3246 1516 vi·

1878 1541 2051 1598 dendi
2098 1546 2234 1598 sunt
2275 1541 2549 1615 Theologi
2588 1542 2624 1595 3
2659 1549 2809 1614 part.
2861 1549 3040 1615 quast.
3085 1545 3141 1607 7,
3189 1548 3248 1601 et

1875 1624 2100 1681 consuli
2130 1628 2310 1696 potest
2355 1622 2550 1696 Godoy
2589 1623 2787 1679 ibidem
2812 1624 2954 1697 disp.
2984 1626 3078 1691 21,
3110 1628 3143 1695 g
3180 1628 3235 1683 2.
3276 1631 3439 1683 Godoy.

1876 1706 2158 1761 Caeterum
2184 1704 2475 1770 sanctitas,
2501 1708 2558 1759 et
2571 1702 2920 1776 justificatio,
2952 1719 3125 1777 quam
3148 1720 3246 1761 ac-

1878 1790 1970 1841 tus
2019 1784 2386 1841 contritionis
2436 1784 2795 1856 impertiret,
2863 1784 2912 1840 si
2977 1783 3047 1841 de
3100 1785 3246 1843 sacto

1875 1864 2275 1930 sanctificaret,
2324 1868 2471 1921 esset
2519 1864 2775 1939 ejusdem
2823 1865 3067 1921 rationis
3110 1881 3243 1922 cum

1876 1949 2192 2013 sanctitate,
2222 1952 2280 2004 et
2312 1946 2738 2021 justificatione,
2787 1962 2961 2019 quam
3003 1946 3073 2003 de
3100 1947 3246 2005 facto

1875 2028 2263 2085 communicat
2329 2026 2516 2101 gratia
2587 2025 2932 2093 habitualis;
3000 2032 3242 2100 utraque

1874 2108 2034 2165 enim
2066 2107 2396 2173 inhaereret,
2446 2105 2755 2163 mundaret
2795 2122 2829 2163 a
2857 2110 3097 2178 peccato,
3130 2109 3243 2163 tri-

1875 2189 2076 2248 bueret
2102 2189 2254 2247 idem
2280 2189 2632 2247 consortium
2662 2192 2886 2245 naturae
2921 2187 3155 2255 divinae,
3187 2195 3244 2245 et

1873 2270 2162 2327 conferret
2209 2269 2304 2343 jus
2364 2268 2434 2325 ad
2497 2267 2742 2325 eandem
2806 2267 3240 2335 haereditatem3

1876 2349 2020 2406 alias
2060 2365 2178 2406 non
2218 2365 2420 2407 omnes
2442 2349 2580 2423 justi
2608 2353 2796 2406 essent
2814 2349 2955 2423 justi
2983 2347 3241 2422 ejusdem

1874 2432 2139 2497 rationis,
2183 2433 2275 2489 vel
2316 2430 2516 2488 eodem
2559 2430 2729 2488 modo
2766 2435 3244 2503 compararentur

1874 2512 1944 2569 ad
1990 2515 2194 2569 Deum.
2243 2511 2407 2569 Unde
2450 2512 2545 2569 vel
2590 2510 2896 2568 dicendum
2943 2518 3044 2575 est,
3092 2510 3242 2585 quod

1873 2598 2030 2650 actus
2074 2591 2838 2666 contritionis.justificando
2867 2591 3140 2664 impediat
3169 2590 3241 2649 de

1872 2673 2018 2730 facto
2050 2672 2518 2749 justificationem
2560 2687 2661 2744 per
2686 2672 2932 2746 gratiam
2966 2671 3238 2728 habitua-

1873 2755 2008 2821 lem,
2056 2754 2207 2828 quod
2254 2753 2452 2826 nequit
2498 2752 2745 2820 admitti,
2798 2758 2862 2807 ut
2904 2756 3120 2809 constat
3165 2766 3238 2807 ex

1870 2835 2041 2896 modo
2066 2835 2233 2894 dictis
2258 2851 2271 2897 ;
2299 2835 2392 2893 vel
2418 2834 2569 2908 quod
2594 2833 2644 2891 si
2669 2849 2787 2892 non
2815 2833 3074 2907 impedit,
3119 2847 3238 2891 non

1865 2920 1886 2995 j
1894 2918 2141 2976 ustificat
2159 2916 2229 2973 de
2252 2916 2416 2974 facto,

1944 3001 2036 3055 55.
2069 3002 2203 3064 Quae
2225 2998 2516 3070 hucusque
2533 2995 2809 3061 diximuS,
2832 2999 3091 3067 possunt,
3118 3010 3239 3051 am-

1870 3081 2043 3154 plius,
2091 3085 2149 3136 et
2189 3093 2309 3135 non
2356 3078 2565 3134 leviter
2610 3073 2947 3133 confirmari
2991 3089 3063 3131 ex
3116 3074 3238 3147 ipso

1870 3159 2137 3232 Vasquio.
2166 3158 2265 3230 qui
2297 3157 2614 3229 praecipuus
2638 3160 2901 3212 censetur
2935 3153 3239 3211 contrariae

1870 3243 2049 3317 partis
2090 3248 2402 3316 patronus:
2444 3253 2583 3295 nam
2628 3238 2770 3310 disp.
2804 3236 2904 3291 illa
2951 3236 3079 3302 203,
3111 3251 3231 3308 cap.

1877 3325 1961 3390 10,
2010 3341 2163 3379 num.
2229 3323 2350 3386 127,
2403 3323 2699 3391 postquam
2741 3315 2984 3373 asseruit
3009 3314 3233 3371 contri-

1869 3405 2086 3460 tionem
2136 3400 2444 3475 perfectam
2492 3397 2704 3453 habere
2749 3412 2820 3452 ex
2868 3400 3076 3452 natura
3127 3410 3231 3449 sua

1870 3484 1991 3539 vim
2012 3478 2363 3557 justificandi
2391 3475 2562 3551 (quod
2590 3475 2901 3548 §sequenti
2930 3474 3236 3531 examina-

1869 3562 2081 3633 bimus)
2106 3559 2393 3619 concludit
2421 3580 2434 3614 :
2470 3579 2495 3611 α
2524 3555 2868 3614 Addendum
2906 3559 3099 3609 tamen
3127 3557 3229 3619 est,
3253 3566 3432 3623 yasquit

1875 3668 1902 3699 α
1932 3661 2085 3701 nunc
2108 3641 2339 3717 quidem
2363 3637 2829 3715 iustificationem
2873 3639 3150 3698 nostram,
3181 3625 3448 3724 etlffl‘ssffif

1876 3748 1902 3780 α
1929 3722 2401 3783 emundationem
2450 3736 2483 3776 a
2529 3723 2751 3791 peccato
2792 3715 3066 3790 originali
3106 3712 3232 3771 fieri

1876 3830 1902 3861 α
1927 3821 2029 3880 per
2050 3803 2310 3862 habitum
2326 3800 2672 3875 gratiae,non
2690 3813 2790 3870 per
2803 3794 3231 3854 contritionem.

1874 3910 1900 3941 α
1931 3891 2078 3943 Nam
2129 3882 2446 3942 secundum
2491 3893 2881 3943 communem,
2932 3880 2990 3933 et
3035 3890 3233 3932 veram

1873 3992 1899 4023 α
1931 3966 2404 4026 scholasticorum
2447 3962 2795 4026 sententiam
2842 3954 3235 4017 concedendus

1876 4072 1903 4104 α
1928 4054 2014 4107 est
2040 4046 2269 4105 habitus
2287 4045 2489 4120 gratiae
2503 4040 2868 4119 justificantis
2884 4041 2947 4096 in
2964 4036 3236 4095 omnibus

1874 4153 1901 4185 «
1930 4129 2029 4203 qui
2048 4126 2452 4204 justificantur,
2479 4126 2611 4181 licet
2633 4122 2690 4180 id
2712 4122 2784 4180 de
2805 4121 2942 4177 Fide
2963 4120 3237 4177 hactenus

1876 4234 1902 4265 «
1933 4227 2051 4268 non
2096 4209 2171 4266 sit
2216 4207 2564 4265 definitum:
2611 4218 2876 4262 concesso
2915 4206 3105 4257 autem
3133 4199 3240 4256 hoc

1874 4315 1901 4347 «
1932 4291 2153 4357 habitu,
2180 4291 2364 4346 multo
2385 4288 2596 4345 melius
2615 4291 2699 4344 est
2714 4283 2969 4341 tribuere
2985 4281 3092 4354 ipsi
3112 4280 3240 4355 jus-

1876 4397 1902 4428 «
1933 4373 2327 4439 tificationem,
2361 4376 2418 4427 et
2442 4365 2911 4427 emundationem
2936 4380 2969 4420 a
2992 4366 3234 4436 peccato,
3330 4403 3337 4412 .

1877 4476 1903 4509 α
1931 4470 2105 4527 quam
2133 4453 2298 4521 actui,
2351 4457 2413 4506 ut
2441 4451 2503 4506 in
2544 4445 2816 4507 omnibus
2839 4445 3038 4503 eodem
3069 4442 3241 4501 modo

1877 4557 1903 4589 α
1924 4532 2256 4608 justificatio
2299 4530 2430 4594 fiat;
2457 4528 2740 4602 siquidem
2769 4526 2832 4582 in
2874 4524 3151 4598 parvulis,
3183 4527 3240 4579 et

1875 4637 1902 4668 α
1936 4615 2001 4670 in
2028 4614 2121 4670 his
2160 4613 2258 4685 qui
2290 4612 2507 4667 virtute
2533 4607 2884 4664 sacramenti
2917 4602 3241 4678 iustifican—

1878 4719 1904 4751 «
1935 4699 2048 4759 tur,
2081 4692 2313 4750 habitus
2337 4690 2539 4765 gratim
2580 4687 2900 4745 necessario
2924 4681 3241 4742 conceden-

1878 4800 1905 4832 α
1932 4776 2039 4832 dus
2080 4780 2186 4833 est.
2219 4795 2245 4826 υ
2304 4771 2523 4838 Quibus
2569 4768 2765 4828 verbis
2789 4773 2983 4841 aperte
3029 4764 3240 4821 fatetur

1871 4872 2189 4926 excessum,
2216 4851 2637 4928 probabilitatis
2682 4853 2891 4907 nostrae
2940 4845 3245 4905 sententias

1871 4954 2046 5011 supra
2095 4934 2467 5000 contrariam,
2523 4936 2581 4990 et
2642 4930 2892 5005 qualiter
2949 4926 3238 4985 innitatur

1872 5017 2186 5083 communi,
2202 5020 2257 5072 et
2270 5028 2424 5071 verat
2436 5010 2913 5071 scholasticorum
2934 5006 3231 5071 doctrinm,
