3647 5753
461 401 571 458 320
1405 412 1498 467 DE
1537 412 2121 467 JUSTIFICATIONE
2162 411 2366 467 IMPII.

457 571 653 630 fecisse
698 591 797 647 per
849 577 1142 636 lavacrum
1186 582 1658 656 regenerationis,
1710 582 1816 640 hoc

453 657 556 718 est,
584 670 684 725 per
714 656 1089 728 Baptismum,
1120 677 1232 734 quo
1260 661 1329 718 ab
1363 669 1513 719 statu
1553 662 1813 720 filiorum

453 730 658 823 Adami
705 739 971 796 translati
1013 749 1149 799 sunt
1182 742 1252 801 ad
1296 750 1509 802 statum
1557 743 1814 802 filiorum

253 838 396 897 0900ss
454 815 573 879 Dei,
598 820 908 889 utexponit
923 822 1139 879 Concil.
1159 824 1317 882 Trid.
1336 842 1463 882 sess.
1489 828 1581 882 cit.
1600 842 1724 898 cap.
1741 826 1809 892 45

239 887 428 932 Tndent.
451 896 570 952 haec
595 902 785 954 autem
814 908 1169 975 regeneratio
1220 908 1603 964 communicat
1642 913 1814 964 natu-

456 993 579 1037 ram
604 980 703 1035 Dei
731 981 792 1036 in
817 982 984 1041 nobis
1007 989 1405 1062 participatam
1435 1006 1535 1064 per
1559 995 1811 1065 gratiam

239 1057 921 1129 nxrhomsanctificantem,
976 1073 1035 1121 ut
1063 1066 1223 1125 docet
1263 1072 1325 1126 D.
1351 1071 1556 1128 Thom.
1581 1072 1617 1125 3
1660 1077 1810 1143 part.

453 1147 633 1215 quast.
660 1141 750 1207 23,
775 1151 887 1199 arc.
927 1149 971 1212 l,
1000 1145 1096 1203 ubi
1119 1148 1199 1204 ait
1224 1173 1238 1207 ι
1269 1171 1295 1203 (ι
1334 1153 1450 1208 Hoc
1471 1155 1662 1208 autem
1687 1151 1814 1223 plus

458 1241 484 1272 α
525 1219 694 1277 habet
741 1222 969 1298 adoptio
1018 1229 1220 1287 divina
1250 1273 1264 1298 ,
1308 1249 1480 1305 quam
1533 1232 1806 1299 humana,

457 1320 482 1352 «
523 1301 659 1372 quia
686 1304 831 1359 Deus
853 1305 1172 1377 hominem,
1203 1328 1373 1385 quem
1404 1311 1650 1385 adoptat,
1684 1311 1812 1369 ido·

457 1400 483 1433 α
527 1396 700 1437 neum
729 1383 862 1441 facit
891 1403 991 1458 per
1014 1391 1213 1464 gratiae
1233 1408 1446 1449 munus
1468 1392 1537 1450 ad
1565 1393 1813 1450 haeredi-

457 1480 482 1512 «
525 1465 697 1517 tatem
750 1467 1035 1524 coelestem
1089 1471 1515 1544 percipiendam
1567 1495 1581 1529 ε
1637 1474 1812 1530 homo

457 1562 484 1593 «
525 1548 715 1599 autem
764 1561 878 1602 non
918 1549 1053 1606 facit
1097 1550 1367 1610 idoneum
1417 1571 1549 1612 eum
1576 1597 1589 1620 ,
1638 1569 1811 1628 quem

457 1643 481 1673 α
526 1621 881 1713 adoptat‚sed
905 1630 1243 1701 potius'eum
1268 1635 1388 1708 jam
1412 1633 1685 1692 idoneum
1708 1635 1811 1692 eli-

238 1723 422 1780 mmsu-
457 1723 481 1753 «
521 1709 605 1776 git
630 1703 968 1777 adoptando.
1002 1731 1028 1762 n
1062 1714 1218 1776 Quod
1239 1730 1311 1770 ex
1340 1715 1589 1786 professo
1616 1721 1809 1773 osten-

236 1773 638 1874 flgggfflssdimus
677 1793 838 1844 tract.
867 1793 1087 1861 prmo-ed.
1119 1794 1262 1867 disp.
1311 1798 1365 1863 4,
1396 1796 1524 1853 dub.
1573 1798 1628 1852 2.
1661 1799 1809 1872 Ergo

252 1882 404 1916 ramur.
448 1864 929 1936 injustificatione
950 1872 1116 1946 impii
1162 1891 1281 1932 non
1327 1881 1554 1933 tantum
1585 1876 1809 1934 abster-

447 1951 661 2018 guntur
683 1952 920 2009 maculae
950 1961 1323 2025 peccatorum,
1348 1958 1447 2015 sed
1468 1961 1644 2015 etiam
1660 1975 1810 2016 com-

446 2029 775 2086 municatur
815 2036 1000 2107 gratia
1049 2038 1427 2113 sanctificans.
1453 2043 1523 2096 Et
1573 2047 1808 2115 urgetur

445 2109 517 2165 ad
544 2111 840 2171 hominem
886 2125 1082 2176 contra
1130 2123 1456 2190 Calvinum,
1509 2142 1644 2182 nam
1686 2126 1808 2197 ipse

442 2192 537 2246 lib.
568 2194 585 2247 l
616 2193 865 2252 Institut.
897 2216 1021 2271 cap.
1060 2201 1199 2272 [εἰς
1240 2207 1293 2271 4,
1320 2204 1479 2262 docet
1506 2207 1806 2264 hominem

442 2287 542 2364 per
572 2276 779 2332 merita
824 2278 1056 2346 Christi,
1088 2291 1143 2337 et
1170 2286 1463 2342 lavacrum
1497 2303 1807 2362 regenera-

442 2355 616 2410 tionis
649 2360 866 2414 restitui
892 2362 953 2415 in
979 2379 1187 2430 veram,
1211 2374 1260 2423 et
1303 2369 1539 2425 solidam
1575 2371 1807 2440 integri-

442 2441 625 2501 tatem,
670 2453 841 2508 quam
902 2443 1172 2501 amiserat
1224 2447 1287 2503 in
1333 2448 1552 2506 Adamo
1597 2472 1610 2506 ι
1649 2450 1804 2522 atqui

377 2574 382 2580 ,
443 2513 696 2571 Adamas
719 2517 917 2575 hahuit
956 2538 1152 2581 veram
1206 2528 1563 2586 sanctitatem
1618 2530 1806 2586 inhae·

448 2601 689 2663 rentem,
721 2607 776 2654 et
814 2600 925 2657 sibi
971 2607 1420 2677 superadditam,
1453 2627 1626 2683 quam
1676 2628 1806 2684 pec-

259 2711 396 2754 cam,
443 2673 633 2732 dando
654 2680 829 2746 exuit,
864 2688 926 2739 ut
946 2687 1149 2741 asserit
1175 2686 1327 2743 idem
1357 2691 1629 2746 Calvinus
1657 2691 1750 2749 lib.
1770 2694 1806 2748 2

287 2770 376 2804 uus.
446 2753 632 2845 Instit.
674 2775 793 2831 cap.
832 2762 873 2826 1,
906 2767 938 2831 ς
964 2766 1018 2826 5,
1046 2765 1137 2820 his
1164 2766 1357 2823 verbis
1391 2789 1404 2824 ε
1438 2791 1462 2821 «
1497 2772 1802 2842 Postquam

455 2856 481 2888 «
524 2851 587 2892 in
615 2835 832 2896 Adamo
871 2841 1171 2903 obliterata
1214 2853 1300 2905 est
1324 2850 1565 2907 coelestis
1593 2850 1799 2926 image,

454 2936 478 2967 «
523 2931 639 2973 non
679 2920 832 2976 solus
858 2924 1131 2981 sustinuit
1165 2928 1310 2986 hanc
1354 2948 1601 3002 poenam,
1637 2938 1698 2989 ut
1741 2935 1804 2991 in

454 3019 479 3044 ἰ
523 2999 706 3089 locum
734 3005 1046 3076 sapientiae,
1075 3010 1323 3080 virtutiS,
1349 3016 1685 3085 sanctitatiS,
1711 3034 1805 3076 ve-

454 3100 476 3130 «
523 3080 726 3145 ritatis,
754 3083 1005 3156 justitiae,
1037 3090 1243 3162 quibus
1281 3099 1641 3154 ornamentis
1670 3115 1803 3156 ves-

454 3181 478 3213 «
523 3162 658 3254 titus
677 3172 819 3233 erat,
853 3172 1162 3230 teterrimae
1189 3175 1454 3233 cederent
1480 3186 1803 3252 parteS,cae-

453 3263 477 3295 α
521 3249 690 3335 citaS,
743 3249 1112 3322 impotentia,
1160 3257 1496 3330 impuritas,
1553 3265 1798 3332 vanitas,

452 3345 476 3376 «
521 3327 817 3397 injustitia,
848 3335 953 3388 etc.
988 3354 1013 3386 »
1045 3336 1192 3411 Ergo
1245 3340 1335 3394 vel
1380 3341 1492 3398 sibi
1532 3344 1802 3401 Calvinus

446 3405 799 3498 adversatur,
824 3415 913 3469 vel
935 3414 1106 3474 homo
1127 3435 1255 3475 cum
1273 3420 1636 3493 justificatur,
1663 3440 1802 3482 con-

443 3495 700 3560 sequitur
725 3495 972 3566 gratiam
989 3499 1304 3570 perAdami
1325 3509 1612 3574 peccatum
1632 3508 1803 3564 amis-

443 3584 565 3624 sam
602 3591 614 3625 :
645 3577 812 3645 atque
839 3575 967 3634 ideo
995 3579 1326 3652 justificatio
1374 3599 1490 3641 non
1535 3588 1802 3645 consistet

443 3647 504 3703 in
532 3653 653 3708 sola
696 3656 1034 3715 remissione
1088 3667 1464 3731 peccatorum,
1498 3666 1595 3722 sed
1623 3668 1800 3723 etiam

215 3751 244 3776 ς
444 3729 506 3784 in
537 3734 907 3791 renovatione
935 3739 1220 3806 interiori,
1252 3749 1307 3798 et
1354 3742 1645 3801 infusione
1666 3762 1801 3820 gra-

307 3814 311 3818 “
443 3811 534 3867 tiae
553 3813 979 3874 sanctificantis.

515 3894 730 3951 Deinde
769 3896 925 3954 addit
952 3902 1273 3972 Apostolus,
1308 3920 1410 3960 nos
1436 3906 1625 3964 salvos
1671 3906 1797 3964 fieri

436 3990 533 4045 per
556 3980 959 4034 renovationem
986 3982 1233 4053 Spiritus
1259 3988 1438 4041 sancti
1463 4005 1482 4039 .·
1501 4004 1673 4059 quam
1705 4006 1801 4046 re·-

439 4058 805 4113 novationem
833 4059 972 4116 alibi
1017 4061 1344 4136 frequenter
1371 4068 1592 4139 repetit,
1628 4075 1688 4124 ut
1727 4070 1796 4126 ad

232 4165 401 4218 adeptu.
440 4137 639 4209 Ephes.
695 4142 801 4194 4;”
829 4162 855 4193 α
901 4144 1286 4202 Renovamini
1331 4148 1538 4220 spiritu
1587 4152 1797 4207 mentis

297 4218 335 4258 4-
440 4239 464 4268 «
511 4225 730 4282 vestra),
774 4224 830 4275 et
859 4220 1080 4280 induite
1110 4241 1324 4283 novum
1355 4228 1670 4296 hominem,
1696 4231 1796 4304 qui

441 4320 466 4350 «
508 4298 821 4356 secundum
849 4305 1029 4359 Deum
1057 4312 1277 4363 creatus
1295 4313 1380 4363 est
1401 4308 1462 4363 in
1479 4309 1720 4381 justitia,
1739 4317 1797 4369 et

215 4408 268 4452 aa
282 4410 420 4453 colos.
443 4401 468 4430 «
513 4382 813 4439 sanctitate
851 4385 1129 4443 veritatis,
1162 4409 1187 4438 »
1234 4390 1304 4442 Et
1343 4387 1413 4444 ad
1461 4390 1671 4447 Coloss.
1712 4394 1746 4447 3
1779 4414 1791 4448 :

293 4462 346 4502 3.
441 4481 465 4511 «
511 4463 700 4517 Nolite
727 4465 983 4530 mentiri,
1042 4467 1291 4524 invicem
1331 4469 1643 4540 spoliantes
1693 4489 1796 4530 vos

438 4563 462 4592 «
508 4547 759 4599 veterem
806 4544 1104 4603 hominem
1150 4564 1277 4603 cum
1307 4547 1525 4604 actibus
1569 4552 1706 4621 suis,
1738 4558 1796 4610 et

437 4643 462 4674 α
513 4621 816 4679 induentes
844 4640 1075 4693 novum,
1108 4642 1239 4683 eum
1266 4628 1364 4699 qui
1389 4637 1702 4688 renovatur
1727 4632 1792 4687 in

434 4722 459 4752 α
504 4703 877 4777 agnitionem,
928 4705 1239 4762 secundum
1289 4708 1603 4781 imaginem
1644 4712 1786 4785 ejus„

213 4801 401 4853 mmm.
433 4803 457 4833 «
502 4784 600 4854 qui
623 4785 838 4840 creavit
867 4786 1054 4843 illum.
1091 4809 1117 4839 »
1168 4787 1277 4844 Ubi
1309 4789 1613 4847 manifeste
1632 4790 1795 4849 docet

210 4852 888 4946 pefflggqejustiflcationem
919 4866 1085 4938 impii
1135 4866 1262 4924 fieri
1292 4883 1409 4925 non
1461 4886 1561 4941 per
1606 4873 1789 4928 solam

234 4955 298 4993 tur
318 4951 386 4995 ho·
429 4941 799 5015 abJ‘ectionem
813 4947 1026 5002 veteris
1045 4947 1318 5008 hominis,
1337 4948 1459 5005 sive
1477 4965 1577 5021 per
1590 4966 1792 5008 emun-

266 5009 345 5045 ΜΟ·
428 5023 721 5083 dationem
750 5027 820 5082 ab
846 5029 1098 5101 antiquis
1123 5031 1359 5102 peccatis
1380 5059 1390 5098 ;
1415 5031 1513 5087 sed
1542 5047 1645 5105 per
1660 5034 1784 5102 hoc,

1943 581 2092 655 quod
2122 598 2338 639 novum
2366 582 2666 640 hominem
2695 579 2928 647 induat,
2958 586 3016 638 et
3064 596 3164 652 per
3216 595 3313 638 re-

1945 663 2314 720 novationem
2341 665 2404 720 in
2427 663 2730 737 antiquam
2768 661 3104 736 imaginem,
3135 677 3310 735 quam

1947 742 2291 815 perdiderat.
2338 745 2452 802 Hoc
2494 751 2685 801 autem
2723 741 3161 817 inintelligibile
3205 746 3308 807 est,

1947 825 2060 882 nisi
2083 826 2296 900 impius
2325 826 2561 899 recipiat
2588 826 2650 881 in
2675 841 2736 882 se
2757 824 3066 900 justitiam,
3107 828 3161 880 et
3187 822 3313 881 for-

1945 923 2102 964 mam
2118 908 2570 966 sanctificantem
2593 934 2607 975 ;
2623 908 2793 965 aliter
2802 907 2962 965 enim
2979 907 3111 963 licet
3127 920 3312 977 pecca-

1945 997 2002 1048 ta
2019 991 2347 1064 deponeret,
2381 1007 2497 1050 non
2520 989 2683 1049 fieret
2704 1006 2886 1048 novus
2909 991 3099 1054 homo,
3127 1003 3311 1060 neque

1944 1070 2262 1145 imaginem
2291 1072 2391 1129 Dei
2420 1075 2834 1144 assequeretur,
2865 1070 2965 1127 sed
3014 1069 3309 1141 relinque—

1946 1157 2104 1209 retur
2162 1154 2224 1210 in
2263 1153 2385 1209 sola
2445 1151 2774 1210 conditione
2826 1152 3101 1209 naturali.
3155 1152 3305 1225 Ergo

1938 1231 2271 1307 justificatio
2288 1232 2454 1306 impii
2473 1248 2591 1291 non
2611 1232 2887 1305 importat
2900 1234 3082 1289 solam
3098 1231 3307 1289 remis-

1941 1314 2165 1372 sionem
2192 1308 2563 1389 peocatorum,
2593 1313 2692 1371 sed
2719 1329 2919 1371 veram
2967 1313 3305 1371 innovatio-

1944 1396 2158 1453 tionem
2187 1397 2478 1453 mediante
2504 1395 2693 1453 forma
2739 1394 2950 1461 infusa,
3005 1398 3062 1450 et
3113 1394 3304 1451 inhae-

1944 1482 2125 1544 rente,
2151 1494 2324 1550 quam
2343 1475 2591 1551 gratiam
2618 1474 3066 1533 sanctificantem
3096 1475 3298 1548 appel-

1942 1558 2148 1615 lamus,
2175 1561 2242 1614 Et
2285 1556 2660 1615 confirmatur
2687 1558 2790 1614 hoc
2836 1555 3086 1628 amplius
3119 1580 3132 1623 ;
3166 1571 3303 1613 nam
3342 1610 3349 1619 ,

1941 1638 2012 1695 ob
2040 1639 2185 1696 hanc
2214 1639 2506 1696 internam
2538 1639 2972 1695 renovationem
3012 1636 3300 1693 concludit

1939 1719 2257 1790 ApostoluS,
2290 1717 2438 1791 quod
2468 1733 2584 1775 non
2613 1719 2802 1774 solum
2832 1721 3189 1789 peccatorum
3212 1720 3300 1773 te-

1940 1796 2147 1853 nebras
2195 1795 2514 1870 abjicimuS,
2545 1795 2643 1855 sed
2690 1795 2841 1870 quod
2880 1811 3134 1868 superna
3181 1797 3304 1853 luce

1900 1921 1908 1928 .
1939 1877 2318 1943 illustramur,
2364 1883 2427 1935 ut
2451 1881 2487 1934 2
2533 1877 2603 1934 ad
2625 1876 2883 1933 Corinth.
2911 1878 2945 1931 4
2972 1875 3161 1933 :Deus
3208 1879 3304 1955 qui
3369 1902 3465 1947 aad

1937 1958 2086 2013 dimit
2111 1958 2173 2013 de
2212 1959 2442 2015 tenebris
2487 1959 2659 2013 lucem
2685 1957 3060 2030 splendescere,
3086 1959 3199 2029 ipse
3227 1957 3303 2012 il·
3320 1952 3510 2044 00¹}ssOE-

1938 2037 2085 2093 luaeit
2106 2040 2165 2093 in
2184 2039 2434 2095 cordibus
2454 2041 2673 2094 nostris.
2709 2039 2777 2092 Et
2811 2040 2829 2094 l
2865 2035 2935 2093 ad
2957 2036 3298 2093 Thessal.5:
3370 2055 3388 2092 1
3408 2034 3463 2095 a'd

1950 2116 2052 2175 Vos
2071 2126 2269 2186 autem,
2298 2120 2522 2192 fratres,
2556 2136 2664 2174 non
2685 2120 2813 2173 estis
2839 2117 3174 2184 intenebris,
3207 2118 3302 2172 sed
3342 2101 3493 2193 Ήῖξῗὲ·

1936 2199 2045 2270 filii
2069 2199 2207 2255 lucis
2224 2202 2370 2257 estis.
2404 2203 2471 2256 Et
2507 2198 2577 2257 ad
2623 2200 2826 2272 EpheS.
2852 2200 2888 2251 5
2921 2219 2934 2253 :
2965 2196 3159 2253 Eratis
3184 2198 3300 2253 ali·
3383 2212 3448 2252 Ad

1937 2279 2156 2356 quando
2180 2280 2416 2346 tenebra,
2444 2298 2590 2335 nunc
2609 2285 2793 2335 autem
2817 2278 2920 2333 lua:
2946 2279 3006 2331 in
3038 2276 3294 2343 Domino,
3334 2260 3490 2353 Epges.

1937 2366 1999 2414 ut
2023 2361 2132 2432 filii
2185 2362 2324 2416 lucis
2365 2351 2658 2416 ambulat-e.
2710 2358 3065 2415 Illuminatio
3110 2362 3300 2414 autem

1936 2439 2003 2497 fit
2028 2458 2143 2499 non
2174 2458 2274 2514 per
2294 2442 2475 2499 solam
2498 2439 2760 2507 tenebrae,
2794 2441 2884 2497 vel
2933 2439 3153 2496 umbra}
3197 2438 3301 2495 ab·

1896 2548 1908 2559 ·
1931 2523 2256 2596 jectionem,
2276 2524 2372 2580 sed
2415 2539 2516 2596 per
2545 2523 2924 2596 receptionem
2956 2522 3098 2578 lucis
3123 2542 3134 2574 :
3165 2538 3301 2595 ergo

1931 2602 2262 2676 justificatio
2278 2620 2395 2661 non
2415 2609 2499 2661 est
2507 2604 2629 2661 sola
2641 2607 2997 2676 peccatorum
3012 2602 3296 2666 remissio,

1935 2684 2033 2741 sed
2053 2687 2228 2742 etiam
2256 2685 2472 2743 infusio
2512 2685 2827 2752 interioris,
2858 2690 2914 2741 et
2966 2684 3302 2741 inhaerentis

1931 2759 2185 2839 Justitiae.

2010 2848 2101 2904 31.
2146 2842 2365 2906 Asserit
2392 2852 2664 2921 praeterea
2690 2848 3009 2921 ApostoluS,
3053 2846 3203 2921 quod
3232 2848 3296 2904 in

1931 2927 2334 3001 justificatione
2353 2929 2655 3002 effunditur
2679 2930 2736 2982 in
2757 2945 2855 2984 nos
2868 2927 3119 3000 Spiritus
3142 2945 3301 2985 sanc-

1935 3010 2213 3083 tus,·quod
2233 3011 2407 3067 etiam
2430 3009 2607 3066 tradit
2620 3010 2696 3064 ad
2709 3010 2864 3068 Rom.
2884 3011 2937 3074 3,
2957 3009 3047 3065 his
3071 3010 3261 3067 verbis
3285 3026 3379 3068 :Ad
3398 3029 3515 3071 nom.

1937 3092 2202 3151 Charitas
2223 3091 2327 3148 Dei
2363 3093 2568 3165 diffusa
2608 3099 2686 3147 est
2732 3094 2793 3147 in
2817 3093 3068 3149 cordibus
3098 3095 3303 3148 nostris
3338 3079 3491 3120 ³⁰¹⁸·

1928 3193 2029 3248 per
2053 3174 2331 3248 Spiritum
2355 3181 2627 3239 sanctum,
2674 3177 2769 3251 qui
2794 3176 2960 3231 datus
3003 3182 3080 3230 est
3121 3175 3292 3232 nobis.

1937 3258 2005 3310 Et
2029 3271 2151 3328 cap.
2182 3257 2216 3310 8
2243 3277 2256 3312 ε
2296 3254 2397 3312 Vos
2444 3257 2504 3310 in
2548 3271 2711 3309 carna
2761 3273 2868 3311 non
2922 3258 3068 3322 estis,
3098 3256 3190 3310 sed
3239 3257 3299 3312 in

1933 3337 2154 3408 spiritu,
2179 3337 2229 3392 si
2247 3344 2430 3391 tamen
2443 3337 2673 3409 spiritus
2692 3335 2792 3391 Dei
2805 3336 3019 3392 habitat
3046 3339 3107 3391 in
3126 3337 3294 3392 vobis,

1936 3418 2004 3472 Et
2048 3417 2183 3472 hinc
2234 3416 2429 3484 infert,
2469 3414 2804 3488 justificatos
2849 3431 2971 3474 esse
3012 3416 3295 3488 templum

1933 3496 2180 3568 Spiritus
2225 3495 2406 3552 sancti
2457 3497 2474 3550 l
2524 3494 2594 3552 ad
2644 3495 2903 3552 Corinth.
2937 3498 2972 3551 3
2999 3517 3013 3552 ε
3060 3495 3401 3578 Nescitislad
3415 3535 3515 3579 eor.

1933 3581 2062 3651 quia
2083 3580 2343 3651 templum
2375 3577 2474 3633 Dei
2491 3579 2637 3642 estis,
2662 3585 2711 3633 et
2738 3580 2968 3650 spiritus
3013 3578 3117 3633 Dei
3135 3578 3298 3633 habi-
3327 3589 3354 3626 3
3384 3590 3429 3629 et
3446 3589 3487 3628 6.

1933 3663 2096 3716 latin
2114 3659 2306 3716 vobis?
2339 3658 2621 3731 Templum
2650 3662 2745 3715 Dei
2762 3668 3014 3716 sanctum
3035 3668 3131 3726 est,
3157 3662 3300 3734 quod

1880 3777 1887 3786 ι
1931 3744 2058 3798 estis
2084 3759 2198 3797 vos.
2224 3743 2291 3796 Et
2312 3757 2435 3813 cap.
2458 3744 2494 3796 6
2522 3742 2799 3800 :Membra
2827 3750 3006 3798 vestra
3034 3742 3295 3816 templum

1931 3833 2058 3880 sunt
2079 3824 2328 3897 Spiritus
2352 3827 2550 3887 sancti,
2573 3826 2669 3901 qui
2696 3827 2755 3880 in
2775 3825 2925 3880 vobis
2949 3833 3043 3880 cst.
3066 3828 3296 3882 Constat
3311 3830 3493 3892 injusti·

1932 3920 2087 3968 vero,
2118 3902 2267 3976 quod
2296 3903 2410 3959 haec
2457 3902 2706 3971 diffusio,
2740 3905 3197 3970 communicatiO,
3240 3883 3507 3974 etssfflffl'f

1930 3985 2274 4043 inhabitatio
2294 3984 2543 4058 Spiritus
2568 3986 2748 4041 sancti
2780 3986 2842 4042 in
2876 3985 3040 4042 nobis
3061 4002 3177 4042 non
3204 3990 3291 4042 est
3307 3979 3493 4082 ggffiffi}

1930 4067 2031 4122 illa
2052 4065 2337 4140 generalis
2366 4064 2671 4128 infimitas,
2704 4082 2816 4138 qua
2838 4068 2983 4122 Deus
3017 4065 3292 4124 omnibus
3306 4085 3487 4124 sauctus.

1931 4146 2099 4204 rebus
2127 4146 2303 4203 etiam
2334 4144 2675 4202 inanimatis
2702 4147 2932 4212 assistit,
2967 4164 3068 4219 per
3092 4163 3292 4204 essen-

1929 4228 2070 4285 tiam
2111 4225 2394 4291 videlicet,
2423 4225 2806 4297 praesentiam,
2839 4232 2893 4282 et
2934 4226 3286 4298 potentiam,

1928 4308 2143 4383 alioqui
2173 4309 2387 4365 frustra
2414 4308 2627 4363 Paulus
2648 4308 2812 4364 illam
2842 4308 2982 4365 adeo
3011 4307 3289 4381 praedica-

1929 4397 2033 4460 ret,
2057 4397 2112 4450 et
2131 4388 2560 4448 commendaret
2585 4405 2755 4463 :ergo
2783 4387 2947 4447 dehet
2974 4390 3292 4463 importare

1927 4473 2106 4529 alium
2133 4471 2525 4544 specialiorem
2557 4470 2870 4542 praesentiae
2896 4469 3152 4527 modum.
3186 4474 3291 4537 At-

1924 4553 2022 4625 qui
2053 4555 2198 4610 Deus
2219 4551 2284 4608 fit
2307 4550 2474 4608 rebus
2498 4565 2748 4622 praesens
2777 4566 2877 4622 per
2898 4551 3021 4617 hoc,
3045 4550 3195 4623 quod
3218 4552 3283 4608 in

1924 4633 2008 4690 eis
2028 4631 2248 4706 aliquid
2285 4630 2474 4694 efficit,
2501 4635 2563 4686 ut
2586 4629 2761 4687 tradit
2782 4633 2848 4686 D.
2866 4630 3071 4688 'rhom.
3100 4633 3117 4686 l
3131 4641 3286 4705 part.
3321 4653 3481 4697 nxrno.

1922 4722 2101 4787 qamt.
2134 4716 2187 4782 8,
2219 4720 2330 4769 art.
2370 4714 2415 4768 l.
2448 4712 2597 4785 Ergo
2625 4714 2769 4768 Deus
2812 4712 3137 4786 specialiter
3181 4713 3288 4770 ha-

1923 4795 2114 4852 bitans
2133 4795 2196 4850 in
2227 4791 2550 4868 justificatis
2569 4792 2735 4850 efficit
2756 4793 2820 4850 in
2845 4794 2928 4850 eis
2955 4793 3150 4850 nobile
3175 4795 3289 4850 ali-

1921 4876 2090 4951 quod,
2121 4882 2176 4934 et
2205 4873 2497 4932 habituale
2518 4872 2755 4941 donum,
2786 4891 2899 4947 quo
2926 4879 3196 4949 aptentur
3223 4876 3288 4932 in

1922 4958 2202 5030 templum
2225 4956 2426 5029 ipsiuS,
2458 4960 2515 5013 et
2554 4955 2702 5029 quod
2747 4956 2994 5030 gratiam
3023 4955 3285 5013 sanctifi·

1921 5046 2143 5098 cantem
2172 5040 2547 5113 appellamus„
2605 5044 2665 5095 ut
2717 5045 2864 5097 recte
2912 5039 3190 5169 conclqiit
3215 5041 3276 5095 D.

3163 5129 3281 5170 om.
