3647 5753
1257 419 1434 475 DISP.
1478 421 1600 488 vn,
1645 419 1809 478 DUB.
1852 423 1922 480 V.
2882 426 2992 481 227

154 592 233 643 ter
254 589 480 660 praecise
506 593 789 648 moventis
817 593 1023 650 ultimo
1054 594 1369 666 completur
1398 609 1498 666 per

150 666 401 725 affectum
420 669 866 729 indeliberatum
883 675 1012 730 volu
1024 674 1213 740 ntatis;
1233 673 1324 731 hic
1337 674 1495 731 enim

149 752 344 823 potius,
386 767 558 823 quam
584 758 783 810 sancta
808 754 1091 827 cogitatio,
1135 754 1397 822 inclinat,
1441 760 1498 811 et

150 834 317 890 trahit
336 833 692 891 voluntatem
720 834 789 891 ad
810 850 1170 901 consensum,
1193 841 1253 890 ut
1274 834 1496 892 Adver-

145 917 277 971 sarii
330 915 539 972 merito
581 914 956 972 discurrunt:
998 916 1153 988 atqui
1204 916 1496 989 supposito

148 995 334 1053 affectu
358 995 739 1054 indeliberato
761 997 1082 1053 inclinante
1097 996 1165 1052 ad
1189 1004 1494 1070 prosequu-

147 1079 349 1135 tionem
370 1077 747 1136 deliberatam
782 1079 1036 1153 ejusdem
1063 1079 1281 1153 objecti,
1313 1078 1494 1136 adhuc

144 1177 207 1218 ex
244 1166 400 1234 parte
420 1162 744 1218 intellectus
767 1161 1083 1234 requiritur
1111 1177 1261 1219 nova
1285 1178 1494 1235 propo-

142 1241 265 1298 sitio
307 1241 505 1315 objecti
554 1258 682 1298 cum
729 1242 1065 1299 omnimoda
1102 1242 1493 1300 indifferentia

148 1324 562 1395 proportionata
606 1323 858 1380 libertati
896 1329 1051 1381 actus
1079 1323 1397 1392 deliberati,
1431 1341 1493 1381 ac

142 1403 373 1461 subinde
398 1420 529 1460 cum
578 1405 680 1460 tali
729 1404 1141 1470 indifferentia,
1172 1421 1297 1476 quae
1320 1406 1494 1478 possit

141 1500 259 1541 cum
297 1484 547 1557 quolibet
574 1491 834 1542 extremo
860 1490 958 1541 aut
1000 1484 1485 1555 contradictionis,

140 1571 227 1621 aut
249 1565 666 1622 contrarietatis
709 1567 1014 1641 conjungi;
1056 1567 1201 1623 alias
1242 1583 1358 1624 non
1397 1583 1492 1624 se-

140 1653 394 1718 queretur
422 1653 579 1703 actus
605 1646 977 1714 deliberatus,
1006 1664 1105 1705 seu
1148 1649 1393 1721 perfecte
1415 1649 1492 1705 li-

142 1727 233 1784 ber
261 1745 433 1802 :ergo
477 1728 768 1785 auxilium
817 1729 1116 1787 moraliter
1161 1746 1400 1786 movens
1429 1730 1492 1786 in

142 1808 322 1865 affectu
348 1807 732 1865 indeliberato
776 1811 1110 1876 consistenS‚
1156 1826 1271 1867 non
1314 1810 1488 1867 infert

138 1888 460 1945 certitudine
488 1888 795 1945 infallibili
823 1905 1161 1946 consensum
1201 1889 1489 1947 delibera-

142 1974 251 2024 tum
295 1990 307 2025 ε
348 1974 513 2041 atque
542 1969 673 2025 ideo
702 1985 817 2025 non
847 1969 1120 2043 importat
1146 1987 1274 2027 eam
1313 1973 1488 2029 certi-

144 2049 399 2115 tudinem,
443 2066 569 2122 quae
603 2051 769 2123 juxta
808 2050 1115 2120 efficaciam
1144 2050 1357 2109 divinas
1382 2069 1489 2109 vo-

147 2133 395 2198 luntatis,
436 2137 490 2190 et
530 2116 938 2188 certitudinem
979 2132 1193 2191 divinae
1237 2137 1489 2193 scientiae

144 2210 493 2268 desideratur.

104 2292 133 2356 ¹5⁶¹
210 2296 327 2350 316.
353 2296 457 2351 Per
477 2294 629 2367 quod
651 2293 1339 2370 excluduntur-exempla,
1364 2300 1488 2370 qui-

103 2358 139 2432 Ϊι
126 2373 240 2428 bus
264 2373 584 2431 Adversarii
614 2375 921 2447 explicant
952 2377 1199 2448 qualiter
1225 2394 1353 2434 cum
1383 2381 1487 2437 hac

104 2453 253 2510 ”sota
278 2456 506 2512 efficacia
530 2457 737 2531 gratias
760 2458 1059 2514 moraliter
1085 2459 1370 2515 moventis
1389 2473 1486 2517 co'-

104 2541 121 2578 l·
151 2534 342 2590 haereat
385 2536 712 2593 infallibilis
746 2537 1024 2594 certitudo
1053 2539 1303 2595 scientiae
1330 2539 1485 2596 divi-

104 2659 118 2678 ,,
152 2633 234 2672 nae
277 2618 341 2673 de
378 2619 467 2674 tali
510 2618 720 2675 effectu
773 2619 1172 2677 determinatO.
1225 2624 1359 2686 Quae
1405 2623 1484 2678 sic

146 2699 389 2769 proponit
415 2705 647 2757 Arauxo
681 2721 694 2756 :
732 2723 758 2752 «
782 2703 1014 2757 Certum
1061 2708 1159 2768 est,
1191 2702 1338 2775 quod
1390 2704 1484 2759 vir

150 2802 171 2828 α
210 2778 468 2843 cordatus
492 2787 550 2838 et
590 2781 847 2854 prudens
888 2788 1091 2854 posset,
1116 2782 1166 2837 si
1195 2783 1385 2852 vellet,
1419 2784 1482 2840 in

147 2884 169 2912 a
207 2861 381 2920 medio
401 2863 508 2921 fori
531 2864 757 2921 cunctis
775 2863 1143 2923 cernentibus
1166 2865 1352 2922 nudus
1373 2867 1482 2923 sal·

146 2966 165 2993 α
208 2951 351 3013 tare;
379 2953 434 3004 et
459 2953 659 3004 tamen
691 2946 990 3003 infallibili
1019 2946 1361 3004 certitudine
1385 2949 1481 3022 ju-

146 3049 165 3073 α
204 3025 377 3084 dicare
416 3028 612 3101 quivis
650 3030 878 3101 poterit,
911 3028 1061 3101 quod
1101 3030 1221 3093 ille,
1256 3029 1369 3086 nisi
1416 3030 1480 3085 in

146 3127 168 3153 κ
204 3106 475 3164 insaniam
522 3114 788 3165 vertatur
812 3152 824 3171 ‚
880 3125 1176 3181 nunquam
1215 3110 1277 3165 in
1305 3111 1478 3166 talem

145 3210 165 3235 a
204 3190 434 3260 prodibit
477 3190 768 3248 effectum.
812 3190 1095 3247 Similiter
1120 3198 1339 3248 certum
1367 3192 1481 3249 erit

145 3289 164 3315 α
200 3270 471 3341 sapienter
486 3270 795 3344 judicanti,
826 3270 975 3343 quod
996 3269 1250 3343 quandiu
1278 3274 1478 3329 Petrus

144 3370 163 3396 a
201 3346 304 3405 dux
329 3350 501 3407 fuerit
530 3353 717 3408 Paulo
753 3366 853 3423 per
878 3357 1092 3408 certam
1122 3353 1277 3408 viam
1308 3354 1474 3409 illum

143 3452 162 3475 u
198 3428 436 3505 dirigens
485 3432 555 3489 ad
602 3432 955 3488 destinatum
1008 3434 1192 3490 locum
1244 3434 1473 3506 speciali

142 3531 162 3559 a
200 3509 508 3582 directione,
534 3520 592 3571 et
620 3530 779 3578 cura,
819 3516 1031 3570 Paulus
1059 3530 1356 3587 nunquam
1377 3530 1474 3572 er-

142 3614 161 3639 α
202 3591 354 3660 rabit,
399 3611 582 3669 neque
631 3613 665 3652 a
708 3600 858 3652 recta
902 3596 995 3651 via
1040 3595 1313 3663 discedet;
1344 3612 1473 3653 cum

143 3694 161 3719 ·1
200 3679 374 3731 tamen
402 3678 579 3750 possit
608 3693 712 3750 per
748 3676 978 3733 arbitrii
1007 3676 1329 3734 libertatem
1359 3678 1473 3736 alio

142 3774 161 3799 ει
199 3752 485 3825 divertere,
519 3764 576 3814 et
609 3762 821 3814 rectam
852 3758 1007 3814 viam
1048 3757 1328 3815 deserere.
1361 3762 1473 3815 Cur

142 3854 161 3879 α
198 3850 319 3908 ergo
344 3853 457 3894 non
502 3839 715 3911 poterit
744 3840 857 3895 Deo
881 3844 1052 3902 certa,
1084 3845 1141 3894 et
1167 3839 1472 3896 manifesta

140 3936 159 3958 α
196 3922 436 3974 constare
463 3919 693 3985 notitia,
737 3919 886 3991 quod
914 3918 1167 3992 quandiu
1196 3919 1316 3992 ipse
1341 3936 1472 3993 spe-

141 4016 161 4043 u
196 3996 332 4065 ciali,
355 4006 409 4055 et
445 4002 648 4058 solerti
682 4018 820 4058 cura
852 4003 1083 4057 Petrum
1114 4018 1213 4074 per
1237 4003 1472 4058 semitas

141 4096 161 4119 α
194 4074 408 4147 justitiae
425 4079 729 4147 direxerit,
762 4082 1035 4137 universa
1059 4083 1265 4139 tollens
1286 4082 1470 4140 offen-

143 4177 163 4205 ιι
199 4155 385 4228 dicula,
435 4163 631 4236 ipsum
678 4179 855 4220 manu
910 4169 1128 4230 tenens,
1160 4169 1214 4220 et
1240 4164 1470 4221 confor-

143 4258 163 4282 <1
200 4242 329 4308 tanS,
377 4244 691 4316 omniaque
720 4244 1039 4301 necessario
1075 4243 1464 4316 suppeditanS,

142 4339 162 4365 α
200 4318 382 4377 Petrus
409 4338 712 4396 nunquam
739 4323 975 4391 errabit,
1003 4340 1105 4381 nec
1128 4341 1164 4385 a
1199 4326 1351 4398 justa
1375 4341 1469 4382 re-

141 4399 339 4457 cedet
356 4404 497 4460 via?
523 4412 631 4460 etc
678 4426 704 4455 »

104 4507 115 4516 -
201 4479 330 4549 Haec,
361 4484 623 4556 inquam,
652 4486 916 4558 exempla
945 4485 1219 4542 facillime
1252 4485 1468 4559 dispel-

103 4555 335 4626 „luntun
368 4563 578 4631 Prima,
611 4563 746 4635 quia
779 4566 905 4621 licet
931 4565 1060 4638 quis
1102 4565 1275 4637 possit
1316 4572 1468 4624 certo

103 4642 406 4724 moraliter
445 4642 725 4717 judicare,
768 4644 918 4717 quod
965 4646 1057 4701 xir
1102 4643 1382 4714 cordatus,
1413 4653 1468 4703 et

103 4694 360 4790 prudens
385 4741 501 4782 non
521 4725 753 4782 saltabit
775 4726 1000 4782 nudus'
987 4743 1047 4782 in
1073 4726 1213 4793 for0,
1238 4728 1372 4799 quia
1396 4727 1466 4784 ad

135 4800 225 4858 hoc
246 4806 375 4861 satis
399 4812 503 4876 est,
546 4808 698 4881 quod
730 4809 1025 4881 praedictus
1070 4815 1309 4866 eventus
1348 4825 1467 4867 non

133 4880 196 4935 sit
218 4886 501 4945 moraliter
538 4890 916 4964 contingens;
947 4890 1335 4947 nihilominus
1362 4907 1468 4950 ne·-

135 4965 241 5034 quit
277 4966 331 5022 id
368 4984 626 5026 asserere
668 4972 1009 5029 certitudine
1055 4973 1460 5048 metaphysica,

135 5045 212 5098 cui
244 5048 555 5119 oppositum
601 5056 914 5126 repugnat:
945 5049 1072 5108 fieri
1099 5052 1258 5108 enim
1299 5052 1467 5110 abso-

1628 594 1767 661 lute,
1791 599 1851 651 et
1870 595 2121 667 potentia
2141 597 2506 670 consequenti
2528 598 2699 662 valet,
2725 596 2872 671 quod
2889 598 2996 656 ille

1625 674 1725 747 qui
1768 680 1855 733 est
1892 677 1984 733 vir
2011 676 2281 749 prudens,
2328 678 2514 735 nudus
2540 679 2707 736 saltet
2747 679 2812 735 in
2839 679 2997 747 for0,

1627 771 1755 812 cum
1779 757 1843 812 in
1870 757 1976 814 hoc
2002 759 2166 814 nulla
2209 760 2580 816 contradictio
2609 759 2944 816 inveniatur
2971 784 2987 816 ι

1626 851 1761 910 ergo
1789 836 1920 894 licet
1947 838 2142 910 positis
2163 839 2398 895 auxiliis
2420 839 2720 897 moraliter
2742 855 2987 898 moven-

1626 917 1777 974 tibus
1801 920 1976 992 possit
2001 923 2150 978 Deus
2174 920 2284 977 sibi
2325 926 2477 979 certo
2516 922 2821 978 moraliter
2849 938 2986 993 pro-

1626 999 1874 1066 mittere,
1892 1000 2042 1074 quod
2071 1002 2241 1059 homo
2270 1017 2387 1059 non
2415 1001 2712 1060 dissentiet
2734 1029 2747 1060 ·.
2766 1001 2988 1060 nihilo-

1623 1080 1820 1137 minus
1857 1095 1958 1154 per
2002 1097 2069 1139 ea
2094 1083 2325 1155 praecise
2345 1082 2536 1139 media
2557 1083 2754 1155 nequit
2777 1081 3000 1141 habere

1622 1159 2027 1218 certitudinem
2050 1162 2496 1237 metaphysicam
2520 1162 2588 1219 de
2608 1162 2712 1219 tali
2733 1167 2941 1219 eventu
2967 1187 2982 1230 3

1622 1241 1927 1314 siquidem,
1955 1246 2016 1297 ut
2042 1241 2375 1299 Adversarii
2404 1241 2617 1310 dicunt,
2644 1258 2762 1299 non
2785 1242 2990 1314 impli-

1621 1326 1738 1389 cat,
1791 1322 1941 1396 quod
1990 1323 2258 1397 praedicta
2301 1325 2521 1381 auxilia
2567 1325 3000 1399 conjungantur¹

1622 1420 1752 1461 cum
1778 1404 2039 1464 dissensu
2079 1427 2092 1462 :
2120 1408 2277 1480 atqui
2306 1410 2453 1474 Deus
2480 1406 2651 1464 habet
2687 1407 2990 1464 certitudi-

1625 1500 1757 1542 nem
1788 1486 2002 1544 nedum
2031 1489 2333 1555 moralem,
2359 1487 2457 1545 sed
2479 1489 2657 1546 etiam
2684 1488 2991 1563 metaphy-

1622 1567 1799 1624 sicam
1829 1569 2200 1644 subjectivum
2227 1613 2239 1635 ,
2273 1575 2327 1627 et
2379 1568 2717 1646 objectivam
2753 1567 2823 1627 de
2850 1585 2991 1628 con-

1620 1662 1810 1715 sensu,
1839 1665 2012 1721 quam
2035 1648 2105 1706 ab
2127 1656 2341 1708 aeterno
2361 1650 2635 1717 decernit,
2653 1657 2710 1707 et
2732 1651 3000 1707 futuram.

1619 1743 1741 1785 esse
1760 1730 2042 1804 cognoscit
2072 1751 2084 1785 :
2108 1746 2244 1805 ergo
2273 1731 2454 1788 utitur
2481 1731 2717 1788 auxiliis
2743 1746 2996 1789 moven-

1623 1808 1773 1866 tibus
1795 1827 1913 1867 non
1939 1812 2130 1868 solum
2154 1812 2473 1877 moraliter,
2506 1811 2604 1869 sed
2630 1812 2806 1869 etiam
2837 1812 2987 1886 phy-

1619 1890 1749 1960 sice,
1783 1897 1846 1947 ut
1871 1907 2211 1948 consensum
2241 1891 2692 1965 praedefinitum,
2741 1899 2797 1949 et
2838 1908 2985 1966 prae-

1620 1973 1910 2046 cognitum
1951 1980 2104 2030 certo
2142 1980 2494 2047 assequatur.
2522 1972 2788 2046 Idemque
2815 1975 2985 2031 evin—

1619 2053 1766 2109 citur
1806 2069 1877 2110 ex
1920 2052 2168 2110 secundo
2206 2055 2469 2125 exemplo
2498 2077 2510 2121 ;
2543 2070 2680 2110 nam
2711 2054 2842 2111 licet
2885 2055 2987 2127 qui

1621 2133 1775 2190 videt
1799 2138 2029 2192 Petrum
2054 2137 2294 2194 solerter
2314 2135 2612 2193 ducentem
2641 2136 2890 2191 Paulum
2913 2137 2990 2193 ad

1618 2213 1965 2273 destinatum
2018 2218 2240 2285 locum,
2288 2222 2456 2289 queat
2500 2221 2652 2272 certo
2680 2216 2994 2273 moraliter

1618 2296 1813 2353 videre
1845 2342 1856 2363 ,
1899 2298 2050 2371 quod
2087 2300 2298 2355 Paulus
2326 2297 2394 2355 ad
2425 2297 2760 2370 praedictum
2790 2299 2984 2355 locum

1619 2379 1917 2451 perveniet
1941 2423 1953 2445 ,
2001 2381 2198 2453 nequit
2225 2385 2418 2436 tamen
2443 2378 2504 2435 in
2525 2384 2678 2435 certo
2725 2394 2992 2435 asserere·

1617 2458 1961 2516 certitudine
2006 2461 2389 2536 metaphysica
2417 2502 2429 2524 ,
2478 2474 2650 2530 quam
2682 2456 2974 2516 falsificari

1619 2545 1895 2614 repugnet
1920 2565 1934 2607 ;
1967 2556 2082 2597 non
2109 2542 2268 2598 enim
2297 2542 2575 2614 implicat,
2607 2545 2663 2596 et
2688 2537 2837 2612 quod
2866 2541 2976 2599 Pe-

1616 2627 1738 2677 trus
1766 2622 1882 2678 alio
1908 2622 2173 2689 divertat,
2204 2628 2261 2680 et
2286 2621 2434 2696 quod
2465 2622 2676 2690 Paulus
2703 2620 2978 2679 directio-

1615 2716 1748 2756 nem
1778 2702 1932 2758 Petri
1958 2718 2073 2759 non
2100 2709 2368 2777 sequatur
2396 2724 2408 2758 ι
2435 2700 2585 2757 unde
2625 2702 2672 2757 si
2703 2717 2818 2759 non
2847 2717 2975 2758 ma-

1608 2783 1700 2855 jor
1721 2782 2000 2840 certitudo
2029 2785 2141 2841 Deo
2169 2783 2424 2841 moventi
2467 2783 2766 2839 moraliter
2806 2783 2976 2840 attri-

1615 2861 1828 2932 buitur,
1860 2862 1987 2921 fieri
2014 2864 2239 2938 poterit,
2271 2863 2420 2939 quod
2463 2862 2813 2937 impediatur
2852 2865 2976 2939 ejus

1614 2944 1900 3012 voluntaS,
1926 2950 1983 3003 et
2002 2945 2335 3004 falsificetur
2358 2947 2478 3021 ejus
2503 2945 2761 3003 scientia.

1685 3024 1956 3095 Secundo,
1984 3028 2119 3101 quia
2143 3028 2206 3083 in
2234 3027 2518 3101 praedictis
2551 3025 2831 3099 exemplis
2855 3025 2970 3080 im-

1612 3109 1901 3179 plicantur
1932 3126 2003 3167 ex
2045 3115 2203 3184 parte
2231 3109 2614 3167 antecedentis
2643 3109 2752 3181 ipsi
2794 3112 2977 3173 actus,

1610 3186 1680 3244 de
1705 3188 1913 3260 quibus
1928 3196 2112 3264 posset
2130 3190 2382 3247 dubitari
2403 3212 2415 3247 ε
2439 3196 2493 3247 et
2514 3191 2595 3247 sic
2617 3190 2702 3246 nil
2725 3188 2967 3251 mirum,

1609 3268 1756 3342 quod
1809 3270 1958 3327 adsit
2000 3271 2279 3329 certitudo
2306 3272 2455 3328 circa
2503 3271 2654 3344 ipsos
2679 3294 2693 3338 ;
2745 3283 2980 3327 necesse

1607 3351 1765 3408 enim
1793 3357 1878 3409 est
1904 3351 2031 3408 dari
2061 3358 2249 3410 actum
2276 3370 2345 3410 ex
2386 3351 2794 3425 suppositione,
2820 3348 2968 3422 quod

1606 3431 1698 3487 sit.
1734 3431 1898 3488 Unde
1924 3431 1973 3487 si
2000 3431 2100 3489 fiat
2138 3432 2471 3505 suppositio,
2502 3430 2651 3503 quod
2689 3430 2784 3485 vir
2827 3446 2966 3501 pru-

1606 3509 1746 3567 dens
1768 3527 2144 3585 perseverans
2161 3511 2430 3585 prudens,
2453 3527 2569 3568 non
2597 3510 2827 3567 saltabit
2855 3526 2968 3565 nu-

1605 3593 1710 3650 dus
1727 3594 1790 3649 in
1813 3594 1938 3651 foro
1958 3618 1971 3661 ς
1995 3599 2050 3650 et
2069 3609 2140 3650 ex
2160 3594 2567 3666 suppositione,
2589 3591 2738 3665 quod
2757 3593 2975 3648 Paulus

1605 3680 1873 3747 sequatur
1916 3675 2186 3731 solertem
2236 3674 2392 3730 Petri
2420 3672 2815 3737 directionem,
2849 3688 2966 3729 non

1603 3753 1843 3811 errabit.
1880 3753 1987 3810 Sed
2026 3752 2163 3825 quid
2189 3753 2239 3807 si
2283 3753 2376 3808 vir
2407 3751 2655 3824 prudens
2684 3756 2961 3816 vertatur,

1606 3840 1667 3890 ut
1695 3833 1823 3891 fieri
1853 3832 2113 3890 absolute
2133 3837 2330 3906 potest,
2358 3832 2421 3887 in
2451 3831 2742 3887 insaniam
2766 3834 2793 3888 Ρ
2819 3830 2966 3897 Quid

1603 3918 1651 3973 si
1676 3920 1878 3974 Petrus
1916 3917 2156 3986 solerter
2185 3929 2302 3971 non
2343 3913 2509 3969 ducat
2554 3914 2821 3979 Paulum,
2870 3917 2968 3969 aut

1604 3998 1696 4053 hic
1742 3997 1890 4054 nolit
1938 3996 2098 4052 illius
2137 3994 2512 4051 directionem
2559 3994 2737 4065 sequi,
2779 3998 2839 4050 ut
2884 4000 2966 4050 est

1601 4080 1938 4154 contingens
1965 4081 1992 4134 ⁴?
2019 4077 2280 4134 Profecto
2306 4075 2456 4133 cadit
2481 4074 2818 4133 omnimoda
2839 4093 2966 4133 cer-

1602 4159 1805 4227 titudo,
1833 4160 1946 4216 nisi
1974 4158 2141 4215 detur
2183 4156 2401 4228 aliquid
2430 4157 2783 4223 antecedens,
2815 4157 2965 4230 quod

1602 4243 1742 4298 tales
1769 4246 1924 4297 actus
1969 4238 2361 4296 infallibiliter
2392 4237 2623 4304 inferat,
2657 4239 2970 4311 virumque

1603 4320 1945 4395 prudentem
1993 4320 2056 4376 in
2107 4335 2209 4375 sua
2256 4317 2563 4390 prudentia
2606 4319 2865 4386 retineat,
2910 4327 2967 4376 et

1602 4402 1850 4458 Paulum
1872 4400 2041 4457 faciat
2068 4415 2101 4456 a
2121 4399 2371 4457 ductrice
2397 4399 2551 4456 Petri
2576 4400 2810 4457 solertia
2847 4415 2967 4457 non

1602 4483 1883 4541 recedere.
1928 4482 2018 4538 Sic
2062 4498 2197 4557 ergo
2261 4483 2392 4539 licet
2450 4484 2596 4538 Deus
2647 4481 2974 4539 certissime

1599 4567 1916 4639 cognoscat,
1946 4561 2097 4634 quod
2139 4564 2341 4620 Petrus
2370 4577 2489 4618 non
2517 4560 2754 4628 errabit,
2788 4578 2891 4619 nec
2933 4579 2971 4619 a

1594 4646 1745 4720 justa
1771 4642 1994 4702 recedet
2018 4644 2133 4708 via,
2152 4641 2408 4716 quandiu
2456 4643 2576 4715 ipse
2599 4642 2769 4699 illum
2793 4641 2966 4700 duxe-

1601 4729 1694 4797 rit,
1726 4732 1783 4785 et
1807 4742 1984 4783 manu
2014 4727 2281 4792 tenuerit,
2312 4725 2448 4797 quia
2477 4725 2539 4781 in
2587 4724 2691 4781 hoc
2737 4731 2968 4784 antece-

1597 4808 1756 4866 denti
1782 4851 1796 4875 ,
1852 4824 1952 4865 seu
1996 4806 2326 4865 conditione
2373 4807 2705 4880 implicatur
2778 4809 2966 4882 reipsa

1599 4890 1883 4948 auxilium
1910 4889 2124 4955 efficax,
2143 4905 2255 4963 quo
2275 4893 2546 4962 tanquam
2570 4905 2747 4946 manu
2777 4890 2965 4949 fortis-

1597 4973 1748 5029 sima
1774 4976 1928 5029 tenet
1961 4974 2109 5027 Deus
2137 4972 2454 5038 hominem,
2488 4988 2561 5030 ne
2581 4978 2776 5041 erret;
2809 4976 2965 5032 nihi-

1601 5054 1856 5111 lominus
1879 5052 2215 5111 omnimoda
2248 5051 2589 5112 certitudine
2629 5070 2972 5130 cognoscere
