3647 5753
288 1884 428 1944 Tertia

289 1945 433 1988 opinio

286 1990 446 2029 contra·

314 2035 394 2077 ria.

265 2083 449 2128 Medina.

263 2136 437 2191 Gregor.

268 2184 440 2227 Martia.

262 2234 344 2275 Ara
351 2243 443 2277 uxo

284 2285 429 2327 Gonet.

261 3017 444 3109 Pglimum

262 3123 372 3159 ment
405 3128 456 3159 m.

281 3479 432 3520 Secun-

295 3527 406 3571 dum.

186 4092 189 4094 Α
260 4048 458 4092 Tertium.

288 4559 419 4608 Quar-

312 4614 408 4650 tum.

479 395 589 451 296

477 563 936 637 supernaturalis
953 562 1047 628 sit,
1081 576 1257 618 necne
1274 564 1302 616 P
1322 559 1675 625 Quibusdam
1697 558 1847 616 affir-

476 644 789 708 mantibus,
821 647 877 700 et
929 640 1272 716 negantibus
1299 641 1450 707 aliis,
1485 646 1545 696 ut
1592 638 1846 695 vidimus

474 725 616 797 disp.
642 724 696 791 3,
720 722 847 778 dub.
881 723 935 778 3.
976 723 1044 778 Et
1089 727 1282 778 tamen
1328 736 1529 778 omnes
1569 718 1844 776 Catholici

474 803 687 861 habent
725 801 1131 860 certitudinem
1159 801 1359 877 objecti
1405 817 1521 858 suae
1561 799 1716 860 fidei.
1744 800 1846 874 ju-

479 889 721 956 rantque
747 898 869 939 esse
889 880 1105 948 fideles,
1132 887 1187 937 et
1231 880 1464 938 credere
1512 897 1642 955 quae
1681 878 1844 936 docet

476 964 742 1021 Ecclesia.
764 964 1004 1038 Signum
1032 978 1168 1036 ergo
1188 968 1291 1029 est,
1310 977 1511 1019 eorum
1542 959 1846 1018 certitudi-

478 1061 611 1102 nem
642 1044 849 1102 ret'erri
879 1042 948 1100 ad
978 1041 1280 1116 objectum,
1324 1047 1381 1099 et
1425 1041 1495 1098 ad
1546 1057 1844 1098 assensum

475 1127 747 1194 absolute,
777 1126 880 1183 hoc
905 1131 1008 1189 est,
1041 1123 1424 1181 abstrahendo
1450 1122 1522 1180 ab
1561 1139 1647 1189 eo,
1693 1122 1843 1196 quod

475 1208 550 1263 sit
575 1205 1056 1279 supernaturalis,
1105 1205 1199 1262 vel
1243 1220 1378 1261 non.
1427 1206 1501 1259 Ut
1536 1211 1729 1261 autem
1771 1219 1844 1260 ex

473 1288 818 1346 certitudine
867 1288 1019 1344 circa
1065 1284 1240 1342 fidem
1291 1290 1439 1342 recte
1478 1286 1845 1360 colligeretur

474 1368 753 1427 certitudo
772 1370 921 1426 circa
934 1369 1350 1443 gratiam,opus
1370 1371 1512 1435 erat,
1538 1367 1689 1441 quod
1711 1366 1848 1424 fide-

476 1453 547 1509 lis
566 1458 718 1510 certo
737 1455 1097 1527 cognosceret
1118 1466 1432 1516 assensum,
1465 1466 1636 1523 quem
1664 1449 1841 1516 elicit,

472 1549 594 1590 esse
643 1533 1144 1607 supernaturalem
1164 1575 1177 1600 ,
1235 1536 1299 1587 ut
1343 1548 1518 1605 supra
1565 1530 1844 1587 vidimus.

472 1613 645 1670 Aliud
661 1618 1088 1688 argumentum,
1107 1611 1258 1686 quod
1283 1617 1468 1685 posset
1487 1618 1686 1669 contra
1714 1626 1841 1667 eas-

472 1692 604 1750 dem
626 1693 968 1751 assertiones
990 1693 1082 1749 hic
1111 1692 1375 1765 proponi,
1396 1691 1678 1748 diluimus
1692 1691 1840 1764 disp.

475 1778 530 1837 2.
556 1776 681 1832 dub.
709 1779 764 1842 6,
789 1794 941 1831 num.
965 1775 1094 1831 208.

559 1860 644 1913 18.
686 1857 975 1913 Adversus
1001 1856 1269 1912 ultimam
1293 1856 1668 1913 assertionem
1693 1859 1847 1912 stare

477 1937 705 1995 videtur
723 1935 959 1992 Medina
1000 1935 1063 1990 in
1087 1936 1375 2009 praesenti,
1402 1937 1619 2009 Gregor
1638 1934 1848 1990 Marti-

480 2036 583 2077 nez
604 2020 730 2076 dub.
748 2021 791 2084 l,
822 2018 992 2074 concl.
1015 2021 1071 2084 7,
1098 2021 1333 2075 Arauxo
1352 2009 1480 2073 dub.⁸
1510 2020 1566 2084 4,
1591 2017 1760 2073 concl.
1785 2018 1841 2082 2,

477 2103 659 2157 Gonet
684 2108 794 2157 art.
821 2102 876 2166 2,
901 2098 1069 2154 conci,
1104 2100 1120 2153 l
1146 2104 1201 2155 et
1228 2098 1351 2163 alii,
1380 2102 1661 2171 quatenus
1679 2110 1848 2170 gene-

478 2181 680 2237 raliter
729 2185 959 2255 negant,
1009 2177 1158 2251 quod
1207 2179 1379 2236 homo
1424 2178 1599 2251 possit
1635 2175 1847 2232 habere

478 2262 760 2317 moralem
782 2276 897 2315 suae
914 2259 1116 2331 gratiae
1136 2256 1560 2315 certitudinem.
1577 2255 1684 2313 Sed
1700 2255 1849 2314 forte

477 2339 782 2396 dissidium
812 2355 929 2396 non
957 2343 1041 2394 est
1084 2337 1155 2394 de
1203 2353 1305 2396 re:
1336 2352 1474 2393 nam
1502 2336 1682 2392 iidem
1706 2351 1847 2392 con-

476 2419 701 2485 cedunt,
733 2419 881 2493 quod
904 2418 1090 2493 justus
1110 2421 1278 2490 queat
1305 2416 1516 2474 babere
1545 2416 1840 2489 insignem

477 2498 743 2558 notitiam
770 2500 1211 2574 conjecturalem
1261 2515 1377 2556 suae
1415 2499 1631 2574 gratiae,
1664 2502 1721 2554 et
1748 2514 1846 2553 ar-

476 2586 750 2657 gumenta
773 2579 982 2653 quibus
1009 2583 1270 2645 utuntur,
1315 2581 1505 2636 solum
1531 2577 1845 2635 excludunt

472 2662 1195 2732 certitudinem-moralem,
1215 2661 1446 2734 qualem
1456 2666 1512 2718 et
1528 2676 1631 2718 nos
1648 2660 1846 2718 exclu-

473 2744 656 2799 simus
685 2743 748 2798 in
775 2740 1023 2797 secunda
1049 2740 1436 2798 conclusione.
1461 2740 1625 2797 Unde
1638 2756 1842 2796 eorum

478 2823 696 2881 motiva
752 2837 957 2896 parum
1003 2826 1290 2895 premunt,
1329 2826 1392 2878 ut
1434 2837 1502 2879 ea
1547 2820 1847 2880 enodando

476 2903 774 2963 constabit.

549 2990 815 3061 Arguunt
833 3001 966 3060 ergo
988 2987 1190 3058 prinw,
1217 2984 1352 3057 quia
1365 2985 1679 3042 secundum
1702 2988 1847 3043 Con-

473 3069 676 3126 cilium
703 3066 962 3124 Trident.
1001 3065 1249 3140 quilibet
1288 3067 1473 3141 justus
1525 3067 1844 3125 formidare

474 3149 545 3207 de
569 3165 672 3206 sua
695 3148 919 3222 justitia
939 3147 1125 3213 debet,
1160 3147 1299 3204 dum
1344 3148 1617 3221 seipsum,
1644 3164 1843 3205 suam-

472 3246 581 3303 que
603 3229 1005 3286 infirmitatem
1033 3228 1357 3286 considerat
1391 3249 1404 3284 :
1433 3228 1531 3285 sed
1558 3227 1842 3286 certitudo

474 3309 715 3367 moralis
757 3306 1007 3365 excludit
1059 3307 1434 3365 formidinem
1457 3323 1627 3383 :ergo
1656 3309 1846 3383 justus

476 3387 676 3464 nequi't
703 3389 915 3448 habere
937 3390 1219 3446 moralem
1246 3406 1364 3447 suae
1384 3390 1587 3464 gratiae
1613 3390 1845 3447 certitu-

472 3472 692 3529 dinem.
725 3470 993 3537 Secundo,
1020 3470 1158 3543 quia
1203 3470 1376 3527 homo
1424 3475 1603 3544 potest
1641 3471 1871 3544 jurare'

476 3555 554 3623 id,
584 3553 734 3627 quod
761 3558 914 3610 certo
941 3552 1242 3609 moraliter
1262 3553 1579 3627 cognoscit;
1607 3567 1720 3625 qua
1743 3566 1842 3607 ra—

474 3637 631 3693 tione
671 3640 854 3708 potest
902 3637 1105 3691 Petrus
1144 3633 1345 3708 jurare
1382 3650 1445 3693 se
1489 3650 1611 3692 esse
1649 3633 1842 3689 filium

473 3720 501 3771 J
508 3717 717 3774 oannis
740 3759 752 3781 ,
784 3719 840 3772 et
878 3715 1246 3772 Franciscum
1294 3729 1417 3771 esse
1465 3714 1837 3780 sacerdotem,

474 3802 529 3854 et
550 3797 665 3853 alia
687 3793 1016 3869 hujusmodi
1043 3817 1054 3850 ε
1084 3793 1183 3851 sed
1206 3794 1407 3867 nequit
1429 3793 1642 3868 absque
1667 3801 1845 3852 teme-

477 3878 643 3934 ritate
658 3877 853 3951 jurare
880 3891 940 3932 se
960 3891 1081 3933 esse
1104 3875 1166 3930 in
1192 3875 1397 3949 gratia,
1426 3880 1490 3931 ut
1533 3879 1754 3932 constat
1772 3890 1846 3931 ex

476 3956 640 4013 dictis
660 3972 814 4010 num.
839 3956 892 4021 8,
919 3969 1054 4029 ergo
1094 3954 1267 4011 homo
1296 3955 1495 4027 nequit
1535 3958 1689 4012 certo
1715 3970 1844 4011 mo-

478 4037 681 4094 raliter
700 4050 1037 4110 cognoscere
1064 4049 1123 4089 se
1142 4049 1265 4090 esse
1294 4034 1357 4090 in
1378 4035 1586 4109 gratia.
1634 4033 1838 4102 Tertio,

475 4118 611 4190 quia
630 4114 906 4178 certitudo
926 4112 1166 4170 moralis
1178 4128 1296 4170 non
1318 4115 1687 4190 conjungitur
1707 4131 1867 4184 cum·

477 4194 789 4256 formidine
815 4216 829 4251 ε
852 4194 952 4252 sed
975 4193 1495 4269 personaeinsignis
1520 4194 1841 4252 sanctitatis

474 4279 662 4335 solent
680 4275 751 4333 de
775 4290 879 4332 sua
904 4273 1125 4349 justitia
1140 4273 1476 4342 formidare,
1506 4280 1566 4331 ut
1587 4273 1849 4340 diximus

474 4376 627 4415 num.
653 4359 709 4424 9,
735 4372 870 4432 ergo
890 4371 1008 4412 non
1029 4353 1242 4412 habent
1263 4357 1546 4412 moralem
1574 4354 1697 4428 ejus
1717 4371 1845 4413 cer-

474 4437 786 4496 titudinem
813 4458 825 4493 :
849 4441 1017 4509 atque
1044 4434 1172 4492 ideo
1214 4435 1400 4492 multo
1445 4435 1642 4491 minus
1669 4435 1840 4492 illam

476 4517 768 4576 habebunt
789 4515 891 4573 alii
914 4514 1051 4590 justi
1071 4530 1188 4572 non
1210 4515 1296 4572 ita
1325 4514 1576 4588 perfecti.
1604 4514 1839 4588 Quarto,

475 4599 611 4673 quia
637 4597 820 4672 signa,
845 4613 917 4655 ex
955 4593 1163 4668 quibus
1191 4599 1376 4669 posset
1418 4595 1537 4653 baec
1561 4595 1845 4653 certitudo

474 4678 718 4745 desumi,
749 4682 883 4734 sunt
908 4675 1159 4735 obnoxia
1198 4674 1458 4742 falsitati,
1494 4681 1551 4732 et
1576 4675 1751 4734 homo
1780 4675 1845 4731 in

473 4760 557 4817 eis
579 4757 997 4834 perpendendis
1040 4756 1377 4829 plerumque
1417 4755 1640 4812 fallitur
1672 4771 1846 4830 :ergo

475 4856 595 4899 non
612 4838 961 4913 relinquitur
981 4835 1261 4905 medium,
1287 4842 1350 4893 ut
1371 4836 1543 4895 bomo
1560 4837 1847 4910 concipiat

476 4921 777 4978 moraliter
792 4918 1197 4977 certitudinem
1219 4933 1336 4974 suae
1354 4916 1617 4991 lustitiae.

548 4999 657 5056 Sed
685 4999 821 5067 haec,
848 5003 913 5054 ut
957 4996 1235 5066 diximus,
1269 4995 1436 5055 facile
1455 4996 1841 5070 explicantur.

1511 389 1603 442 DE
1644 387 2141 443 CERTITUDINE
2179 382 2492 445 GRATIAE.

1986 558 2065 616 Ad
2087 563 2348 634 primum,
2374 577 2485 633 quo
2509 561 2691 616 utitur
2732 562 2930 624 Gonet,
2965 558 3346 632 respondetur

1978 643 2302 700 Concilium
2331 659 2448 701 non
2479 658 2750 710 asserere,
2781 640 2930 715 quod
2960 642 3134 699 homo
3156 642 3341 698 debeat

1978 723 2313 792 formidare,
2345 723 2442 781 sed
2463 724 2611 798 quod
2631 728 2820 798 possit.
2843 722 2904 778 Id
2922 739 3061 781 vero
3084 728 3233 781 recte
3248 740 3346 781 co—

1976 805 2154 862 haeret
2179 822 2310 862 cum
2338 806 2548 861 morali
2578 805 2683 861 hac
2728 805 3062 879 imperfecta
3106 805 3343 861 certitu-

1976 884 2130 952 dine,
2156 902 2328 958 quam
2348 884 2679 958 possibilem
2703 886 3032 944 asserimus.
3053 887 3199 941 Nam
3217 885 3346 941 licet

1978 983 2193 1040 pacem,
2226 973 2280 1024 et
2306 968 2669 1024 securitatem
2703 968 2920 1035 afferat,
2954 966 3203 1023 minime
3240 982 3343 1023 ex-

1977 1046 2155 1103 cludit
2178 1052 2510 1120 potestatem
2560 1046 2824 1114 timendi,
2881 1049 2931 1103 si
2979 1047 3153 1104 homo
3206 1046 3345 1103 velit

1979 1130 2275 1202 propriam
2302 1129 2793 1187 defectibilitatem
2825 1130 3125 1203 respicere,
3158 1135 3219 1186 ut
3244 1146 3343 1185 su-

1978 1228 2080 1286 pra
2106 1212 2504 1285 explicuimus.

2049 1291 2137 1347 Ad
2161 1293 2456 1348 secundum
2487 1293 2917 1366 respondemus,
2953 1293 3165 1350 falsum
3193 1308 3336 1359 esse,
3356 1294 3550 1387 Oucrcgrri·

1977 1371 2125 1445 quod
2147 1373 2319 1430 homo
2337 1373 2510 1446 possit
2529 1374 2907 1447 generaliter
2887 1390 3086 1448 jurare
3105 1389 3173 1430 ea
3193 1373 3344 1431 circa
3358 1350 3550 1438 ,1,ρηῖῗὲ

1976 1469 2100 1527 quae
2122 1452 2292 1510 habet
2311 1453 2717 1510 certitudinem
2739 1455 3039 1512 moralem.
3068 1455 3310 1520 Quamv
3296 1472 3346 1510 is

1976 1533 2138 1590 enim
2164 1533 2293 1605 quis
2316 1534 2490 1606 possit
2523 1532 2734 1607 absque
2787 1536 3107 1591 temeritate
3146 1535 3351 1609 jurare

1976 1630 2037 1671 se
2060 1613 2309 1683 credere,
2336 1613 2485 1687 quod
2508 1613 2824 1686 baptizatus
2849 1615 2943 1682 sit,
2975 1615 3069 1671 vel
3098 1613 3247 1688 quod
3268 1614 3343 1669 sit

1976 1693 2276 1761 sacerdos;
2308 1694 2504 1768 nequit
2544 1698 2739 1751 tamen
2779 1695 2997 1769 jurare,
3029 1694 3179 1767 quod
3216 1710 3341 1751 res-

1979 1774 2102 1846 ipsa
2124 1773 2457 1846 baptizatuS,
2498 1781 2555 1832 et
2602 1773 2863 1831 sacerdos
2905 1775 2999 1843 sit,
3033 1775 3164 1831 licet
3196 1775 3345 1831 circa

1977 1857 2083 1913 hoc
2120 1856 2325 1913 habeat
2369 1858 2649 1914 moralem
2686 1856 3110 1914 certitudinem.
3154 1858 3245 1914 Sic
3282 1857 3344 1912 in

1979 1936 2243 2009 praesenti
2275 1937 2689 1994 inconveniens
2740 1953 2857 1994 non
2884 1943 2969 1994 est
3014 1937 3343 2005 concedere,

1976 2016 2124 2090 quod
2147 2017 2320 2073 homo
2351 2017 2524 2089 possit
2570 2017 2781 2090 absque
2822 2019 3141 2076 temeritate
3187 2016 3344 2075 affir-

1978 2113 2140 2154 mare
2159 2099 2642 2172 cumjuramento
2687 2116 2746 2156 se
2793 2097 3169 2171 probabiliter
3217 2114 3343 2155 cre-

1976 2179 2130 2248 dere,
2161 2179 2311 2252 quod
2340 2182 2416 2237 sit
2460 2180 2525 2236 in
2576 2181 2763 2255 gratia
2790 2180 2922 2246 ;sed
2966 2182 3343 2238 temerarium

1977 2265 2060 2317 est
2070 2261 2290 2334 jurare,
2316 2259 2469 2333 quod.
2488 2259 2745 2317 absolute
2757 2259 2961 2318 habeat
2988 2262 3254 2335 gratiam.
3278 2263 3347 2316 Et

1978 2341 2125 2397 ratio
2155 2340 2456 2413 utrobique
2495 2346 2600 2408 est,
2630 2339 2780 2413 quod
2809 2356 2939 2396 cum
2975 2342 3080 2398 hac
3131 2342 3342 2398 morali

1976 2421 2319 2478 certitudine
2339 2423 2599 2491 cohaeret,
2624 2422 2774 2496 quod
2816 2439 2907 2479 res
2942 2422 3109 2480 aliter
3156 2438 3216 2480 se
3250 2423 3346 2479 ha-

1978 2500 2105 2559 beat
2150 2503 2214 2558 in
2252 2518 2313 2559 se
2357 2502 2553 2560 :unde
2601 2504 2731 2560 licet
2781 2504 2963 2573 homo,
2996 2509 3166 2577 queat
3211 2521 3347 2577 pro-

1978 2583 2166 2655 priam
2220 2584 2709 2640 existimationem
2751 2584 3083 2659 juramento
3133 2583 3343 2642 confir-

1976 2679 2155 2725 mare,
2181 2679 2299 2721 non
2340 2669 2533 2720 tamen
2563 2663 2844 2738 objectum
2874 2664 3149 2721 absolute.
3182 2667 3343 2721 Com·

1977 2746 2232 2802 muniter
2267 2752 2460 2803 tamen
2485 2745 2740 2803 securius
2792 2745 3166 2812 affirmamus,
3217 2763 3344 2820 quae

1978 2825 2048 2884 ad
2077 2831 2230 2885 actus
2255 2834 2541 2896 externoS,
2578 2828 2896 2900 praesertim
2925 2828 3177 2885 aliorum
3208 2843 3339 2901 per-

1977 2907 2182 2977 tinent,
2214 2925 2388 2981 quam
2415 2925 2539 2982 quae
2580 2909 2869 2981 pertinent
2922 2908 2992 2964 ad
3042 2910 3340 2982 propriam

1971 2989 2255 3063 justitiam
2289 2993 2454 3045 :tum
2500 2989 2635 3061 quia
2676 2989 2849 3064 hujus
2900 2989 3066 3064 signa
3115 2991 3341 3047 rariora

1975 3074 2111 3123 sunt
2143 3089 2156 3123 ε
2188 3073 2310 3124 tum
2336 3068 2471 3141 quia
2512 3069 2575 3124 in
2605 3068 2910 3126 asserendo
2955 3070 3208 3142 proprio,
3247 3072 3341 3126 vel

1977 3148 2166 3205 alieno
2214 3150 2523 3221 Baptismo,
2581 3154 2678 3205 aut
2726 3148 3070 3215 Sacerdotio,
3111 3150 3340 3205 nullum

1976 3232 2211 3301 apparet
2250 3228 2606 3301 periculum;
2650 3230 2711 3285 in
2753 3229 3107 3286 confessione
3149 3235 3339 3286 autem

1977 3310 2224 3384 propriae
2237 3311 2257 3385 j
2267 3310 2473 3367 ustitiae
2488 3311 2810 3383 periculum
2826 3312 3066 3387 alicujus
3087 3312 3343 3387 gloriolze

1976 3390 2266 3458 imminet,
2296 3407 2471 3463 quam
2486 3392 2626 3465 justi
2650 3392 3050 3461 formidantes,
3082 3393 3176 3449 vel
3204 3408 3339 3464 pro-

1975 3471 2116 3548 priae
2140 3469 2501 3530 conscientiae
2541 3473 2871 3532 testimonio
2911 3490 3030 3531 non
3070 3489 3131 3530 se
3175 3473 3343 3530 facile

1974 3551 2233 3619 credunt,
2255 3553 2350 3610 sed
2363 3553 2725 3627 frequentius
2744 3554 2815 3612 de
2830 3561 2949 3611 tam
2972 3570 3182 3629 magno
3194 3552 3342 3611 bono

1973 3633 2257 3701 dubitant,
2284 3635 2449 3710 juxta
2494 3635 2642 3692 illud
2683 3635 2959 3693 Proverb.
2991 3638 3064 3693 28
3092 3657 3105 3692 ε
3132 3634 3341 3693 Beatus
3357 3669 3559 3713 proverb.

1974 3717 2064 3772 vir
2084 3718 2182 3787 qui
2206 3733 2412 3790 semper
2435 3723 2512 3773 est
2531 3717 2794 3790 pavidus.
2824 3716 2931 3774 Sed
2957 3718 3061 3775 hoc
3084 3733 3202 3774 non
3225 3717 3342 3773 im-
3407 3719 3476 3760 28·

1976 3797 2149 3871 pedit,
2181 3798 2331 3872 quod
2379 3798 2671 3856 multoties
2694 3798 2997 3856 securitate
3048 3799 3338 3856 fruantur.
3389 3807 3398 3815 “

1976 3879 2044 3934 Et
2073 3879 2209 3936 binc
2237 3884 2388 3953 patet
2409 3879 2480 3937 ad
2507 3880 2765 3945 tertium,
2796 3884 2853 3936 et
2883 3879 3059 3936 etiam
3102 3880 3173 3938 ad
3202 3880 3342 3936 ulti-

1976 3975 2139 4015 mum
2166 3984 2182 4028 3
2217 3977 2355 4018 nam
2380 3961 2509 4017 licet
2532 3959 2799 4033 praedicta
2826 3962 3063 4029 motiva,
3096 3965 3153 4017 et
3177 3961 3343 4035 signa

1973 4040 2093 4097 sint
2114 4043 2500 4117 metaphysice
2550 4041 2859 4109 fallibilia3
2888 4045 3105 4115 queunt
3150 4046 3345 4098 tamen

1974 4120 2056 4178 ita
2076 4121 2475 4196 multiplicari,
2507 4122 2856 4188 continuari,
2882 4128 2939 4180 et
2964 4121 3342 4195 frequentari,

1976 4207 2039 4257 ut
2089 4201 2367 4260 inducant
2412 4202 2693 4261 moralem
2726 4201 3152 4269 certitudinem,
3198 4201 3346 4259 sicut

1974 4280 2157 4338 etiam
2183 4281 2389 4339 accidit
2412 4282 2475 4338 in
2496 4280 2759 4356 pluribus
2779 4282 2915 4338 aliis
2944 4281 3132 4351 rebus,
3156 4281 3226 4338 de
3244 4284 3345 4355 qui

1975 4358 2083 4416 bus
2130 4360 2462 4436 hujusmodi
2509 4359 2913 4418 certitudinem
2963 4361 3336 4435 concipimus.

1976 4442 2115 4505 Quae
2145 4447 2343 4500 autem
2366 4440 2488 4498 sint
2513 4441 2712 4516 gratim
2754 4440 3115 4499 evidentiora
3150 4442 3336 4517 signa,

1969 4521 2093 4595 jam
2120 4539 2297 4597 supra
2312 4522 2760 4591 insinuavimus,
2784 4528 2841 4579 et
2862 4521 3034 4578 latius
3054 4523 3346 4596 explicant

1976 4603 2045 4658 D.
2074 4603 2282 4662 Thom.
2306 4604 2444 4670 ἰη4,
2472 4603 2598 4659 dist.
2626 4604 2680 4670 9,
2699 4611 2878 4681 quast.
2908 4606 2954 4670 1,
2979 4611 3091 4661 art.
3116 4606 3345 4678 &qu-vs·
3379 4642 3543 4684 nssrm

1956 4684 2150 4740 tiunc
2179 4686 2235 4751 2,
2265 4685 2418 4758 Vega
2457 4683 2552 4740 lib.
2577 4685 2614 4738 9
2652 4685 2713 4739 ἰη
2746 4682 2991 4741 Trident.
3028 4702 3150 4760 cap.
3196 4687 3271 4742 45
3293 4694 3345 4742 et
3386 4693 3515 4743 Vm

1977 4763 2071 4820 tib.
2110 4765 2194 4832 12,
2214 4781 2339 4837 cap.
2373 4766 2453 4833 12,
2484 4765 2694 4821 Suarez
2723 4762 2820 4819 lib.
2848 4765 3025 4840 9cap.
3065 4768 3120 4822 ll
3148 4774 3200 4823 et
3218 4766 3342 4824 alii.
3360 4806 3532 4850 suan-er

2846 5077 3125 5145 QUAEST.
3150 5076 3340 5134 cxm.
