3647 5753
74 716 189 759 Bella
197 726 232 757 r.

65 766 229 809 Valent.

76 816 216 858 880²st
275 815 343 869 de
361 813 661 882 Justificat.
692 828 739 866 c.
782 813 864 877 16,
900 812 1168 868 Valentia
1188 812 1284 866 ubi
1309 828 1501 883 supra,
1533 812 1642 865 Be-

1420 399 1599 451 DISI’.
1646 398 1713 463 11,
1758 398 1925 453 DUB.
1967 399 2066 453 vl.

286 575 333 634 l,
367 574 421 636 2,
466 576 648 647 quaese.
681 570 773 634 86,
816 567 958 641 disp.
1001 571 1120 634 180,
1147 572 1206 624 in
1232 586 1372 641 resp.
1405 570 1480 625 ad
1501 569 1555 635 3,
1586 573 1645 625 et

278 653 377 707 lib.
405 654 459 715 5,
491 666 729 723 respons,
758 667 880 722 cap.
918 653 999 718 13,
1028 669 1180 706 num.
1214 653 1305 707 28.
1332 651 1550 714 Quibus
1571 665 1640 705 ex

275 732 567 790 extraneis
613 727 981 785 subscribunt
1025 732 1419 787 Bellarminus
1459 730 1551 786 tib.
1583 733 1638 795 2,

278 912 457 952 canus
501 901 629 947 tom.
680 892 717 944 2
763 890 1032 960 Summae,
1085 898 1247 948 tract.
1303 893 1357 960 4,
1393 908 1511 963 cap.
1545 893 1641 945 3a

282 995 436 1033 num.
468 978 559 1042 20,
591 979 648 1029 et
675 973 797 1030 alii.

58 1060 273 1152 ggqu332r
360 1058 643 1115 Probatur
681 1056 871 1128 primo
899 1053 1244 1110 authoritate
1273 1055 1336 1110 D.
1382 1054 1637 1117 'rhomae,

283 1142 380 1214 qui
406 1141 552 1197 hane
580 1142 879 1197 veritatem
908 1137 1046 1191 satis
1072 1138 1383 1207 expressit3
1416 1152 1554 1192 nam
1582 1136 1643 1188 in

61 1260 110 1298 1),
144 1258 258 1299 Tho.
288 1224 555 1295 prasenti,
594 1228 706 1277 art.
730 1222 785 1286 2,
813 1215 1098 1275 concludit
1122 1239 1134 1273 ε
1159 1217 1235 1273 Εἰ
1259 1218 1375 1272 ideo
1395 1232 1643 1289 nonpos-

283 1310 359 1356 set
382 1304 615 1369 intelliqi
640 1301 887 1356 remissio
916 1300 1101 1370 culpat,
1127 1300 1178 1353 si
1200 1316 1308 1354 non
1328 1298 1533 1354 adesset
1560 1298 1644 1351 in·

281 1386 430 1455 [ιιεὶο
447 1386 656 1451 qratia».
694 1384 761 1436 lit
788 1378 1042 1453 loquitur
1063 1378 1134 1434 de
1153 1379 1338 1452 gratia
1361 1376 1642 1435 habituali

283 1463 690 1526 sanctificante,
719 1467 780 1515 ut
805 1464 1023 1515 constat
1048 1473 1120 1513 ex
1145 1458 1267 1512 illis
1295 1457 1487 1514 verbis
1527 1457 1643 1512 im—

283 1542 529 1601 mediate
574 1540 1042 1598 antecedentibus
1069 1559 1082 1593 :
1113 1561 1138 1591 α
1181 1539 1423 1594 Effectus
1451 1542 1641 1594 autem

290 1647 316 1676 «
354 1624 566 1680 divinae
592 1621 917 1679 dilectionis
946 1621 1008 1675 in
1032 1618 1218 1686 nobiS,
1244 1621 1342 1693 qui
1374 1635 1473 1691 per
1514 1635 1644 1691 pec·

292 1726 317 1755 «
358 1710 544 1760 catum
587 1703 830 1770 tollitur,
882 1706 967 1757 est
1011 1701 1215 1775 gratia,
1246 1716 1358 1773 qua
1381 1702 1553 1756 homo
1582 1697 1643 1754 tit

293 1806 317 1835 «
360 1785 566 1860 dignus
609 1785 724 1840 vita
769 1790 1002 1840 mterna.
1038 1803 1064 1834 n
1101 1784 1167 1838 Et
1206 1788 1388 1860 quaest.
1439 1784 1545 1846 285
1580 1781 1644 1835 de

305 1864 464 1923 Verit.
508 1872 618 1921 art.
651 1867 705 1928 2,
739 1864 856 1919 ait:
894 1884 918 1914 ι(
954 1861 1288 1934 Respondeo
1309 1859 1638 1928 dicendum,

294 1967 319 1997 «
360 1945 508 2018 quod
552 1943 815 2001 remissio
863 1947 1220 2019 peccatorum
1263 1941 1427 1997 nullo
1472 1939 1643 1997 modo

292 2050 315 2080 «
356 2029 483 2084 sine
510 2027 692 2101 gratia
720 2029 945 2099 gratum
970 2023 1215 2079 faciente
1240 2037 1362 2079 esse
1384 2028 1581 2095 potest.
1614 2043 1639 2074 ι)

288 2109 354 2161 Et
381 2107 536 2163 infra
573 2128 586 2162 ι
624 2128 647 2158 α
678 2108 804 2161 Non
834 2109 1016 2175 potest
1041 2104 1268 2158 aversio
1317 2101 1638 2169 removeri,

290 2211 314 2240 «
360 2188 482 2243 nisi.
515 2187 613 2243 fiat
662 2184 992 2258 conjunctio
1039 2182 1110 2239 ad
1153 2182 1371 2239 bonum
1415 2183 1631 2239 incom-

294 2293 320 2323 «
362 2268 659 2333 mutabile,
693 2284 726 2322 a
752 2283 863 2340 quo
883 2267 1055 2322 homo
1080 2281 1180 2337 per
1204 2271 1493 2337 peccatum
1521 2263 1644 2318 dis-

290 2373 315 2401 «
358 2352 523 2406 cessit
550 2372 563 2405 :
590 2349 705 2404 haec
726 2354 913 2404 autem
936 2347 1262 2419 conjunctio
1286 2361 1403 2402 non
1424 2351 1509 2401 est
1530 2344 1643 2400 nisi

294 2453 319 2481 «
363 2448 463 2502 per
490 2430 756 2502 gratiam,
791 2445 892 2501 per
911 2444 1081 2499 quam
1112 2432 1257 2484 Deus
1280 2432 1532 2483 mentem
1558 2427 1644 2483 in·

296 2534 321 2563 «
364 2511 622 2575 habitat,
665 2513 718 2566 et
758 2524 923 2565 mens
964 2510 1071 2582 ipsi
1119 2512 1229 2566 Deo
1259 2524 1357 2581 per
1385 2522 1642 2565 amorem

299 2613 323 2643 «
366 2589 661 2647 charitatis
711 2588 950 2644 inhaeret
992 2611 1005 2645 :
1050 2587 1198 2645 unde
1225 2587 1295 2644 ad
1322 2586 1641 2644 sanandam

297 2694 322 2724 «
374 2670 699 2743 praedictam
747 2668 1104 2726 aversionem
1154 2669 1471 2742 requiritur
1507 2685 1643 2743 gra-

297 2778 323 2807 «
367 2755 476 2819 tiae,
521 2758 576 2808 et
602 2751 897 2807 charitatis
923 2750 1172 2819 infusio;
1201 2752 1347 2808 sicut
1370 2750 1441 2807 ad
1468 2767 1644 2808 sana-

292 2858 316 2886 «
363 2835 577 2892 tionem
604 2831 866 2889 caecitatis
889 2833 1204 2906 requiritur
1236 2831 1520 2889 restitutio
1540 2847 1642 2904 po-

290 2939 314 2968 «
360 2917 537 2973 tentia
565 2914 787 2970 visivae.
820 2936 844 2966 n
880 2918 949 2971 Et
976 2917 1035 2970 in
1057 2916 1112 2980 4,
1144 2915 1271 2971 dist.
1315 2916 1333 2970 l
1367 2920 1549 2989 quast.
1591 2915 1637 2979 1,

220 3009 225 3016 ·
284 3005 392 3054 art.
419 3000 472 3063 3,
500 3001 812 3075 quaes-tinne.
848 2999 889 3064 l,
914 3000 974 3052 in
993 3014 1140 3069 corp.
1166 2996 1474 3061 concludit,
1492 2994 1642 3068 quod

284 3080 424 3134 sicut
463 3081 537 3133 ad
587 3078 901 3134 merendum
938 3079 1117 3132 vitam
1154 3085 1431 3141 aeternam,
1461 3079 1543 3131 ita
1569 3075 1644 3130 ad

283 3161 649 3215 remissionem
689 3161 899 3231 offensas
936 3159 1258 3234 requiritur,
1290 3157 1433 3234 qnod
1453 3158 1642 3226 qratia

284 3241 634 3311 infundatur.
667 3240 865 3296 Gratia
888 3245 1078 3295 autem
1107 3280 1120 3304 ,
1157 3255 1283 3311 quae
1307 3242 1394 3295 est
1423 3238 1641 3311 princi-

288 3323 445 3393 pium
476 3322 669 3377 meriti
698 3321 833 3375 vitae
863 3325 1110 3384 aeternae,
1143 3324 1229 3374 est
1260 3319 1448 3393 gratia
1475 3316 1644 3373 habi-

285 3403 472 3468 tualis,
521 3409 576 3457 et
622 3399 1006 3458 sanctificans
1053 3398 1323 3472 Idemque
1360 3396 1645 3473 significat

283 3489 340 3540 S.
399 3487 599 3541 Doctor
641 3484 775 3539 aliis
817 3482 953 3538 locis
992 3481 1150 3538 infra
1189 3479 1580 3553 expendendis
1626 3501 1640 3536 ι

284 3582 419 3639 ergo
465 3563 777 3621 secundum
814 3565 936 3636 ejus
973 3562 1317 3618 sententiam
1363 3561 1637 3633 implicat,

284 3644 433 3718 quod
475 3650 761 3718 peccatum
809 3641 1100 3699 habituale
1141 3641 1396 3698 hominis
1434 3639 1642 3697 elevati

289 3723 359 3781 ad
386 3723 885 3797 supernaturalem
940 3720 1117 3778 finem
1158 3720 1484 3777 destruatur
1510 3720 1644 3777 abs-

287 3823 397 3879 que
440 3806 732 3863 infusione
781 3805 980 3879 gratiae
1020 3802 1330 3859 habitualis
1386 3801 1644 3858 sanctifi-

285 3890 491 3947 cantis,

367 3974 488 4028 198.
533 3970 640 4028 Sed
667 3969 932 4043 quamvis
962 3970 1142 4026 relata
1171 3965 1502 4023 testimonia
1526 3966 1653 4021 sint·

286 4053 426 4109 adeo
466 4052 776 4116 evidentia,
816 4053 1010 4122 plures
1040 4055 1234 4104 tamen
1257 4063 1328 4104 ex
1356 4045 1645 4103 Adversa-

286 4134 392 4189 riis
413 4138 694 4188 conantur
715 4147 915 4188 eorum
940 4130 1058 4185 vim
1082 4128 1397 4193 declinare,
1434 4129 1646 4184 varias-

285 4231 394 4288 que
418 4215 556 4287 ipsis
584 4214 858 4270 adhibent
887 4212 1412 4284 interpretationes,
1453 4214 1646 4280 (Non-

291 4298 442 4352 nulli
461 4312 595 4352 vero
617 4312 684 4352 ea
706 4297 819 4352 alto
845 4295 1079 4351 silentio
1108 4298 1472 4366 praetereunt,
1495 4293 1646 4348 inter

87 4408 213 4449 Joan.
230 4419 252 4452 a
289 4396 431 4453 quos
456 4385 541 4435 est
561 4381 640 4433 M.
670 4380 920 4434 Joannes
942 4393 974 4433 a
995 4379 1050 4432 S.
1076 4376 1298 4432 Thoma
1319 4397 1331 4431 ε
1356 4373 1505 4448 quod
1528 4389 1646 4430 non

79 4457 273 4500 srnom.
293 4460 583 4533 potuimus
629 4473 746 4515 non
785 4457 1067 4514 demirari
1108 4456 1172 4512 in
1212 4455 1559 4520 doctissimo,
1591 4457 1647 4509 et

288 4541 631 4598 fidelissimo
659 4542 717 4594 S.
751 4538 1005 4595 Doctoris
1025 4536 1325 4611 discipulo,
1350 4552 1520 4610 quem
1545 4551 1648 4592 nec

290 4627 598 4697 potuerunt
640 4622 818 4676 latere
867 4617 1133 4690 praedicta
1160 4617 1510 4681 testimonia,
1545 4631 1648 4672 nec

289 4704 432 4762 libet
452 4703 786 4761 existimare
815 4701 1002 4773 ipsum
1027 4699 1298 4757 meditato
1324 4715 1393 4756 ea
1413 4697 1647 4754 silentio

289 4785 620 4850 involvisse,
656 4798 729 4838 ne
749 4798 781 4838 a
806 4781 1058 4854 propria,
1090 4787 1144 4836 et
1170 4794 1440 4852 expressa
1466 4782 1648 4851 Ange·

289 4868 386 4924 lici
440 4864 812 4936 Praeceptoris
849 4861 1137 4918 sententia
1166 4863 1356 4932 palam
1387 4857 1648 4915 recedere

289 4949 625 5017 videretur).
672 4944 1038 5018 Respondent
1080 4957 1216 5015 ergo
1254 4943 1312 4996 S.
1352 4943 1648 4998 Doctorem

291 5031 445 5105 loqui
472 5028 551 5087 de
572 5027 910 5087 remissione
956 5023 1227 5098 praedicta
1268 5026 1644 5097 peccatorum,

3025 402 3131 454 437

1777 574 1944 640 prout
1990 569 2264 641 importat
2311 570 2730 626 restitutionem
2765 568 2981 627 'eorum
3010 584 3133 641 qum

1777 665 1877 722 per
1900 656 2187 723 peccatum
2211 650 2401 708 ablata
2428 658 2580 720 suut,
2615 652 2767 708 inter
2789 668 2911 724 quae
2935 668 3098 708 recen
3115 684 3132 694 -

1773 737 1929 786 setur
1957 732 2142 806 gratia
2168 731 2548 799 sanctificans,
2576 734 2703 788 sine
2718 732 2876 805 cujus
2893 732 3133 804 proinde

1776 813 2067 872 infusione
2096 814 2449 888 impossibile
2494 821 2595 881 est,
2645 815 2793 888 quod
2843 826 3132 886 peccatum

1776 896 2021 967 perfecte
2045 897 2394 954 destruatur.
2429 899 2510 951 Ex
2537 914 2649 969 quo
2677 903 2870 953 tamen
2902 911 3016 952 non
3037 911 3132 951 se-

1772 978 1989 1049 quitur,
2016 978 2165 1051 quod
2185 980 2260 1034 sit
2281 977 2912 1050 impossibilis‘praecisa
2935 978 3133 1033 remis·

1772 1060 1861 1115 sio
1903 1061 2109 1132 peccati
2151 1059 2362 1132 absque
2403 1058 2685 1131 praedictae
2727 1060 2925 1132 gratim
2971 1059 3132 1114 infu-

1774 1154 1957 1195 sione.

1847 1218 1955 1276 Sed
1998 1220 2115 1277 haec
2155 1221 2446 1294 responsio
2485 1236 2603 1276 non
2651 1225 2766 1275 tam
2809 1219 3034 1276 videtur
3065 1221 3127 1274 D.

1774 1302 1983 1358 Thom.
2025 1303 2416 1375 interpretari,
2448 1319 2619 1375 quam
2669 1301 2953 1367 irridere;
2997 1316 3133 1357 nam

1776 1382 2081 1457 indignum
2109 1390 2232 1440 erat
2254 1388 2412 1441 tanto
2446 1389 2680 1441 Doctore
2714 1385 3026 1456 inquirere,
3059 1399 3134 1439 an

1777 1466 2066 1538 reparatio
2126 1467 2324 1541 gratim
2370 1464 2681 1522 habitualis
2753 1465 2879 1522 fieri
2954 1470 3140 1538 posset

1776 1545 1986 1619 absque
2009 1547 2211 1620 gratiae
2253 1546 2566 1603 habitualis
2615 1547 2972 1603 restitutione
2996 1588 3009 1605 .
3040 1560 3139 1601 seu

1776 1627 2103 1694 infusione;
2148 1627 2253 1683 hoc
2296 1628 2506 1700 quippe
2544 1626 2781 1683 evidens
2833 1625 3142 1699 apparebat

1774 1723 1846 1763 ex
1873 1706 2011 1780 ipsis
2037 1708 2344 1775 terminis,
2392 1725 2493 1765 nec
2521 1708 2590 1765 ad
2639 1708 2698 1763 id
2735 1706 3139 1764 resolvendum

1776 1806 1917 1862 opus
1942 1797 2067 1847 erat
2104 1790 2304 1846 subtili
2334 1790 2627 1859 discursu,
2671 1808 2782 1863 quo
2820 1793 2884 1846 D.
2930 1790 3134 1846 Thom.

1776 1872 1957 1928 utitur
2009 1870 2078 1928 ad
2130 1870 2510 1929 evincendam
2561 1872 2953 1929 necessitatem
3002 1887 3139 1945 gra-

1776 1951 1870 2007 tiae
1929 1951 2240 2009 habitualis
2293 1968 2396 2025 pro
2453 1952 2837 2009 destructione
2890 1951 3096 2026 peccati
3122 1993 3135 2006 .

1776 2031 1835 2086 Si
1862 2033 2020 2089 enim
2055 2033 2156 2089 alii
2197 2033 2505 2099 AuthoreS,
2558 2039 2675 2089 tam
2699 2041 2934 2099 vetereS,
2967 2047 3140 2105 quam

1777 2112 2063 2180 moderni,
2086 2131 2217 2171 cum
2241 2115 2388 2171 hanc
2402 2114 2791 2171 difficultatem
2808 2119 3136 2178 tractamus,

1776 2194 2154 2266 supponimus
2195 2201 2256 2250 ut
2298 2210 2399 2267 per
2424 2210 2485 2250 se
2526 2200 2757 2260 notum,
2791 2193 3140 2250 ablationem

1778 2275 2004 2346 peccati,
2035 2282 2203 2347 prout
2229 2274 2473 2332 includit
2497 2275 2914 2348 reparationem
2938 2291 3139 2331 eorum

1775 2371 1900 2426 quae
1918 2370 2017 2426 per
2035 2362 2322 2428 peccatum
2339 2356 2550 2411 amissa
2564 2354 3138 2427 sunt,impossibilem

1778 2451 2012 2507 prorsus
2035 2450 2158 2492 esse
2187 2435 2396 2507 absque
2435 2436 2634 2507 gratiae
2682 2435 2989 2491 habitualis
3018 2451 3140 2491 res-

1779 2515 2065 2581 titutione,
2103 2530 2173 2572 eo
2198 2513 2348 2587 quod
2377 2514 2499 2585 ipsa
2529 2532 2629 2587 per
2652 2520 2938 2587 peccatum
2968 2514 3142 2570 fuerit

1777 2596 2023 2664 amissa;
2053 2595 2340 2669 quomodo
2363 2603 2616 2652 mentem
2638 2600 2696 2650 S.
2727 2596 2981 2652 Doctoris
3009 2597 3139 2668 pul-

1775 2692 1903 2733 sare
1954 2677 2135 2749 potuit
2177 2677 2390 2732 similis
2438 2676 2777 2742 difficultaS,
2828 2692 2951 2747 quae
2977 2676 3137 2731 omni

1775 2758 2106 2815 difficultate
2131 2762 2324 2815 caret?
2352 2761 2420 2814 Et
2464 2759 2513 2814 si
2562 2757 2867 2832 indignum
2906 2762 3141 2822 censent

1774 2839 2045 2896 Juniores
2065 2837 2304 2895 dubium
2329 2838 2390 2894 in
2414 2838 2516 2896 boc
2534 2832 2705 2897 sensu
2730 2842 2970 2895 tractare
2992 2862 3003 2904 ;
3029 2853 3140 2910 qua

1777 2918 1966 2976 fronte
1995 2924 2266 2993 arrogant
2292 2919 2651 2976 sanctissimo
2681 2920 3022 2992 Praeceptori
3056 2920 3141 2973 si-

1772 3001 1917 3057 mile
1937 2998 2215 3068 studium,
2242 3005 2297 3056 et
2316 3000 2833 3056 comminiscuntur
2857 2998 3144 3056 laborasse

1775 3080 1841 3136 in
1867 3081 1988 3154 ejus
2019 3081 2104 3137 rei
2132 3079 2488 3152 expositione
2513 3122 2525 3145 ,
2576 3095 2746 3150 quam
2776 3080 2883 3151 ipsi
2913 3081 3006 3134 vel
3053 3086 3144 3134 at-·

1778 3162 2001 3236 tingere
2043 3159 2472 3235 dedignantur?
2499 3161 2682 3214 Aliter
2710 3175 2863 3233 ergo,
2896 3165 2952 3216 et
2979 3158 3144 3216 valde

1776 3244 1948 3300 aliter
1978 3242 2248 3316 processit
2275 3243 2340 3296 D.
2364 3243 2568 3297 Thom.
2599 3256 2773 3311 quam
2803 3240 2913 3313 ipsi
2938 3239 3140 3295 existi-

1776 3330 1972 3390 mant;
2019 3340 2135 3381 non
2163 3323 2322 3380 enim
2350 3338 2420 3378 ex
2440 3338 2526 3387 ρο,
2551 3320 2698 3393 quod
2719 3321 2903 3395 gratia
2930 3320 3003 3375 sit
3043 3335 3138 3376 re-

1778 3404 2050 3479 paranda,
2081 3403 2346 3477 probavit
2373 3404 2766 3458 necessitatem
2793 3401 3009 3475 gratioe3
3039 3401 3138 3457 sed

1774 3502 1848 3543 ex
1895 3487 2016 3558 ipsa
2063 3484 2286 3540 ratione
2334 3482 2541 3554 peccati
2592 3482 2787 3537 intulit
2836 3496 2952 3537 non
2980 3497 3140 3553 posse

1778 3567 1945 3623 aliter
1972 3564 2218 3628 destrui,
2262 3579 2432 3635 quam
2463 3578 2561 3634 per
2589 3561 2899 3617 habitualis
2942 3562 3140 3636 gratia}

1777 3647 2153 3704 infusionem.
2194 3644 2357 3700 Unde
2387 3660 2682 3715 nunquam
2704 3658 2773 3698 ex
2803 3649 2962 3715 parte
2991 3659 3140 3716 prae-

1777 3729 2089 3785 missarum
2120 3726 2411 3798 proposuit
2455 3724 2872 3782 restitutionem
2919 3723 3134 3798 gratim,

1775 3810 1876 3868 sed
1901 3806 2172 3881 expendit
2199 3806 2430 3862 effectus
2458 3805 2686 3878 peccati,
2714 3821 2922 3878 nempe
2944 3821 3140 3861 macu-

1778 3894 1917 3957 lam,
1943 3890 2218 3946 offensam
2249 3888 2370 3952 Dei,
2419 3886 2900 3957 interruptionem
2928 3885 3141 3942 divina}

1778 3972 2061 4037 amicitiae,
2079 3977 2186 4028 etc.
2204 3986 2273 4026 ex
2294 3967 2501 4040 quibus
2522 3966 2826 4031 concludit,
2849 3982 2964 4023 non
2981 3983 3142 4040 posse

1779 4058 2068 4126 peccatum
2084 4051 2254 4106 aliter
2275 4049 2508 4123 expelli,
2530 4048 2643 4103 nisi
2666 4064 2766 4120 per
2788 4047 3140 4104 infusionem

1778 4134 1975 4208 gratiae
2019 4129 2429 4187 sanctificantis
2454 4173 2466 4186 .
2519 4127 2678 4193 Quod
2730 4132 2851 4185 sola
2901 4128 3141 4185 lectione

1778 4212 2263 4276 testimoniorum,
2296 4226 2419 4284 quae
2445 4225 2618 4282 supra
2653 4209 2974 4274 citavimus,
3004 4209 3140 4264 Lec-

1780 4299 1871 4352 tor
1890 4292 2189 4351 evidenter
2216 4290 2486 4348 censebit.

1863 4377 1986 4431 199.
2012 4378 2138 4430 Non
2160 4372 2444 4430 absimilis
2464 4377 2546 4427 est
2568 4371 2815 4428 aliorum
2836 4372 3131 4444 expositi0,

1779 4456 1879 4529 qui
1918 4455 2117 4511 dicunt
2138 4457 2195 4510 S.
2229 4456 2522 4511 Doctorem
2551 4452 2990 4526 intelligendum
3017 4469 3139 4510 esse

1778 4533 2093 4592 secundum
2138 4533 2450 4607 potentiam
2479 4530 2855 4598 ordinariam,
2889 4549 3005 4590 non
3034 4550 3136 4589 au-

1780 4621 1897 4673 tem
1947 4614 2262 4672 secundum
2311 4612 2630 4686 potentiam
2677 4611 2993 4670 absolutam
3028 4634 3040 4669 :
3069 4630 3138 4670 ex

1779 4712 1891 4770 quo
1917 4698 2106 4753 solum
2132 4696 2410 4769 sequitur,
2434 4693 2582 4766 quod
2605 4700 2889 4766 peccatum
2933 4711 3139 4750 secun-

1780 4778 1919 4834 dum
1951 4780 2289 4850 praesentem
2327 4774 2747 4848 providentiam
2776 4779 3017 4848 nequeat
3046 4791 3139 4833 re-

1779 4859 1935 4914 mitti
1978 4857 2191 4930 absque
2232 4855 2522 4914 infusione
2560 4855 2870 4913 habitualis
2900 4856 3137 4930 gratiam

1781 4938 2031 4995 minime
2051 4953 2188 4995 vero
2214 4935 2362 5010 quod
2393 4936 2725 5010 praedictum
2754 4940 3038 5010 peccatum
3066 4937 3142 4992 sit

1783 5019 2040 5076 absolute
2080 5016 2500 5088 irremissibile,
2540 5018 2653 5075 nisi
2682 5034 2783 5091 per
2811 5015 3137 5090 praedictam

3149 628 3156 635 ,
3171 577 3306 621 Prima

3148 633 3350 685 interpre-

3174 682 3294 720 tatto.

3166 1247 3326 1289 Everti-

3212 1301 3292 1339 tur.

3152 4372 3333 4430 Aliaex·

3167 4427 3333 4473 positio.
