3647 5753
520 396 629 451 214
1537 382 1632 438 DE
1671 380 1943 436 GRATIA
1983 381 2323 436 semmel.

323 585 466 630 natio.
507 564 739 622 'moveri
768 561 839 618 ab
867 564 1066 635 agente
1094 556 1404 632 principali
1433 554 1686 612 motione
1709 551 1879 610 effec-

516 644 598 701 tui
629 642 1099 716 proportionata:
1140 636 1240 694 sed
1277 637 1542 694 voluntas
1581 637 1770 690 creata
1794 636 1881 689 est

514 726 967 780 instrumentum
983 719 1084 776 Dei
1102 719 1165 774 in
1180 716 1385 775 ordine
1402 714 1471 773 ad
1493 712 1874 788 operationes,

509 821 650 879 quas
674 804 870 862 elicit:
911 808 968 859 et
1014 800 1293 874 praedictae
1339 797 1702 872 operationes
1742 798 1879 849 sunt

507 886 645 961 quid
687 886 1008 960 physicum,
1059 882 1547 956 dependentquea
1582 878 1880 935 voluntate

507 985 628 1027 non
648 970 837 1027 solum
854 973 915 1023 ut
935 971 1136 1040 agente
1156 965 1385 1029 morali,
1414 960 1512 1019 sed
1539 960 1714 1017 etiam
1738 957 1880 1032 phy-

507 1053 623 1110 sico
649 1073 662 1109 ε
692 1066 828 1125 ergo
848 1051 1117 1106 voluntas
1142 1050 1329 1103 creata
1352 1048 1616 1101 movetur
1647 1040 1878 1114 physice

510 1148 544 1188 a
567 1133 681 1189 Deo
707 1130 777 1186 ad
812 1126 1170 1202 operandum
1202 1147 1215 1183 ε
1263 1141 1399 1200 ergo
1440 1122 1723 1180 auxilium
1752 1120 1888 1180 effi-.

512 1231 617 1272 cax
642 1218 835 1272 movet
874 1213 1124 1287 physice,
1155 1214 1210 1267 et
1234 1224 1349 1267 non
1367 1211 1603 1264 ‘tantum
1632 1205 1878 1263 morali-

512 1301 619 1354 ter.
692 1296 820 1350 Haee
881 1292 1128 1349 secunda
1165 1288 1568 1362 consequentia
1616 1290 1766 1359 patet
1803 1302 1878 1343 ex

514 1377 705 1450 prima
730 1399 745 1443 ;
776 1391 913 1432 nam
941 1377 1089 1430 Deus
1115 1377 1305 1429 movet
1337 1372 1693 1427 voluntatem
1739 1385 1877 1426 nos-

511 1463 663 1514 tram
694 1473 794 1529 per
821 1454 1106 1512 auxilium
1134 1453 1329 1509 efficax
1358 1450 1467 1525 ipsi
1504 1450 1873 1523 impressum,

512 1541 628 1613 αις
663 1541 680 1594 l
741 1536 1164 1595 declaravimus
1196 1555 1209 1590 :
1252 1549 1387 1609 ergo
1411 1533 1460 1589 si
1500 1534 1646 1589 Deus
1685 1536 1879 1588 movet

512 1619 742 1694 physice
787 1618 1165 1680 voluntatem,
1240 1615 1463 1687 oportet
1501 1612 1677 1669 etiam
1724 1608 1877 1684 quod

512 1700 798 1756 auxilium
823 1698 985 1754 illam
1004 1695 1233 1770 physice
1254 1696 1497 1751 moveat.
1520 1690 1721 1748 Prima
1739 1706 1877 1748 vero

512 1776 914 1850 consequentia
943 1775 1198 1849 legitime
1220 1772 1470 1830 infertur
1489 1787 1560 1828 ex
1606 1771 1876 1845 praemis-

513 1858 614 1913 siS.
660 1857 843 1930 Major
864 1855 1039 1912 etiam
1060 1858 1144 1910 est
1169 1857 1340 1921 certa,
1375 1857 1436 1908 ut
1459 1850 1750 1908 inductive
1771 1866 1876 1923 po-

318 1945 479 1989 nfrno.
513 1942 621 1994 test
658 1935 879 1994 ostendi
929 1940 985 1992 et
1029 1932 1205 1990 tradit
1275 1936 1340 1989 D.
1391 1932 1594 1989 Thom.
1641 1931 1676 1986 3
1715 1937 1870 2004 part.

514 2022 695 2095 quast.
739 2018 832 2082 62,
877 2021 985 2070 art.
1016 2016 1073 2080 4,
1117 2012 1215 2069 ubi
1257 2012 1484 2084 inquit:
1532 2033 1558 2063 α
1601 2009 1875 2067 Ponendo

521 2119 547 2151 (ι
574 2095 725 2171 quod
752 2097 1185 2152 Sacramentum
1212 2099 1295 2150 est
1319 2108 1485 2149 causa
1514 2091 1875 2148 instrumen-

520 2199 544 2230 α
575 2179 707 2235 talis
752 2178 967 2253 gratia),
1027 2191 1252 2234 necesse
1290 2180 1375 2232 est
1412 2174 1589 2230 simul
1638 2187 1871 2245 ponere,

518 2281 544 2314 α
570 2259 721 2332 quod
761 2260 826 2315 in
865 2261 1232 2315 sacramento
1269 2257 1345 2311 sit
1383 2253 1642 2328 quaedam
1684 2254 1876 2310 virtus

517 2362 544 2395 α
573 2338 1035 2397 instrumentalis
1050 2337 1122 2394 ad
1145 2333 1534 2393 inducendum
1549 2349 1875 2390 sacramen·

517 2422 747 2478 «talem
787 2419 1090 2484 effectum,
1150 2423 1206 2474 et
1246 2417 1363 2474 haec
1399 2415 1633 2489 quidem
1686 2415 1874 2471 virtus

517 2522 543 2553 α
569 2501 1037 2573 proportionatur
1065 2498 1470 2554 instrumenta
1522 2492 1686 2550 Unde
1711 2509 1874 2551 com-

516 2601 542 2633 «
573 2583 808 2652 paratur
835 2576 904 2633 ad
935 2577 1207 2633 virtutem
1249 2574 1589 2640 absolutam,
1632 2578 1688 2630 et
1736 2589 1871 2646 per-

515 2680 541 2712 «
573 2660 799 2724 sectam,
846 2657 991 2713 sicut
1017 2661 1381 2729 comparatur
1415 2655 1870 2711 instrumentum

514 2759 541 2792 α
570 2737 640 2796 ad
670 2753 842 2812 agens
865 2736 1202 2808 principale.
1233 2737 1688 2790 lustramentum
1710 2735 1870 2791 enim

514 2842 540 2875 c<
570 2835 687 2876 non
709 2823 999 2892 operatur,
1027 2817 1139 2872 nisi
1165 2816 1227 2872 in
1249 2821 1527 2890 quantum
1542 2820 1628 2871 est
1648 2822 1870 2885 motum

514 2923 540 2955 «
570 2899 640 2959 ab
662 2904 862 2974 agente
884 2898 1212 2970 principali.
1242 2899 1309 2951 Et
1332 2895 1460 2954 ideo
1487 2897 1672 2954 virtus
1700 2899 1871 2971 prin-

511 3004 539 3035 «
569 2982 769 3055 cipalis
797 2980 1016 3054 agentis
1045 2978 1215 3035 habet
1241 2994 1605 3051 permanens,
1637 2985 1693 3036 et
1720 2995 1872 3036 com-

511 3084 540 3116 «
571 3064 788 3136 pletum
808 3078 930 3118 esse
951 3061 1015 3116 in
1044 3065 1285 3126 natura;
1317 3060 1501 3115 virtus
1524 3065 1714 3117 autem
1744 3060 1871 3116 ins-

512 3167 540 3199 «
571 3144 938 3201 trumentalis
984 3140 1154 3198 habet
1180 3157 1301 3198 esse
1340 3142 1629 3199 transiens
1647 3158 1718 3199 ex
1753 3158 1870 3199 uno

516 3246 544 3279 α
573 3225 636 3281 in
663 3223 839 3289 aliud,
863 3229 921 3280 et
946 3224 1356 3296 incompletum
1392 3243 1405 3278 :
1432 3223 1578 3279 sicut
1597 3228 1654 3279 et
1680 3227 1871 3280 motus

514 3326 542 3358 «
570 3309 656 3362 est
692 3309 847 3361 actus
894 3303 1261 3376 imperfectus
1298 3301 1369 3359 ab
1416 3308 1615 3377 agente
1643 3303 1711 3358 in
1765 3319 1869 3376 pa-

514 3386 736 3443 «tiens,
770 3407 796 3439 »
850 3387 921 3440 Et
965 3386 1200 3458 insuper
1249 3382 1540 3458 probatur,
1590 3384 1867 3458 quoniam

505 3482 680 3541 agens
699 3466 946 3523 inferius
967 3481 1085 3522 non
1107 3465 1338 3539 attingit
1357 3464 1619 3521 ellectum
1647 3465 1870 3540 agentis

503 3547 836 3623 superioris,
893 3547 1005 3604 nisi
1054 3552 1352 3604 moveatur
1393 3545 1462 3602 ab
1505 3547 1627 3619 ipso
1666 3551 1869 3620 agente

503 3628 758 3687 motione
785 3627 1008 3685 effectui
1038 3626 1370 3702 attingendo
1397 3626 1864 3700 proportionata;

504 3710 654 3768 nihil
695 3710 854 3766 enim
898 3709 1031 3783 agit,
1078 3710 1127 3764 si
1149 3708 1259 3764 sibi
1290 3708 1668 3782 relinquatur,
1714 3708 1868 3766 ultra

502 3793 787 3866 sphaeram
815 3807 931 3848 suae
956 3790 1190 3847 virtutis
1221 3810 1236 3847 z
1262 3790 1361 3847 sed
1390 3790 1863 3858 instrumentum,

502 3874 567 3930 in
594 3878 873 3946 quantum
920 3873 1052 3938 tale,
1080 3875 1166 3928 est
1191 3886 1363 3946 agens
1389 3871 1653 3938 inferius,
1685 3873 1867 3930 attin-

501 3971 642 4029 gens
665 3954 928 4011 eflectum
972 3968 1156 4009 causae
1194 3952 1528 4025 superioris,
1560 3960 1616 4009 et
1644 3954 1868 4027 princi-

504 4034 670 4107 palis,
698 4039 759 4089 ut
785 4050 858 4090 ex
881 4049 942 4089 se
970 4033 1148 4106 liquet
1182 4053 1195 4088 :
1230 4047 1366 4106 ergo
1390 4030 1461 4089 de
1490 4033 1713 4091 ratione
1740 4032 1866 4091 ins‘-

504 4116 782 4172 trumenti
820 4120 906 4172 est
943 4114 1163 4172 moveri
1192 4110 1263 4170 ab
1308 4119 1510 4188 agente
1555 4116 1864 4188 principali

503 4197 758 4254 motione
783 4194 1005 4252 effectui
1032 4192 1364 4268 attingendo
1410 4197 1862 4268 proportionata.

291 4312 492 4357 volunta·
577 4278 771 4335 Minor
799 4280 1011 4337 autem‚
1037 4275 1321 4347 praecipue
1341 4281 1621 4347 quantum
1650 4276 1720 4333 ad
1751 4277 1868 4351 pri-

284 4366 663 4416 temcrea-mam
692 4363 933 4431 partem,
967 4354 1031 4411 in
1055 4371 1167 4428 qua
1191 4361 1276 4411 est
1301 4355 1621 4426 difficultas,
1656 4357 1866 4430 proba-

287 4415 492 4514 ξὲῗιῗῗηιῖἷ
505 4446 599 4498 tur
621 4442 803 4513 primo
829 4455 901 4495 ex
926 4452 1087 4493 sacra
1136 4437 1427 4510 Scriptura
1459 4461 1473 4505 ;
1523 4454 1660 4495 nam
1708 4439 1867 4494 Isaiae

287 4512 474 4604 ῃξξῇξξξῇ
513 4526 597 4590 10,
622 4521 832 4579 dicitur
858 4541 872 4576 ε
919 4518 1101 4577 Assur
1121 4520 1518 4591 viryasuroris
1543 4522 1668 4588 mei,
1698 4526 1747 4575 et
1773 4520 1867 4574 ba-

281 4606 794 4679 adDeum.culusipse
819 4610 895 4658 est
916 4621 935 4656 .·
973 4602 1049 4658 ad
1088 4607 1298 4672 gentem
1341 4602 1601 4673 fallacem
1644 4603 1867 4658 mittam

285 4658 492 4761 ἓξοέἆιῑᾎῖ
504 4705 647 4753 eum,
671 4694 719 4741 et
745 4692 935 4741 contra
949 4684 1216 4756 populum
1234 4682 1447 4754 suroris
1469 4684 1574 4738 mei
1593 4683 1866 4738 mandabo

312 4759 461 4852 12ss3.
503 4769 611 4826 illi.
642 4770 710 4822 Et
738 4770 926 4840 postea
952 4763 1216 4821 subditur
1249 4785 1263 4820 ε
1303 4764 1576 4842 Nunquid
1591 4765 1866 4836 ylariabi-

503 4858 595 4906 tur
620 4850 823 4906 securis
850 4853 1043 4902 contra
1079 4863 1203 4902 eum
1250 4847 1347 4923 qui
1369 4852 1512 4902 secat
1534 4848 1593 4901 in
1612 4864 1676 4902 ea
1696 4846 1728 4900 ?
1765 4854 1866 4903 aut

500 4928 840 4987 exaltabitur
857 4944 1012 4983 serra
1030 4926 1221 4983 contra
1246 4943 1370 4982 eum
1394 4944 1433 4981 a
1458 4943 1563 5002 quo
1590 4927 1868 4984 trahitur?

504 5009 782 5083 Quomodo
807 5009 857 5063 si
879 5008 1116 5064 elevetur
1153 5009 1315 5079 virya
1339 5014 1531 5064 contra
1566 5008 1866 5065 elevantem

2006 570 2081 618 ae,
2111 563 2160 609 et
2197 555 2471 609 malletur
2495 554 2741 618 baculus,
2830 555 2890 608 ui
2941 553 3128 629 ulique
3159 552 3369 622 liquam

2007 641 2105 689 eat.
2147 634 2364 698 Quibus
2411 633 2602 690 verbis
2627 633 2778 708 signi
2826 638 3005 699 catur,
3037 631 3186 705 quod
3226 633 3371 689 sicut

2010 711 2261 778 baculus,
2293 713 2475 788 virga,
2507 717 2563 770 et
2582 729 2744 771 serra
2790 717 3099 770 moventur
3125 729 3157 769 a
3180 713 3366 786 nobis,

2011 794 2091 850 ita
2117 801 2174 851 et
2216 811 2320 852 nos
2368 810 2672 852 movemur
2712 811 2745 851 a
2791 793 3065 852 Deozsed
3112 794 3366 862 baculus,

2009 873 2172 948 virga
2217 881 2273 931 et
2336 892 2497 932 serra
2551 880 2860 932 moventur
2912 891 2944 931 a
2986 873 3152 932 nobis
3200 873 3368 931 ellec—

2010 956 2127 1013 tive
2186 956 2415 1032 physice
2469 972 2566 1030 per
2620 956 3059 1028 impressionem
3131 956 3369 1029 alicujus

2009 1037 2291 1111 impulsus
2319 1038 2623 1095 inferentis
2660 1039 3075 1111 operationem,
3108 1041 3162 1094 et
3201 1036 3370 1094 effec-

2007 1124 2152 1184 tum,
2208 1119 2280 1176 ad
2316 1136 2439 1193 quae
2484 1134 2784 1175 movemus
2818 1140 2831 1174 z
2866 1134 3003 1193 ergo
3028 1134 3133 1175 nos
3171 1133 3372 1176 move·

2008 1215 2142 1256 mur
2170 1216 2201 1256 a
2246 1202 2361 1258 Deo
2408 1205 2681 1273 tanquam
2726 1199 3111 1256 instrumenta
3162 1196 3233 1254 ad
3258 1199 3370 1254 eli-

2007 1279 2239 1337 ciendas
2288 1279 2649 1353 operationes
2676 1285 2918 1348 nostras,
2970 1295 3097 1352 quae
3126 1283 3188 1334 ut
3214 1294 3283 1335 ex
3308 1294 3371 1335 se

2008 1361 2215 1434 liquet,
2237 1361 2373 1435 quid
2417 1361 2713 1436 physicum
2753 1367 2903 1417 sunt.
2962 1363 3032 1416 Et
3057 1360 3191 1417 hinc
3220 1376 3369 1433 prae-

2006 1442 2144 1499 cidit
2193 1442 2487 1515 Scriptura
2557 1442 2909 1499 occasionem
2960 1440 3248 1516 gloriandi
3302 1443 3368 1496 in

2008 1524 2258 1597 propriis
2279 1523 2567 1596 operibus:
2586 1523 2719 1597 quia
2740 1524 2871 1581 licet
2890 1521 3228 1596 quandoque
3250 1523 3369 1578 lau·

2006 1602 2242 1670 dabilia,
2273 1610 2329 1660 et
2354 1603 2652 1661 meritoria
2679 1604 2796 1658 sint
2822 1626 2835 1669 ;
2870 1602 3126 1674 primum
3149 1607 3362 1664 tamen,

2006 1692 2064 1745 et
2090 1686 2406 1760 principale
2445 1701 2646 1743 eorum
2689 1684 3040 1759 principium
3061 1688 3146 1740 est
3171 1686 3317 1740 Deus
3350 1706 3363 1748 ;

2007 1786 2111 1828 nos
2132 1784 2269 1826 vero
2314 1769 2548 1844 agimus
2577 1774 2850 1841 tanquam
2890 1768 3275 1826 instrumenta
3296 1765 3367 1823 ab

2005 1867 2073 1908 eo
2099 1855 2273 1916 mota,
2298 1855 2354 1907 et
2381 1850 2683 1923 applicata.
2711 1851 2777 1904 Et
2796 1849 2877 1904 sic
2906 1848 3192 1905 intellexit
3214 1865 3367 1920 prae-

2003 1931 2221 1988 dictum
2270 1929 2665 1987 testimonium
2718 1931 2783 1984 D.
2839 1928 3043 1985 Thom.
3099 1927 3314 1985 ibidem
3346 1949 3360 1984 ε
3397 1926 3555 1969 ⁰·'1’b0-

2012 2033 2038 2065 α
2070 2011 2192 2077 Hic,
2227 2032 2252 2062 »
2288 2010 2493 2082 inquit,
2533 2032 2558 2062 «
2588 2010 2819 2082 ponitur
2839 2007 3143 2081 gloriantis
3171 2006 3363 2072 incre-

2012 2115 2037 2146 «
2069 2092 2241 2166 patio,
2265 2091 2401 2163 quia
2420 2091 2594 2147 etiam
2616 2096 2700 2147 est
2721 2091 3195 2155 instrumentum,
3214 2090 3362 2162 quod

2012 2195 2038 2224 α
2068 2187 2186 2228 non
2216 2177 2391 2245 potest
2420 2172 2647 2242 operari
2695 2170 2809 2226 nisi
2840 2175 2995 2226 motu
3043 2166 3297 2226 artificis,
3334 2195 3357 2220 η

2007 2254 2076 2308 Et
2113 2271 2296 2326 opusc.
2337 2253 2429 2318 20,
2473 2253 2537 2306 de
2576 2252 2834 2322 reyimine
2871 2250 3119 2323 Princip.
3163 2251 3255 2307 lib.
3308 2251 3361 2310 3.

2003 2351 2125 2406 cap.
2151 2336 2206 2399 8,
2233 2333 2330 2389 ubi
2354 2334 2434 2388 ait
2463 2354 2476 2388 :
2512 2354 2536 2385 «
2566 2334 2635 2389 Se
2664 2331 2832 2387 habet
2853 2332 3039 2387 virtus
3058 2330 3365 2387 dominan-

2011 2434 2035 2465 «
2066 2414 2140 2469 tis
2160 2413 2229 2470 ad
2260 2417 2437 2470 Deum
2459 2413 2603 2469 sicut
2644 2413 2830 2468 virtus
2850 2411 3036 2468 baculi
3060 2411 3128 2468 ad
3160 2428 3363 2485 percu-

2010 2517 2036 2549 «
2067 2496 2324 2560 tientem,
2356 2501 2411 2553 et
2448 2497 2594 2552 sicut
2637 2496 2824 2552 virtus
2860 2511 3034 2551 serrae
3062 2494 3131 2550 ad
3176 2493 3364 2550 artifi-

2010 2598 2035 2630 α
2064 2592 2210 2633 cem.
2240 2577 2469 2633 Constat
2496 2579 2706 2639 autem,
2751 2572 2899 2646 quod
2940 2574 3125 2630 vlrtus
3165 2588 3356 2636 serrae,

2009 2680 2035 2711 a
2064 2659 2157 2715 vel
2207 2656 2422 2715 securis
2469 2656 2531 2711 in
2586 2653 2830 2711 artificio
2877 2655 3040 2711 nulla
3084 2660 3184 2720 est,
3249 2653 3361 2709 nisi

2009 2760 2034 2791 α
2066 2755 2166 2811 per
2196 2736 2474 2794 artificem
2500 2740 2843 2800 moventem,
2885 2742 2942 2792 et
2993 2735 3358 2809 dirigentem.

2010 2840 2035 2871 α
2068 2820 2148 2873 lta
2168 2817 2344 2874 etiam
2361 2815 2431 2872 de
2452 2815 2665 2871 virtute
2685 2815 3041 2871 dominantis
3055 2814 3358 2888 contingit,

2009 2922 2034 2953 α
2063 2899 2211 2975 quod
2240 2900 2404 2956 nulla
2430 2904 2513 2956 est
2540 2900 2667 2955 sine
2713 2900 2826 2955 Deo
2854 2902 3140 2964 movente,
3171 2903 3227 2954 et
3253 2913 3362 2971 gu-

2008 3003 2034 3035 «
2066 2980 2365 3037 bernante.
2400 3000 2425 3030 n

2074 3063 2203 3118 300.
2251 3060 2531 3118 Probatur
2577 3060 2807 3115 secundo
2846 3058 3046 3117 eadem
3069 3059 3265 3116 minor
3288 3066 3578 3115 exsmdeiar

2000 3143 2200 3202 eodem
2222 3145 2276 3198 S.
2303 3146 2556 3211 Doctore,
2585 3144 2683 3216 qui
2709 3143 2870 3198 illam
2896 3126 3423 3215 frequentissime⁰¹
3436 3118 3572 3160 απ·

2001 3225 2221 3290 asserit,
2253 3229 2308 3279 et
2355 3225 2635 3296 praecipue
2687 3230 2869 3301 quast.
2901 3225 2955 3287 3,
2987 3223 3051 3277 de
3090 3225 3356 3295 potentia,

1999 3313 2111 3362 art.
2142 3310 2199 3371 7,
2226 3308 2285 3361 iu
2306 3324 2451 3378 corp.
2481 3306 2575 3362 ubi
2606 3306 2684 3362 ait
2719 3327 2732 3361 :
2762 3328 2786 3358 (ι
2823 3305 2984 3360 Nihil
3014 3305 3129 3378 agit
3151 3304 3218 3361 ad
3241 3321 3362 3362 esse

2007 3409 2032 3440 α
2063 3387 2177 3443 nisi
2202 3404 2301 3461 per
2321 3388 2595 3443 virtutem
2639 3385 2757 3443 Dei.
2815 3388 3004 3459 Ipsum
3053 3385 3213 3444 enim
3241 3402 3361 3442 esse

2006 3492 2033 3522 «
2061 3475 2146 3526 est
2189 3470 2697 3526 communissimus
2742 3467 2988 3534 effectus,
3032 3468 3273 3544 primuS,
3306 3474 3360 3525 et

2006 3574 2031 3605 α
2062 3552 2327 3608 intimior
2347 3551 2617 3610 omnibus
2645 3552 2776 3608 aliis
2803 3549 3115 3607 effectibus,
3142 3553 3207 3607 Et
3231 3549 3360 3607 ideo

2006 3653 2032 3684 α
2059 3632 2166 3689 soli
2191 3635 2305 3690 Deo
2324 3632 2915 3712 convenitsequndum
2939 3637 3209 3687 naturam
3230 3646 3352 3703 pro·

2005 3734 2031 3767 α
2061 3716 2250 3787 priam
2281 3715 2410 3771 talis
2437 3713 2682 3772 effectus
2740 3713 2904 3770 Unde
2930 3713 3126 3781 etiam,
3161 3718 3220 3768 ut
3265 3710 3359 3767 di-

2005 3818 2031 3851 «
2062 3796 2209 3853 citur
2240 3797 2300 3852 in
2350 3796 2453 3852 lib.
2483 3796 2553 3855 de
2578 3797 2775 3859 causis,
2827 3795 3211 3871 intelligentia
3240 3810 3356 3850 non

2004 3901 2030 3932 α
2057 3876 2156 3934 dat
2179 3895 2320 3944 esse,
2348 3879 2459 3935 nisi
2483 3880 2824 3954 proutestin
2839 3895 2904 3936 ea
2929 3878 3112 3934 virtus
3128 3876 3349 3932 divina.

2003 3983 2030 4014 α
2058 3961 2147 4017 Sic
2173 3977 2308 4035 ergo
2355 3963 2500 4017 Deus
2526 3968 2611 4019 est
2637 3977 2804 4019 causa
2847 3960 3038 4017 omnis
3086 3958 3347 4024 actionis,

2004 4065 2030 4096 α
2059 4048 2227 4115 prout
2251 4041 2540 4115 quodlibet
2569 4059 2742 4118 agens
2767 4048 2852 4099 est
2899 4042 3354 4097 instrumentum

2003 4144 2028 4175 α
2058 4122 2272 4179 divinae
2299 4123 2529 4178 virtutis
2550 4124 2864 4196 operantiS.
2893 4142 2918 4172 ›>
2947 4124 3016 4176 Et
3036 4121 3127 4176 lib.
3155 4120 3210 4185 3,
3236 4137 3358 4175 con·

1997 4211 2085 4259 tra
2109 4210 2307 4271 qentes,
2339 4221 2461 4276 cap.
2493 4206 2584 4267 89,
2618 4204 2807 4275 inquit
2838 4225 2851 4260 ε
2887 4226 2913 4256 «
2944 4207 3091 4259 Deus
3119 4218 3236 4260 non
3263 4218 3357 4259 so-

2002 4305 2028 4336 «
2061 4283 2181 4338 lum
2210 4281 2306 4339 dat
2328 4283 2495 4340 rebus
2518 4284 2812 4351 virtutem,
2862 4283 2959 4339 sed
2988 4284 3164 4341 etiam
3198 4283 3359 4339 nulla

1975 4387 2028 4418 .«
2059 4381 2150 4422 res
2172 4370 2352 4439 potest
2381 4367 2611 4438 propria
2634 4367 2850 4421 virtute
2872 4381 3059 4440 agere,
3087 4366 3199 4422 nisi
3228 4371 3360 4440 agat

2003 4467 2029 4498 α
2060 4445 2123 4500 in
2145 4446 2358 4501 virtute
2398 4445 2596 4518 ipsiuS,
2632 4451 2690 4501 ut
2714 4462 2885 4519 supra
2910 4451 3203 4502 ostensum
3230 4452 3317 4502 est
3344 4467 3357 4499 ε

2002 4549 2028 4581 α
2056 4543 2193 4601 ergo
2238 4526 2412 4584 homo
2442 4544 2556 4585 non
2585 4534 2764 4600 potest
2790 4528 3005 4585 virtute
3046 4526 3359 4585 voluntatis

2003 4630 2029 4661 α
2058 4608 2169 4663 sibi
2190 4606 2321 4664 data
2350 4608 2450 4669 uti,
2480 4609 2591 4664 nisi
2620 4609 2683 4663 in
2705 4614 2985 4682 quantum
3014 4608 3132 4681 agit
3160 4609 3221 4664 in
3242 4610 3361 4665 vir·

2003 4709 2029 4741 α
2061 4693 2180 4744 tute
2228 4687 2347 4744 Dei.
2407 4687 2552 4743 lllud
2593 4693 2784 4746 autem
2838 4689 2901 4745 in
2942 4690 3099 4763 cujus
3147 4689 3363 4747 virtute

2004 4791 2029 4823 α
2058 4784 2231 4842 agens
2258 4769 2391 4843 agit,
2422 4777 2508 4827 est
2533 4786 2700 4827 causa
2727 4785 2843 4828 non
2885 4771 3073 4828 solum
3105 4771 3356 4834 virtutis,

2003 4871 2029 4903 α
2056 4848 2156 4907 sed
2182 4849 2358 4905 etiam
2387 4856 2539 4906 actus
2564 4850 2742 4923 :quod
2766 4852 2828 4907 in
2859 4850 3079 4909 artifice
3102 4857 3359 4927 apparet,

2003 4952 2030 4983 α
2060 4930 2121 4986 in
2142 4930 2300 5003 qu’us
2318 4930 2534 4987 virtute
2549 4932 2663 5005 agit
2686 4931 3162 4998 instrumentum,
3182 4933 3361 4991 etiam

2004 5032 2030 5063 α
2057 5010 2206 5084 quod
2233 5011 2302 5069 ab
2343 5012 2447 5069 hoc
2492 5011 2707 5072 artifice
2762 5014 3057 5089 propriam
3104 5014 3359 5072 formam
3429 5078 3440 5088 ,

3242 5112 3363 5154 non
