3647 5753
349 778 503 819 D.Tbo.

320 1654 504 1709 Respon-

370 1713 391 1743 ⁸
441 1735 450 1743 '
536 1751 640 1792 nos
665 1736 931 1792 evincere
962 1759 976 1802 ;
1003 1750 1139 1791 nam
1159 1751 1228 1791 ex
1256 1735 1339 1791 eis
1358 1736 1548 1793 solum
1577 1736 1887 1811 colligitur,

327 3316 365 3356 D
375 3315 488 3357 .Th0.

327 4169 433 4262 ⁰325

543 342 653 397 360
1469 345 1562 399 DE
1600 344 2183 401 JUSTIFICATIONE
2224 349 2427 405 IMPII.

542 518 626 574 dit
647 520 708 575 in
737 521 1005 588 latroneS,
1034 519 1131 575 ubi
1154 520 1233 576 ait
1260 542 1273 575 :
1329 521 1644 577 Praecedunt
1672 522 1903 579 vulnera

544 603 865 667 nuditatem,
891 610 950 657 ut
973 602 1265 672 intelliyas,
1300 603 1442 678 quod
1455 611 1738 676 peccatum
1757 623 1904 677 prae-

540 683 692 739 cedat
734 687 925 755 qratia)
993 686 1319 740 carentiam.
1387 687 1456 740 Et
1495 685 1770 741 similiter
1831 690 1897 743 D.

541 764 745 820 Thom.
774 766 830 830 2,
855 766 908 830 2,
936 772 1118 841 quast.
1145 767 1234 834 24,
1266 772 1379 819 art.
1420 767 1502 834 12,
1531 765 1725 837 inquit
1758 786 1771 820 ε
1796 764 1900 823 Si-

539 852 629 902 cut
685 845 866 900 lumen
902 848 1096 902 statim
1144 853 1372 901 cessaret
1413 863 1522 901 esse
1565 848 1625 900 in
1651 863 1775 901 aere
1805 864 1903 921 per

539 925 656 992 hoc,
687 926 829 1001 quod
853 926 1081 1002 aliquod
1099 925 1436 981 obstaculum
1457 931 1748 999 poneretur
1770 928 1902 982 illu·

537 1008 835 1061 minatiom'
884 1005 1081 1063 Solis:
1107 1008 1187 1061 ita
1212 1007 1381 1061 etiam
1431 1007 1676 1065 charitas
1707 1009 1901 1062 statim

538 1089 717 1156 deficit
742 1105 849 1143 esse
877 1090 936 1143 in
975 1091 1169 1144 anima
1209 1106 1309 1161 per
1332 1089 1450 1155 ltoc,
1484 1090 1627 1166 quod
1671 1089 1901 1167 aliquod

536 1170 871 1225 obstaculum
892 1171 1122 1241 (nempe
1143 1173 1432 1242 peccatum
1476 1171 1714 1242 actuale)
1732 1172 1898 1243 poni-

536 1259 628 1306 tur
639 1250 934 1321 influenti&
953 1250 1296 1305 charitatisa
1321 1249 1428 1305 Deo
1448 1251 1508 1304 in
1529 1253 1744 1307 anima.
1759 1250 1893 1317 Ubi,

535 1336 598 1387 ut
620 1330 798 1397 vides,
833 1345 950 1388 non
970 1330 1188 1386 dixitS.
1216 1334 1438 1398 Doctor,
1471 1332 1650 1389 simul
1672 1331 1894 1390 auferri

533 1410 799 1486 gratiam,
850 1410 950 1467 sed
993 1414 1186 1474 statim
1210 1430 1229 1464 .·
1277 1427 1402 1484 quae
1454 1412 1732 1483 particula
1777 1426 1896 1468 non

533 1489 818 1565 significat
835 1489 896 1553 id
916 1490 1064 1562 quod
1086 1491 1282 1557 simul,
1307 1489 1404 1547 sed
1431 1490 1577 1561 quod
1608 1491 1890 1565 proxime,

533 1580 590 1631 et
615 1574 949 1631 immediate
970 1578 1095 1646 post
1115 1572 1197 1630 fit.

576 1649 584 1656 ’
610 1654 1008 1729 Respondetur
1028 1656 1145 1712 haec
1164 1656 1494 1713 testimonia
1521 1656 1672 1713 nihil
1694 1661 1894 1714 contra

534 1816 684 1889 quod
713 1820 1000 1890 peccatum
1036 1816 1255 1871 actuale
1286 1820 1477 1872 causet
1503 1817 1891 1888 privationem

533 1896 749 1970 gratiae,
801 1912 898 1952 seu
949 1900 1237 1967 peccatum
1284 1894 1620 1964 habitual.e;
1660 1902 1717 1953 et
1740 1895 1891 1969 quod

535 1979 654 2033 illis
678 1977 754 2033 sit
798 1978 959 2051 prius
984 1976 1189 2033 ordine
1214 1978 1584 2045 causalitatiS,
1623 1977 1716 2034 vel
1742 1977 1888 2033 sim-

534 2059 775 2131 pliciter,
820 2058 911 2114 vel
951 2058 1154 2114 saltem
1185 2057 1247 2112 in
1276 2057 1469 2130 aliquo
1502 2058 1891 2115 determinato

531 2139 801 2197 causandi
852 2154 1082 2214 genere.
1132 2138 1215 2195 Ex
1260 2138 1367 2196 hoc
1412 2145 1602 2196 autem
1643 2140 1890 2197 minime

531 2219 800 2286 infertur,
832 2217 983 2292 quod
1007 2219 1067 2273 in
1103 2234 1217 2276 uno
1240 2219 1478 2275 instanti
1501 2220 1579 2275 sit
1600 2225 1888 2292 peccatum

529 2302 764 2368 actuale,
796 2307 853 2358 et
881 2301 942 2356 in
983 2299 1098 2356 alio
1123 2300 1364 2356 instanti
1395 2301 1646 2374 privatio
1665 2302 1883 2376 gratiae,

527 2382 621 2437 vel
646 2380 795 2453 quod
819 2381 1005 2454 gratia
1042 2381 1219 2437 simul
1260 2397 1390 2437 cum
1436 2387 1656 2455 peccato
1680 2382 1886 2439 actuali

528 2461 590 2516 in
625 2461 817 2534 aliquo
838 2460 1078 2516 instanti
1119 2461 1416 2517 coincidet.
1446 2461 1553 2517 Sed
1580 2461 1767 2535 potius
1790 2462 1887 2518 in-

527 2541 711 2598 fertur
731 2542 1054 2614 oppositum
1080 2565 1094 2608 ;
1127 2558 1265 2597 nam
1286 2558 1453 2599 causa
1481 2548 1605 2599 actu
1623 2559 1882 2610 causans,

525 2627 583 2678 et
615 2621 861 2679 effectus
912 2626 1036 2677 actu
1082 2627 1345 2677 causatus
1394 2627 1530 2678 sunt
1570 2622 1634 2678 in
1682 2621 1884 2680 eodem

529 2701 787 2765 instanti,
856 2706 913 2757 et
948 2701 1117 2775 signo
1162 2704 1222 2756 in
1263 2719 1409 2777 quo;
1449 2702 1579 2758 lieet
1611 2718 1782 2758 causa
1809 2703 1887 2759 sit

529 2783 690 2855 prior
716 2802 751 2839 a
777 2800 906 2860 quo,
950 2782 1056 2839 hoc
1078 2787 1162 2839 est
1191 2782 1585 2855 independens
1608 2807 1623 2851 ;
1653 2782 1885 2841 effectus

526 2880 676 2928 vero
690 2864 763 2920 sit
791 2864 1073 2936 posterior
1097 2882 1133 2919 α
1153 2882 1276 2939 quo,
1303 2863 1408 2921 hoc
1427 2871 1511 2922 est
1530 2863 1858 2938 dependens
1867 2889 1882 2934 ;

526 2961 645 3002 non
670 2944 830 3002 enim
882 2945 945 3000 in
974 2944 1088 3001 alio
1127 2945 1383 3001 consistit
1429 2945 1544 3001 haec
1586 2945 1878 3017 prioritas,

523 3030 579 3080 et
633 3023 1039 3096 posterioritas»,
1096 3040 1266 3096 quam
1311 3024 1374 3080 in
1412 3022 1878 3096 independentia,

523 3111 582 3163 et
621 3105 1000 3179 dependentia
1024 3106 1179 3162 intra
1223 3105 1455 3179 aliquod
1477 3122 1658 3162 causae
1678 3122 1877 3180 genuS.

525 3187 587 3243 Id
612 3187 761 3262 quod
807 3190 944 3246 satis
990 3188 1169 3260 liquet
1195 3193 1318 3244 tum
1363 3188 1644 3262 exemplis
1691 3187 1883 3245 allatis

524 3287 678 3325 num.
704 3270 925 3337 83,tum
945 3270 1226 3341 exemplo,
1251 3285 1364 3340 quo
1392 3269 1573 3325 utitur
1602 3268 1874 3326 D.Thom.

525 3366 662 3406 nam
701 3350 766 3405 in
790 3349 990 3407 eodem
1029 3349 1291 3414 instanti,
1324 3350 1418 3406 vel
1458 3350 1642 3424 signo,
1676 3350 1739 3406 in
1767 3364 1880 3422 quo

522 3437 607 3488 est
651 3430 1010 3502 interpositio
1055 3429 1312 3502 corporis
1351 3431 1531 3503 opaci,
1576 3435 1659 3487 est
1699 3430 1878 3487 etiam

522 3510 730 3568 umbra
760 3536 774 3568 ι
806 3511 936 3567 licet
975 3509 1336 3582 interpositio
1375 3511 1449 3565 sit
1477 3513 1637 3585 prior
1664 3510 1879 3584 priori-

522 3596 634 3648 tate
652 3591 1019 3656 causalitatis,
1044 3595 1101 3647 et
1122 3589 1604 3661 independentiae.
1638 3595 1751 3648 Nec
1773 3607 1880 3664 op-

521 3672 768 3744 positum
789 3669 1069 3744 significat
1096 3671 1151 3726 S.
1180 3672 1385 3727 Doctor
1413 3687 1513 3744 per
1541 3672 1708 3728 illam
1739 3686 1878 3744 par-

524 3752 759 3807 ticulam
782 3752 973 3806 statim
999 3749 1168 3821 ;quia
1193 3749 1449 3807 insolens
1472 3755 1707 3817 nonest,
1728 3749 1877 3823 quod

520 3830 641 3887 haec
663 3830 941 3904 particula
959 3830 1241 3905 significet
1266 3832 1462 3897 etiam,
1494 3831 1643 3905 quod
1664 3830 1872 3900 subit0,

519 3916 576 3968 et
607 3911 793 3986 ‚simul
846 3911 1209 3968 instantanee
1253 3909 1337 3977 fit,
1386 3912 1529 3984 quin
1558 3912 1878 3969 necessario

519 3993 805 4066 exprimat
853 3991 1250 4049 habitudinem
1279 3991 1350 4048 ad
1394 3995 1789 4065 posteriorem,
1820 3998 1878 4050 et

519 4078 848 4145 sequentem
871 4070 1259 4128 durationem.

594 4155 688 4208 88.
713 4154 906 4209 Dices:
933 4154 997 4207 In
1014 4152 1118 4209 illo
1141 4152 1431 4226 priori,jn
1451 4169 1562 4226 quo
1585 4159 1874 4227 peccatum

519 4233 784 4308 praecedit
829 4232 1215 4305 privationem
1242 4233 1461 4306 gratiae,
1495 4249 1612 4292 non
1639 4239 1741 4301 est,
1773 4250 1875 4293 nec

516 4313 864 4388 intelligitur
891 4311 1220 4386 hujusmodi
1271 4313 1561 4385 privatio:
1603 4329 1740 4388 ergo
1761 4320 1866 4383 est,

515 4400 573 4451 et
595 4395 939 4469 intelligitur
967 4393 1088 4466 ipsa
1109 4393 1312 4468 gratia.
1341 4397 1503 4452 Patet
1526 4412 1874 4469 consequen-

516 4473 618 4541 tia,
641 4474 777 4547 quia
803 4474 976 4530 homo
1027 4478 1088 4527 ut
1108 4475 1362 4529 elevatus
1383 4473 1451 4531 ad
1481 4474 1748 4532 ordinem
1770 4492 1872 4531 su-

517 4555 967 4628 pernaturalem,
1012 4555 1209 4626 nequit
1254 4571 1395 4621 esse,
1465 4558 1556 4614 vel
1618 4555 1870 4631 intelligi

513 4633 726 4708 absque
751 4634 953 4710 gratia,
1004 4634 1096 4691 vel
1123 4635 1322 4708 gratia}
1343 4636 1667 4709 privatione
1694 4660 1707 4693 ι
1735 4652 1872 4712 ergo

513 4718 563 4772 si
622 4716 831 4790 proillo
877 4715 1057 4788 priori
1104 4722 1349 4784 nonest,
1397 4733 1499 4774 nec
1526 4718 1874 4793 intelligitur

514 4797 712 4869 gratias
739 4795 1006 4869 privatio,
1039 4811 1142 4868 pro
1168 4795 1272 4853 illo
1317 4796 1495 4869 priori
1533 4797 1700 4855 debet
1723 4813 1867 4867 esse,

517 4882 574 4932 et
602 4876 850 4950 intelligi
870 4876 1077 4950 gratia.

598 4955 994 5031 Respondetur
1042 4958 1306 5033 negando
1352 4959 1706 5031 antecedens,
1737 4961 1870 5034 quia

2037 518 2198 591 prius
2226 519 2372 575 illud
2401 535 2519 577 non
2544 527 2628 577 est
2672 522 2901 594 signum
2943 522 3184 589 essendi,
3220 525 3305 581 vel
3327 529 3378 580 in
3394 543 3548 589 unnim

2034 618 2137 677 quo
2158 619 2178 669 ,·
2205 618 2335 658 cum
2352 603 2414 658 in
2438 604 2600 660 nullo
2626 603 2885 672 instanti,
2913 604 3003 660 vel
3025 605 3189 679 signo
3212 608 3268 661 in
3285 626 3382 685 quo

2034 683 2110 739 sit
2131 689 2438 756 peccatum,
2464 685 2530 740 in
2550 702 2660 758 quo
2686 685 2862 742 etiam
2892 700 3009 741 non
3034 686 3112 741 sit
3138 687 3376 759 privatio

2032 764 2265 836 gratiae:
2295 763 2392 821 sed
2423 770 2645 820 tantum
2662 772 2747 821 est
2765 765 2996 839 signum
3016 767 3375 836 causalitatis,

2033 849 2144 901 eta
2165 862 2290 921 quo.
2324 846 2410 900 Ex
2428 862 2497 902 eo
2516 851 2726 910 autem,
2757 846 2906 918 quod
2929 852 3217 919 peccatum
3239 865 3379 920 prae-

2031 924 2193 982 cedat
2220 925 2609 997 privationem
2636 926 2835 1001 gratiae
2858 927 3159 998 prioritate
3192 944 3381 985 causa-
3430 958 3439 965 -

2033 1006 2228 1072 litatis,
2244 1014 2300 1063 et
2324 1025 2360 1063 a
2387 1026 2511 1084 quo,
2538 1008 2784 1065 minime
2805 1008 3076 1076 infertur,
3098 1010 3249 1081 quod
3270 1026 3382 1083 pec-

2029 1095 2219 1145 catum
2253 1090 2342 1155 sit,
2382 1092 2471 1147 vel
2521 1091 2880 1165 intelligatur
2921 1093 3132 1167 absque
3185 1094 3372 1166 priva-

2029 1170 2188 1227 tione
2212 1170 2431 1244 gratiae,
2464 1172 2555 1227 vel
2608 1174 2975 1246 conjunctum
3003 1190 3135 1230 cum
3154 1175 3336 1249 gratia
3361 1198 3374 1230 ε

2027 1249 2126 1306 sed
2148 1255 2372 1306 tantum
2396 1252 2671 1324 sequitur,
2702 1252 2851 1325 quod
2880 1260 3170 1325 peccatum
3194 1257 3255 1311 in
3283 1256 3379 1312 illo

2027 1330 2212 1405 signo,
2274 1333 2367 1388 vel
2426 1349 2607 1390 causae
2646 1349 2873 1407 genere,
2937 1336 3004 1391 in
3029 1351 3142 1409 quo
3197 1344 3381 1393 causat

2026 1411 2225 1484 gratiae
2253 1412 2658 1483 privationem,
2706 1414 2799 1479 sit,
2843 1419 2897 1470 et
2938 1416 3297 1489 intelligatur
3322 1424 3379 1471 ut

2028 1490 2436 1565 independens,
2490 1500 2547 1551 et
2591 1494 2653 1551 in
2701 1501 2853 1552 recto
2877 1519 2891 1562 ;
2947 1496 3199 1569 privatio
3251 1513 3379 1554 vero

2024 1573 2224 1645 gratiae
2244 1573 2601 1649 intelligatur
2631 1580 2692 1631 ut
2709 1574 3055 1648 dependens,
3081 1582 3138 1632 et
3160 1577 3223 1633 in
3243 1577 3387 1635 obli·-

2024 1669 2136 1725 quo
2167 1676 2179 1721 ;
2204 1653 2303 1711 sed
2331 1660 2641 1728 utrumque
2673 1657 2850 1712 simul
2876 1656 3148 1714 coincidit
3173 1658 3379 1714 simul-

2024 1739 2139 1790 tate
2158 1733 2499 1801 durationis,
2530 1741 2588 1792 et
2623 1737 2775 1810 signi
2802 1739 2864 1792 in
2892 1755 3011 1815 quo,
3051 1742 3116 1793 ut
3140 1740 3280 1794 satis
3305 1740 3378 1795 li-

2023 1819 2157 1887 quet
2174 1830 2246 1870 ex
2265 1816 2545 1888 exemplis
2565 1833 2627 1872 su
2636 1833 2740 1890 pra
2755 1818 2968 1873 allatis,

2097 1894 2205 1950 Sed
2227 1894 2412 1952 adhuc
2433 1895 2825 1969 urgebis;nam
2850 1903 3139 1969 peecatum
3162 1900 3379 1956 actuale
3396 1897 3565 1949 nepum.

2023 1972 2103 2029 ita
2144 1973 2408 2045 praecedit
2433 1976 2832 2048 expulsionem
2872 1977 3090 2051 gratiae,
3124 1983 3187 2033 ut
3219 1978 3380 2034 nullo

2023 2052 2192 2110 modo
2237 2055 2311 2110 sit
2364 2056 2664 2128 posterius,
2708 2072 2883 2129 quam
2925 2057 3029 2114 illa
3082 2058 3145 2113 in
3170 2058 3380 2130 aliquo

2021 2149 2230 2208 genere
2256 2151 2437 2192 causae
2457 2157 2470 2191 ε
2494 2151 2630 2211 ergo
2651 2137 2923 2193 omnibus
2949 2136 3139 2194 modis
3166 2153 3377 2210 praece-

2021 2215 2107 2271 dit
2130 2231 2279 2282 eam,
2324 2222 2492 2288 atque
2513 2216 2640 2273 ideo
2668 2218 2877 2289 poterit
2921 2217 3137 2291 optime
3169 2217 3381 2292 absque

2022 2293 2125 2350 illa
2150 2310 2291 2362 esse,
2306 2301 2361 2352 et
2387 2296 2654 2370 intelligi.
2677 2295 2960 2354 Probatur
2984 2301 3227 2370 utraque
3242 2313 3378 2354 con·
3434 2355 3445 2366 ,

2019 2377 2313 2450 sequentia
2339 2401 2353 2444 ;
2385 2392 2520 2433 nam
2549 2375 2699 2449 quod
2723 2377 2854 2434 aliae
2880 2393 3065 2435 causas
3092 2393 3211 2435 non
3239 2378 3372 2445 sint,

2020 2472 2125 2515 nec
2166 2458 2568 2533 intelligantur
2594 2460 2658 2514 in
2681 2458 2872 2532 aliquo
2900 2459 3140 2516 instanti
3169 2459 3379 2532 absque

2018 2536 2237 2604 effectu,
2258 2554 2427 2611 quem
2455 2545 2708 2606 causant,
2736 2540 3002 2612 provenit
3021 2557 3091 2597 ex
3103 2556 3188 2607 eo,
3223 2540 3369 2614 quod

2019 2617 2173 2674 inter
2192 2634 2441 2685 causam,
2467 2624 2524 2675 et
2546 2619 2808 2676 effectum
2849 2618 3018 2675 datur
3044 2626 3249 2677 mutua
3274 2619 3374 2677 de·-

2020 2697 2325 2770 pendentia
2347 2719 2359 2754 :
2381 2705 2439 2755 et
2457 2700 2537 2756 sic
2563 2705 2783 2772 oportet
2806 2715 3035 2756 causam
3055 2701 3132 2756 ita
3162 2716 3376 2772 praece-

2019 2776 2154 2834 dere
2173 2777 2436 2836 effectum
2456 2779 2518 2835 in
2546 2796 2663 2837 uno
2682 2779 3064 2854 genere,quod
3092 2779 3160 2836 ad
3182 2781 3375 2852 ipsum

2016 2863 2392 2931 consequatur
2442 2859 2505 2915 in
2545 2859 2661 2926 alio
2684 2904 2697 2917 .
2761 2858 3114 2918 Antecedens
3178 2865 3374 2917 autem

2016 2937 2286 2995 suadetur
2305 2960 2319 2995 ε
2341 2940 2615 3012 quoniam
2631 2941 2680 2995 si
2701 2941 2981 3014 expulsio,
3006 2955 3103 2997 seu
3120 2941 3376 2998 carentia

2015 3018 2214 3092 gratiae
2243 3018 2580 3091 praecederet
2626 3021 2689 3076 in
2730 3021 2921 3092 aliquo
2940 3035 3150 3095 genere
3178 3036 3374 3093 pecca-

2016 3106 2138 3156 tum
2163 3102 2382 3158 actuale
2408 3125 2421 3169 ;
2447 3105 2568 3175 jam
2610 3101 3025 3168 verificaretur,
3051 3102 3199 3176 quod
3229 3102 3374 3159 sicut

2016 3183 2179 3256 prius
2224 3184 2397 3242 homo
2441 3183 2653 3240 deserit
2705 3186 2885 3240 Deum
2931 3190 3167 3257 peccato,
3198 3201 3375 3257 quam

2017 3264 2164 3320 Deus
2189 3263 2412 3322 deserat
2439 3265 2627 3336 ipsum
2655 3263 3045 3322 subtrahendo
3072 3266 3325 3340 gratiam
3363 3287 3376 3321 :

2016 3345 2091 3402 ita
2118 3346 2278 3418 prius
2290 3349 2435 3403 Deus
2449 3346 3043 3403 desererethominem
3059 3345 3376 3404 auferendo

2012 3425 2280 3499 gratiam,
2309 3442 2482 3500 quam
2510 3426 2682 3482 homo
2708 3425 2996 3483 desereret
3023 3429 3208 3484 Deum
3241 3437 3370 3500 pec-

2013 3504 2232 3572 cando;
2283 3511 2591 3577 utrumque
2640 3505 2802 3561 enim
2843 3505 3247 3563 verificaretur
3313 3508 3373 3563 in

2012 3586 2242 3645 diverso
2273 3603 2486 3663 genere
2510 3603 2692 3644 causae
2724 3609 2737 3644 :
2766 3603 3117 3660 consequens
3142 3594 3231 3644 est
3271 3588 3373 3645 ab-

2012 3667 2271 3733 surdum,
2298 3673 2354 3724 et
2395 3673 2593 3725 contra
2614 3667 2937 3724 Concilium
2958 3667 3221 3724 Trident.
3254 3669 3373 3726 loco

2011 3764 2185 3821 supra
2228 3750 2425 3816 relato,
2472 3767 2630 3806 num.
2672 3751 2764 3816 87,
2788 3766 2923 3824 ergo
2963 3755 3254 3822 peccatum
3278 3766 3372 3806 ac-

2012 3829 2166 3885 tuale
2188 3830 2265 3886 ita
2289 3828 2552 3902 praecedit
2575 3829 2961 3903 privationem
2982 3830 3201 3904 gratias,
3221 3829 3368 3903 quod

2014 3909 2177 3964 nullo
2202 3907 2372 3965 modo
2399 3909 2473 3965 sit
2495 3908 2797 3981 posterior,
2841 3924 3015 3981 quam
3042 3908 3166 3966 illa.

2084 3991 2174 4046 89.
2198 3990 2342 4046 Huic
2365 3991 2588 4064 replicae
2613 3987 3160 4064 possetxresponderi
3178 3991 3370 4062 primo
3406 4001 3528 4044 rrum

2011 4071 2274 4145 negando
2304 4069 2640 4128 antecedens
2666 4094 2680 4138 ;
2739 4086 2875 4127 nam
2905 4075 2967 4127 ut
2991 4069 3231 4142 quidam
3260 4060 3534 4144 pu-'⁰{P⁰‚¹¹‘

2012 4156 2153 4221 tant,
2186 4152 2266 4208 ita
2307 4156 2595 4225 peccatum
2623 4151 2841 4208 actuale
2869 4150 3134 4223 praecedit
3163 4152 3367 4223 priva-

2010 4231 2230 4288 tionem
2272 4232 2471 4306 gratiae
2522 4231 2583 4286 in
2627 4245 2838 4305 genere
2864 4246 3047 4288 causae
3071 4229 3371 4289 efficientis

2013 4313 2280 4387 physicas,
2312 4315 2406 4371 vel
2433 4313 2688 4380 moralis,
2720 4311 2870 4385 quod
2897 4311 3270 4385 subsequitur
3298 4313 3368 4370 ad

2009 4394 2175 4449 illam
2217 4393 2281 4449 in
2306 4408 2515 4468 genere
2556 4407 2738 4449 causae
2788 4391 3183 4464 dispositivae3
3225 4409 3363 4450 nam

2009 4472 2224 4530 ablatio
2273 4473 2472 4548 gratiae
2514 4470 2923 4529 sanctificantis
2973 4477 3058 4529 est
3088 4472 3363 4538 conditio,

2007 4557 2099 4611 vel
2139 4554 2436 4628 dispositio
2476 4553 2767 4627 requisita,
2806 4559 2868 4610 ut
2892 4554 3065 4611 homo
3086 4554 3149 4610 in
3178 4561 3369 4611 actum

2009 4635 2217 4707 peccati
2262 4634 2529 4691 mortalis
2584 4638 2952 4706 prorumpat,
3002 4637 3060 4690 et
3109 4639 3172 4690 ut
3218 4649 3368 4707 pra?-

2007 4715 2192 4773 dictus
2243 4722 2396 4773 actus
2444 4716 2617 4788 possit
2665 4715 2880 4772 animm
2934 4715 3152 4772 inesse.
3209 4715 3369 4772 Sicut

2004 4799 2193 4873 gratia
2238 4795 2549 4854 habitualis
2599 4797 2680 4854 ita
2727 4795 2996 4870 praecedit
3046 4797 3110 4853 in
3155 4812 3369 4872 genere

2006 4897 2187 4938 causae
2214 4880 2498 4949 formaliS,
2541 4884 2638 4935 aut
2663 4879 2839 4937 etiam
2866 4878 3138 4937 effectivas
3158 4880 3367 4951 expul-

2006 4961 2234 5019 sionem
2264 4961 2491 5034 peccati,
2524 4959 2670 5033 quod
2699 4958 3083 5017 nihilominus
3108 4959 3367 5015 carentia

3153 5038 3364 5111 peccati
