3647 5753
1393 419 1574 477 DISP.
1615 418 1712 487 IV,
1754 420 1921 478 DUB.
1965 423 2039 484 V.
3004 425 3118 483 765

255 595 353 668 qui
378 594 448 653 ab
474 611 542 654 eo
565 595 919 659 immediate.
944 597 1038 652 vel
1062 594 1313 652 mediate
1334 594 1625 666 imperen-

256 683 354 734 tur
386 698 399 734 ε
448 677 554 734 hac
599 694 737 736 vero
781 684 1009 734 actuum
1036 676 1188 733 serie
1213 674 1399 741 finita,
1426 676 1622 734 statim

258 758 527 833 praedicta
567 760 904 819 informatio
960 765 1281 816 evanescet.
1337 761 1621 816 Caeterum

256 841 395 901 finis
415 843 516 916 qui
555 850 642 902 est
666 844 949 918 obiectum
994 840 1311 906 charitatis,
1362 847 1446 898 est
1485 839 1623 898 finis

257 926 500 982 omnino
527 925 787 991 ultimus,
837 929 893 981 et
939 921 1491 990 universalissimus,
1522 923 1621 996 qui

257 1006 504 1080 proinde
531 1008 676 1064 sicut
697 1024 768 1065 ex
797 1011 957 1079 parte
976 1021 1082 1062 sua
1104 1004 1243 1078 petit
1259 1003 1470 1062 habere
1497 1005 1624 1062 uni-

255 1089 714 1145 versalissimam
727 1089 1062 1151 motionem,
1078 1086 1161 1143 sic
1180 1087 1355 1143 etiam
1371 1102 1442 1143 ex
1459 1092 1623 1160 parte

255 1168 487 1226 habitus
513 1169 684 1224 illum
713 1184 813 1241 per
826 1184 888 1225 se
918 1165 1278 1241 respicientis
1307 1166 1621 1224 universa-

254 1252 540 1310 lissimam
559 1252 1231 1322 informationem,atque
1247 1249 1387 1307 adeo
1405 1266 1532 1323 quae
1546 1250 1622 1306 sit

255 1338 510 1406 respectu
549 1331 815 1394 omnium
840 1334 1125 1390 virtutum
1166 1336 1223 1388 et
1252 1331 1615 1398 facultatum,

253 1428 379 1487 quae
400 1414 559 1470 illius
604 1417 739 1470 sunt
782 1429 1032 1487 capaces,
1065 1418 1127 1468 ut
1166 1428 1238 1468 ex
1271 1427 1331 1468 se
1360 1416 1532 1484 patet,
1563 1415 1621 1469 et

254 1512 361 1570 pro
380 1481 651 1566 omnibus
672 1494 888 1553 actibus
909 1512 1133 1560 earum,
1162 1493 1307 1550 alias
1329 1509 1447 1551 non
1474 1499 1620 1552 esset

254 1577 772 1636 universalissima.
804 1577 891 1634 Ad
931 1578 1037 1635 hoc
1064 1583 1256 1634 autem
1283 1575 1451 1633 debet
1489 1574 1618 1633 dari

254 1661 375 1717 illis
403 1665 829 1734 permanenter,
856 1666 911 1717 et
937 1675 1061 1733 quae
1086 1675 1315 1732 semper
1336 1657 1422 1716 eis
1445 1657 1589 1715 insit
1600 1682 1618 1726 ς

250 1742 300 1798 si
322 1743 482 1799 enim
505 1742 741 1798 daretur
763 1741 885 1797 illis
913 1746 1300 1806 transeunter,
1325 1754 1472 1811 saepe
1492 1739 1621 1796 sine

252 1839 321 1880 ea
341 1824 769 1888 invenirentur,
794 1828 850 1880 et
871 1827 1255 1895 operarentur
1282 1840 1296 1876 ε
1324 1819 1479 1877 unde
1502 1835 1620 1877 non

251 1904 485 1963 daretur
532 1920 635 1977 pro
678 1905 839 1961 omni
886 1919 1088 1961 earum
1110 1907 1256 1970 actu,
1290 1907 1455 1974 atque
1482 1900 1621 1958 adeo

253 2004 372 2046 non
399 1994 541 2045 esset
570 1987 1087 2054 universalissima,
1129 1987 1276 2043 sicut
1316 1985 1621 2042 universa-

254 2070 384 2127 litas
405 2069 540 2126 finis
567 2069 808 2127 omnino
830 2067 1023 2125 ultimi
1047 2068 1309 2143 requirit.

832 2257 864 2324 g
905 2254 1023 2310 vn.

331 2402 430 2461 Eoe
448 2405 725 2477 prmjactis
746 2403 1123 2532 Ιυῖᾀαῖζιεηζίε
1140 2403 1343 2475 satisfit
1367 2402 1547 2475 priori

777 2495 809 2533 o
833 2495 920 2549 με
947 2495 1083 2533 tom.

33 2635 233 2681 Occurri-

33 2686 231 2791 fflssss'ssl
256 2708 411 2765 sario
434 2709 784 2782 praenotati5‚
812 2723 929 2764 non
954 2708 1067 2764 erit
1080 2707 1204 2780 J‘am
1231 2705 1465 2763 difficile
1488 2721 1617 2779 pro-

26 2785 227 2836 sectioni.
257 2789 469 2861 positas
520 2789 865 2864 obJectiones
909 2788 1150 2846 diluere.
1215 2786 1301 2843 Ad
1364 2787 1616 2860 primam

253 2889 391 2947 ergo
418 2873 795 2947 respondetur
830 2870 1093 2948 negando
1138 2869 1518 2929 antecedens:
1560 2874 1617 2927 et

253 2953 324 3010 ad
365 2955 762 3027 probationem
805 2953 1111 3011 dicendum
1164 2957 1268 3019 est,
1307 2951 1456 3025 quod
1507 2951 1615 3009 etsi

253 3036 544 3094 ordinatio
572 3038 676 3094 illa
703 3037 987 3103 formaliS,
1031 3053 1159 3110 quae
1184 3034 1249 3091 fit
1275 3052 1377 3109 per
1424 3040 1615 3091 actum

251 3118 566 3183 charitatis,
619 3118 945 3175 formaliter
990 3117 1054 3173 in
1105 3118 1292 3189 seipsa
1338 3120 1611 3181 transeat,

250 3200 398 3256 sicut
425 3202 654 3258 transiit
689 3202 811 3274 ipse
851 3206 1025 3268 actus,
1054 3215 1173 3257 non
1195 3204 1389 3255 tamen
1417 3198 1616 3255 totali-

253 3286 340 3339 ter
368 3283 834 3354 interrumpitur,
866 3281 964 3338 sed
994 3283 1294 3353 permanet
1335 3279 1616 3336 virtuali-

253 3368 342 3420 ter
370 3364 432 3419 in
461 3365 562 3421 illo
590 3362 781 3432 modo,
813 3379 983 3437 quem
1012 3363 1289 3418 hactenus
1325 3360 1615 3432 explicui-

252 3461 406 3510 mus,
458 3460 739 3516 quemque
792 3441 1021 3499 habitus
1073 3441 1370 3498 charitatis
1424 3440 1616 3499 medio

254 3524 357 3581 illo
387 3526 575 3595 primo
614 3541 718 3581 suo
740 3529 864 3580 actu
893 3524 1125 3581 formali
1158 3523 1448 3596 imprimit
1485 3538 1617 3579 om-

253 3606 424 3662 nibus
450 3606 782 3662 virtutibuS.
808 3609 956 3661 Nam
997 3606 1132 3678 quia
1173 3605 1377 3662 modus
1403 3605 1505 3663 ille
1532 3611 1615 3662 est

250 3687 481 3746 effectus
522 3697 643 3745 non
681 3687 869 3744 solum
918 3684 1147 3743 habitus
1167 3686 1484 3753 charitatiS‚
1516 3686 1615 3744 sed

251 3769 428 3827 etiam
446 3770 637 3842 aliquo
661 3768 831 3826 modo
852 3772 1024 3836 actus,
1046 3771 1104 3824 et
1124 3768 1423 3842 utriusque
1442 3766 1616 3840 quod-

251 3850 386 3907 dam
413 3852 573 3924 quasi
604 3849 992 3923 participium,
1021 3854 1260 3922 uterque
1300 3850 1515 3906 virtute
1552 3850 1616 3905 in

253 3934 357 3989 illo
415 3933 762 3998 continetur,
815 3934 1226 4004 permanetque
1283 3931 1616 3988 virtualiter

253 4012 444 4071 medio
494 4014 598 4070 illo
644 4013 707 4068 in
754 4010 1026 4069 omnibus
1085 4012 1220 4068 aliis
1277 4010 1610 4069 virtutibus.

254 4093 420 4151 Unde
445 4100 499 4151 et
526 4096 796 4167 operatur
817 4090 1150 4149 virtualiter
1170 4109 1299 4149 cum
1331 4091 1451 4150 illis
1472 4109 1619 4165 quo-

254 4178 363 4234 ties
407 4178 545 4251 ipsae
592 4175 921 4232 formaliter
971 4180 1306 4248 operantur,
1339 4180 1506 4249 atque
1535 4177 1617 4234 ita

256 4260 434 4319 refert
478 4257 808 4316 virtualiter
854 4274 1055 4315 omnes
1099 4273 1302 4316 earum
1350 4264 1505 4316 actus
1551 4261 1615 4318 in

332 2627 424 2683 92.
452 2626 555 2682 His
578 2626 774 2700 igitur,
806 2625 912 2682 etsi
936 2624 1005 2682 ad
1029 2626 1266 2699 longum
1294 2624 1392 2681 sed
1419 2639 1619 2681 neces-

254 4359 426 4399 suum
446 4340 646 4398 finem.

34 4433 229 4479 Diluitur
329 4422 416 4478 Ad
443 4419 940 4479 confirmationem
970 4419 1296 4494 negandum
1327 4424 1413 4478 est
1438 4420 1616 4478 etiam

59 4484 216 4578 ἓξὲξ
258 4502 634 4570 antecedens;
672 4503 794 4576 J'am
826 4502 985 4558 enim
1027 4517 1132 4558 nos
1170 4501 1612 4576 assignavimus,

258 4602 378 4645 non
405 4601 477 4643 ex
499 4584 734 4658 proprio
762 4588 966 4650 marte,
1009 4584 1109 4640 sed
1147 4600 1219 4641 ex
1240 4586 1304 4639 D.
1331 4583 1536 4641 Thom.
1562 4589 1619 4641 et

259 4667 483 4726 ratione
535 4666 658 4738 ipsa
698 4665 981 4729 effectum,
1013 4665 1079 4720 in
1097 4680 1210 4738 quo
1248 4665 1352 4722 ille
1391 4665 1619 4738 primus

258 4755 414 4808 actus
438 4747 737 4806 charitatis
761 4750 1082 4804 transactus
1122 4746 1187 4802 in
1206 4761 1266 4801 se
1293 4746 1619 4805 formaliter

259 4832 591 4891 virtualiter
613 4845 841 4903 semper
867 4833 1256 4895 conservetur,
1284 4843 1493 4902 nempe
1518 4846 1620 4885 su-

260 4933 364 4990 pra
386 4914 602 4971 dictum
632 4912 890 4976 modum,
934 4926 1104 4982 quern
1146 4910 1277 4967 aliis
1305 4909 1620 4970 virtutibus

262 4997 563 5070 imprimit.
594 4994 863 5053 Probatio
882 5011 1022 5052 vero
1044 4993 1205 5049 illius
1231 4992 1621 5052 antecedentis

261 5098 379 5140 non
402 5085 492 5139 est
506 5083 707 5137 contra
736 5094 858 5144 nOS,
894 5078 1026 5151 quia
1046 5076 1295 5146 effectuS,
1315 5093 1483 5149 quem
1513 5094 1616 5136 nos

1754 593 2044 666 ponimus,
2071 611 2189 653 non
2209 601 2294 653 est
2319 596 2531 669 aliquis
2556 611 2782 664 eorum,
2807 597 2905 669 qui
2947 596 3013 652 in
3047 610 3118 653 ea

1754 675 2195 749 improbantur;
2237 675 2337 735 sed
2378 678 2527 735 alius
2554 678 2878 744 distinctus,
2907 694 3116 752 nempe

1754 756 2094 816 informatio
2140 758 2263 825 illa,
2307 765 2364 817 et
2402 759 2605 818 modus
2645 760 2962 828 charitatis,
2992 775 3120 832 quae

1747 838 1869 912 J‘am
1896 840 2297 913 explicuimus.

1829 923 1922 978 93.
1953 925 2068 980 Nec
2094 923 2284 991 refert,
2302 924 2352 980 si
2367 928 2566 981 contra
2593 923 2742 982 hanc
2768 924 3115 982 solutionem
3135 939 3320 993 nepueu.

1753 1000 2007 1075 objicias,
2039 1002 2189 1075 quod
2216 1003 2419 1061 modus
2447 1005 2572 1068 iste,
2598 1021 2768 1078 quem
2802 1021 2919 1061 non
2943 1005 3118 1077 poni-

1753 1098 1885 1139 mus
1906 1083 1969 1138 in
1997 1084 2128 1140 aliis
2168 1084 2500 1151 virtutibuS,
2526 1091 2612 1142 est
2641 1085 2955 1143 habitualis
2975 1105 2987 1148 ;
3010 1085 3119 1142 da-

1751 1170 1850 1222 tur
1868 1166 2029 1224 enim
2073 1181 2175 1240 per
2202 1166 2440 1225 modum
2467 1168 2717 1234 habitus,
2751 1173 2807 1224 et
2828 1167 2909 1224 ita
2931 1172 3119 1240 ‘potest

1753 1245 2020 1302 voluntas
2045 1263 2146 1318 pro
2176 1246 2338 1305 libito
2364 1264 2432 1306 eo
2467 1249 2569 1315 uti,
2594 1254 2651 1306 et
2673 1264 2790 1306 non
2818 1248 2933 1315 uti;
2978 1265 3118 1305 nam

1752 1326 2046 1384 habitibus
2090 1328 2316 1386 utimur
2363 1330 2593 1405 quando
2649 1332 2937 1389 volumus,
2995 1330 3117 1387 Etsi

1751 1424 1889 1484 ergo
1937 1409 2159 1482 quoties
2209 1410 2479 1468 voluntas
2527 1411 2610 1467 uti
2661 1413 2785 1468 vult
2845 1409 3119 1485 praedicto

1752 1488 1942 1557 modo,
1963 1506 2198 1548 omnem
2219 1507 2392 1548 suum
2411 1497 2599 1549 actum
2619 1492 2832 1549 referat
2852 1493 2915 1548 in
2938 1491 3117 1549 finem

1751 1572 2087 1641 charitatis;
2130 1573 2181 1630 si
2210 1578 2404 1631 tamen
2450 1574 2703 1633 voluerit
2747 1591 2815 1632 eo
2851 1590 2970 1631 non
3011 1573 3117 1641 uti,

1753 1652 2084 1726 operabitur
2123 1654 2269 1713 bene
2313 1656 2615 1714 moraliter
2661 1656 2873 1730 absque
2915 1657 3123 1730 hujus-

1752 1733 1911 1792 modi
1941 1737 2239 1794 relatione.
2271 1739 2352 1795 Eo
2380 1739 2471 1795 vel
2502 1738 2780 1805 maxime,
2808 1738 2958 1810 quod
2984 1754 3119 1796 cum

1753 1815 1958 1872 modus
1997 1816 2104 1873 iste
2124 1817 2199 1872 sit
2226 1817 2289 1872 in
2310 1818 2645 1885 virtutibuS,
2670 1818 2775 1875 hoc
2803 1817 2929 1891 ipso
2968 1818 3121 1891 quod

1753 1900 2023 1956 voluntas
2069 1915 2185 1957 non
2226 1905 2420 1958 utatur
2466 1900 2539 1958 ad
2588 1900 2948 1974 operandum
2977 1902 3119 1974 ipsis

1752 1980 2086 2048 virtutibus,
2142 1997 2247 2039 nec
2304 1988 2497 2040 utetur
2559 1981 2829 2056 praedicto
2892 1982 3066 2040 modo
3099 2004 3114 2039 ε

1752 2067 1972 2118 constat
2012 2067 2202 2120 autem
2242 2064 2600 2121 voluntatem
2647 2063 2833 2136 seipsa
2885 2063 3114 2138 operari

1754 2158 1918 2217 posse
1957 2142 2102 2202 bene
2142 2148 2447 2204 moraliter
2471 2147 2598 2203 sine
2624 2162 2709 2214 ec,
2742 2145 2892 2220 quod
2921 2146 3118 2219 aliqua

1753 2223 1969 2280 virtute
2007 2229 2220 2292 utatur,
2270 2243 2399 2283 cum
2439 2226 2683 2282 virtutes
2711 2241 2829 2282 non
2857 2224 3118 2282 tribuant

1752 2304 1806 2361 ei
1841 2322 1997 2378 posse
2044 2308 2381 2379 simpliciter,
2432 2305 2531 2363 sed
2575 2311 2803 2363 tantum
2845 2307 3119 2380 selenitem

1751 2400 1888 2459 ergo
1915 2387 2092 2443 etiam
2123 2389 2333 2460 poterit
2357 2386 2503 2445 bene
2530 2388 2831 2445 moraliter
2869 2388 2997 2444 sine
3022 2403 3113 2455 ρο,

1751 2468 1902 2542 quod
1949 2474 2142 2526 utatur
2193 2469 2361 2527 modo
2408 2469 2697 2544 praedicto,
2754 2476 2922 2543 atque
2971 2470 3116 2528 adeo

1750 2552 1879 2607 sine
1903 2567 1989 2616 eo,
2020 2551 2167 2624 quod
2195 2551 2556 2625 operationes
2596 2569 2729 2609 suas
2770 2553 2980 2610 referat
3006 2552 3115 2610 ad-

1750 2632 1863 2690 huc
1883 2633 2211 2690 virtualiter
2232 2631 2298 2688 in
2319 2630 2496 2688 finem
2518 2633 2835 2690 charitatis.

1825 2717 1953 2772 Non
1994 2714 2183 2788 itaque
2234 2715 2338 2772 hoc
2385 2714 2595 2782 refert;
2653 2714 2983 2790 negandum
3029 2720 3323 2781 estneqpon-

1748 2796 1928 2862 enim,
1959 2795 2106 2869 quod
2155 2796 2421 2853 voluntas
2471 2796 2751 2854 charitate
2797 2797 3114 2857 informata
3175 2781 3254 2816 ⁸¹⁰·

1750 2878 2023 2950 possituti
2040 2878 2351 2951 seipsa,aut
2377 2878 2570 2950 aliquo
2598 2878 2796 2935 habitu
2821 2880 2884 2935 in
2907 2880 3114 2938 ordine

1747 2958 1817 3021 ad
1847 2958 2193 3019 eliciendum
2218 2964 2405 3016 actum
2429 2958 2756 3025 honestum,
2782 2965 2839 3016 et
2860 2976 2979 3017 non
3002 2962 3107 3027 uti,

1746 3054 1815 3096 eo
1857 3041 1982 3112 ipso
2031 3039 2296 3113 praedicto
2323 3038 2516 3097 modo.
2546 3041 2692 3095 Tum
2720 3041 2855 3113 quia
2883 3042 3113 3097 axioma

1747 3121 1916 3189 illud,
1946 3122 2097 3194 quod
2123 3121 2402 3178 habitibus
2448 3123 2663 3176 utimur
2703 3122 2922 3198 quando
2949 3122 3113 3178 volu-

1746 3219 1889 3266 mus,
1915 3201 2019 3258 etsi
2061 3217 2265 3258 verum
2292 3201 2499 3258 habeat
2524 3216 2754 3271 semper
2788 3201 2852 3256 in
2894 3200 3113 3258 habiti-

1749 3281 1854 3337 bus
1873 3280 1964 3351 (de
1983 3296 2095 3352 quo
2115 3281 2276 3351 alibi)
2299 3297 2417 3338 non
2444 3287 2640 3338 tamen
2664 3281 2727 3336 in
2748 3280 2966 3349 modis;
2992 3298 3112 3341 non

1746 3362 1909 3421 enim
1949 3368 2128 3436 potest
2174 3363 2385 3436 aliquis
2412 3363 2495 3418 uti
2523 3361 2725 3418 habitu
2762 3362 3010 3432 inten50,
3054 3371 3112 3424 et

1748 3460 1867 3500 non
1921 3443 2005 3499 uti
2049 3443 2226 3500 simul
2275 3444 2399 3516 ipsa
2442 3443 2791 3510 intensione,
2849 3461 2974 3517 quae
3024 3452 3111 3503 est

1746 3524 1952 3582 modus
1977 3523 2118 3597 ejus,
2161 3524 2428 3597 quamvis
2467 3524 2642 3596 possit
2667 3540 2734 3582 ea
2760 3526 2963 3600 magiS,
3011 3534 3112 3585 aut

1747 3608 1945 3663 minus
1971 3608 2055 3663 uti
2082 3628 2095 3664 ε
2125 3612 2183 3663 et
2210 3612 2270 3662 ut
2297 3608 2359 3664 in
2387 3607 2731 3679 plurimum,
2758 3609 3109 3684 quicumque

1747 3691 1932 3747 utitur
1979 3706 2041 3747 re
2087 3688 2256 3747 modo
2295 3689 2486 3762 aliquo
2530 3689 2872 3759 modificata,
2925 3695 3113 3751 utitur

1748 3770 2074 3828 necessaria
2100 3770 2224 3843 ipso
2243 3768 2432 3827 modo,
2460 3770 2632 3844 CuJ’us
2660 3772 2807 3828 ratio
2846 3778 2949 3840 est,
2974 3774 3112 3847 quia

1747 3852 1819 3909 ad
1847 3850 2122 3909 utendum
2151 3850 2321 3908 modo
2348 3850 2500 3907 nihil
2546 3851 2706 3907 aliud
2731 3868 2882 3925 saepe
2912 3857 3113 3928 requi-

1750 3935 1918 4002 ritur,
1945 3949 2118 4007 quam
2146 3949 2281 3989 usus
2308 3932 2490 4005 ipsius
2513 3934 2629 4000 rei;
2673 3939 2731 3990 et
2757 3933 2837 3990 ita
2864 3952 2982 3993 non
3002 3941 3113 3994 stat

1749 4016 1832 4072 uti
1881 4015 2003 4081 hac,
2042 4020 2099 4071 et
2142 4014 2247 4072 illo
2294 4028 2415 4070 non
2459 4014 2568 4070 uti.
2615 4014 2776 4080 Quod
2821 4017 2998 4074 etiam
3046 4019 3112 4075 in

1749 4097 2019 4172 praesenti
2065 4096 2362 4171 contingit,
2395 4099 2458 4151 ut
2493 4096 2743 4154 intuenti
2791 4099 3107 4169 constabit;

1749 4195 1888 4235 nam
1946 4176 2017 4234 ad
2072 4175 2350 4233 utendum
2397 4174 2569 4233 modo
2628 4177 2732 4236 illo
2789 4179 3106 4248 charitatis,

1748 4275 1933 4334 neque
1958 4276 2029 4317 ex
2057 4263 2216 4332 parte
2255 4256 2529 4331 principii
2560 4258 2720 4316 aliud
2763 4261 3105 4333 requiritur,

1747 4357 1922 4415 quam
1984 4341 2341 4398 voluntatem
2401 4338 2545 4396 bene
2595 4342 2848 4413 operari,
2903 4347 2960 4399 et
3023 4345 3110 4400 uti

1747 4425 1955 4496 seipsa,
1987 4427 2085 4478 aut
2105 4420 2397 4478 habitibus
2433 4439 2501 4480 eo
2542 4424 2903 4483 modificatis,
2936 4427 3107 4495 Tum,

1749 4511 1805 4562 et
1826 4503 2099 4569 maxime,
2125 4502 2261 4576 quia
2300 4503 2433 4560 licet
2470 4505 2672 4562 modus
2706 4506 2814 4563 iste
2840 4507 2914 4562 sit
2941 4506 3112 4563 habi-

1751 4585 1923 4641 tualis
1976 4582 2045 4640 ad
2093 4582 2248 4638 hunc
2298 4599 2547 4653 sensum,
2599 4584 2749 4658 quod
2793 4586 2961 4643 datur
3008 4603 3112 4660 per

1750 4664 1988 4723 modum
2018 4664 2430 4736 permanentis,
2483 4679 2601 4722 non
2646 4670 2838 4723 tamen
2866 4672 2951 4724 est
2976 4684 3108 4726 om·-

1751 4748 1893 4804 nino
1939 4744 2268 4811 habitualis,
2302 4750 2471 4818 prout
2513 4762 2637 4804 esse
2676 4747 2970 4807 habituale
3001 4765 3108 4807 ex-

1749 4828 1930 4887 cludit
1956 4842 2190 4885 omnem
2218 4826 2605 4886 actualitatem
2652 4835 2808 4887 actus
2846 4831 3106 4900 secundi,

1748 4912 1954 4968 saltem
1982 4908 2310 4966 virtualiter
2337 4910 2491 4966 talis.
2535 4912 2609 4966 Ut
2647 4913 2808 4970 enim
2837 4930 2993 4970 num.
3036 4916 3110 4970 87

1749 4991 2151 5065 explicuimus,
2183 4988 2386 5047 modus
2406 4991 2500 5048 hic
2520 5008 2637 5049 non
2663 4994 2851 5050 solum
2873 5000 2957 5051 est
2979 5012 3110 5069 par-

1751 5071 2007 5145 ticipatio
2045 5070 2293 5137 habitus,
2344 5071 2659 5139 charitatis,
2690 5073 2788 5130 sed
2815 5079 2899 5131 est
2924 5076 3103 5132 etiam
