3647 5753
1427 430 1603 486 DISP.
1648 430 1742 500 Vl,
1787 431 1954 488 DUB.
1997 434 2042 490 1.
3000 438 3113 493 805

254 626 281 655 α
326 603 543 659 similis
574 603 720 659 ratio
759 603 829 659 de
868 603 1017 659 dono
1041 606 1260 679 gratiae,
1291 611 1348 662 et
1372 604 1442 661 de
1463 603 1614 661 dono

257 705 284 735 (ι
327 683 606 739 humano,
653 703 678 734 ι)
727 686 918 756 Itaque
957 684 1143 758 gratia
1166 701 1282 741 non
1310 692 1615 757 utcumque

250 769 337 820 est
384 764 735 837 principium
796 766 985 836 operis
1033 766 1340 832 meritorii,
1388 766 1485 823 sed
1532 769 1616 821 est

253 845 607 918 principium
640 862 740 918 per
780 862 856 913 se,
881 854 935 903 et
962 847 1262 904 essentiale
1297 869 1309 903 :
1342 847 1493 903 unde
1523 863 1615 904 re-

253 933 471 1001 pugnat
498 927 626 999 ipsi‚
660 926 808 999 quod
845 928 1224 1000 subsequatur
1271 935 1395 1001 post
1433 929 1617 985 meri-

252 1018 376 1064 tum
405 1009 474 1065 de
501 1009 803 1083 condigno.
841 1009 1004 1067 Unde
1044 1018 1193 1067 recte
1232 1011 1613 1079 concluditur,

253 1091 583 1165 hujusmodi
610 1093 882 1147 meritum
916 1099 1168 1165 respectu
1198 1094 1401 1165 primae
1420 1094 1620 1168 gratiae

252 1172 644 1230 chimaericum
674 1187 815 1228 esse.
842 1173 994 1229 Licet
1014 1175 1172 1229 enim
1197 1174 1471 1230 meritum
1497 1189 1621 1245 pos-

252 1256 328 1311 sit
356 1270 456 1328 per
483 1253 741 1311 accidens
769 1256 931 1327 sequi
960 1260 1081 1327 post
1111 1254 1436 1327 przemium,
1469 1252 1619 1328 quod

254 1336 708 1394 connaturaliter
755 1335 1070 1407 pra-:cedere
1116 1336 1383 1403 deberet;
1416 1334 1622 1408 impli-

255 1418 534 1475 catorium
570 1423 759 1472 tamen
786 1423 888 1482 est,
922 1416 1069 1490 quod
1101 1418 1312 1475 merito
1345 1421 1623 1491 repugnet

255 1517 426 1557 suum
457 1502 758 1573 praemium
800 1499 1140 1571 simpliciter
1168 1500 1409 1566 anteire,
1437 1504 1498 1556 ut
1523 1517 1624 1555 su-

258 1600 361 1657 pra
390 1582 853 1656 ponderat-imus.
888 1583 1168 1637 Caeterum
1218 1598 1416 1654 equuS,
1444 1587 1500 1639 et
1526 1597 1624 1637 ar-

256 1679 349 1720 ma
380 1680 413 1719 a
443 1680 571 1739 rege
595 1664 800 1719 collata
829 1664 890 1718 in
920 1662 1132 1720 futura}
1181 1664 1439 1719 victoriae
1478 1679 1626 1737 prze-

257 1746 464 1810 mium,
516 1761 633 1802 non
680 1751 814 1801 sunt
861 1761 961 1818 per
1008 1762 1087 1810 se,
1142 1751 1197 1802 et
1242 1746 1627 1803 essentialiter

260 1828 610 1902 principium
659 1826 942 1900 praedictae
992 1827 1246 1884 victoriae
1279 1850 1292 1885 :
1327 1834 1448 1883 tum
1492 1826 1628 1900 quia

259 1911 408 1966 hanc
436 1904 619 1982 posset
659 1910 825 1965 miles
863 1910 993 1966 aliis
1034 1909 1438 1965 instrumentis
1474 1907 1627 1965 obti-

262 2004 402 2046 nere
433 2010 445 2044 :
480 1995 599 2044 tum
628 1989 763 2062 quia
791 1990 953 2046 valor
981 1990 1172 2062 operis
1209 1989 1269 2045 in
1314 1987 1629 2045 obtinenda

262 2071 502 2128 victoria
533 2087 648 2127 non
678 2073 942 2143 provenit
991 2072 1060 2128 ab
1107 2088 1269 2143 equo,
1316 2078 1370 2128 et
1422 2070 1623 2136 armis,

262 2151 359 2208 sed
388 2168 420 2207 a
447 2151 652 2206 militis
682 2151 894 2216 labore,
927 2159 983 2207 et
1012 2151 1321 2207 industria.
1356 2152 1631 2215 Quocirca

265 2247 385 2289 non
428 2237 724 2305 repugnat,
763 2232 910 2305 quod
960 2249 1155 2305 equus,
1190 2239 1245 2288 et
1291 2248 1475 2297 arma,
1508 2246 1632 2303 quae

206 2384 209 2385 7
264 2320 399 2370 ante
425 2314 725 2371 victoriam
748 2315 1145 2378 conferuntur,
1177 2320 1405 2386 possent
1432 2313 1631 2370 eodem

266 2392 456 2458 mod0,
487 2400 543 2449 et
581 2393 763 2467 magis
798 2394 1255 2450 connaturaliter
1302 2401 1424 2466 post
1451 2395 1632 2449 victo-

269 2475 418 2529 riam
469 2480 687 2546 pactam
740 2476 1012 2531 conferri.
1068 2474 1231 2531 Unde
1278 2474 1405 2532 fieri
1455 2479 1634 2547 potest

266 2555 491 2625 (saltem
513 2570 582 2611 ex
604 2556 662 2610 vi
691 2556 787 2630 huj
797 2560 882 2626 us)
902 2555 1052 2630 quod
1075 2556 1327 2613 habeant
1350 2556 1633 2613 rationem

269 2635 520 2707 praemii,
547 2642 643 2691 aut
672 2638 839 2710 pretii
872 2638 1181 2709 anticipata
1202 2638 1489 2694 solutione
1515 2636 1635 2693 dati

270 2722 524 2788 respectu
553 2718 748 2773 meriti
778 2718 984 2773 futura)
1012 2718 1285 2774 victoriae.

339 2795 573 2852 Addunt
595 2798 774 2869 aliqui
804 2798 945 2853 satis
969 2797 1365 2871 probabiliter,
1397 2811 1632 2868 equum,

264 2885 321 2936 et
343 2895 506 2935 arma
535 2879 597 2934 in
618 2880 708 2935 sui
739 2880 934 2953 prima
953 2880 1261 2937 collatione
1285 2896 1402 2937 non
1424 2878 1636 2935 habere

268 2961 554 3017 rationem
585 2962 827 3032 praemii,
862 2960 960 3017 sed
1009 2961 1265 3019 conferri
1305 2962 1487 3035 gratis
1530 2958 1636 3014 sub

178 3090 188 3100 .
267 3038 596 3097 conditione
623 3042 815 3113 operis
842 3041 1061 3108 suturi;
1097 3043 1177 3098 ita
1207 3047 1266 3096 ut
1288 3056 1354 3096 eo
1380 3055 1637 3112 exequu-

268 3127 345 3186 to,
384 3125 439 3175 et
479 3137 596 3176 non
639 3126 823 3186 antea,
858 3127 1157 3178 transeant
1198 3123 1262 3177 in
1322 3121 1636 3192 perfectum

269 3200 596 3258 dominium
637 3203 988 3276 accipientis.
1039 3203 1236 3258 Gratia
1291 3207 1481 3256 autem
1521 3214 1639 3256 non

271 3285 349 3340 ita
388 3301 449 3341 se
477 3284 662 3348 habet,
696 3285 743 3339 si
775 3284 1136 3339 conferretur
1161 3299 1193 3338 a
1223 3282 1510 3354 principio
1539 3295 1640 3354 per

271 3365 508 3421 modum
540 3365 763 3435 praemii
810 3381 880 3420 ex
925 3366 1150 3438 justitia
1192 3363 1372 3420 debiti
1431 3363 1641 3419 futuris

274 3445 563 3517 operibus,
592 3449 654 3498 ut
682 3445 819 3500 satis
841 3461 910 3500 ex
938 3462 999 3500 se
1024 3450 1264 3501 constat.

351 3525 436 3581 Ad
482 3526 795 3581 seeundum
864 3529 1194 3599 exemplum
1253 3524 1455 3583 eodem
1521 3527 1643 3584 fere

281 3608 449 3666 modo
476 3608 870 3680 respondetur,
907 3614 967 3663 ut
996 3614 1146 3681 patet
1171 3625 1241 3665 ex
1276 3625 1449 3680 supra
1477 3607 1643 3665 dictis

280 3709 433 3747 num.
477 3693 539 3747 12
570 3714 584 3756 3
620 3707 752 3746 nam
796 3692 1559 3764 principiumintrinsecum,
1587 3695 1644 3746 et

279 3772 582 3828 essentiale
611 3772 954 3827 meritorum
984 3772 1196 3828 Christi
1240 3772 1471 3828 Domini
1527 3787 1644 3827 non

280 3853 390 3908 suit
416 3851 619 3925 gratia,
652 3857 749 3907 aut
796 3853 1069 3908 meritum
1112 3853 1365 3908 existens
1400 3852 1461 3907 in
1489 3851 1643 3909 anti-

280 3934 408 4007 quis
439 3931 740 3998 Patribus;
774 3940 957 4006 posset
985 3933 1194 4006 quippe
1227 3932 1426 3990 eodem
1474 3933 1644 3991 modo

281 4014 514 4078 salvari,
542 4020 595 4068 et
623 4014 868 4070 eundem
900 4015 1217 4069 terminum
1247 4014 1483 4079 efficere,
1518 4016 1646 4071 licet

284 4098 417 4153 talis
443 4095 645 4169 gratia,
678 4102 734 4151 et
760 4097 1035 4151 meritum
1068 4111 1183 4150 non
1226 4095 1531 4158 anteirent,
1563 4095 1646 4150 si-

284 4188 376 4238 cut
405 4182 507 4237 illa
528 4192 719 4235 causat
748 4179 809 4233 in
838 4179 1031 4235 nobis.
1057 4178 1221 4235 Unde
1245 4180 1426 4251 potuit
1451 4182 1648 4250 (quan-

287 4269 408 4320 tum
436 4267 518 4318 est
544 4278 613 4317 ex
636 4262 692 4316 vi
721 4261 909 4334 hujus)
928 4262 1057 4316 licet
1086 4262 1281 4317 minus
1308 4268 1648 4318 connatura-

289 4345 447 4408 liter,
506 4340 575 4397 ad
642 4341 787 4397 illud
844 4343 1150 4413 praemium
1218 4349 1277 4397 ut
1342 4343 1648 4415 anticipata

286 4425 627 4483 solvendum
655 4424 911 4480 extendi.
943 4426 1226 4480 Similiter
1256 4426 1464 4480 merita
1492 4432 1649 4481 vete-

291 4523 420 4563 rum
451 4508 689 4561 Patrum
715 4522 830 4562 non
859 4505 1253 4578 dependebant
1282 4505 1351 4561 ab
1376 4509 1649 4563 incarna-

289 4590 445 4645 tione
485 4592 758 4659 tanquam
807 4605 839 4644 a
894 4588 1178 4660 principio
1226 4588 1551 4645 intrinseco.
1595 4592 1652 4643 et

287 4670 582 4728 essentiali
618 4669 813 4725 :unde
857 4672 939 4725 eis
996 4685 1110 4724 non
1163 4670 1519 4744 repugnavit,
1545 4684 1651 4726 ex-

289 4752 446 4810 tendi
497 4751 565 4807 ad
609 4752 949 4806 merendum
1010 4751 1217 4806 saltem
1269 4751 1340 4807 de
1402 4767 1652 4826 congruo

291 4831 619 4906 praedictam
670 4833 1147 4888 lucarnationem.
1183 4834 1517 4906 Oppositum
1545 4848 1651 4888 au-

291 4921 406 4972 tem
433 4911 714 4984 contingit
757 4912 818 4967 in
874 4918 1069 4968 nostro
1107 4928 1271 4988 easu;
1304 4929 1440 4970 nam
1469 4913 1652 4969 meri·

291 5001 415 5051 tum
457 4991 526 5048 de
566 4991 850 5065 condigno
892 4993 1211 5049 necessario
1264 4993 1654 5067 praesupponit

289 5074 537 5153 gratiam
584 5071 939 5130 habitualem
984 5081 1255 5147 tanquam
1298 5074 1651 5149 principium

1746 606 2147 676 intrinsecum,
2187 613 2244 665 et
2281 609 2585 666 essentiale
2617 632 2629 667 ε
2661 611 3115 682 implicatorium

1747 692 1939 743 autem
1969 688 2244 745 meritum
2285 694 2386 757 est,
2419 692 2510 746 cui
2538 691 2923 747 essentialiter
2954 707 3116 764 repu-

1746 776 1886 844 gnat
1926 772 2321 828 connaturalis
2367 773 2564 829 meriti
2607 773 2879 839 conditio,
2911 789 3120 846 nempe

1749 853 2083 929 antecedere
2109 855 2454 928 simpliciter
2497 856 2826 927 praemium.
2857 858 3119 920 Qualiter

1749 939 1942 990 autem
1971 935 2267 1002 cohaereat,
2294 935 2444 1008 quod
2467 936 2676 991 merita
2721 939 2956 994 Patrum
2980 953 3116 994 cau-

1749 1016 2007 1072 saverint
2035 1016 2292 1073 effective
2321 1018 2623 1074 moraliter
2653 1019 3117 1075 incarnationem

1752 1096 1986 1163 Christi,
2037 1113 2164 1169 quae
2214 1096 2471 1155 effective
2514 1100 2816 1156 moraliter
2862 1100 3121 1156 causavit

1752 1178 1877 1250 ipsa
1917 1179 2127 1234 merita
2173 1179 2431 1247 Patrum,
2467 1180 2715 1252 pertinet
2767 1180 2837 1236 ad
2887 1182 3118 1237 tertiam

1754 1263 2001 1330 partem.
2031 1266 2213 1335 quast.
2244 1261 2296 1324 2,
2328 1267 2437 1316 art.
2478 1262 2561 1316 ll.
2593 1260 2762 1317 Modo
2809 1262 2967 1317 enim
3017 1261 3121 1317 ad-

1753 1338 2043 1395 mittimus
2069 1341 2398 1412 exemplum
2432 1342 2494 1398 in
2530 1348 2869 1415 argumento
2913 1359 3124 1416 propo-

1753 1420 1950 1484 situm,
1976 1417 2126 1489 quod
2152 1419 2203 1474 si
2231 1420 2535 1477 veritatem
2565 1436 2682 1476 non
2714 1422 2992 1488 continet,
3024 1437 3129 1478 nee

1756 1505 2099 1573 apparenter
2147 1506 2357 1557 nostrae
2398 1500 2673 1558 doctrina}
2705 1501 3123 1575 praejudicabit.

1758 1585 1837 1639 De
1863 1598 1972 1655 quo
1996 1583 2207 1640 iterum
2225 1584 2416 1657 aliqua
2438 1583 2692 1641 dicemus
2721 1585 2878 1641 infra
2904 1584 3030 1642 dub.
3066 1588 3121 1650 5,

1756 1667 1789 1734 g
1833 1737 1919 1793 Ad
1946 1738 2188 1794 tertium
2226 1740 2556 1811 exemplum
2611 1743 2831 1795 constat
2857 1755 2927 1796 ex
2956 1738 3129 1796 modo

1758 1818 1951 1883 dictis;
1980 1836 2117 1877 nam
2166 1821 2470 1893 praemium
2520 1822 2827 1895 anticipate
2873 1823 3125 1879 solutum

1760 1918 1880 1960 non
1907 1908 1991 1959 est
2019 1903 2370 1975 principium
2413 1903 2818 1969 intrinsecum,
2850 1909 2906 1959 et
2930 1919 3128 1960 essen-

1765 1985 1900 2041 tiale
1947 1984 2131 2040 futuri
2176 1983 2428 2050 laboris;
2473 1983 2569 2039 sed
2618 1992 2801 2056 posset
2848 1986 2959 2050 hic,
3010 2002 3129 2043 non

1759 2068 2052 2141 supposito
2093 2067 2297 2139 pretio,
2339 2066 2540 2123 eodem
2583 2067 2753 2124 modo
2795 2070 3125 2127 consistere.

1762 2146 1929 2203 Unde
1945 2164 2016 2203 ex
2043 2149 2102 2211 vi
2132 2147 2303 2220 hujus
2334 2162 2451 2203 non
2481 2154 2779 2221 repugnat,
2805 2149 2954 2222 quod
2985 2150 3133 2207 futu-

1762 2244 1863 2285 rus
1885 2227 2048 2285 labor
2073 2244 2134 2283 se
2159 2227 2462 2285 meritorie
2488 2228 2758 2285 extendat
2804 2230 2873 2286 ad
2922 2232 3131 2288 antici-

1765 2316 1957 2383 patam
2001 2308 2172 2381 pretii
2219 2309 2593 2366 solutionem.
2626 2312 2835 2366 Contra
2882 2311 3030 2383 quod
3068 2328 3129 2370 se

1764 2390 1979 2448 habent
2030 2390 2216 2462 gratia
2259 2388 2592 2457 habitualis,
2639 2396 2694 2446 et
2739 2407 2879 2463 opus
2929 2391 3129 2449 subse-

1764 2487 1947 2545 quens
1969 2470 2361 2536 meritorium,
2392 2477 2449 2525 ut
2471 2472 2676 2544 saepius
2704 2472 2976 2531 diximus.

1849 2554 1936 2609 10.
1976 2552 2258 2627 Arguitur
2286 2553 2455 2607 tertio
2489 2551 2882 2626 impugnando
2920 2550 3333 2615 directe'reruum

1767 2631 2247 2699 fundamentum,
2297 2632 2386 2687 cui
2433 2632 2792 2689 innitimur:
2855 2636 3129 2708 quoniam
3147 2630 3341 2715 mssffiffin.

1766 2715 1865 2787 qui
1935 2720 2192 2771 meretur
2247 2713 2498 2786 primam
2556 2715 2823 2788 gloriam,
2875 2724 3131 2775 meretur

1767 2797 1945 2853 etiam
1976 2796 2227 2868 primam
2250 2795 2497 2867 gratiam
2534 2816 2545 2850 :
2576 2795 2673 2852 sed
2695 2796 2867 2854 homo
2909 2815 3009 2872 per
3037 2816 3132 2856 ac-

1767 2883 1860 2934 tus
1885 2881 2294 2950 consequentes
2321 2876 2573 2947 primam
2601 2879 2846 2951 gratiam
2878 2880 3135 2937 habitua-

1768 2961 1902 3027 lem,
1959 2964 2015 3014 et
2058 2959 2119 3015 in
2172 2956 2373 3014 eodem
2423 2958 2662 3014 instanti
2712 2958 3136 3033 Justificationis

1768 3042 2008 3104 elicitoS,
2065 3045 2324 3095 meretur
2367 3040 2616 3110 primam
2668 3042 2914 3113 gloriam
2950 3063 2961 3096 :
3002 3058 3138 3116 ergo

1771 3137 1873 3194 per
1900 3119 2130 3178 eosdem
2164 3121 2412 3193 primam
2455 3123 2630 3177 etiam
2669 3124 2915 3195 gratiam
2945 3140 3140 3181 mere-

1770 3206 1891 3266 tur,
1920 3200 2186 3271 quamvis
2215 3199 2285 3255 ab
2325 3216 2390 3254 ea
2424 3199 2781 3272 dependeant
2807 3209 3075 3275 tanquam
3106 3220 3139 3261 a

1773 3281 2063 3354 principio
2107 3281 2422 3336 essentiali.
2481 3285 2695 3338 Caetera
2748 3290 3026 3351 constant,
3082 3291 3141 3344 et

1772 3361 1958 3434 maJor
2003 3359 2278 3416 suadetur
2319 3366 2440 3416 tum
2491 3378 2523 3416 a
2572 3363 2841 3434 paritate;
2874 3382 3009 3422 nam
3036 3369 3136 3440 qui

1773 3448 2031 3501 meretur
2051 3448 2423 3516 augmentum
2446 3445 2662 3517 gloriae,
2686 3453 2941 3503 meretur
2961 3450 3135 3505 etiam

1774 3530 2149 3599 augmentum
2209 3525 2453 3598 gratim:
2508 3542 2643 3600 ergo
2700 3530 2975 3588 similiter
3038 3533 3138 3605 qui

1772 3609 2034 3664 meretur
2073 3606 2324 3677 primam
2370 3606 2638 3679 gloriam,
2674 3611 2923 3681 primam
2965 3613 3139 3669 etiam

1773 3687 2022 3763 gratiam
2047 3692 2326 3742 meretur.
2358 3688 2504 3741 ‘l'um
2533 3690 2771 3758 ratione,
2797 3693 2934 3764 quia
2954 3694 3141 3766 gloria

1774 3774 1860 3826 est
1886 3767 2074 3843 gratia
2101 3773 2516 3832 consummata,
2555 3769 2718 3826 illam
2757 3774 3140 3833 essentialiter

1774 3865 2122 3922 supponens,
2174 3853 2229 3905 et
2281 3848 2589 3905 includens
2623 3868 2798 3924 :ergo
2845 3853 2972 3911 fieri
3023 3873 3140 3914 non

1776 3937 1975 4006 potest,
2014 3935 2072 3984 ut
2099 3929 2226 4000 quis
2256 3937 2545 3986 mereatur
2588 3932 2838 4004 primam
2866 3937 3135 4008 gloriam,

1775 4015 1917 4087 quin
1949 4013 2198 4086 primam
2221 4014 2465 4085 gratiam
2491 4021 2797 4072 mereatur.

1853 4096 2243 4154 Confirmat'ur
2292 4097 2638 4170 urgentius:
2693 4101 2968 4171 quoniam
3022 4119 3139 4160 non
3167 4124 3327 4167 counr-

1776 4182 1862 4234 est
1888 4183 2088 4234 contra
2119 4178 2402 4234 rationem
2433 4180 2658 4249 praemii
2710 4180 2770 4236 in
2818 4198 2954 4244 esse,
2985 4186 3134 4254 tatis,
3180 4173 3321 4218 Μηθ-

1777 4258 1926 4331 quod
1967 4259 2019 4313 ei
2066 4264 2341 4331 repugnet
2381 4261 2764 4317 essentialiter
2809 4266 2969 4336 sequi
3020 4274 3141 4338 post

1778 4341 2057 4396 meritum
2094 4357 2271 4415 :ergo
2321 4357 2438 4398 non
2488 4349 2572 4398 est
2612 4352 2810 4401 contra
2859 4349 3141 4406 rationem

1780 4420 1998 4486 meriti,
2026 4420 2175 4493 quod
2196 4421 2249 4477 ei
2274 4423 2661 4480 essentialiter
2685 4433 2960 4499 repugnet
2989 4437 3144 4487 ante·

1779 4503 1979 4582 cedere
2003 4504 2306 4574 praemium
2340 4525 2352 4560 :
2379 4521 2515 4578 ergo
2543 4521 2612 4561 ex
2640 4523 2726 4568 eo,
2758 4508 2906 4579 quod
2936 4512 3144 4570 merito

1781 4584 1851 4640 de
1877 4583 2162 4658 condigno
2191 4594 2470 4659 repugnet
2509 4588 2841 4645 antecedere
2890 4592 3142 4663 primam

1780 4666 2050 4742 gratiam,
2084 4682 2202 4724 non
2231 4675 2378 4724 recte
2410 4670 2717 4744 colligitur,
2750 4673 2897 4744 quod
2921 4674 2990 4730 ad
3014 4692 3142 4732 eam

1784 4747 2230 4822 promerendam
2293 4759 2536 4822 nequeat
2585 4755 2834 4811 extendi.
2895 4759 3146 4831 L'traque

1781 4832 2185 4904 consequentia
2213 4839 2446 4890 constat.
2483 4836 2550 4889 Et
2579 4837 2916 4895 antecedens
2946 4841 3146 4912 proba·

1781 4916 1898 4980 tur,
1930 4928 2066 4969 nam
2110 4915 2297 4987 gratia
2342 4915 2474 4971 data
2521 4916 2805 4982 Patribus,
2843 4927 2900 4974 ut
2946 4921 3145 4979 crede-

1783 4999 1935 5059 rent,
1969 5002 2025 5051 et
2043 5001 2341 5067 sperarent
2364 4998 2657 5054 Christum
2686 5006 3015 5067 venturum,
3038 5003 3151 5060 fuit

1786 5077 2098 5153 praemium
2119 5079 2467 5140 meritorum
2489 5081 2723 5152 Christi,
2757 5090 3037 5142 eteorum
3059 5086 3150 5143 er·-
