<?xml version="1.0" encoding="UTF-8"?>
<!DOCTYPE html PUBLIC "-//W3C//DTD XHTML 1.0 Transitional//EN"
    "http://www.w3.org/TR/xhtml1/DTD/xhtml1-transitional.dtd">
<html xmlns="http://www.w3.org/1999/xhtml" xml:lang="en" lang="en">
 <head>
  <title>
</title>
<meta http-equiv="Content-Type" content="text/html;charset=utf-8" />
  <meta name='ocr-system' content='tesseract 3.04.00' />
  <meta name='ocr-capabilities' content='ocr_page ocr_carea ocr_par ocr_line ocrx_word'/>
</head>
<body>
  <div class='ocr_page' id='page_1' title='image "./collegiisalmant00carmgoog_0496.png"; bbox 0 0 3647 5753; ppageno 0'>
   <div class='ocr_carea' id='block_1_1' title="bbox 492 382 2404 512">
    <p class='ocr_par' dir='ltr' id='par_1_1' title="bbox 492 382 2404 512">
     <span class='ocr_line' id='line_1_1' title="bbox 492 382 2404 512; baseline -0.025 1"><span class='ocrx_word' id='word_1_1' title='bbox 492 458 603 512; x_wconf 78' lang='lat'>474</span> <span class='ocrx_word' id='word_1_2' title='bbox 1449 433 1539 488; x_wconf 75' lang='lat' dir='ltr'>oa</span> <span class='ocrx_word' id='word_1_3' title='bbox 1577 411 2156 504; x_wconf 72' lang='lat' dir='ltr'>Jnsr1r1cAT10Nss</span> <span class='ocrx_word' id='word_1_4' title='bbox 2200 382 2404 470; x_wconf 69' lang='lat' dir='ltr'>naen.</span> 
     </span>
    </p>
   </div>
   <div class='ocr_carea' id='block_1_2' title="bbox 494 603 1859 1579">
    <p class='ocr_par' dir='ltr' id='par_1_2' title="bbox 494 603 1859 1579">
     <span class='ocr_line' id='line_1_2' title="bbox 495 603 1853 702; baseline -0.022 -16"><span class='ocrx_word' id='word_1_5' title='bbox 495 637 581 688; x_wconf 91' lang='lat' dir='ltr'>ter</span> <span class='ocrx_word' id='word_1_6' title='bbox 611 631 921 702; x_wconf 88' lang='lat' dir='ltr'>repugnat,</span> <span class='ocrx_word' id='word_1_7' title='bbox 954 621 1102 697; x_wconf 91' lang='lat' dir='ltr'>quod</span> <span class='ocrx_word' id='word_1_8' title='bbox 1135 615 1344 690; x_wconf 89' lang='lat' dir='ltr'>aliquis</span> <span class='ocrx_word' id='word_1_9' title='bbox 1372 610 1599 669; x_wconf 91' lang='lat' dir='ltr'>habitus</span> <span class='ocrx_word' id='word_1_10' title='bbox 1648 603 1853 660; x_wconf 84' lang='lat' dir='ltr'>habeat</span> 
     </span>
     <span class='ocr_line' id='line_1_3' title="bbox 495 682 1853 767; baseline -0.022 -1"><span class='ocrx_word' id='word_1_11' title='bbox 495 712 615 767; x_wconf 74' lang='lat' dir='ltr'>vim</span> <span class='ocrx_word' id='word_1_12' title='bbox 643 706 1031 764; x_wconf 87' lang='lat' dir='ltr'>universalem</span> <span class='ocrx_word' id='word_1_13' title='bbox 1054 694 1325 757; x_wconf 79' lang='lat' dir='ltr'>movendi</span> <span class='ocrx_word' id='word_1_14' title='bbox 1348 707 1548 750; x_wconf 88' lang='lat' dir='ltr'>omnes</span> <span class='ocrx_word' id='word_1_15' title='bbox 1574 682 1853 757; x_wconf 84' lang='lat' dir='ltr'>suppositi</span> 
     </span>
     <span class='ocr_line' id='line_1_4' title="bbox 496 774 1855 867; baseline -0.024 -16"><span class='ocrx_word' id='word_1_16' title='bbox 496 791 794 867; x_wconf 52' lang='lat' dir='ltr'>potentias</span> <span class='ocrx_word' id='word_1_17' title='bbox 824 787 937 843; x_wconf 88' lang='lat' dir='ltr'>nisi</span> <span class='ocrx_word' id='word_1_18' title='bbox 962 783 1246 845; x_wconf 82' lang='lat' dir='ltr'>radicetur</span> <span class='ocrx_word' id='word_1_19' title='bbox 1270 780 1332 835; x_wconf 90' lang='lat' dir='ltr'>in</span> <span class='ocrx_word' id='word_1_20' title='bbox 1355 774 1563 831; x_wconf 82' lang='lat' dir='ltr'>natura</span> <span class='ocrx_word' id='word_1_21' title='bbox 1582 784 1706 842; x_wconf 82' lang='lat' dir='ltr'>quae</span> <span class='ocrx_word' id='word_1_22' title='bbox 1732 781 1855 837; x_wconf 91' lang='lat' dir='ltr'>pos·</span> 
     </span>
     <span class='ocr_line' id='line_1_5' title="bbox 494 848 1856 939; baseline -0.022 -9"><span class='ocrx_word' id='word_1_23' title='bbox 494 874 654 929; x_wconf 88' lang='lat' dir='ltr'>sitin</span> <span class='ocrx_word' id='word_1_24' title='bbox 685 884 884 928; x_wconf 89' lang='lat' dir='ltr'>omnes</span> <span class='ocrx_word' id='word_1_25' title='bbox 933 864 1216 939; x_wconf 80' lang='lat' dir='ltr'>potentias</span> <span class='ocrx_word' id='word_1_26' title='bbox 1258 858 1502 916; x_wconf 88' lang='lat' dir='ltr'>influere</span> <span class='ocrx_word' id='word_1_27' title='bbox 1545 853 1607 908; x_wconf 91' lang='lat' dir='ltr'>in</span> <span class='ocrx_word' id='word_1_28' title='bbox 1649 848 1856 906; x_wconf 83' lang='lat' dir='ltr'>ordine</span> 
     </span>
     <span class='ocr_line' id='line_1_6' title="bbox 499 930 1850 1013; baseline -0.021 -2"><span class='ocrx_word' id='word_1_29' title='bbox 499 954 569 1012; x_wconf 86' lang='lat' dir='ltr'>ad</span> <span class='ocrx_word' id='word_1_30' title='bbox 601 952 897 1013; x_wconf 90' lang='lat' dir='ltr'>ultimum,</span> <span class='ocrx_word' id='word_1_31' title='bbox 923 952 979 1004; x_wconf 90' lang='lat' dir='ltr'>et</span> <span class='ocrx_word' id='word_1_32' title='bbox 1002 942 1393 1002; x_wconf 77' lang='lat' dir='ltr'>universalem</span> <span class='ocrx_word' id='word_1_33' title='bbox 1413 950 1613 994; x_wconf 86' lang='lat' dir='ltr'>earum</span> <span class='ocrx_word' id='word_1_34' title='bbox 1654 930 1850 986; x_wconf 88' lang='lat' dir='ltr'>finem.</span> 
     </span>
     <span class='ocr_line' id='line_1_7' title="bbox 497 1010 1857 1091; baseline -0.021 1"><span class='ocrx_word' id='word_1_35' title='bbox 497 1034 661 1091; x_wconf 83' lang='lat' dir='ltr'>Unde</span> <span class='ocrx_word' id='word_1_36' title='bbox 686 1049 815 1089; x_wconf 88' lang='lat' dir='ltr'>cum</span> <span class='ocrx_word' id='word_1_37' title='bbox 843 1030 913 1086; x_wconf 89' lang='lat' dir='ltr'>de</span> <span class='ocrx_word' id='word_1_38' title='bbox 933 1027 1179 1085; x_wconf 80' lang='lat' dir='ltr'>essentia</span> <span class='ocrx_word' id='word_1_39' title='bbox 1203 1021 1430 1078; x_wconf 88' lang='lat' dir='ltr'>habitus</span> <span class='ocrx_word' id='word_1_40' title='bbox 1456 1012 1755 1073; x_wconf 87' lang='lat' dir='ltr'>charitatis</span> <span class='ocrx_word' id='word_1_41' title='bbox 1781 1010 1857 1065; x_wconf 89' lang='lat' dir='ltr'>sit</span> 
     </span>
     <span class='ocr_line' id='line_1_8' title="bbox 496 1090 1856 1187; baseline -0.021 -13"><span class='ocrx_word' id='word_1_42' title='bbox 496 1116 708 1173; x_wconf 88' lang='lat' dir='ltr'>habere</span> <span class='ocrx_word' id='word_1_43' title='bbox 738 1112 1064 1187; x_wconf 76' lang='lat' dir='ltr'>praedictam</span> <span class='ocrx_word' id='word_1_44' title='bbox 1116 1107 1255 1168; x_wconf 84' lang='lat' dir='ltr'>vim,</span> <span class='ocrx_word' id='word_1_45' title='bbox 1283 1097 1667 1158; x_wconf 84' lang='lat' dir='ltr'>essentialiter</span> <span class='ocrx_word' id='word_1_46' title='bbox 1696 1090 1856 1148; x_wconf 87' lang='lat' dir='ltr'>radi-</span> 
     </span>
     <span class='ocr_line' id='line_1_9' title="bbox 496 1183 1859 1270; baseline -0.02 -15"><span class='ocrx_word' id='word_1_47' title='bbox 496 1204 656 1255; x_wconf 89' lang='lat' dir='ltr'>catur</span> <span class='ocrx_word' id='word_1_48' title='bbox 677 1198 739 1252; x_wconf 91' lang='lat' dir='ltr'>in</span> <span class='ocrx_word' id='word_1_49' title='bbox 760 1195 961 1270; x_wconf 82' lang='lat' dir='ltr'>gratia,</span> <span class='ocrx_word' id='word_1_50' title='bbox 979 1207 1103 1264; x_wconf 79' lang='lat' dir='ltr'>quae</span> <span class='ocrx_word' id='word_1_51' title='bbox 1126 1204 1225 1261; x_wconf 82' lang='lat' dir='ltr'>per</span> <span class='ocrx_word' id='word_1_52' title='bbox 1247 1183 1483 1241; x_wconf 87' lang='lat' dir='ltr'>modum</span> <span class='ocrx_word' id='word_1_53' title='bbox 1500 1184 1721 1235; x_wconf 79' lang='lat' dir='ltr'>naturae</span> <span class='ocrx_word' id='word_1_54' title='bbox 1739 1190 1859 1230; x_wconf 89' lang='lat' dir='ltr'>om·</span> 
     </span>
     <span class='ocr_line' id='line_1_10' title="bbox 499 1255 1859 1349; baseline -0.02 -15"><span class='ocrx_word' id='word_1_55' title='bbox 499 1278 669 1334; x_wconf 89' lang='lat' dir='ltr'>nibus</span> <span class='ocrx_word' id='word_1_56' title='bbox 701 1274 968 1349; x_wconf 89' lang='lat' dir='ltr'>potentiis</span> <span class='ocrx_word' id='word_1_57' title='bbox 1007 1267 1285 1342; x_wconf 85' lang='lat' dir='ltr'>suppositi</span> <span class='ocrx_word' id='word_1_58' title='bbox 1333 1262 1685 1324; x_wconf 86' lang='lat' dir='ltr'>dominatur,</span> <span class='ocrx_word' id='word_1_59' title='bbox 1711 1260 1766 1311; x_wconf 89' lang='lat' dir='ltr'>et</span> <span class='ocrx_word' id='word_1_60' title='bbox 1796 1255 1859 1308; x_wconf 92' lang='lat' dir='ltr'>in</span> 
     </span>
     <span class='ocr_line' id='line_1_11' title="bbox 501 1337 1858 1429; baseline -0.021 -12"><span class='ocrx_word' id='word_1_61' title='bbox 501 1360 723 1417; x_wconf 88' lang='lat' dir='ltr'>ratione</span> <span class='ocrx_word' id='word_1_62' title='bbox 753 1353 1022 1429; x_wconf 90' lang='lat' dir='ltr'>principii</span> <span class='ocrx_word' id='word_1_63' title='bbox 1063 1347 1358 1408; x_wconf 87' lang='lat' dir='ltr'>efficientis</span> <span class='ocrx_word' id='word_1_64' title='bbox 1400 1337 1700 1399; x_wconf 86' lang='lat' dir='ltr'>intrinseci</span> <span class='ocrx_word' id='word_1_65' title='bbox 1730 1352 1858 1392; x_wconf 91' lang='lat' dir='ltr'>cor-</span> 
     </span>
     <span class='ocr_line' id='line_1_12' title="bbox 501 1414 1857 1513; baseline -0.021 -17"><span class='ocrx_word' id='word_1_66' title='bbox 501 1437 804 1513; x_wconf 86' lang='lat' dir='ltr'>respondet</span> <span class='ocrx_word' id='word_1_67' title='bbox 833 1440 962 1500; x_wconf 91' lang='lat' dir='ltr'>De0,</span> <span class='ocrx_word' id='word_1_68' title='bbox 1002 1438 1062 1488; x_wconf 89' lang='lat' dir='ltr'>ut</span> <span class='ocrx_word' id='word_1_69' title='bbox 1103 1428 1273 1487; x_wconf 88' lang='lat' dir='ltr'>habet</span> <span class='ocrx_word' id='word_1_70' title='bbox 1327 1424 1609 1482; x_wconf 85' lang='lat' dir='ltr'>rationem</span> <span class='ocrx_word' id='word_1_71' title='bbox 1664 1414 1857 1472; x_wconf 89' lang='lat' dir='ltr'>ultimi</span> 
     </span>
     <span class='ocr_line' id='line_1_13' title="bbox 500 1497 1858 1579; baseline -0.021 -1"><span class='ocrx_word' id='word_1_72' title='bbox 500 1520 631 1577; x_wconf 88' lang='lat' dir='ltr'>finis</span> <span class='ocrx_word' id='word_1_73' title='bbox 655 1521 716 1575; x_wconf 90' lang='lat' dir='ltr'>in</span> <span class='ocrx_word' id='word_1_74' title='bbox 745 1516 905 1575; x_wconf 91' lang='lat' dir='ltr'>omni</span> <span class='ocrx_word' id='word_1_75' title='bbox 928 1513 1154 1579; x_wconf 86' lang='lat' dir='ltr'>ordine,</span> <span class='ocrx_word' id='word_1_76' title='bbox 1182 1515 1242 1566; x_wconf 93' lang='lat' dir='ltr'>ut</span> <span class='ocrx_word' id='word_1_77' title='bbox 1265 1507 1435 1564; x_wconf 90' lang='lat' dir='ltr'>latius</span> <span class='ocrx_word' id='word_1_78' title='bbox 1474 1515 1648 1574; x_wconf 91' lang='lat' dir='ltr'>supra</span> <span class='ocrx_word' id='word_1_79' title='bbox 1669 1497 1858 1570; x_wconf 87' lang='lat' dir='ltr'>expli-</span> 
     </span>
    </p>
   </div>
   <div class='ocr_carea' id='block_1_3' title="bbox 290 1620 1901 5145">
    <p class='ocr_par' dir='ltr' id='par_1_3' title="bbox 290 1620 1877 3126">
     <span class='ocr_line' id='line_1_14' title="bbox 500 1620 744 1661; baseline -0.008 0"><span class='ocrx_word' id='word_1_80' title='bbox 500 1620 744 1661; x_wconf 77' lang='lat' dir='ltr'>cunnus.</span> 
     </span>
     <span class='ocr_line' id='line_1_15' title="bbox 311 1653 1859 1751; baseline -0.023 -9"><span class='ocrx_word' id='word_1_81' title='bbox 311 1698 443 1751; x_wconf 79' lang='lat' dir='ltr'>sepu-</span> <span class='ocrx_word' id='word_1_82' title='bbox 573 1680 702 1734; x_wconf 71' lang='lat'>250.</span> <span class='ocrx_word' id='word_1_83' title='bbox 748 1674 1024 1748; x_wconf 79' lang='lat' dir='ltr'>Arguitur</span> <span class='ocrx_word' id='word_1_84' title='bbox 1064 1667 1306 1740; x_wconf 87' lang='lat' dir='ltr'>septimo</span> <span class='ocrx_word' id='word_1_85' title='bbox 1335 1681 1349 1714; x_wconf 70' lang='grc' dir='ltr'><strong>ε</strong></span> <span class='ocrx_word' id='word_1_86' title='bbox 1393 1661 1527 1734; x_wconf 89' lang='lat' dir='ltr'>quia</span> <span class='ocrx_word' id='word_1_87' title='bbox 1575 1671 1744 1712; x_wconf 89' lang='lat' dir='ltr'>nemo</span> <span class='ocrx_word' id='word_1_88' title='bbox 1796 1653 1859 1708; x_wconf 92' lang='lat' dir='ltr'>in</span> 
     </span>
     <span class='ocr_line' id='line_1_16' title="bbox 327 1738 1863 1851; baseline -0.021 -31"><span class='ocrx_word' id='word_1_89' title='bbox 327 1758 447 1851; x_wconf 50' lang='lat'>523¹}</span> <span class='ocrx_word' id='word_1_90' title='bbox 502 1761 607 1816; x_wconf 90' lang='lat' dir='ltr'>hac</span> <span class='ocrx_word' id='word_1_91' title='bbox 627 1759 744 1814; x_wconf 87' lang='lat' dir='ltr'>vita</span> <span class='ocrx_word' id='word_1_92' title='bbox 765 1760 944 1828; x_wconf 87' lang='lat' dir='ltr'>potest</span> <span class='ocrx_word' id='word_1_93' title='bbox 964 1753 1034 1809; x_wconf 90' lang='lat' dir='ltr'>de</span> <span class='ocrx_word' id='word_1_94' title='bbox 1060 1752 1183 1822; x_wconf 87' lang='lat' dir='ltr'>lege</span> <span class='ocrx_word' id='word_1_95' title='bbox 1210 1743 1511 1803; x_wconf 91' lang='lat' dir='ltr'>ordinaria</span> <span class='ocrx_word' id='word_1_96' title='bbox 1536 1738 1682 1794; x_wconf 90' lang='lat' dir='ltr'>scire</span> <span class='ocrx_word' id='word_1_97' title='bbox 1709 1739 1863 1791; x_wconf 88' lang='lat' dir='ltr'>certo</span> 
     </span>
     <span class='ocr_line' id='line_1_17' title="bbox 290 1826 1863 1910; baseline -0.022 -7"><span class='ocrx_word' id='word_1_98' title='bbox 290 1855 484 1893; x_wconf 81' lang='lat' dir='ltr'>mentum.</span> <span class='ocrx_word' id='word_1_99' title='bbox 500 1857 561 1898; x_wconf 89' lang='lat' dir='ltr'>se</span> <span class='ocrx_word' id='word_1_100' title='bbox 580 1856 700 1898; x_wconf 89' lang='lat' dir='ltr'>esse</span> <span class='ocrx_word' id='word_1_101' title='bbox 728 1839 788 1893; x_wconf 93' lang='lat' dir='ltr'>in</span> <span class='ocrx_word' id='word_1_102' title='bbox 811 1836 1015 1910; x_wconf 88' lang='lat' dir='ltr'>gratia,</span> <span class='ocrx_word' id='word_1_103' title='bbox 1054 1838 1114 1888; x_wconf 91' lang='lat' dir='ltr'>ut</span> <span class='ocrx_word' id='word_1_104' title='bbox 1143 1826 1500 1887; x_wconf 86' lang='lat' dir='ltr'>ostendimus</span> <span class='ocrx_word' id='word_1_105' title='bbox 1527 1826 1689 1875; x_wconf 79' lang='lat' dir='ltr'>tract.</span> <span class='ocrx_word' id='word_1_106' title='bbox 1717 1834 1863 1889; x_wconf 72' lang='lat' dir='ltr'>prae-</span> 
     </span>
     <span class='ocr_line' id='line_1_18' title="bbox 502 1896 1864 1991; baseline -0.023 -12"><span class='ocrx_word' id='word_1_107' title='bbox 502 1922 612 1978; x_wconf 85' lang='lat' dir='ltr'>ced.</span> <span class='ocrx_word' id='word_1_108' title='bbox 637 1921 780 1991; x_wconf 79' lang='lat' dir='ltr'>disp.</span> <span class='ocrx_word' id='word_1_109' title='bbox 805 1919 858 1983; x_wconf 84' lang='lat'>9,</span> <span class='ocrx_word' id='word_1_110' title='bbox 891 1915 1018 1971; x_wconf 80' lang='lat' dir='ltr'>dub.</span> <span class='ocrx_word' id='word_1_111' title='bbox 1042 1913 1205 1968; x_wconf 85' lang='lat' dir='ltr'>unico</span> <span class='ocrx_word' id='word_1_112' title='bbox 1235 1905 1370 1964; x_wconf 89' lang='lat' dir='ltr'>:sed</span> <span class='ocrx_word' id='word_1_113' title='bbox 1398 1904 1448 1959; x_wconf 89' lang='lat' dir='ltr'>si</span> <span class='ocrx_word' id='word_1_114' title='bbox 1478 1916 1641 1957; x_wconf 90' lang='lat' dir='ltr'>amor</span> <span class='ocrx_word' id='word_1_115' title='bbox 1667 1896 1864 1953; x_wconf 87' lang='lat' dir='ltr'>chari-</span> 
     </span>
     <span class='ocr_line' id='line_1_19' title="bbox 503 1979 1866 2071; baseline -0.022 -13"><span class='ocrx_word' id='word_1_116' title='bbox 503 2002 633 2058; x_wconf 91' lang='lat' dir='ltr'>tatis</span> <span class='ocrx_word' id='word_1_117' title='bbox 654 1997 1002 2071; x_wconf 89' lang='lat' dir='ltr'>dependeret</span> <span class='ocrx_word' id='word_1_118' title='bbox 1022 1987 1407 2049; x_wconf 85' lang='lat' dir='ltr'>essentialiter</span> <span class='ocrx_word' id='word_1_119' title='bbox 1430 1999 1462 2039; x_wconf 88' lang='lat' dir='ltr'>a</span> <span class='ocrx_word' id='word_1_120' title='bbox 1488 1979 1697 2055; x_wconf 88' lang='lat' dir='ltr'>gratia,</span> <span class='ocrx_word' id='word_1_121' title='bbox 1733 1990 1866 2047; x_wconf 90' lang='lat' dir='ltr'>pos-</span> 
     </span>
     <span class='ocr_line' id='line_1_20' title="bbox 498 2055 1864 2148; baseline -0.023 -9"><span class='ocrx_word' id='word_1_122' title='bbox 498 2089 583 2141; x_wconf 86' lang='lat' dir='ltr'>set</span> <span class='ocrx_word' id='word_1_123' title='bbox 612 2082 783 2137; x_wconf 90' lang='lat' dir='ltr'>homo</span> <span class='ocrx_word' id='word_1_124' title='bbox 809 2082 961 2134; x_wconf 89' lang='lat' dir='ltr'>certo</span> <span class='ocrx_word' id='word_1_125' title='bbox 975 2084 1308 2148; x_wconf 85' lang='lat' dir='ltr'>cognoscere</span> <span class='ocrx_word' id='word_1_126' title='bbox 1334 2082 1394 2123; x_wconf 91' lang='lat' dir='ltr'>se</span> <span class='ocrx_word' id='word_1_127' title='bbox 1419 2079 1539 2122; x_wconf 90' lang='lat' dir='ltr'>esse</span> <span class='ocrx_word' id='word_1_128' title='bbox 1558 2062 1618 2116; x_wconf 91' lang='lat' dir='ltr'>in</span> <span class='ocrx_word' id='word_1_129' title='bbox 1634 2055 1820 2131; x_wconf 87' lang='lat' dir='ltr'>gratia</span> <span class='ocrx_word' id='word_1_130' title='bbox 1851 2074 1864 2109; x_wconf 76' lang='grc' dir='ltr'><strong><em>ε</em></strong></span> 
     </span>
     <span class='ocr_line' id='line_1_21' title="bbox 500 2144 1867 2240; baseline -0.023 -17"><span class='ocrx_word' id='word_1_131' title='bbox 500 2182 637 2240; x_wconf 91' lang='lat' dir='ltr'>ergo</span> <span class='ocrx_word' id='word_1_132' title='bbox 686 2161 985 2235; x_wconf 73' lang='lat' dir='ltr'>praedictus</span> <span class='ocrx_word' id='word_1_133' title='bbox 1015 2172 1178 2213; x_wconf 88' lang='lat' dir='ltr'>amor</span> <span class='ocrx_word' id='word_1_134' title='bbox 1206 2168 1323 2209; x_wconf 93' lang='lat' dir='ltr'>non</span> <span class='ocrx_word' id='word_1_135' title='bbox 1349 2144 1628 2222; x_wconf 87' lang='lat' dir='ltr'>dependet</span> <span class='ocrx_word' id='word_1_136' title='bbox 1670 2153 1867 2197; x_wconf 90' lang='lat' dir='ltr'>essen-</span> 
     </span>
     <span class='ocr_line' id='line_1_22' title="bbox 497 2219 1869 2316; baseline -0.022 -14"><span class='ocrx_word' id='word_1_137' title='bbox 497 2246 715 2302; x_wconf 88' lang='lat' dir='ltr'>tialiter</span> <span class='ocrx_word' id='word_1_138' title='bbox 744 2260 774 2299; x_wconf 90' lang='lat' dir='ltr'>a</span> <span class='ocrx_word' id='word_1_139' title='bbox 795 2239 978 2316; x_wconf 87' lang='lat' dir='ltr'>gratia</span> <span class='ocrx_word' id='word_1_140' title='bbox 1000 2245 1272 2309; x_wconf 86' lang='lat' dir='ltr'>tanquam</span> <span class='ocrx_word' id='word_1_141' title='bbox 1298 2248 1329 2287; x_wconf 88' lang='lat' dir='ltr'>a</span> <span class='ocrx_word' id='word_1_142' title='bbox 1383 2223 1669 2302; x_wconf 86' lang='lat' dir='ltr'>principio</span> <span class='ocrx_word' id='word_1_143' title='bbox 1696 2219 1869 2276; x_wconf 83' lang='lat' dir='ltr'>effec-</span> 
     </span>
     <span class='ocr_line' id='line_1_23' title="bbox 500 2302 1870 2387; baseline -0.022 -3"><span class='ocrx_word' id='word_1_144' title='bbox 500 2328 643 2384; x_wconf 85' lang='lat' dir='ltr'>tivo.</span> <span class='ocrx_word' id='word_1_145' title='bbox 674 2324 951 2381; x_wconf 87' lang='lat' dir='ltr'>Suadetur</span> <span class='ocrx_word' id='word_1_146' title='bbox 974 2320 1189 2383; x_wconf 91' lang='lat' dir='ltr'>minor,</span> <span class='ocrx_word' id='word_1_147' title='bbox 1220 2314 1357 2387; x_wconf 89' lang='lat' dir='ltr'>quia</span> <span class='ocrx_word' id='word_1_148' title='bbox 1405 2311 1599 2384; x_wconf 88' lang='lat' dir='ltr'>plures</span> <span class='ocrx_word' id='word_1_149' title='bbox 1626 2303 1696 2359; x_wconf 89' lang='lat' dir='ltr'>de</span> <span class='ocrx_word' id='word_1_150' title='bbox 1746 2302 1870 2374; x_wconf 90' lang='lat' dir='ltr'>lege</span> 
     </span>
     <span class='ocr_line' id='line_1_24' title="bbox 504 2383 1871 2471; baseline -0.022 -5"><span class='ocrx_word' id='word_1_151' title='bbox 504 2406 820 2471; x_wconf 88' lang='lat' dir='ltr'>ordinaria,</span> <span class='ocrx_word' id='word_1_152' title='bbox 852 2409 906 2460; x_wconf 89' lang='lat' dir='ltr'>et</span> <span class='ocrx_word' id='word_1_153' title='bbox 933 2403 1150 2458; x_wconf 90' lang='lat' dir='ltr'>seclusa</span> <span class='ocrx_word' id='word_1_154' title='bbox 1180 2393 1531 2453; x_wconf 84' lang='lat' dir='ltr'>revelatione</span> <span class='ocrx_word' id='word_1_155' title='bbox 1552 2383 1871 2459; x_wconf 87' lang='lat' dir='ltr'>experiun-</span> 
     </span>
     <span class='ocr_line' id='line_1_25' title="bbox 505 2465 1872 2559; baseline -0.022 -12"><span class='ocrx_word' id='word_1_156' title='bbox 505 2496 601 2546; x_wconf 87' lang='lat' dir='ltr'>tur</span> <span class='ocrx_word' id='word_1_157' title='bbox 627 2504 687 2545; x_wconf 91' lang='lat' dir='ltr'>se</span> <span class='ocrx_word' id='word_1_158' title='bbox 713 2487 956 2559; x_wconf 88' lang='lat' dir='ltr'>diligere</span> <span class='ocrx_word' id='word_1_159' title='bbox 982 2486 1163 2539; x_wconf 89' lang='lat' dir='ltr'>Deum</span> <span class='ocrx_word' id='word_1_160' title='bbox 1187 2491 1383 2535; x_wconf 88' lang='lat' dir='ltr'>amore</span> <span class='ocrx_word' id='word_1_161' title='bbox 1403 2467 1731 2531; x_wconf 85' lang='lat' dir='ltr'>charitatis;</span> <span class='ocrx_word' id='word_1_162' title='bbox 1757 2465 1872 2521; x_wconf 90' lang='lat' dir='ltr'>cui-</span> 
     </span>
     <span class='ocr_line' id='line_1_26' title="bbox 508 2546 1873 2641; baseline -0.022 -13"><span class='ocrx_word' id='word_1_163' title='bbox 508 2571 649 2627; x_wconf 90' lang='lat' dir='ltr'>libet</span> <span class='ocrx_word' id='word_1_164' title='bbox 689 2568 898 2641; x_wconf 90' lang='lat' dir='ltr'>quippe</span> <span class='ocrx_word' id='word_1_165' title='bbox 937 2563 1075 2620; x_wconf 89' lang='lat' dir='ltr'>satis</span> <span class='ocrx_word' id='word_1_166' title='bbox 1127 2577 1198 2617; x_wconf 90' lang='lat' dir='ltr'>ex</span> <span class='ocrx_word' id='word_1_167' title='bbox 1240 2553 1474 2630; x_wconf 92' lang='lat' dir='ltr'>propria</span> <span class='ocrx_word' id='word_1_168' title='bbox 1525 2546 1873 2607; x_wconf 90' lang='lat' dir='ltr'>conscientia</span> 
     </span>
     <span class='ocr_line' id='line_1_27' title="bbox 506 2626 1869 2712; baseline -0.02 -4"><span class='ocrx_word' id='word_1_169' title='bbox 506 2648 830 2712; x_wconf 87' lang='lat' dir='ltr'>innotescit,</span> <span class='ocrx_word' id='word_1_170' title='bbox 851 2662 924 2701; x_wconf 91' lang='lat' dir='ltr'>an</span> <span class='ocrx_word' id='word_1_171' title='bbox 954 2642 1160 2699; x_wconf 89' lang='lat' dir='ltr'>habeat</span> <span class='ocrx_word' id='word_1_172' title='bbox 1180 2644 1360 2695; x_wconf 91' lang='lat' dir='ltr'>Deum</span> <span class='ocrx_word' id='word_1_173' title='bbox 1385 2650 1489 2707; x_wconf 90' lang='lat' dir='ltr'>pro</span> <span class='ocrx_word' id='word_1_174' title='bbox 1506 2630 1713 2686; x_wconf 87' lang='lat' dir='ltr'>ultimo</span> <span class='ocrx_word' id='word_1_175' title='bbox 1734 2626 1869 2691; x_wconf 89' lang='lat' dir='ltr'>fine,</span> 
     </span>
     <span class='ocr_line' id='line_1_28' title="bbox 506 2706 1875 2803; baseline -0.021 -14"><span class='ocrx_word' id='word_1_176' title='bbox 506 2739 562 2790; x_wconf 92' lang='lat' dir='ltr'>et</span> <span class='ocrx_word' id='word_1_177' title='bbox 616 2735 841 2803; x_wconf 87' lang='lat' dir='ltr'>appetat</span> <span class='ocrx_word' id='word_1_178' title='bbox 893 2728 1081 2798; x_wconf 90' lang='lat' dir='ltr'>ipsum</span> <span class='ocrx_word' id='word_1_179' title='bbox 1134 2737 1305 2794; x_wconf 92' lang='lat' dir='ltr'>super</span> <span class='ocrx_word' id='word_1_180' title='bbox 1347 2714 1546 2775; x_wconf 87' lang='lat' dir='ltr'>omnia</span> <span class='ocrx_word' id='word_1_181' title='bbox 1581 2732 1594 2767; x_wconf 70' lang='grc' dir='ltr'><strong>ε</strong></span> <span class='ocrx_word' id='word_1_182' title='bbox 1637 2723 1772 2782; x_wconf 90' lang='lat' dir='ltr'>ergo</span> <span class='ocrx_word' id='word_1_183' title='bbox 1825 2706 1875 2761; x_wconf 88' lang='lat' dir='ltr'>si</span> 
     </span>
     <span class='ocr_line' id='line_1_29' title="bbox 511 2792 1877 2888; baseline -0.021 -18"><span class='ocrx_word' id='word_1_184' title='bbox 511 2813 808 2888; x_wconf 76' lang='lat' dir='ltr'>praedictus</span> <span class='ocrx_word' id='word_1_185' title='bbox 854 2823 1017 2864; x_wconf 90' lang='lat' dir='ltr'>amor</span> <span class='ocrx_word' id='word_1_186' title='bbox 1062 2801 1341 2876; x_wconf 90' lang='lat' dir='ltr'>dependet</span> <span class='ocrx_word' id='word_1_187' title='bbox 1392 2792 1779 2854; x_wconf 86' lang='lat' dir='ltr'>essentialiter</span> <span class='ocrx_word' id='word_1_188' title='bbox 1844 2803 1877 2844; x_wconf 92' lang='lat' dir='ltr'>a</span> 
     </span>
     <span class='ocr_line' id='line_1_30' title="bbox 509 2868 1876 2971; baseline -0.02 -19"><span class='ocrx_word' id='word_1_189' title='bbox 509 2889 1015 2971; x_wconf 84' lang='lat' dir='ltr'>gratia‚sequitur</span> <span class='ocrx_word' id='word_1_190' title='bbox 1054 2883 1201 2958; x_wconf 91' lang='lat' dir='ltr'>quod</span> <span class='ocrx_word' id='word_1_191' title='bbox 1250 2884 1421 2939; x_wconf 80' lang='lat' dir='ltr'>homo</span> <span class='ocrx_word' id='word_1_192' title='bbox 1463 2875 1638 2950; x_wconf 89' lang='lat' dir='ltr'>possit</span> <span class='ocrx_word' id='word_1_193' title='bbox 1675 2868 1876 2929; x_wconf 89' lang='lat' dir='ltr'>eadem</span> 
     </span>
     <span class='ocr_line' id='line_1_31' title="bbox 510 2951 1871 3042; baseline -0.021 -9"><span class='ocrx_word' id='word_1_194' title='bbox 510 2972 856 3034; x_wconf 87' lang='lat' dir='ltr'>certitudine</span> <span class='ocrx_word' id='word_1_195' title='bbox 876 2980 1207 3042; x_wconf 86' lang='lat' dir='ltr'>cognoscere</span> <span class='ocrx_word' id='word_1_196' title='bbox 1234 2980 1293 3020; x_wconf 91' lang='lat' dir='ltr'>se</span> <span class='ocrx_word' id='word_1_197' title='bbox 1345 2959 1594 3036; x_wconf 83' lang='lat' dir='ltr'>gratiam</span> <span class='ocrx_word' id='word_1_198' title='bbox 1640 2951 1871 3011; x_wconf 87' lang='lat' dir='ltr'>habere.</span> 
     </span>
     <span class='ocr_line' id='line_1_32' title="bbox 301 3035 1873 3126; baseline -0.02 -8"><span class='ocrx_word' id='word_1_199' title='bbox 301 3071 487 3126; x_wconf 77' lang='lat' dir='ltr'>cajetan.</span> <span class='ocrx_word' id='word_1_200' title='bbox 513 3054 673 3123; x_wconf 87' lang='lat' dir='ltr'>Quod</span> <span class='ocrx_word' id='word_1_201' title='bbox 733 3051 1015 3109; x_wconf 88' lang='lat' dir='ltr'>motivum</span> <span class='ocrx_word' id='word_1_202' title='bbox 1058 3046 1230 3102; x_wconf 90' lang='lat' dir='ltr'>latius</span> <span class='ocrx_word' id='word_1_203' title='bbox 1292 3037 1563 3116; x_wconf 88' lang='lat' dir='ltr'>expendit</span> <span class='ocrx_word' id='word_1_204' title='bbox 1620 3035 1873 3108; x_wconf 82' lang='lat' dir='ltr'>cajetan.</span> 
     </span>
    </p>

    <p class='ocr_par' dir='ltr' id='par_1_4' title="bbox 450 3120 1574 3206">
     <span class='ocr_line' id='line_1_33' title="bbox 450 3120 1574 3206; baseline -0.02 -10"><span class='ocrx_word' id='word_1_205' title='bbox 450 3139 453 3144; x_wconf 78' lang='grc'><strong>’</strong></span> <span class='ocrx_word' id='word_1_206' title='bbox 516 3146 643 3194; x_wconf 84' lang='lat' dir='ltr'>tom.</span> <span class='ocrx_word' id='word_1_207' title='bbox 679 3138 696 3192; x_wconf 93' lang='lat' dir='ltr'>l</span> <span class='ocrx_word' id='word_1_208' title='bbox 734 3131 989 3206; x_wconf 78' lang='lat' dir='ltr'>opuscul.</span> <span class='ocrx_word' id='word_1_209' title='bbox 1022 3135 1186 3183; x_wconf 82' lang='lat' dir='ltr'>tract.</span> <span class='ocrx_word' id='word_1_210' title='bbox 1216 3127 1273 3192; x_wconf 81' lang='lat'>4,</span> <span class='ocrx_word' id='word_1_211' title='bbox 1305 3128 1488 3200; x_wconf 62' lang='lat' dir='ltr'>quaest.</span> <span class='ocrx_word' id='word_1_212' title='bbox 1528 3120 1574 3174; x_wconf 92' lang='lat'>1.</span> 
     </span>
    </p>

    <p class='ocr_par' dir='ltr' id='par_1_5' title="bbox 517 3193 1901 5145">
     <span class='ocr_line' id='line_1_34' title="bbox 589 3193 1881 3287; baseline -0.021 -13"><span class='ocrx_word' id='word_1_213' title='bbox 589 3217 675 3274; x_wconf 89' lang='lat' dir='ltr'>Ad</span> <span class='ocrx_word' id='word_1_214' title='bbox 703 3217 808 3272; x_wconf 90' lang='lat' dir='ltr'>hoc</span> <span class='ocrx_word' id='word_1_215' title='bbox 822 3213 1227 3287; x_wconf 84' lang='lat' dir='ltr'>argumentum</span> <span class='ocrx_word' id='word_1_216' title='bbox 1255 3204 1393 3261; x_wconf 89' lang='lat' dir='ltr'>satis</span> <span class='ocrx_word' id='word_1_217' title='bbox 1414 3202 1634 3259; x_wconf 88' lang='lat' dir='ltr'>constat</span> <span class='ocrx_word' id='word_1_218' title='bbox 1658 3211 1728 3252; x_wconf 87' lang='lat' dir='ltr'>ex</span> <span class='ocrx_word' id='word_1_219' title='bbox 1755 3193 1881 3249; x_wconf 90' lang='lat' dir='ltr'>dic-</span> 
     </span>
     <span class='ocr_line' id='line_1_35' title="bbox 518 3272 1883 3363; baseline -0.023 -5"><span class='ocrx_word' id='word_1_220' title='bbox 518 3302 590 3358; x_wconf 89' lang='lat' dir='ltr'>tis</span> <span class='ocrx_word' id='word_1_221' title='bbox 617 3300 737 3356; x_wconf 93' lang='lat' dir='ltr'>loco</span> <span class='ocrx_word' id='word_1_222' title='bbox 764 3295 931 3352; x_wconf 89' lang='lat' dir='ltr'>citato</span> <span class='ocrx_word' id='word_1_223' title='bbox 964 3288 1145 3363; x_wconf 84' lang='lat' dir='ltr'>:quod</span> <span class='ocrx_word' id='word_1_224' title='bbox 1173 3285 1421 3360; x_wconf 89' lang='lat' dir='ltr'>profecto</span> <span class='ocrx_word' id='word_1_225' title='bbox 1446 3283 1496 3337; x_wconf 92' lang='lat' dir='ltr'>si</span> <span class='ocrx_word' id='word_1_226' title='bbox 1523 3292 1699 3353; x_wconf 90' lang='lat' dir='ltr'>quam</span> <span class='ocrx_word' id='word_1_227' title='bbox 1726 3272 1883 3329; x_wconf 84' lang='lat' dir='ltr'>diffi-</span> 
     </span>
     <span class='ocr_line' id='line_1_36' title="bbox 517 3355 1879 3439; baseline -0.023 0"><span class='ocrx_word' id='word_1_228' title='bbox 517 3382 786 3439; x_wconf 87' lang='lat' dir='ltr'>cultatem</span> <span class='ocrx_word' id='word_1_229' title='bbox 810 3373 998 3439; x_wconf 87' lang='lat' dir='ltr'>habet,</span> <span class='ocrx_word' id='word_1_230' title='bbox 1015 3370 1085 3426; x_wconf 88' lang='lat' dir='ltr'>ab</span> <span class='ocrx_word' id='word_1_231' title='bbox 1112 3365 1383 3426; x_wconf 91' lang='lat' dir='ltr'>omnibus</span> <span class='ocrx_word' id='word_1_232' title='bbox 1409 3368 1495 3420; x_wconf 90' lang='lat' dir='ltr'>est</span> <span class='ocrx_word' id='word_1_233' title='bbox 1515 3355 1879 3420; x_wconf 82' lang='lat' dir='ltr'>diluendum3</span> 
     </span>
     <span class='ocr_line' id='line_1_37' title="bbox 518 3434 1885 3536; baseline -0.021 -18"><span class='ocrx_word' id='word_1_234' title='bbox 518 3461 654 3536; x_wconf 91' lang='lat' dir='ltr'>quia</span> <span class='ocrx_word' id='word_1_235' title='bbox 680 3462 798 3515; x_wconf 90' lang='lat' dir='ltr'>esto</span> <span class='ocrx_word' id='word_1_236' title='bbox 842 3469 1005 3511; x_wconf 89' lang='lat' dir='ltr'>amor</span> <span class='ocrx_word' id='word_1_237' title='bbox 1054 3445 1352 3506; x_wconf 88' lang='lat' dir='ltr'>charitatis</span> <span class='ocrx_word' id='word_1_238' title='bbox 1406 3459 1523 3500; x_wconf 87' lang='lat' dir='ltr'>non</span> <span class='ocrx_word' id='word_1_239' title='bbox 1568 3434 1885 3510; x_wconf 89' lang='lat' dir='ltr'>dependeat</span> 
     </span>
     <span class='ocr_line' id='line_1_38' title="bbox 517 3525 1885 3609; baseline -0.022 -8"><span class='ocrx_word' id='word_1_240' title='bbox 517 3539 902 3602; x_wconf 86' lang='lat' dir='ltr'>essentialiter</span> <span class='ocrx_word' id='word_1_241' title='bbox 924 3553 956 3592; x_wconf 89' lang='lat' dir='ltr'>a</span> <span class='ocrx_word' id='word_1_242' title='bbox 983 3532 1169 3609; x_wconf 90' lang='lat' dir='ltr'>gratia</span> <span class='ocrx_word' id='word_1_243' title='bbox 1195 3525 1583 3585; x_wconf 87' lang='lat' dir='ltr'>sanctificante</span> <span class='ocrx_word' id='word_1_244' title='bbox 1610 3527 1885 3592; x_wconf 90' lang='lat' dir='ltr'>tanquam</span> 
     </span>
     <span class='ocr_line' id='line_1_39' title="bbox 520 3600 1887 3699; baseline -0.021 -16"><span class='ocrx_word' id='word_1_245' title='bbox 520 3643 553 3683; x_wconf 88' lang='lat' dir='ltr'>a</span> <span class='ocrx_word' id='word_1_246' title='bbox 576 3621 856 3699; x_wconf 90' lang='lat' dir='ltr'>principio</span> <span class='ocrx_word' id='word_1_247' title='bbox 895 3615 1171 3678; x_wconf 81' lang='lat' dir='ltr'>effectivo,</span> <span class='ocrx_word' id='word_1_248' title='bbox 1204 3607 1597 3667; x_wconf 87' lang='lat' dir='ltr'>nihilominus</span> <span class='ocrx_word' id='word_1_249' title='bbox 1623 3601 1694 3659; x_wconf 91' lang='lat' dir='ltr'>de</span> <span class='ocrx_word' id='word_1_250' title='bbox 1737 3600 1887 3656; x_wconf 82' lang='lat' dir='ltr'>facto</span> 
     </span>
     <span class='ocr_line' id='line_1_40' title="bbox 519 3683 1886 3763; baseline -0.023 2"><span class='ocrx_word' id='word_1_251' title='bbox 519 3702 875 3763; x_wconf 89' lang='lat' dir='ltr'>connectitur</span> <span class='ocrx_word' id='word_1_252' title='bbox 903 3695 1235 3755; x_wconf 84' lang='lat' dir='ltr'>certissime.</span> <span class='ocrx_word' id='word_1_253' title='bbox 1259 3696 1314 3748; x_wconf 90' lang='lat' dir='ltr'>et</span> <span class='ocrx_word' id='word_1_254' title='bbox 1343 3683 1736 3745; x_wconf 85' lang='lat' dir='ltr'>infallibiliter</span> <span class='ocrx_word' id='word_1_255' title='bbox 1754 3695 1886 3736; x_wconf 90' lang='lat' dir='ltr'>cum</span> 
     </span>
     <span class='ocr_line' id='line_1_41' title="bbox 524 3762 1886 3853; baseline -0.021 -9"><span class='ocrx_word' id='word_1_256' title='bbox 524 3789 646 3853; x_wconf 90' lang='lat' dir='ltr'>illa,</span> <span class='ocrx_word' id='word_1_257' title='bbox 671 3785 874 3841; x_wconf 89' lang='lat' dir='ltr'>saltem</span> <span class='ocrx_word' id='word_1_258' title='bbox 897 3786 1174 3850; x_wconf 87' lang='lat' dir='ltr'>tanquam</span> <span class='ocrx_word' id='word_1_259' title='bbox 1201 3788 1332 3830; x_wconf 90' lang='lat' dir='ltr'>cum</span> <span class='ocrx_word' id='word_1_260' title='bbox 1379 3762 1588 3832; x_wconf 83' lang='lat' dir='ltr'>forma,</span> <span class='ocrx_word' id='word_1_261' title='bbox 1616 3764 1686 3821; x_wconf 88' lang='lat' dir='ltr'>ad</span> <span class='ocrx_word' id='word_1_262' title='bbox 1713 3776 1886 3836; x_wconf 91' lang='lat' dir='ltr'>quam</span> 
     </span>
     <span class='ocr_line' id='line_1_42' title="bbox 524 3842 1889 3940; baseline -0.021 -15"><span class='ocrx_word' id='word_1_263' title='bbox 524 3866 795 3940; x_wconf 87' lang='lat' dir='ltr'>disponit,</span> <span class='ocrx_word' id='word_1_264' title='bbox 821 3867 877 3919; x_wconf 92' lang='lat' dir='ltr'>et</span> <span class='ocrx_word' id='word_1_265' title='bbox 901 3860 1028 3917; x_wconf 78' lang='lat' dir='ltr'>eine</span> <span class='ocrx_word' id='word_1_266' title='bbox 1049 3872 1160 3931; x_wconf 91' lang='lat' dir='ltr'>qua</span> <span class='ocrx_word' id='word_1_267' title='bbox 1186 3856 1250 3910; x_wconf 93' lang='lat' dir='ltr'>in</span> <span class='ocrx_word' id='word_1_268' title='bbox 1287 3851 1450 3908; x_wconf 92' lang='lat' dir='ltr'>nullo</span> <span class='ocrx_word' id='word_1_269' title='bbox 1477 3849 1770 3904; x_wconf 90' lang='lat' dir='ltr'>momento</span> <span class='ocrx_word' id='word_1_270' title='bbox 1792 3842 1889 3897; x_wconf 92' lang='lat' dir='ltr'>in-</span> 
     </span>
     <span class='ocr_line' id='line_1_43' title="bbox 528 3925 1890 4013; baseline -0.022 -6"><span class='ocrx_word' id='word_1_271' title='bbox 528 3950 778 4013; x_wconf 84' lang='lat' dir='ltr'>venitur,</span> <span class='ocrx_word' id='word_1_272' title='bbox 807 3949 867 4000; x_wconf 91' lang='lat' dir='ltr'>ut</span> <span class='ocrx_word' id='word_1_273' title='bbox 901 3937 1288 3999; x_wconf 88' lang='lat' dir='ltr'>communiter</span> <span class='ocrx_word' id='word_1_274' title='bbox 1330 3933 1450 4006; x_wconf 87' lang='lat' dir='ltr'>jam</span> <span class='ocrx_word' id='word_1_275' title='bbox 1480 3929 1680 3986; x_wconf 91' lang='lat' dir='ltr'>docent</span> <span class='ocrx_word' id='word_1_276' title='bbox 1701 3925 1890 3980; x_wconf 89' lang='lat' dir='ltr'>Theo-</span> 
     </span>
     <span class='ocr_line' id='line_1_44' title="bbox 527 4008 1889 4108; baseline -0.023 -17"><span class='ocrx_word' id='word_1_277' title='bbox 527 4034 641 4108; x_wconf 88' lang='lat' dir='ltr'>logi</span> <span class='ocrx_word' id='word_1_278' title='bbox 675 4046 848 4104; x_wconf 87' lang='lat' dir='ltr'>:ergo</span> <span class='ocrx_word' id='word_1_279' title='bbox 874 4027 922 4081; x_wconf 92' lang='lat' dir='ltr'>si</span> <span class='ocrx_word' id='word_1_280' title='bbox 951 4025 1079 4098; x_wconf 87' lang='lat' dir='ltr'>quis</span> <span class='ocrx_word' id='word_1_281' title='bbox 1121 4024 1317 4096; x_wconf 90' lang='lat' dir='ltr'>potest,</span> <span class='ocrx_word' id='word_1_282' title='bbox 1363 4015 1583 4073; x_wconf 90' lang='lat' dir='ltr'>seclusa</span> <span class='ocrx_word' id='word_1_283' title='bbox 1609 4008 1772 4067; x_wconf 92' lang='lat' dir='ltr'>omni</span> <span class='ocrx_word' id='word_1_284' title='bbox 1804 4022 1889 4062; x_wconf 89' lang='lat' dir='ltr'>re·</span> 
     </span>
     <span class='ocr_line' id='line_1_45' title="bbox 530 4095 1891 4173; baseline -0.022 0"><span class='ocrx_word' id='word_1_285' title='bbox 530 4114 814 4173; x_wconf 83' lang='lat' dir='ltr'>velatione</span> <span class='ocrx_word' id='word_1_286' title='bbox 829 4108 973 4164; x_wconf 89' lang='lat' dir='ltr'>scire</span> <span class='ocrx_word' id='word_1_287' title='bbox 989 4109 1141 4161; x_wconf 77' lang='lat' dir='ltr'>cert-o</span> <span class='ocrx_word' id='word_1_288' title='bbox 1159 4117 1220 4158; x_wconf 90' lang='lat' dir='ltr'>se</span> <span class='ocrx_word' id='word_1_289' title='bbox 1234 4098 1476 4171; x_wconf 88' lang='lat' dir='ltr'>diligere</span> <span class='ocrx_word' id='word_1_290' title='bbox 1498 4095 1678 4149; x_wconf 90' lang='lat' dir='ltr'>Deum</span> <span class='ocrx_word' id='word_1_291' title='bbox 1695 4100 1891 4144; x_wconf 89' lang='lat' dir='ltr'>amore</span> 
     </span>
     <span class='ocr_line' id='line_1_46' title="bbox 528 4174 1893 4259; baseline -0.023 -4"><span class='ocrx_word' id='word_1_292' title='bbox 528 4194 845 4259; x_wconf 88' lang='lat' dir='ltr'>charitatis,</span> <span class='ocrx_word' id='word_1_293' title='bbox 889 4188 1089 4246; x_wconf 87' lang='lat' dir='ltr'>eadem</span> <span class='ocrx_word' id='word_1_294' title='bbox 1136 4179 1481 4241; x_wconf 89' lang='lat' dir='ltr'>certitudine</span> <span class='ocrx_word' id='word_1_295' title='bbox 1527 4174 1788 4247; x_wconf 85' lang='lat' dir='ltr'>agnoscet</span> <span class='ocrx_word' id='word_1_296' title='bbox 1831 4182 1893 4224; x_wconf 88' lang='lat' dir='ltr'>se</span> 
     </span>
     <span class='ocr_line' id='line_1_47' title="bbox 528 4247 1888 4349; baseline -0.025 -13"><span class='ocrx_word' id='word_1_297' title='bbox 528 4294 651 4336; x_wconf 92' lang='lat' dir='ltr'>esse</span> <span class='ocrx_word' id='word_1_298' title='bbox 672 4278 734 4332; x_wconf 92' lang='lat' dir='ltr'>in</span> <span class='ocrx_word' id='word_1_299' title='bbox 755 4272 938 4349; x_wconf 88' lang='lat' dir='ltr'>gratia</span> <span class='ocrx_word' id='word_1_300' title='bbox 976 4266 1161 4340; x_wconf 86' lang='lat' dir='ltr'>:quod</span> <span class='ocrx_word' id='word_1_301' title='bbox 1189 4269 1383 4319; x_wconf 91' lang='lat' dir='ltr'>tamen</span> <span class='ocrx_word' id='word_1_302' title='bbox 1411 4256 1611 4329; x_wconf 90' lang='lat' dir='ltr'>nequit</span> <span class='ocrx_word' id='word_1_303' title='bbox 1639 4247 1888 4308; x_wconf 87' lang='lat' dir='ltr'>admitti.</span> 
     </span>
     <span class='ocr_line' id='line_1_48' title="bbox 531 4327 1893 4431; baseline -0.025 -15"><span class='ocrx_word' id='word_1_304' title='bbox 531 4355 927 4431; x_wconf 88' lang='lat' dir='ltr'>Respondetur</span> <span class='ocrx_word' id='word_1_305' title='bbox 952 4364 1088 4422; x_wconf 89' lang='lat' dir='ltr'>ergo</span> <span class='ocrx_word' id='word_1_306' title='bbox 1137 4339 1399 4416; x_wconf 89' lang='lat' dir='ltr'>negando</span> <span class='ocrx_word' id='word_1_307' title='bbox 1450 4337 1760 4394; x_wconf 88' lang='lat' dir='ltr'>minorem.</span> <span class='ocrx_word' id='word_1_308' title='bbox 1805 4327 1893 4383; x_wconf 85' lang='lat' dir='ltr'>Ad</span> 
     </span>
     <span class='ocr_line' id='line_1_49' title="bbox 528 4411 1894 4514; baseline -0.024 -16"><span class='ocrx_word' id='word_1_309' title='bbox 528 4440 690 4514; x_wconf 86' lang='lat' dir='ltr'>cujus</span> <span class='ocrx_word' id='word_1_310' title='bbox 712 4433 1110 4511; x_wconf 89' lang='lat' dir='ltr'>probationem</span> <span class='ocrx_word' id='word_1_311' title='bbox 1139 4422 1446 4481; x_wconf 88' lang='lat' dir='ltr'>dicendum</span> <span class='ocrx_word' id='word_1_312' title='bbox 1494 4423 1596 4483; x_wconf 91' lang='lat' dir='ltr'>est,</span> <span class='ocrx_word' id='word_1_313' title='bbox 1624 4411 1774 4488; x_wconf 92' lang='lat' dir='ltr'>quod</span> <span class='ocrx_word' id='word_1_314' title='bbox 1800 4426 1894 4467; x_wconf 91' lang='lat' dir='ltr'>se-</span> 
     </span>
     <span class='ocr_line' id='line_1_50' title="bbox 531 4491 1896 4579; baseline -0.024 0"><span class='ocrx_word' id='word_1_315' title='bbox 531 4523 687 4579; x_wconf 89' lang='lat' dir='ltr'>clusa</span> <span class='ocrx_word' id='word_1_316' title='bbox 706 4518 906 4574; x_wconf 89' lang='lat' dir='ltr'>divina</span> <span class='ocrx_word' id='word_1_317' title='bbox 929 4507 1299 4571; x_wconf 83' lang='lat' dir='ltr'>revelatione,</span> <span class='ocrx_word' id='word_1_318' title='bbox 1336 4500 1534 4574; x_wconf 91' lang='lat' dir='ltr'>nequit</span> <span class='ocrx_word' id='word_1_319' title='bbox 1560 4499 1732 4553; x_wconf 89' lang='lat' dir='ltr'>horno</span> <span class='ocrx_word' id='word_1_320' title='bbox 1768 4491 1896 4549; x_wconf 85' lang='lat' dir='ltr'>evi-</span> 
     </span>
     <span class='ocr_line' id='line_1_51' title="bbox 530 4575 1896 4665; baseline -0.023 -8"><span class='ocrx_word' id='word_1_321' title='bbox 530 4600 754 4665; x_wconf 77' lang='lat' dir='ltr'>denter,</span> <span class='ocrx_word' id='word_1_322' title='bbox 780 4602 835 4653; x_wconf 93' lang='lat' dir='ltr'>et</span> <span class='ocrx_word' id='word_1_323' title='bbox 859 4598 1012 4651; x_wconf 88' lang='lat' dir='ltr'>certo</span> <span class='ocrx_word' id='word_1_324' title='bbox 1025 4599 1359 4665; x_wconf 87' lang='lat' dir='ltr'>cognoscere</span> <span class='ocrx_word' id='word_1_325' title='bbox 1382 4596 1442 4637; x_wconf 91' lang='lat' dir='ltr'>se</span> <span class='ocrx_word' id='word_1_326' title='bbox 1463 4577 1704 4651; x_wconf 91' lang='lat' dir='ltr'>diligere</span> <span class='ocrx_word' id='word_1_327' title='bbox 1716 4575 1896 4629; x_wconf 90' lang='lat' dir='ltr'>Deum</span> 
     </span>
     <span class='ocr_line' id='line_1_52' title="bbox 532 4656 1898 4740; baseline -0.026 0"><span class='ocrx_word' id='word_1_328' title='bbox 532 4693 730 4740; x_wconf 89' lang='lat' dir='ltr'>amore</span> <span class='ocrx_word' id='word_1_329' title='bbox 757 4671 1083 4733; x_wconf 86' lang='lat' dir='ltr'>charitatis:</span> <span class='ocrx_word' id='word_1_330' title='bbox 1108 4675 1232 4724; x_wconf 91' lang='lat' dir='ltr'>tum</span> <span class='ocrx_word' id='word_1_331' title='bbox 1247 4663 1382 4736; x_wconf 90' lang='lat' dir='ltr'>quia</span> <span class='ocrx_word' id='word_1_332' title='bbox 1411 4656 1712 4734; x_wconf 81' lang='lat' dir='ltr'>praedictus</span> <span class='ocrx_word' id='word_1_333' title='bbox 1734 4666 1898 4710; x_wconf 90' lang='lat' dir='ltr'>amor</span> 
     </span>
     <span class='ocr_line' id='line_1_53' title="bbox 530 4732 1898 4838; baseline -0.027 -16"><span class='ocrx_word' id='word_1_334' title='bbox 530 4769 625 4838; x_wconf 24' lang='lat' dir='ltr'>est,</span> <span class='ocrx_word' id='word_1_335' title='bbox 641 4750 1101 4831; x_wconf 85' lang='lat' dir='ltr'>supernaturalis</span> <span class='ocrx_word' id='word_1_336' title='bbox 1127 4771 1140 4805; x_wconf 75' lang='grc' dir='ltr'>ι</span> <span class='ocrx_word' id='word_1_337' title='bbox 1171 4751 1294 4801; x_wconf 91' lang='lat' dir='ltr'>tum</span> <span class='ocrx_word' id='word_1_338' title='bbox 1321 4741 1456 4816; x_wconf 90' lang='lat' dir='ltr'>quia</span> <span class='ocrx_word' id='word_1_339' title='bbox 1477 4739 1648 4794; x_wconf 89' lang='lat' dir='ltr'>homo</span> <span class='ocrx_word' id='word_1_340' title='bbox 1669 4732 1898 4789; x_wconf 89' lang='lat' dir='ltr'>difficile</span> 
     </span>
     <span class='ocr_line' id='line_1_54' title="bbox 529 4818 1897 4916; baseline -0.026 -16"><span class='ocrx_word' id='word_1_341' title='bbox 529 4833 909 4916; x_wconf 88' lang='lat' dir='ltr'>deprehendit</span> <span class='ocrx_word' id='word_1_342' title='bbox 947 4845 1113 4886; x_wconf 86' lang='lat' dir='ltr'>suam</span> <span class='ocrx_word' id='word_1_343' title='bbox 1140 4818 1572 4883; x_wconf 85' lang='lat' dir='ltr'>conscientiam,</span> <span class='ocrx_word' id='word_1_344' title='bbox 1601 4819 1657 4871; x_wconf 90' lang='lat' dir='ltr'>et</span> <span class='ocrx_word' id='word_1_345' title='bbox 1700 4818 1897 4868; x_wconf 90' lang='lat' dir='ltr'>utrum</span> 
     </span>
     <span class='ocr_line' id='line_1_55' title="bbox 529 4894 1901 4995; baseline -0.028 -13"><span class='ocrx_word' id='word_1_346' title='bbox 529 4925 806 4995; x_wconf 87' lang='lat' dir='ltr'>seipsum,</span> <span class='ocrx_word' id='word_1_347' title='bbox 838 4915 931 4972; x_wconf 86' lang='lat' dir='ltr'>vel</span> <span class='ocrx_word' id='word_1_348' title='bbox 952 4912 1142 4968; x_wconf 89' lang='lat' dir='ltr'>solum</span> <span class='ocrx_word' id='word_1_349' title='bbox 1170 4909 1350 4962; x_wconf 90' lang='lat' dir='ltr'>Deum</span> <span class='ocrx_word' id='word_1_350' title='bbox 1398 4900 1463 4955; x_wconf 91' lang='lat' dir='ltr'>in</span> <span class='ocrx_word' id='word_1_351' title='bbox 1486 4894 1737 4971; x_wconf 89' lang='lat' dir='ltr'>propriis</span> <span class='ocrx_word' id='word_1_352' title='bbox 1759 4906 1901 4964; x_wconf 90' lang='lat' dir='ltr'>ope-</span> 
     </span>
     <span class='ocr_line' id='line_1_56' title="bbox 533 4974 1899 5062; baseline -0.026 1"><span class='ocrx_word' id='word_1_353' title='bbox 533 4999 857 5062; x_wconf 87' lang='lat' dir='ltr'>rationibus</span> <span class='ocrx_word' id='word_1_354' title='bbox 898 4992 1065 5050; x_wconf 90' lang='lat' dir='ltr'>unice</span> <span class='ocrx_word' id='word_1_355' title='bbox 1103 4988 1344 5061; x_wconf 81' lang='lat' dir='ltr'>quaerat.</span> <span class='ocrx_word' id='word_1_356' title='bbox 1372 4979 1539 5038; x_wconf 91' lang='lat' dir='ltr'>Unde</span> <span class='ocrx_word' id='word_1_357' title='bbox 1577 4976 1779 5035; x_wconf 87' lang='lat' dir='ltr'>eadem</span> <span class='ocrx_word' id='word_1_358' title='bbox 1802 4974 1899 5029; x_wconf 93' lang='lat' dir='ltr'>in-</span> 
     </span>
     <span class='ocr_line' id='line_1_57' title="bbox 527 5055 1901 5145; baseline -0.024 -2"><span class='ocrx_word' id='word_1_359' title='bbox 527 5079 885 5145; x_wconf 89' lang='lat' dir='ltr'>certitudine,</span> <span class='ocrx_word' id='word_1_360' title='bbox 954 5077 1011 5131; x_wconf 94' lang='lat' dir='ltr'>et</span> <span class='ocrx_word' id='word_1_361' title='bbox 1068 5064 1401 5145; x_wconf 87' lang='lat' dir='ltr'>ignorantia</span> <span class='ocrx_word' id='word_1_362' title='bbox 1468 5058 1693 5118; x_wconf 87' lang='lat' dir='ltr'>laborat</span> <span class='ocrx_word' id='word_1_363' title='bbox 1748 5055 1901 5113; x_wconf 88' lang='lat' dir='ltr'>circa</span> 
     </span>
    </p>
   </div>
   <div class='ocr_carea' id='block_1_4' title="bbox 306 3247 485 3294">
    <p class='ocr_par' dir='ltr' id='par_1_6' title="bbox 306 3247 485 3294">
     <span class='ocr_line' id='line_1_58' title="bbox 306 3247 485 3294; baseline -0.034 0"><span class='ocrx_word' id='word_1_364' title='bbox 306 3247 485 3294; x_wconf 71' lang='lat' dir='ltr'>solutio.</span> 
     </span>
    </p>
   </div>
   <div class='ocr_carea' id='block_1_5' title="bbox 1983 578 3542 1399">
    <p class='ocr_par' dir='ltr' id='par_1_7' title="bbox 1983 578 3542 1221">
     <span class='ocr_line' id='line_1_59' title="bbox 1983 578 3345 664; baseline -0.015 -11"><span class='ocrx_word' id='word_1_365' title='bbox 1983 594 2348 653; x_wconf 84' lang='lat' dir='ltr'>existentiam</span> <span class='ocrx_word' id='word_1_366' title='bbox 2396 588 2594 664; x_wconf 81' lang='lat' dir='ltr'>gratiae</span> <span class='ocrx_word' id='word_1_367' title='bbox 2625 628 2639 653; x_wconf 93' lang='lat'>,</span> <span class='ocrx_word' id='word_1_368' title='bbox 2692 588 2748 641; x_wconf 88' lang='lat' dir='ltr'>et</span> <span class='ocrx_word' id='word_1_369' title='bbox 2796 583 2949 638; x_wconf 89' lang='lat' dir='ltr'>circa</span> <span class='ocrx_word' id='word_1_370' title='bbox 2992 578 3345 636; x_wconf 86' lang='lat' dir='ltr'>elicientiam</span> 
     </span>
     <span class='ocr_line' id='line_1_60' title="bbox 1986 657 3348 735; baseline -0.015 -1"><span class='ocrx_word' id='word_1_371' title='bbox 1986 675 2202 734; x_wconf 88' lang='lat' dir='ltr'>amoris</span> <span class='ocrx_word' id='word_1_372' title='bbox 2253 669 2550 729; x_wconf 86' lang='lat' dir='ltr'>charitatis</span> <span class='ocrx_word' id='word_1_373' title='bbox 2574 710 2587 734; x_wconf 92' lang='lat'>,</span> <span class='ocrx_word' id='word_1_374' title='bbox 2644 670 2703 722; x_wconf 90' lang='lat' dir='ltr'>ut</span> <span class='ocrx_word' id='word_1_375' title='bbox 2749 663 2964 735; x_wconf 90' lang='lat' dir='ltr'>optime</span> <span class='ocrx_word' id='word_1_376' title='bbox 3002 657 3348 734; x_wconf 87' lang='lat' dir='ltr'>significavit</span> 
     </span>
     <span class='ocr_line' id='line_1_61' title="bbox 1986 740 3542 820; baseline -0.015 -7"><span class='ocrx_word' id='word_1_377' title='bbox 1986 760 2049 813; x_wconf 91' lang='lat' dir='ltr'>D.</span> <span class='ocrx_word' id='word_1_378' title='bbox 2101 756 2309 812; x_wconf 88' lang='lat' dir='ltr'>Thom.</span> <span class='ocrx_word' id='word_1_379' title='bbox 2359 754 2419 806; x_wconf 83' lang='lat' dir='ltr'>in</span> <span class='ocrx_word' id='word_1_380' title='bbox 2473 751 2527 817; x_wconf 89' lang='lat'>3,</span> <span class='ocrx_word' id='word_1_381' title='bbox 2554 749 2685 805; x_wconf 78' lang='lat' dir='ltr'>dist.</span> <span class='ocrx_word' id='word_1_382' title='bbox 2732 747 2825 810; x_wconf 81' lang='lat'>27,</span> <span class='ocrx_word' id='word_1_383' title='bbox 2857 748 3037 820; x_wconf 57' lang='lat' dir='ltr'>quast.</span> <span class='ocrx_word' id='word_1_384' title='bbox 3064 743 3119 809; x_wconf 77' lang='lat'>2,</span> <span class='ocrx_word' id='word_1_385' title='bbox 3150 747 3259 796; x_wconf 81' lang='lat' dir='ltr'>art.</span> <span class='ocrx_word' id='word_1_386' title='bbox 3283 740 3542 807; x_wconf 57' lang='lat' dir='ltr'>‹im-&#39;rhum</span> 
     </span>
     <span class='ocr_line' id='line_1_62' title="bbox 1988 823 3353 917; baseline -0.015 -21"><span class='ocrx_word' id='word_1_387' title='bbox 1988 841 2299 917; x_wconf 71' lang='lat' dir='ltr'>quoestitmc.</span> <span class='ocrx_word' id='word_1_388' title='bbox 2352 837 2386 890; x_wconf 87' lang='lat'>4</span> <span class='ocrx_word' id='word_1_389' title='bbox 2432 834 2506 889; x_wconf 81' lang='lat' dir='ltr'>ad</span> <span class='ocrx_word' id='word_1_390' title='bbox 2544 836 2581 888; x_wconf 81' lang='lat'>2</span> <span class='ocrx_word' id='word_1_391' title='bbox 2620 831 2709 886; x_wconf 91' lang='lat' dir='ltr'>his</span> <span class='ocrx_word' id='word_1_392' title='bbox 2756 826 2949 884; x_wconf 85' lang='lat' dir='ltr'>verbis</span> <span class='ocrx_word' id='word_1_393' title='bbox 2981 845 2995 881; x_wconf 72' lang='grc' dir='ltr'><strong>ε</strong></span> <span class='ocrx_word' id='word_1_394' title='bbox 3027 823 3353 889; x_wconf 82' lang='lat' dir='ltr'>Dicendum,</span> 
     </span>
     <span class='ocr_line' id='line_1_63' title="bbox 1988 905 3353 1000; baseline -0.015 -21"><span class='ocrx_word' id='word_1_395' title='bbox 1988 923 2129 1000; x_wconf 78' lang='lat' dir='ltr'>quod</span> <span class='ocrx_word' id='word_1_396' title='bbox 2161 922 2225 977; x_wconf 86' lang='lat' dir='ltr'>de</span> <span class='ocrx_word' id='word_1_397' title='bbox 2245 919 2548 981; x_wconf 80' lang='lat' dir='ltr'>dilectione,</span> <span class='ocrx_word' id='word_1_398' title='bbox 2575 931 2741 992; x_wconf 86' lang='lat' dir='ltr'>quam</span> <span class='ocrx_word' id='word_1_399' title='bbox 2768 910 2976 985; x_wconf 78' lang='lat' dir='ltr'>aliquis</span> <span class='ocrx_word' id='word_1_400' title='bbox 3004 909 3106 962; x_wconf 77' lang='lat' dir='ltr'>scit</span> <span class='ocrx_word' id='word_1_401' title='bbox 3150 924 3206 962; x_wconf 77' lang='lat' dir='ltr'>se</span> <span class='ocrx_word' id='word_1_402' title='bbox 3246 905 3353 961; x_wconf 79' lang='lat' dir='ltr'>ha·-</span> 
     </span>
     <span class='ocr_line' id='line_1_64' title="bbox 1988 987 3352 1067; baseline -0.013 -8"><span class='ocrx_word' id='word_1_403' title='bbox 1988 1004 2124 1067; x_wconf 86' lang='lat' dir='ltr'>bere,</span> <span class='ocrx_word' id='word_1_404' title='bbox 2150 1003 2318 1057; x_wconf 78' lang='lat' dir='ltr'>nescit</span> <span class='ocrx_word' id='word_1_405' title='bbox 2344 1005 2533 1054; x_wconf 80' lang='lat' dir='ltr'>utrum</span> <span class='ocrx_word' id='word_1_406' title='bbox 2550 997 2622 1050; x_wconf 83' lang='lat' dir='ltr'>sit</span> <span class='ocrx_word' id='word_1_407' title='bbox 2636 993 2854 1049; x_wconf 81' lang='lat' dir='ltr'>dilectio</span> <span class='ocrx_word' id='word_1_408' title='bbox 2875 987 3352 1044; x_wconf 75' lang='lat' dir='ltr'>charitatis.·unde</span> 
     </span>
     <span class='ocr_line' id='line_1_65' title="bbox 1988 1073 3355 1144; baseline -0.013 -3"><span class='ocrx_word' id='word_1_409' title='bbox 1988 1089 2127 1141; x_wconf 80' lang='lat' dir='ltr'>sicut</span> <span class='ocrx_word' id='word_1_410' title='bbox 2152 1085 2310 1138; x_wconf 75' lang='lat' dir='ltr'>homo</span> <span class='ocrx_word' id='word_1_411' title='bbox 2329 1083 2496 1136; x_wconf 69' lang='lat' dir='ltr'>nescit</span> <span class='ocrx_word' id='word_1_412' title='bbox 2516 1096 2571 1133; x_wconf 81' lang='lat' dir='ltr'>sc</span> <span class='ocrx_word' id='word_1_413' title='bbox 2605 1075 2797 1131; x_wconf 83' lang='lat' dir='ltr'>habere</span> <span class='ocrx_word' id='word_1_414' title='bbox 2819 1073 3086 1144; x_wconf 71' lang='lat' dir='ltr'>qratiam,</span> <span class='ocrx_word' id='word_1_415' title='bbox 3118 1073 3201 1126; x_wconf 79' lang='lat' dir='ltr'>ita</span> <span class='ocrx_word' id='word_1_416' title='bbox 3228 1085 3355 1124; x_wconf 79' lang='lat' dir='ltr'>nes-</span> 
     </span>
     <span class='ocr_line' id='line_1_66' title="bbox 1989 1160 2730 1221; baseline -0.016 0"><span class='ocrx_word' id='word_1_417' title='bbox 1989 1168 2063 1221; x_wconf 83' lang='lat' dir='ltr'>cit</span> <span class='ocrx_word' id='word_1_418' title='bbox 2090 1182 2143 1219; x_wconf 85' lang='lat' dir='ltr'>se</span> <span class='ocrx_word' id='word_1_419' title='bbox 2167 1162 2360 1217; x_wconf 74' lang='lat' dir='ltr'>habere</span> <span class='ocrx_word' id='word_1_420' title='bbox 2386 1160 2730 1215; x_wconf 78' lang='lat' dir='ltr'>charitatem.</span> 
     </span>
    </p>

    <p class='ocr_par' dir='ltr' id='par_1_8' title="bbox 1992 1227 3360 1399">
     <span class='ocr_line' id='line_1_67' title="bbox 2065 1227 3360 1313; baseline -0.012 -14"><span class='ocrx_word' id='word_1_421' title='bbox 2065 1242 2241 1311; x_wconf 90' lang='lat' dir='ltr'>Adde,</span> <span class='ocrx_word' id='word_1_422' title='bbox 2260 1240 2409 1313; x_wconf 88' lang='lat' dir='ltr'>quod</span> <span class='ocrx_word' id='word_1_423' title='bbox 2433 1240 2563 1295; x_wconf 90' lang='lat' dir='ltr'>licet</span> <span class='ocrx_word' id='word_1_424' title='bbox 2584 1236 2800 1308; x_wconf 89' lang='lat' dir='ltr'>aliquis</span> <span class='ocrx_word' id='word_1_425' title='bbox 2820 1238 2979 1290; x_wconf 89' lang='lat' dir='ltr'>certo</span> <span class='ocrx_word' id='word_1_426' title='bbox 3000 1231 3171 1287; x_wconf 91' lang='lat' dir='ltr'>sciret</span> <span class='ocrx_word' id='word_1_427' title='bbox 3190 1245 3249 1286; x_wconf 87' lang='lat' dir='ltr'>se</span> <span class='ocrx_word' id='word_1_428' title='bbox 3275 1227 3360 1284; x_wconf 87' lang='lat' dir='ltr'>di-</span> 
     </span>
     <span class='ocr_line' id='line_1_68' title="bbox 1992 1310 3358 1399; baseline -0.013 -18"><span class='ocrx_word' id='word_1_429' title='bbox 1992 1327 2171 1399; x_wconf 87' lang='lat' dir='ltr'>ligere</span> <span class='ocrx_word' id='word_1_430' title='bbox 2197 1327 2376 1378; x_wconf 91' lang='lat' dir='ltr'>Deum</span> <span class='ocrx_word' id='word_1_431' title='bbox 2401 1334 2597 1375; x_wconf 90' lang='lat' dir='ltr'>amore</span> <span class='ocrx_word' id='word_1_432' title='bbox 2613 1314 2929 1376; x_wconf 86' lang='lat' dir='ltr'>charitatis,</span> <span class='ocrx_word' id='word_1_433' title='bbox 2960 1310 3144 1369; x_wconf 88' lang='lat' dir='ltr'>adhuc</span> <span class='ocrx_word' id='word_1_434' title='bbox 3165 1315 3358 1366; x_wconf 90' lang='lat' dir='ltr'>tamen</span> 
     </span>
    </p>
   </div>
   <div class='ocr_carea' id='block_1_6' title="bbox 1943 1392 3354 1465">
    <p class='ocr_par' dir='ltr' id='par_1_9' title="bbox 1943 1392 3354 1465">
     <span class='ocr_line' id='line_1_69' title="bbox 1943 1392 3354 1465; baseline -0.014 0"><span class='ocrx_word' id='word_1_435' title='bbox 1943 1428 1948 1433; x_wconf 86' lang='lat'><em>·</em></span> <span class='ocrx_word' id='word_1_436' title='bbox 1991 1424 2062 1465; x_wconf 85' lang='lat' dir='ltr'>ex</span> <span class='ocrx_word' id='word_1_437' title='bbox 2096 1406 2155 1462; x_wconf 86' lang='lat' dir='ltr'>vi</span> <span class='ocrx_word' id='word_1_438' title='bbox 2210 1411 2418 1461; x_wconf 84' lang='lat' dir='ltr'>nostrae</span> <span class='ocrx_word' id='word_1_439' title='bbox 2471 1398 2807 1457; x_wconf 88' lang='lat' dir='ltr'>assertionis</span> <span class='ocrx_word' id='word_1_440' title='bbox 2847 1410 2967 1451; x_wconf 93' lang='lat' dir='ltr'>non</span> <span class='ocrx_word' id='word_1_441' title='bbox 3021 1392 3354 1455; x_wconf 82' lang='lat' dir='ltr'>inferretur,</span> 
     </span>
    </p>
   </div>
   <div class='ocr_carea' id='block_1_7' title="bbox 1992 1468 3376 2458">
    <p class='ocr_par' dir='ltr' id='par_1_10' title="bbox 1992 1468 3376 2458">
     <span class='ocr_line' id='line_1_70' title="bbox 1992 1468 3362 1550; baseline -0.013 -6"><span class='ocrx_word' id='word_1_442' title='bbox 1992 1504 2124 1544; x_wconf 89' lang='lat' dir='ltr'>eum</span> <span class='ocrx_word' id='word_1_443' title='bbox 2145 1491 2298 1542; x_wconf 91' lang='lat' dir='ltr'>certo</span> <span class='ocrx_word' id='word_1_444' title='bbox 2318 1485 2465 1539; x_wconf 90' lang='lat' dir='ltr'>scire</span> <span class='ocrx_word' id='word_1_445' title='bbox 2492 1497 2553 1538; x_wconf 90' lang='lat' dir='ltr'>se</span> <span class='ocrx_word' id='word_1_446' title='bbox 2574 1495 2694 1537; x_wconf 90' lang='lat' dir='ltr'>esse</span> <span class='ocrx_word' id='word_1_447' title='bbox 2722 1479 2786 1534; x_wconf 92' lang='lat' dir='ltr'>in</span> <span class='ocrx_word' id='word_1_448' title='bbox 2811 1476 3020 1550; x_wconf 69' lang='lat' dir='ltr'>gratim</span> <span class='ocrx_word' id='word_1_449' title='bbox 3043 1489 3182 1530; x_wconf 90' lang='lat' dir='ltr'>nam</span> <span class='ocrx_word' id='word_1_450' title='bbox 3211 1468 3362 1544; x_wconf 92' lang='lat' dir='ltr'>quod</span> 
     </span>
     <span class='ocr_line' id='line_1_71' title="bbox 1996 1554 3365 1643; baseline -0.012 -17"><span class='ocrx_word' id='word_1_451' title='bbox 1996 1568 2293 1643; x_wconf 84' lang='lat' dir='ltr'>praedictus</span> <span class='ocrx_word' id='word_1_452' title='bbox 2321 1581 2485 1622; x_wconf 87' lang='lat' dir='ltr'>arnor</span> <span class='ocrx_word' id='word_1_453' title='bbox 2536 1560 2853 1636; x_wconf 88' lang='lat' dir='ltr'>dependeat</span> <span class='ocrx_word' id='word_1_454' title='bbox 2902 1554 3290 1614; x_wconf 90' lang='lat' dir='ltr'>essentialiter</span> <span class='ocrx_word' id='word_1_455' title='bbox 3332 1568 3365 1609; x_wconf 87' lang='lat' dir='ltr'>a</span> 
     </span>
     <span class='ocr_line' id='line_1_72' title="bbox 1993 1639 3364 1726; baseline -0.012 -18"><span class='ocrx_word' id='word_1_456' title='bbox 1993 1652 2177 1726; x_wconf 91' lang='lat' dir='ltr'>gratia</span> <span class='ocrx_word' id='word_1_457' title='bbox 2218 1656 2489 1720; x_wconf 87' lang='lat' dir='ltr'>tanquam</span> <span class='ocrx_word' id='word_1_458' title='bbox 2519 1663 2551 1702; x_wconf 91' lang='lat' dir='ltr'>a</span> <span class='ocrx_word' id='word_1_459' title='bbox 2592 1641 2877 1717; x_wconf 87' lang='lat' dir='ltr'>priucipio</span> <span class='ocrx_word' id='word_1_460' title='bbox 2915 1639 3194 1704; x_wconf 85' lang='lat' dir='ltr'>effectivo,</span> <span class='ocrx_word' id='word_1_461' title='bbox 3244 1649 3364 1692; x_wconf 89' lang='lat' dir='ltr'>non</span> 
     </span>
     <span class='ocr_line' id='line_1_73' title="bbox 1993 1723 3366 1806; baseline -0.014 -15"><span class='ocrx_word' id='word_1_462' title='bbox 1993 1740 2078 1791; x_wconf 92' lang='lat' dir='ltr'>est</span> <span class='ocrx_word' id='word_1_463' title='bbox 2106 1731 2417 1806; x_wconf 90' lang='lat' dir='ltr'>propositio</span> <span class='ocrx_word' id='word_1_464' title='bbox 2430 1728 2686 1792; x_wconf 81' lang='lat' dir='ltr'>evidens,</span> <span class='ocrx_word' id='word_1_465' title='bbox 2710 1723 2808 1781; x_wconf 89' lang='lat' dir='ltr'>sed</span> <span class='ocrx_word' id='word_1_466' title='bbox 2831 1723 2901 1781; x_wconf 87' lang='lat' dir='ltr'>ad</span> <span class='ocrx_word' id='word_1_467' title='bbox 2918 1734 3215 1778; x_wconf 89' lang='lat' dir='ltr'>summum</span> <span class='ocrx_word' id='word_1_468' title='bbox 3237 1733 3366 1792; x_wconf 89' lang='lat' dir='ltr'>pro·</span> 
     </span>
     <span class='ocr_line' id='line_1_74' title="bbox 1995 1797 3368 1879; baseline -0.012 -7"><span class='ocrx_word' id='word_1_469' title='bbox 1995 1814 2221 1879; x_wconf 90' lang='lat' dir='ltr'>babilis,</span> <span class='ocrx_word' id='word_1_470' title='bbox 2261 1812 2333 1869; x_wconf 94' lang='lat' dir='ltr'>ob</span> <span class='ocrx_word' id='word_1_471' title='bbox 2358 1811 2576 1867; x_wconf 87' lang='lat' dir='ltr'>motiva</span> <span class='ocrx_word' id='word_1_472' title='bbox 2596 1807 2863 1877; x_wconf 89' lang='lat' dir='ltr'>superius</span> <span class='ocrx_word' id='word_1_473' title='bbox 2891 1817 3140 1876; x_wconf 88' lang='lat' dir='ltr'>expensa</span> <span class='ocrx_word' id='word_1_474' title='bbox 3169 1821 3181 1856; x_wconf 75' lang='grc' dir='ltr'><strong><em>ε</em></strong></span> <span class='ocrx_word' id='word_1_475' title='bbox 3213 1797 3368 1855; x_wconf 90' lang='lat' dir='ltr'>unde</span> 
     </span>
     <span class='ocr_line' id='line_1_75' title="bbox 1997 1880 3371 1968; baseline -0.012 -17"><span class='ocrx_word' id='word_1_476' title='bbox 1997 1895 2195 1968; x_wconf 87' lang='lat' dir='ltr'>nequit</span> <span class='ocrx_word' id='word_1_477' title='bbox 2223 1891 2536 1956; x_wconf 87' lang='lat' dir='ltr'>deservire,</span> <span class='ocrx_word' id='word_1_478' title='bbox 2571 1893 2631 1943; x_wconf 91' lang='lat' dir='ltr'>ut</span> <span class='ocrx_word' id='word_1_479' title='bbox 2669 1888 2842 1944; x_wconf 91' lang='lat' dir='ltr'>homo</span> <span class='ocrx_word' id='word_1_480' title='bbox 2886 1901 2958 1941; x_wconf 84' lang='lat' dir='ltr'>ex</span> <span class='ocrx_word' id='word_1_481' title='bbox 3008 1880 3371 1954; x_wconf 82' lang='lat' dir='ltr'>experientia</span> 
     </span>
     <span class='ocr_line' id='line_1_76' title="bbox 2003 1960 3370 2050; baseline -0.013 -17"><span class='ocrx_word' id='word_1_482' title='bbox 2003 1975 2259 2050; x_wconf 85' lang='lat' dir='ltr'>praedicti</span> <span class='ocrx_word' id='word_1_483' title='bbox 2307 1971 2526 2030; x_wconf 89' lang='lat' dir='ltr'>amoris</span> <span class='ocrx_word' id='word_1_484' title='bbox 2573 1968 2788 2025; x_wconf 82' lang='lat' dir='ltr'>inserat</span> <span class='ocrx_word' id='word_1_485' title='bbox 2830 1970 2984 2022; x_wconf 87' lang='lat' dir='ltr'>certo</span> <span class='ocrx_word' id='word_1_486' title='bbox 3028 1979 3087 2020; x_wconf 86' lang='lat' dir='ltr'>se</span> <span class='ocrx_word' id='word_1_487' title='bbox 3131 1976 3253 2019; x_wconf 86' lang='lat' dir='ltr'>esse</span> <span class='ocrx_word' id='word_1_488' title='bbox 3305 1960 3370 2016; x_wconf 90' lang='lat' dir='ltr'>in</span> 
     </span>
     <span class='ocr_line' id='line_1_77' title="bbox 1999 2041 3372 2133; baseline -0.013 -19"><span class='ocrx_word' id='word_1_489' title='bbox 1999 2054 2305 2133; x_wconf 89' lang='lat' dir='ltr'>gratia‚sed</span> <span class='ocrx_word' id='word_1_490' title='bbox 2335 2052 2403 2110; x_wconf 90' lang='lat' dir='ltr'>ad</span> <span class='ocrx_word' id='word_1_491' title='bbox 2432 2065 2748 2115; x_wconf 90' lang='lat' dir='ltr'>summum,</span> <span class='ocrx_word' id='word_1_492' title='bbox 2776 2053 2836 2103; x_wconf 91' lang='lat' dir='ltr'>ut</span> <span class='ocrx_word' id='word_1_493' title='bbox 2865 2045 3075 2102; x_wconf 81' lang='lat' dir='ltr'>inserat</span> <span class='ocrx_word' id='word_1_494' title='bbox 3103 2041 3372 2116; x_wconf 89' lang='lat' dir='ltr'>probahi-</span> 
     </span>
     <span class='ocr_line' id='line_1_78' title="bbox 2003 2126 3367 2201; baseline -0.013 -6"><span class='ocrx_word' id='word_1_495' title='bbox 2003 2139 2158 2195; x_wconf 88' lang='lat' dir='ltr'>liter.</span> <span class='ocrx_word' id='word_1_496' title='bbox 2187 2136 2470 2201; x_wconf 85' lang='lat' dir='ltr'>Diximus,</span> <span class='ocrx_word' id='word_1_497' title='bbox 2497 2149 2564 2186; x_wconf 64' lang='lat' dir='ltr'>cae</span> <span class='ocrx_word' id='word_1_498' title='bbox 2584 2132 2641 2185; x_wconf 80' lang='lat' dir='ltr'>vi</span> <span class='ocrx_word' id='word_1_499' title='bbox 2661 2134 2853 2183; x_wconf 63' lang='lat' dir='ltr'>nostres</span> <span class='ocrx_word' id='word_1_500' title='bbox 2871 2126 3205 2188; x_wconf 47' lang='lat' dir='ltr'>assertioni&amp;</span> <span class='ocrx_word' id='word_1_501' title='bbox 3234 2127 3367 2188; x_wconf 90' lang='lat' dir='ltr'>etc.,</span> 
     </span>
     <span class='ocr_line' id='line_1_79' title="bbox 2000 2204 3371 2294; baseline -0.012 -17"><span class='ocrx_word' id='word_1_502' title='bbox 2000 2221 2137 2294; x_wconf 89' lang='lat' dir='ltr'>quia</span> <span class='ocrx_word' id='word_1_503' title='bbox 2160 2217 2396 2275; x_wconf 88' lang='lat' dir='ltr'>aliunde</span> <span class='ocrx_word' id='word_1_504' title='bbox 2424 2213 2723 2289; x_wconf 81' lang='lat' dir='ltr'>praedictus</span> <span class='ocrx_word' id='word_1_505' title='bbox 2740 2225 2904 2266; x_wconf 89' lang='lat' dir='ltr'>amor</span> <span class='ocrx_word' id='word_1_506' title='bbox 2919 2212 3094 2273; x_wconf 88' lang='lat' dir='ltr'>certo,</span> <span class='ocrx_word' id='word_1_507' title='bbox 3111 2211 3167 2263; x_wconf 89' lang='lat' dir='ltr'>et</span> <span class='ocrx_word' id='word_1_508' title='bbox 3182 2204 3371 2261; x_wconf 88' lang='lat' dir='ltr'>infal—</span> 
     </span>
     <span class='ocr_line' id='line_1_80' title="bbox 2004 2289 3376 2365; baseline -0.013 -7"><span class='ocrx_word' id='word_1_509' title='bbox 2004 2302 2250 2358; x_wconf 90' lang='lat' dir='ltr'>libiliter</span> <span class='ocrx_word' id='word_1_510' title='bbox 2264 2297 2625 2355; x_wconf 86' lang='lat' dir='ltr'>connectitur</span> <span class='ocrx_word' id='word_1_511' title='bbox 2646 2308 2777 2349; x_wconf 89' lang='lat' dir='ltr'>cum</span> <span class='ocrx_word' id='word_1_512' title='bbox 2804 2289 3009 2365; x_wconf 87' lang='lat' dir='ltr'>gratia,</span> <span class='ocrx_word' id='word_1_513' title='bbox 3025 2289 3229 2344; x_wconf 71' lang='lat' dir='ltr'>saltem</span> <span class='ocrx_word' id='word_1_514' title='bbox 3245 2290 3376 2341; x_wconf 91' lang='lat' dir='ltr'>tan-</span> 
     </span>
     <span class='ocr_line' id='line_1_81' title="bbox 2000 2366 3373 2458; baseline -0.015 -17"><span class='ocrx_word' id='word_1_515' title='bbox 2000 2401 2173 2458; x_wconf 89' lang='lat' dir='ltr'>quam</span> <span class='ocrx_word' id='word_1_516' title='bbox 2201 2399 2330 2439; x_wconf 91' lang='lat' dir='ltr'>cum</span> <span class='ocrx_word' id='word_1_517' title='bbox 2359 2382 2564 2444; x_wconf 82' lang='lat' dir='ltr'>forma,</span> <span class='ocrx_word' id='word_1_518' title='bbox 2605 2375 2676 2433; x_wconf 86' lang='lat' dir='ltr'>ad</span> <span class='ocrx_word' id='word_1_519' title='bbox 2701 2390 2875 2448; x_wconf 88' lang='lat' dir='ltr'>quam</span> <span class='ocrx_word' id='word_1_520' title='bbox 2897 2372 3179 2445; x_wconf 81' lang='lat' dir='ltr'>dispon1t3</span> <span class='ocrx_word' id='word_1_521' title='bbox 3204 2372 3261 2425; x_wconf 91' lang='lat' dir='ltr'>et</span> <span class='ocrx_word' id='word_1_522' title='bbox 3290 2366 3373 2422; x_wconf 81' lang='lat' dir='ltr'>ita</span> 
     </span>
    </p>
   </div>
   <div class='ocr_carea' id='block_1_8' title="bbox 2003 2449 3644 2532">
    <p class='ocr_par' dir='ltr' id='par_1_11' title="bbox 2003 2449 3644 2532">
     <span class='ocr_line' id='line_1_82' title="bbox 2003 2449 3644 2532; baseline -0.016 -9"><span class='ocrx_word' id='word_1_523' title='bbox 2003 2483 2074 2523; x_wconf 87' lang='lat' dir='ltr'>ex</span> <span class='ocrx_word' id='word_1_524' title='bbox 2089 2463 2342 2522; x_wconf 90' lang='lat' dir='ltr'>evidenti</span> <span class='ocrx_word' id='word_1_525' title='bbox 2365 2457 2725 2532; x_wconf 86' lang='lat' dir='ltr'>experientia</span> <span class='ocrx_word' id='word_1_526' title='bbox 2743 2452 2995 2529; x_wconf 83' lang='lat' dir='ltr'>praedicti</span> <span class='ocrx_word' id='word_1_527' title='bbox 3019 2449 3235 2509; x_wconf 62' lang='lat' dir='ltr'>anm-is</span> <span class='ocrx_word' id='word_1_528' title='bbox 3250 2461 3376 2519; x_wconf 89' lang='lat' dir='ltr'>pos-</span> <span class='ocrx_word' id='word_1_529' title='bbox 3557 2474 3644 2519; x_wconf 41' lang='grc' dir='ltr'>ὁ,</span> 
     </span>
    </p>
   </div>
   <div class='ocr_carea' id='block_1_9' title="bbox 2005 2529 3558 2691">
    <p class='ocr_par' dir='ltr' id='par_1_12' title="bbox 2005 2529 3558 2691">
     <span class='ocr_line' id='line_1_83' title="bbox 2005 2529 3370 2605; baseline -0.015 -2"><span class='ocrx_word' id='word_1_530' title='bbox 2005 2553 2091 2604; x_wconf 93' lang='lat' dir='ltr'>set</span> <span class='ocrx_word' id='word_1_531' title='bbox 2112 2548 2283 2603; x_wconf 89' lang='lat' dir='ltr'>homo</span> <span class='ocrx_word' id='word_1_532' title='bbox 2301 2543 2597 2601; x_wconf 82' lang='lat' dir='ltr'>evidenter</span> <span class='ocrx_word' id='word_1_533' title='bbox 2621 2539 2841 2596; x_wconf 78' lang='lat' dir='ltr'>inferre</span> <span class='ocrx_word' id='word_1_534' title='bbox 2861 2550 2922 2590; x_wconf 89' lang='lat' dir='ltr'>se</span> <span class='ocrx_word' id='word_1_535' title='bbox 2941 2550 3063 2592; x_wconf 82' lang='lat' dir='ltr'>esse</span> <span class='ocrx_word' id='word_1_536' title='bbox 3082 2533 3145 2587; x_wconf 90' lang='lat' dir='ltr'>in</span> <span class='ocrx_word' id='word_1_537' title='bbox 3161 2529 3370 2605; x_wconf 86' lang='lat' dir='ltr'>gratia.</span> 
     </span>
     <span class='ocr_line' id='line_1_84' title="bbox 2079 2607 3558 2691; baseline -0.015 -14"><span class='ocrx_word' id='word_1_538' title='bbox 2079 2623 2209 2676; x_wconf 77' lang='lat'>251.</span> <span class='ocrx_word' id='word_1_539' title='bbox 2255 2619 2531 2691; x_wconf 84' lang='lat' dir='ltr'>Arguitur</span> <span class='ocrx_word' id='word_1_540' title='bbox 2577 2620 2774 2671; x_wconf 86' lang='lat' dir='ltr'>octavo</span> <span class='ocrx_word' id='word_1_541' title='bbox 2808 2611 2976 2682; x_wconf 90' lang='lat' dir='ltr'>:quia</span> <span class='ocrx_word' id='word_1_542' title='bbox 3007 2607 3055 2662; x_wconf 90' lang='lat' dir='ltr'>si</span> <span class='ocrx_word' id='word_1_543' title='bbox 3099 2619 3558 2679; x_wconf 61' lang='lat' dir='ltr'>persona-offim</span> 
     </span>
    </p>
   </div>
   <div class='ocr_carea' id='block_1_10' title="bbox 2008 2683 3578 5042">
    <p class='ocr_par' dir='ltr' id='par_1_13' title="bbox 2008 2683 3561 3175">
     <span class='ocr_line' id='line_1_85' title="bbox 2008 2683 3549 2768; baseline -0.01 -13"><span class='ocrx_word' id='word_1_544' title='bbox 2008 2701 2138 2756; x_wconf 87' lang='lat' dir='ltr'>litas</span> <span class='ocrx_word' id='word_1_545' title='bbox 2159 2698 2363 2754; x_wconf 89' lang='lat' dir='ltr'>divina</span> <span class='ocrx_word' id='word_1_546' title='bbox 2390 2697 2658 2750; x_wconf 88' lang='lat' dir='ltr'>uniretur</span> <span class='ocrx_word' id='word_1_547' title='bbox 2680 2695 2900 2747; x_wconf 80' lang='lat' dir='ltr'>naturae</span> <span class='ocrx_word' id='word_1_548' title='bbox 2918 2691 3123 2744; x_wconf 62' lang='lat' dir='ltr'>creatae</span> <span class='ocrx_word' id='word_1_549' title='bbox 3152 2689 3380 2758; x_wconf 83' lang='lat' dir='ltr'>peccato</span> <span class='ocrx_word' id='word_1_550' title='bbox 3393 2683 3549 2768; x_wconf 40' lang='lat' dir='ltr'>maffia</span> 
     </span>
     <span class='ocr_line' id='line_1_86' title="bbox 2009 2755 3561 2853; baseline -0.012 -17"><span class='ocrx_word' id='word_1_551' title='bbox 2009 2781 2168 2853; x_wconf 89' lang='lat' dir='ltr'>prius</span> <span class='ocrx_word' id='word_1_552' title='bbox 2196 2777 2437 2840; x_wconf 77' lang='lat' dir='ltr'>infectae,</span> <span class='ocrx_word' id='word_1_553' title='bbox 2464 2775 2657 2829; x_wconf 89' lang='lat' dir='ltr'>statim</span> <span class='ocrx_word' id='word_1_554' title='bbox 2684 2768 2948 2843; x_wconf 77' lang='lat' dir='ltr'>praedicta</span> <span class='ocrx_word' id='word_1_555' title='bbox 2966 2773 3176 2824; x_wconf 90' lang='lat' dir='ltr'>natura</span> <span class='ocrx_word' id='word_1_556' title='bbox 3199 2774 3382 2821; x_wconf 83' lang='lat' dir='ltr'>mun·</span> <span class='ocrx_word' id='word_1_557' title='bbox 3555 2755 3561 2761; x_wconf 72' lang='grc'><strong>’</strong></span> 
     </span>
     <span class='ocr_line' id='line_1_87' title="bbox 2008 2846 3384 2930; baseline -0.012 -12"><span class='ocrx_word' id='word_1_558' title='bbox 2008 2862 2241 2918; x_wconf 89' lang='lat' dir='ltr'>daretur</span> <span class='ocrx_word' id='word_1_559' title='bbox 2271 2874 2303 2914; x_wconf 90' lang='lat' dir='ltr'>a</span> <span class='ocrx_word' id='word_1_560' title='bbox 2349 2860 2568 2930; x_wconf 89' lang='lat' dir='ltr'>peccato</span> <span class='ocrx_word' id='word_1_561' title='bbox 2599 2875 2612 2912; x_wconf 77' lang='grc' dir='ltr'><strong><em>ε</em></strong></span> <span class='ocrx_word' id='word_1_562' title='bbox 2641 2852 2741 2910; x_wconf 88' lang='lat' dir='ltr'>sed</span> <span class='ocrx_word' id='word_1_563' title='bbox 2789 2853 2971 2924; x_wconf 89' lang='lat' dir='ltr'>potest</span> <span class='ocrx_word' id='word_1_564' title='bbox 2999 2846 3384 2922; x_wconf 83' lang='lat' dir='ltr'>personalitas</span> 
     </span>
     <span class='ocr_line' id='line_1_88' title="bbox 2009 2934 3386 3001; baseline -0.009 -2"><span class='ocrx_word' id='word_1_565' title='bbox 2009 2944 2210 3000; x_wconf 81' lang='lat' dir='ltr'>divina</span> <span class='ocrx_word' id='word_1_566' title='bbox 2237 2942 2316 2998; x_wconf 87' lang='lat' dir='ltr'>sic</span> <span class='ocrx_word' id='word_1_567' title='bbox 2354 2935 2791 3001; x_wconf 90' lang='lat' dir='ltr'>communicari,</span> <span class='ocrx_word' id='word_1_568' title='bbox 2827 2934 2961 2990; x_wconf 93' lang='lat' dir='ltr'>licet</span> <span class='ocrx_word' id='word_1_569' title='bbox 3007 2946 3112 2988; x_wconf 88' lang='lat' dir='ltr'>nec</span> <span class='ocrx_word' id='word_1_570' title='bbox 3164 2935 3386 2987; x_wconf 87' lang='lat' dir='ltr'>natura</span> 
     </span>
     <span class='ocr_line' id='line_1_89' title="bbox 2013 3011 3386 3096; baseline -0.01 -15"><span class='ocrx_word' id='word_1_571' title='bbox 2013 3023 2248 3096; x_wconf 89' lang='lat' dir='ltr'>recipiat</span> <span class='ocrx_word' id='word_1_572' title='bbox 2287 3019 2550 3077; x_wconf 90' lang='lat' dir='ltr'>habitum</span> <span class='ocrx_word' id='word_1_573' title='bbox 2589 3016 2790 3091; x_wconf 81' lang='lat' dir='ltr'>gratiae</span> <span class='ocrx_word' id='word_1_574' title='bbox 2816 3011 3255 3078; x_wconf 88' lang='lat' dir='ltr'>sanctificantis,</span> <span class='ocrx_word' id='word_1_575' title='bbox 3284 3025 3386 3067; x_wconf 88' lang='lat' dir='ltr'>nec</span> 
     </span>
     <span class='ocr_line' id='line_1_90' title="bbox 2012 3088 3387 3175; baseline -0.012 -15"><span class='ocrx_word' id='word_1_576' title='bbox 2012 3103 2265 3175; x_wconf 88' lang='lat' dir='ltr'>aliquam</span> <span class='ocrx_word' id='word_1_577' title='bbox 2296 3098 2694 3172; x_wconf 89' lang='lat' dir='ltr'>operationem</span> <span class='ocrx_word' id='word_1_578' title='bbox 2742 3090 3255 3166; x_wconf 86' lang='lat' dir='ltr'>supernaturalem</span> <span class='ocrx_word' id='word_1_579' title='bbox 3277 3088 3387 3146; x_wconf 89' lang='lat' dir='ltr'>eli-</span> 
     </span>
    </p>

    <p class='ocr_par' dir='ltr' id='par_1_14' title="bbox 2010 3169 3393 3583">
     <span class='ocr_line' id='line_1_91' title="bbox 2010 3169 3393 3255; baseline -0.011 -15"><span class='ocrx_word' id='word_1_580' title='bbox 2010 3184 2125 3240; x_wconf 92' lang='lat' dir='ltr'>ciat</span> <span class='ocrx_word' id='word_1_581' title='bbox 2151 3205 2164 3239; x_wconf 73' lang='grc' dir='ltr'><strong>ε</strong></span> <span class='ocrx_word' id='word_1_582' title='bbox 2195 3198 2330 3255; x_wconf 89' lang='lat' dir='ltr'>ergo</span> <span class='ocrx_word' id='word_1_583' title='bbox 2354 3183 2642 3253; x_wconf 90' lang='lat' dir='ltr'>peccatum</span> <span class='ocrx_word' id='word_1_584' title='bbox 2685 3173 2906 3233; x_wconf 89' lang='lat' dir='ltr'>destrui</span> <span class='ocrx_word' id='word_1_585' title='bbox 2950 3176 3130 3244; x_wconf 88' lang='lat' dir='ltr'>potest</span> <span class='ocrx_word' id='word_1_586' title='bbox 3175 3169 3393 3243; x_wconf 84' lang='lat' dir='ltr'>absque</span> 
     </span>
     <span class='ocr_line' id='line_1_92' title="bbox 2015 3253 3393 3329; baseline -0.012 -8"><span class='ocrx_word' id='word_1_587' title='bbox 2015 3267 2133 3321; x_wconf 89' lang='lat' dir='ltr'>ulla</span> <span class='ocrx_word' id='word_1_588' title='bbox 2154 3279 2226 3320; x_wconf 86' lang='lat' dir='ltr'>ex</span> <span class='ocrx_word' id='word_1_589' title='bbox 2255 3258 2693 3326; x_wconf 78' lang='lat' dir='ltr'>mutationibuS,</span> <span class='ocrx_word' id='word_1_590' title='bbox 2730 3273 2871 3329; x_wconf 91' lang='lat' dir='ltr'>quas</span> <span class='ocrx_word' id='word_1_591' title='bbox 2895 3253 3314 3318; x_wconf 89' lang='lat' dir='ltr'>recensuimus,</span> <span class='ocrx_word' id='word_1_592' title='bbox 3338 3253 3393 3307; x_wconf 86' lang='lat' dir='ltr'>et</span> 
     </span>
     <span class='ocr_line' id='line_1_93' title="bbox 2014 3331 3392 3420; baseline -0.009 -18"><span class='ocrx_word' id='word_1_593' title='bbox 2014 3363 2154 3420; x_wconf 91' lang='lat' dir='ltr'>quas</span> <span class='ocrx_word' id='word_1_594' title='bbox 2195 3344 2452 3401; x_wconf 84' lang='lat' dir='ltr'>diximus</span> <span class='ocrx_word' id='word_1_595' title='bbox 2479 3342 2551 3397; x_wconf 91' lang='lat' dir='ltr'>ad</span> <span class='ocrx_word' id='word_1_596' title='bbox 2587 3337 3028 3396; x_wconf 87' lang='lat' dir='ltr'>destructionem</span> <span class='ocrx_word' id='word_1_597' title='bbox 3057 3335 3274 3407; x_wconf 83' lang='lat' dir='ltr'>peccati</span> <span class='ocrx_word' id='word_1_598' title='bbox 3301 3331 3392 3389; x_wconf 87' lang='lat' dir='ltr'>de-</span> 
     </span>
     <span class='ocr_line' id='line_1_94' title="bbox 2016 3421 3387 3495; baseline -0.009 -13"><span class='ocrx_word' id='word_1_599' title='bbox 2016 3425 2281 3484; x_wconf 88' lang='lat' dir='ltr'>siderari.</span> <span class='ocrx_word' id='word_1_600' title='bbox 2308 3421 2726 3495; x_wconf 88' lang='lat' dir='ltr'>Consequentia</span> <span class='ocrx_word' id='word_1_601' title='bbox 2779 3423 2949 3492; x_wconf 86' lang='lat' dir='ltr'>patet,</span> <span class='ocrx_word' id='word_1_602' title='bbox 2981 3422 3037 3473; x_wconf 88' lang='lat' dir='ltr'>et</span> <span class='ocrx_word' id='word_1_603' title='bbox 3079 3422 3387 3487; x_wconf 89' lang='lat' dir='ltr'>utramque</span> 
     </span>
     <span class='ocr_line' id='line_1_95' title="bbox 2020 3497 3384 3583; baseline -0.011 -17"><span class='ocrx_word' id='word_1_604' title='bbox 2020 3507 2376 3583; x_wconf 82' lang='lat' dir='ltr'>praemissam</span> <span class='ocrx_word' id='word_1_605' title='bbox 2398 3505 2600 3561; x_wconf 90' lang='lat' dir='ltr'>docent</span> <span class='ocrx_word' id='word_1_606' title='bbox 2638 3499 3027 3560; x_wconf 89' lang='lat' dir='ltr'>communiter</span> <span class='ocrx_word' id='word_1_607' title='bbox 3072 3497 3384 3554; x_wconf 83' lang='lat' dir='ltr'>Thomistae</span> 
     </span>
    </p>

    <p class='ocr_par' dir='ltr' id='par_1_15' title="bbox 2015 3588 2524 3664">
     <span class='ocr_line' id='line_1_96' title="bbox 2015 3588 2524 3664; baseline -0.014 -16"><span class='ocrx_word' id='word_1_608' title='bbox 2015 3594 2052 3648; x_wconf 80' lang='lat'><strong>2</strong></span> <span class='ocrx_word' id='word_1_609' title='bbox 2074 3597 2224 3663; x_wconf 82' lang='lat' dir='ltr'>part.</span> <span class='ocrx_word' id='word_1_610' title='bbox 2258 3594 2438 3664; x_wconf 56' lang='lat' dir='ltr'>querat.</span> <span class='ocrx_word' id='word_1_611' title='bbox 2468 3588 2524 3641; x_wconf 86' lang='lat'>7.</span> 
     </span>
    </p>

    <p class='ocr_par' dir='ltr' id='par_1_16' title="bbox 2022 3658 3553 4698">
     <span class='ocr_line' id='line_1_97' title="bbox 2092 3658 3553 3741; baseline -0.012 -12"><span class='ocrx_word' id='word_1_612' title='bbox 2092 3675 2162 3741; x_wconf 84' lang='lat' dir='ltr'>Et</span> <span class='ocrx_word' id='word_1_613' title='bbox 2211 3669 2604 3733; x_wconf 87' lang='lat' dir='ltr'>confirmatur,</span> <span class='ocrx_word' id='word_1_614' title='bbox 2643 3665 2777 3737; x_wconf 88' lang='lat' dir='ltr'>quia</span> <span class='ocrx_word' id='word_1_615' title='bbox 2832 3662 3085 3720; x_wconf 90' lang='lat' dir='ltr'>rationes</span> <span class='ocrx_word' id='word_1_616' title='bbox 3129 3676 3164 3716; x_wconf 85' lang='lat' dir='ltr'>a</span> <span class='ocrx_word' id='word_1_617' title='bbox 3218 3658 3386 3716; x_wconf 85' lang='lat' dir='ltr'>nobis</span> <span class='ocrx_word' id='word_1_618' title='bbox 3413 3672 3553 3728; x_wconf 65' lang='lat' dir='ltr'>conar-</span> 
     </span>
     <span class='ocr_line' id='line_1_98' title="bbox 2022 3725 3551 3819; baseline -0.012 -11"><span class='ocrx_word' id='word_1_619' title='bbox 2022 3753 2179 3810; x_wconf 80' lang='lat' dir='ltr'>factae</span> <span class='ocrx_word' id='word_1_620' title='bbox 2198 3749 2561 3814; x_wconf 90' lang='lat' dir='ltr'>concludunt,</span> <span class='ocrx_word' id='word_1_621' title='bbox 2596 3749 2884 3819; x_wconf 88' lang='lat' dir='ltr'>peccatum</span> <span class='ocrx_word' id='word_1_622' title='bbox 2907 3759 3025 3800; x_wconf 90' lang='lat' dir='ltr'>non</span> <span class='ocrx_word' id='word_1_623' title='bbox 3049 3755 3207 3815; x_wconf 87' lang='lat' dir='ltr'>posse</span> <span class='ocrx_word' id='word_1_624' title='bbox 3227 3738 3374 3806; x_wconf 92' lang='lat' dir='ltr'>tolli,</span> <span class='ocrx_word' id='word_1_625' title='bbox 3424 3725 3551 3766; x_wconf 70' lang='lat'><strong>“¹⁸⁰0·</strong></span> 
     </span>
     <span class='ocr_line' id='line_1_99' title="bbox 2022 3822 3381 3899; baseline -0.012 -9"><span class='ocrx_word' id='word_1_626' title='bbox 2022 3833 2136 3890; x_wconf 88' lang='lat' dir='ltr'>nisi</span> <span class='ocrx_word' id='word_1_627' title='bbox 2161 3833 2253 3889; x_wconf 89' lang='lat' dir='ltr'>vel</span> <span class='ocrx_word' id='word_1_628' title='bbox 2291 3830 2584 3887; x_wconf 79' lang='lat' dir='ltr'>auferatur</span> <span class='ocrx_word' id='word_1_629' title='bbox 2609 3825 2867 3884; x_wconf 90' lang='lat' dir='ltr'>carentia</span> <span class='ocrx_word' id='word_1_630' title='bbox 2890 3822 3089 3899; x_wconf 81' lang='lat' dir='ltr'>gratiae</span> <span class='ocrx_word' id='word_1_631' title='bbox 3138 3836 3241 3894; x_wconf 89' lang='lat' dir='ltr'>per</span> <span class='ocrx_word' id='word_1_632' title='bbox 3285 3834 3381 3875; x_wconf 88' lang='lat' dir='ltr'>ac-</span> 
     </span>
     <span class='ocr_line' id='line_1_100' title="bbox 2023 3898 3386 3985; baseline -0.011 -15"><span class='ocrx_word' id='word_1_633' title='bbox 2023 3919 2148 3969; x_wconf 92' lang='lat' dir='ltr'>tum</span> <span class='ocrx_word' id='word_1_634' title='bbox 2172 3912 2379 3985; x_wconf 88' lang='lat' dir='ltr'>peccati</span> <span class='ocrx_word' id='word_1_635' title='bbox 2403 3909 2650 3973; x_wconf 90' lang='lat' dir='ltr'>inducta,</span> <span class='ocrx_word' id='word_1_636' title='bbox 2671 3906 2763 3963; x_wconf 89' lang='lat' dir='ltr'>vel</span> <span class='ocrx_word' id='word_1_637' title='bbox 2786 3904 3086 3979; x_wconf 67' lang='lat' dir='ltr'>praedictus</span> <span class='ocrx_word' id='word_1_638' title='bbox 3099 3906 3257 3958; x_wconf 89' lang='lat' dir='ltr'>actus</span> <span class='ocrx_word' id='word_1_639' title='bbox 3270 3898 3386 3957; x_wconf 87' lang='lat' dir='ltr'>effi-</span> 
     </span>
     <span class='ocr_line' id='line_1_101' title="bbox 2023 3981 3382 4058; baseline -0.011 -7"><span class='ocrx_word' id='word_1_640' title='bbox 2023 3993 2230 4051; x_wconf 88' lang='lat' dir='ltr'>caciter</span> <span class='ocrx_word' id='word_1_641' title='bbox 2284 3995 2622 4049; x_wconf 88' lang='lat' dir='ltr'>retractetur</span> <span class='ocrx_word' id='word_1_642' title='bbox 2651 4008 2664 4043; x_wconf 83' lang='lat'>=</span> <span class='ocrx_word' id='word_1_643' title='bbox 2693 3985 2792 4044; x_wconf 91' lang='lat' dir='ltr'>sed</span> <span class='ocrx_word' id='word_1_644' title='bbox 2846 3986 2910 4041; x_wconf 90' lang='lat' dir='ltr'>in</span> <span class='ocrx_word' id='word_1_645' title='bbox 2952 3981 3254 4058; x_wconf 85' lang='lat' dir='ltr'>hypothesi</span> <span class='ocrx_word' id='word_1_646' title='bbox 3283 3996 3382 4037; x_wconf 86' lang='lat' dir='ltr'>ar—</span> 
     </span>
     <span class='ocr_line' id='line_1_102' title="bbox 2023 4061 3379 4150; baseline -0.01 -19"><span class='ocrx_word' id='word_1_647' title='bbox 2023 4073 2282 4150; x_wconf 91' lang='lat' dir='ltr'>gumenti</span> <span class='ocrx_word' id='word_1_648' title='bbox 2335 4088 2451 4129; x_wconf 91' lang='lat' dir='ltr'>non</span> <span class='ocrx_word' id='word_1_649' title='bbox 2497 4071 2797 4127; x_wconf 90' lang='lat' dir='ltr'>tolleretur</span> <span class='ocrx_word' id='word_1_650' title='bbox 2848 4064 3107 4122; x_wconf 89' lang='lat' dir='ltr'>carentia</span> <span class='ocrx_word' id='word_1_651' title='bbox 3161 4061 3379 4136; x_wconf 76' lang='lat' dir='ltr'>gratiae,</span> 
     </span>
     <span class='ocr_line' id='line_1_103' title="bbox 2025 4140 3390 4219; baseline -0.011 -9"><span class='ocrx_word' id='word_1_652' title='bbox 2025 4156 2169 4210; x_wconf 88' lang='lat' dir='ltr'>alias</span> <span class='ocrx_word' id='word_1_653' title='bbox 2204 4151 2536 4207; x_wconf 89' lang='lat' dir='ltr'>humanitas</span> <span class='ocrx_word' id='word_1_654' title='bbox 2564 4164 2680 4205; x_wconf 91' lang='lat' dir='ltr'>non</span> <span class='ocrx_word' id='word_1_655' title='bbox 2735 4150 2920 4219; x_wconf 83' lang='lat' dir='ltr'>posset</span> <span class='ocrx_word' id='word_1_656' title='bbox 2944 4142 3197 4218; x_wconf 89' lang='lat' dir='ltr'>gratiam</span> <span class='ocrx_word' id='word_1_657' title='bbox 3244 4140 3390 4198; x_wconf 87' lang='lat' dir='ltr'>acci-</span> 
     </span>
     <span class='ocr_line' id='line_1_104' title="bbox 2026 4219 3392 4302; baseline -0.011 -10"><span class='ocrx_word' id='word_1_658' title='bbox 2026 4235 2318 4292; x_wconf 88' lang='lat' dir='ltr'>dentalem</span> <span class='ocrx_word' id='word_1_659' title='bbox 2366 4231 2660 4302; x_wconf 89' lang='lat' dir='ltr'>recipere:</span> <span class='ocrx_word' id='word_1_660' title='bbox 2692 4244 2796 4285; x_wconf 92' lang='lat' dir='ltr'>nec</span> <span class='ocrx_word' id='word_1_661' title='bbox 2835 4219 3180 4283; x_wconf 83' lang='lat' dir='ltr'>retractatur</span> <span class='ocrx_word' id='word_1_662' title='bbox 3236 4227 3392 4279; x_wconf 87' lang='lat' dir='ltr'>actus</span> 
     </span>
     <span class='ocr_line' id='line_1_105' title="bbox 2029 4302 3387 4390; baseline -0.011 -17"><span class='ocrx_word' id='word_1_663' title='bbox 2029 4314 2367 4390; x_wconf 83' lang='lat' dir='ltr'>praeteritus,</span> <span class='ocrx_word' id='word_1_664' title='bbox 2395 4310 2681 4384; x_wconf 86' lang='lat' dir='ltr'>siqnidem</span> <span class='ocrx_word' id='word_1_665' title='bbox 2725 4307 3072 4381; x_wconf 89' lang='lat' dir='ltr'>supponitur</span> <span class='ocrx_word' id='word_1_666' title='bbox 3113 4302 3387 4360; x_wconf 87' lang='lat' dir='ltr'>humani-</span> 
     </span>
     <span class='ocr_line' id='line_1_106' title="bbox 2028 4381 3390 4461; baseline -0.01 -10"><span class='ocrx_word' id='word_1_667' title='bbox 2028 4401 2200 4452; x_wconf 89' lang='lat' dir='ltr'>tatem</span> <span class='ocrx_word' id='word_1_668' title='bbox 2231 4393 2455 4449; x_wconf 91' lang='lat' dir='ltr'>nullam</span> <span class='ocrx_word' id='word_1_669' title='bbox 2478 4390 2684 4447; x_wconf 89' lang='lat' dir='ltr'>elicere</span> <span class='ocrx_word' id='word_1_670' title='bbox 2710 4387 3106 4461; x_wconf 88' lang='lat' dir='ltr'>operationem</span> <span class='ocrx_word' id='word_1_671' title='bbox 3140 4398 3316 4458; x_wconf 84' lang='lat' dir='ltr'>:ergo</span> <span class='ocrx_word' id='word_1_672' title='bbox 3341 4381 3390 4438; x_wconf 86' lang='lat' dir='ltr'>si</span> 
     </span>
     <span class='ocr_line' id='line_1_107' title="bbox 2030 4469 3393 4539; baseline -0.008 -7"><span class='ocrx_word' id='word_1_673' title='bbox 2030 4477 2135 4532; x_wconf 90' lang='lat' dir='ltr'>hoc</span> <span class='ocrx_word' id='word_1_674' title='bbox 2154 4489 2272 4531; x_wconf 92' lang='lat' dir='ltr'>non</span> <span class='ocrx_word' id='word_1_675' title='bbox 2311 4471 2570 4529; x_wconf 88' lang='lat' dir='ltr'>obstante</span> <span class='ocrx_word' id='word_1_676' title='bbox 2601 4470 2928 4527; x_wconf 84' lang='lat' dir='ltr'>auferretur</span> <span class='ocrx_word' id='word_1_677' title='bbox 2956 4469 3268 4539; x_wconf 88' lang='lat' dir='ltr'>peccatum,</span> <span class='ocrx_word' id='word_1_678' title='bbox 3298 4476 3393 4521; x_wconf 84' lang='lat' dir='ltr'>se-</span> 
     </span>
     <span class='ocr_line' id='line_1_108' title="bbox 2028 4545 3390 4631; baseline -0.01 -18"><span class='ocrx_word' id='word_1_679' title='bbox 2028 4558 2227 4631; x_wconf 88' lang='lat' dir='ltr'>quitur</span> <span class='ocrx_word' id='word_1_680' title='bbox 2255 4554 2506 4611; x_wconf 87' lang='lat' dir='ltr'>rationes</span> <span class='ocrx_word' id='word_1_681' title='bbox 2533 4569 2565 4609; x_wconf 91' lang='lat' dir='ltr'>a</span> <span class='ocrx_word' id='word_1_682' title='bbox 2607 4550 2774 4609; x_wconf 90' lang='lat' dir='ltr'>nobis</span> <span class='ocrx_word' id='word_1_683' title='bbox 2813 4551 3017 4607; x_wconf 89' lang='lat' dir='ltr'>allatas</span> <span class='ocrx_word' id='word_1_684' title='bbox 3045 4545 3267 4603; x_wconf 81' lang='lat' dir='ltr'>nullius</span> <span class='ocrx_word' id='word_1_685' title='bbox 3294 4559 3390 4601; x_wconf 90' lang='lat' dir='ltr'>ro-</span> 
     </span>
     <span class='ocr_line' id='line_1_109' title="bbox 2030 4639 2350 4698; baseline -0.006 -2"><span class='ocrx_word' id='word_1_686' title='bbox 2030 4639 2188 4698; x_wconf 89' lang='lat' dir='ltr'>boris</span> <span class='ocrx_word' id='word_1_687' title='bbox 2208 4654 2350 4696; x_wconf 90' lang='lat' dir='ltr'>esse.</span> 
     </span>
    </p>

    <p class='ocr_par' dir='ltr' id='par_1_17' title="bbox 2028 4707 3578 5042">
     <span class='ocr_line' id='line_1_110' title="bbox 2104 4707 3566 4792; baseline -0.013 -18"><span class='ocrx_word' id='word_1_688' title='bbox 2104 4719 2190 4774; x_wconf 91' lang='lat' dir='ltr'>Ad</span> <span class='ocrx_word' id='word_1_689' title='bbox 2207 4722 2612 4792; x_wconf 87' lang='lat' dir='ltr'>argumentum</span> <span class='ocrx_word' id='word_1_690' title='bbox 2630 4713 3010 4788; x_wconf 88' lang='lat' dir='ltr'>respondetur</span> <span class='ocrx_word' id='word_1_691' title='bbox 3031 4707 3390 4769; x_wconf 85' lang='lat' dir='ltr'>concedendo</span> <span class='ocrx_word' id='word_1_692' title='bbox 3401 4711 3566 4760; x_wconf 72' lang='lat' dir='ltr'>occurri·</span> 
     </span>
     <span class='ocr_line' id='line_1_111' title="bbox 2032 4772 3578 4872; baseline -0.011 -15"><span class='ocrx_word' id='word_1_693' title='bbox 2032 4805 2236 4866; x_wconf 87' lang='lat' dir='ltr'>totum,</span> <span class='ocrx_word' id='word_1_694' title='bbox 2267 4797 2417 4872; x_wconf 89' lang='lat' dir='ltr'>quod</span> <span class='ocrx_word' id='word_1_695' title='bbox 2445 4795 2732 4854; x_wconf 90' lang='lat' dir='ltr'>concludit</span> <span class='ocrx_word' id='word_1_696' title='bbox 2757 4816 2770 4851; x_wconf 73' lang='grc' dir='ltr'><strong>ε</strong></span> <span class='ocrx_word' id='word_1_697' title='bbox 2795 4809 2867 4850; x_wconf 86' lang='lat' dir='ltr'>ex</span> <span class='ocrx_word' id='word_1_698' title='bbox 2892 4809 3003 4867; x_wconf 91' lang='lat' dir='ltr'>quo</span> <span class='ocrx_word' id='word_1_699' title='bbox 3024 4798 3220 4848; x_wconf 89' lang='lat' dir='ltr'>tamen</span> <span class='ocrx_word' id='word_1_700' title='bbox 3242 4772 3578 4861; x_wconf 52' lang='grc' dir='ltr'>ηἰὴίῑῑᾎὲζῖξῗ</span> 
     </span>
     <span class='ocr_line' id='line_1_112' title="bbox 2034 4871 3390 4952; baseline -0.01 -13"><span class='ocrx_word' id='word_1_701' title='bbox 2034 4881 2242 4939; x_wconf 86' lang='lat' dir='ltr'>inferri</span> <span class='ocrx_word' id='word_1_702' title='bbox 2287 4882 2456 4949; x_wconf 87' lang='lat' dir='ltr'>valet,</span> <span class='ocrx_word' id='word_1_703' title='bbox 2487 4877 2638 4952; x_wconf 89' lang='lat' dir='ltr'>quod</span> <span class='ocrx_word' id='word_1_704' title='bbox 2663 4880 2871 4933; x_wconf 79' lang='lat' dir='ltr'>nostrae</span> <span class='ocrx_word' id='word_1_705' title='bbox 2912 4871 3216 4932; x_wconf 89' lang='lat' dir='ltr'>assertioni</span> <span class='ocrx_word' id='word_1_706' title='bbox 3243 4885 3390 4944; x_wconf 81' lang='lat' dir='ltr'>prae-</span> 
     </span>
     <span class='ocr_line' id='line_1_113' title="bbox 2028 4951 3385 5042; baseline -0.01 -20"><span class='ocrx_word' id='word_1_707' title='bbox 2028 4964 2259 5042; x_wconf 83' lang='lat' dir='ltr'>judicet.</span> <span class='ocrx_word' id='word_1_708' title='bbox 2285 4965 2433 5019; x_wconf 93' lang='lat' dir='ltr'>Tum</span> <span class='ocrx_word' id='word_1_709' title='bbox 2459 4962 2593 5035; x_wconf 89' lang='lat' dir='ltr'>quia</span> <span class='ocrx_word' id='word_1_710' title='bbox 2627 4960 2731 5016; x_wconf 91' lang='lat' dir='ltr'>illa</span> <span class='ocrx_word' id='word_1_711' title='bbox 2759 4957 3012 5033; x_wconf 87' lang='lat' dir='ltr'>procedit</span> <span class='ocrx_word' id='word_1_712' title='bbox 3039 4957 3104 5013; x_wconf 89' lang='lat' dir='ltr'>in</span> <span class='ocrx_word' id='word_1_713' title='bbox 3131 4951 3385 5027; x_wconf 85' lang='lat' dir='ltr'>supposi-</span> 
     </span>
    </p>
   </div>
   <div class='ocr_carea' id='block_1_11' title="bbox 2034 5037 3387 5191">
    <p class='ocr_par' dir='ltr' id='par_1_18' title="bbox 2034 5037 3387 5191">
     <span class='ocr_line' id='line_1_114' title="bbox 2034 5037 3387 5173; baseline -0.013 -67"><span class='ocrx_word' id='word_1_714' title='bbox 2034 5050 2209 5116; x_wconf 89' lang='lat' dir='ltr'>tione,</span> <span class='ocrx_word' id='word_1_715' title='bbox 2255 5045 2409 5119; x_wconf 91' lang='lat' dir='ltr'>quod</span> <span class='ocrx_word' id='word_1_716' title='bbox 2457 5047 2781 5118; x_wconf 89' lang='lat' dir='ltr'>perseveret</span> <span class='ocrx_word' id='word_1_717' title='bbox 2814 5040 2967 5099; x_wconf 90' lang='lat' dir='ltr'>idem</span> <span class='ocrx_word' id='word_1_718' title='bbox 3010 5037 3387 5173; x_wconf 51' lang='grc' dir='ltr'>ειιρροείῐιικιί(ἰ</span> 
     </span>
     <span class='ocr_line' id='line_1_115' title="bbox 3240 5132 3313 5191; baseline -0.014 -18"><span class='ocrx_word' id='word_1_719' title='bbox 3240 5132 3313 5191; x_wconf 89' lang='lat' dir='ltr'>qu</span> 
     </span>
    </p>
   </div>
  </div>
 </body>
</html>
