3647 5753
1536 387 1717 445 mss.
1760 388 1856 458 111,
1903 389 2070 447 nUB.
2113 393 2157 449 1.
3109 397 3215 454 541

353 561 588 634 phetic0,
614 567 669 621 et
698 561 829 619 aliis
869 559 1056 628 donis,
1088 575 1214 634 quae
1254 558 1325 616 ad
1351 558 1714 616 intellectum

348 650 625 717 spectant.

119 734 325 779 occurri·
423 725 511 782 Ad
546 725 857 789 secundam
905 729 1148 800 negatur
1174 723 1533 791 antecedens,
1565 722 1715 797 quod

132 788 308 879 ἑξῆἕξζ,
348 805 565 862 inserta
595 806 932 879 probatione
958 820 1078 861 non
1107 803 1427 867 evincitur;
1459 820 1595 860 nam
1636 805 1715 860 li-

346 891 433 944 cet
470 888 852 959 operationes,
887 893 945 943 et
983 884 1213 942 effectus
1239 900 1544 941 causarum
1586 901 1716 942 con-

346 966 716 1041 tingentium,
774 973 836 1023 ut
880 971 1036 1023 stant
1092 963 1199 1020 sub
1245 964 1450 1022 ordine
1501 965 1716 1022 divinae

343 1051 660 1108 voluntatis
682 1049 939 1117 efficacis,
969 1052 1256 1121 nequeant
1276 1047 1339 1102 in
1361 1063 1533 1104 sensu
1555 1063 1714 1105 com-

344 1133 528 1206 posito
557 1130 853 1204 impediri,
887 1132 981 1189 vel
1023 1130 1263 1188 deficere
1281 1154 1295 1198 ;
1328 1129 1715 1186 nihilominus

343 1228 446 1287 per
488 1214 890 1272 habitudinem
932 1213 1002 1270 ad
1031 1230 1227 1270 causas
1256 1214 1550 1286 proximas
1575 1228 1714 1271 con-

343 1297 645 1371 tingentes,
673 1302 727 1354 et
758 1303 817 1353 ut
841 1296 1163 1353 terminant
1188 1312 1389 1353 earum
1416 1293 1714 1353 habitudi-

345 1392 502 1444 nem,
554 1384 719 1451 atque
768 1378 1072 1443 inssuxum,
1129 1375 1410 1434 sallibiles
1454 1382 1609 1442 sunt,
1659 1383 1716 1434 et

348 1457 622 1530 impediri
650 1460 881 1516 valent:
913 1460 1050 1531 quia
1077 1461 1225 1515 Deus
1252 1458 1379 1514 vult
1415 1458 1715 1516 efficaciter

349 1554 469 1595 non
489 1540 697 1606 solum,
727 1539 875 1611 quod
906 1539 1157 1612 praedicti
1180 1537 1409 1596 effectus
1431 1539 1593 1605 fiant,
1613 1538 1714 1597 sed

347 1620 474 1676 vult
499 1621 694 1687 etiam,
721 1620 869 1693 quod
892 1619 1034 1677 fiant
1061 1620 1230 1677 modo
1250 1621 1627 1695 contingenti,
1658 1626 1715 1678 et

345 1701 467 1756 suis
507 1701 811 1774 principiis
854 1702 1131 1773 proximis
1172 1701 1622 1774 proportionatO,
1655 1706 1714 1757 ut

345 1781 563 1855 optime
584 1782 835 1839 declarat
856 1786 920 1839 D.
948 1785 1150 1841 Thom.
1188 1786 1205 1838 l
1229 1791 1385 1855 part.
1408 1791 1589 1860 quaest.
1626 1786 1709 1849 19,

343 1871 455 1921 art.
487 1865 540 1928 8,
567 1867 627 1919 in
655 1883 802 1937 corp.
834 1873 884 1921 et
912 1866 987 1921 ad
1012 1868 1067 1931 2,
1103 1865 1200 1921 ubi
1230 1865 1345 1921 ait:
1382 1865 1708 1931 Dicendum,

343 1946 486 2023 quod
508 1963 580 2000 ex
606 1947 704 2000 hoc
726 1949 861 2018 ipsc,
891 1947 1035 2025 quod
1055 1947 1199 2003 nihil
1220 1948 1496 2002 voluntati
1515 1947 1715 2002 divinas

340 2027 564 2093 resistit,
596 2029 843 2105 sequitur
889 2027 1031 2105 quod
1079 2045 1188 2083 non
1234 2027 1412 2083 solum
1448 2026 1590 2092 fiant
1625 2045 1708 2094 ea,

342 2123 457 2183 quae
481 2106 630 2162 Deus
671 2110 786 2164 vult
831 2109 989 2179 fier-i;
1013 2109 1106 2163 sed
1146 2109 1289 2186 quod
1314 2109 1454 2172 fiant
1494 2110 1714 2163 contin-

339 2194 540 2258 9enter,
563 2188 646 2242 vel
662 2190 981 2254 necessario,
1002 2206 1115 2261 qum
1135 2190 1213 2242 sic
1235 2190 1357 2260 fieri
1372 2188 1712 2253 vult..Quam

343 2265 665 2322 doctrinam
713 2268 829 2324 late
896 2269 1227 2341 prosequuti
1287 2283 1489 2323 sumus
1533 2275 1708 2326 tract.

342 2350 560 2421 praeced.
592 2350 734 2419 disp.
764 2353 821 2417 7,
851 2350 965 2423 sere
993 2366 1094 2423 per
1121 2357 1312 2417 totam,
1346 2350 1714 2424 et„praecipue

121 2517 324 2575 solvitur
424 2511 479 2565 4.
507 2510 700 2566 Tertia
722 2510 958 2585 objectio
972 2510 1556 2587 tangitdifficultatem
1580 2528 1714 2585 per-

117 2573 323 2670 (ξξῖἷξὺ,
352 2591 631 2647 tinentem
648 2591 716 2647 ad
736 2597 1037 2649 tractatum
1047 2592 1116 2650 de
1128 2595 1522 2660 sacramentis»,
1538 2611 1712 2667 quam

352 2671 612 2744 proinde,
647 2679 705 2728 ut
728 2674 791 2728 in
820 2673 1025 2730 limine
1050 2674 1454 2746 disputationis
1484 2677 1715 2749 praemi-

349 2754 550 2819 simuS,
584 2770 704 2810 non
732 2760 955 2826 oportet
993 2754 1272 2812 discutere
1314 2755 1379 2811 in
1419 2757 1710 2828 praesenti.

347 2835 607 2893 Breviter
628 2835 937 2894 dicendum
965 2843 1068 2904 est,
1096 2839 1430 2914 cajetanum
1460 2839 1564 2898 hoc
1591 2840 1713 2898 loco

345 2925 392 2972 et
419 2919 453 2972 3
470 2925 619 2990 part.
646 2937 696 2992 q.
723 2919 814 2984 34,
833 2927 942 2975 art.
964 2921 998 2974 3
1018 2926 1069 2974 ct
1092 2927 1275 2997 quaest.
1294 2922 1387 2987 79,
1408 2928 1518 2978 art.
1543 2924 1560 2976 l
1583 2929 1633 2976 et
1653 2923 1708 2989 8,

346 2992 719 3057 intellexisse,
751 2998 806 3049 et
825 2992 1151 3050 extendisse
1172 2993 1494 3051 doctrinam
1518 2998 1582 3052 D.
1602 2996 1708 3052 Th.

346 3071 484 3129 adeo
507 3072 783 3147 rigorose,
813 3080 874 3134 ut
893 3073 1107 3131 dixerit
1131 3075 1427 3131 neminem
1450 3074 1712 3132 adultum

344 3156 436 3211 vel
458 3161 639 3219 extra,
672 3156 764 3211 vel
806 3156 964 3213 intra
989 3163 1418 3224 sacramentum
1461 3159 1715 3231 recipere

342 3238 589 3311 gratiam
607 3235 1036 3310 justificantem,
1059 3240 1149 3296 vel
1170 3239 1292 3314 ejus
1315 3248 1708 3314 augmentum,

346 3317 459 3374 nisi
505 3317 568 3373 in
612 3317 815 3375 eodem
862 3320 1102 3376 instanti
1144 3319 1349 3376 habeat
1388 3320 1715 3378 formaliter

347 3399 597 3472 aliquem
628 3405 849 3456 motum
878 3400 1049 3457 liberi
1078 3400 1325 3469 arbitrii,
1356 3418 1468 3475 quo
1501 3402 1715 3459 afficia-

345 3485 439 3536 tur
467 3481 536 3536 ad
559 3479 784 3539 divina.
817 3481 976 3547 Quod
1002 3482 1178 3539 etiam
1206 3487 1404 3539 tenere
1442 3482 1716 3540 videntur

119 3570 185 3612 ι).
210 3568 318 3610 Bou.
354 3561 416 3616 D.
449 3561 665 3617 Bonav.
697 3563 759 3616 in
783 3565 838 3629 4,
869 3563 999 3618 dist.
1040 3565 1123 3632 12,
1156 3566 1217 3618 in
1257 3565 1293 3618 2
1314 3570 1468 3635 part.
1498 3571 1609 3621 art.
1664 3566 1709 3632 1,

137 3659 400 3719 sylvest-f]-
436 3644 480 3709 l,
516 3644 820 3700 Durandus
843 3644 944 3710 ibi,
971 3653 1156 3722 quoest.
1177 3647 1229 3711 4,
1246 3646 1535 3719 Sylvester
1556 3646 1715 3701 verbo

141 3717 314 3809 {53¹³-
348 3720 404 3778 E
410 3724 736 3792 acharistia,
767 3732 953 3797 punct.
979 3728 1032 3792 4,
1067 3744 1118 3803 q.
1150 3727 1204 3793 4,
1241 3728 1442 3782 Petrus
1474 3726 1545 3783 de
1584 3729 1715 3785 Soto

267 3800 276 3809 ’
349 3804 464 3860 lect.
499 3806 557 3870 9,
585 3806 647 3858 cle
686 3805 1066 3864 Sacramentis
1092 3809 1153 3862 in
1174 3823 1383 3877 qenere,
1414 3815 1463 3864 et
1506 3809 1621 3865 lect.
1655 3810 1712 3875 8,

346 3885 410 3939 de
439 3884 804 3957 Confessione,
837 3893 893 3943 et
919 3887 1043 3943 alii.
1074 3888 1454 3946 Communior
1497 3894 1710 3956 tamen,

346 3969 406 4021 et
425 3965 626 4021 mitior
652 3968 849 4039 opinio
875 3968 1200 4041 oppositum
1224 3974 1449 4037 tuetur3
1483 3986 1619 4027 nam
1649 3970 1716 4026 li·

346 4053 435 4102 cet
475 4044 546 4101 ad
587 4046 1057 4119 Justificationem
1098 4050 1269 4122 impii
1313 4056 1478 4107 extra
1522 4067 1717 4108 sacra-

348 4132 613 4183 mentum
666 4129 888 4203 exigat,
950 4130 1102 4202 quod
1166 4125 1358 4204 aliqua
1420 4131 1717 4204 dispositio

344 4210 590 4266 actualis
617 4216 752 4267 tunc
780 4212 1105 4270 formaliter
1134 4213 1377 4282 existat;
1410 4215 1717 4271 nihilomi-

350 4309 460 4349 nus
496 4310 598 4367 pro
645 4294 1053 4367 justificatione
1094 4297 1249 4354 intra
1291 4304 1716 4356 sacramentum

349 4390 468 4431 non
497 4374 765 4445 exposcit,
797 4376 947 4449 quod
974 4377 1038 4433 in
1077 4377 1277 4436 eodem
1308 4379 1544 4436 instanti
1573 4380 1719 4435 exis-

347 4464 430 4515 tat
453 4457 782 4514 formaliter
808 4456 1105 4531 dispositio
1132 4462 1405 4528 actualis;
1433 4461 1531 4519 sed
1558 4461 1720 4517 suffi-

340 4555 476 4597 cere
497 4538 811 4605 existimat,
842 4539 992 4611 quod
1021 4543 1371 4614 praecesserit
1396 4542 1714 4614 dispositio,

343 4628 403 4679 et
455 4622 704 4679 intentio
755 4621 1106 4695 suscipiendi
1158 4631 1581 4682 sacramentum
1601 4667 1616 4690 ,
1665 4631 1721 4682 et

347 4709 677 4776 perseveret
700 4702 1033 4761 virtualiter
1063 4721 1238 4778 usque
1266 4704 1335 4761 ad
1357 4705 1721 4780 justificatio-

351 4786 447 4842 nis
487 4790 872 4844 momentum.
905 4786 1066 4850 Quod
1110 4788 1254 4844 sicut
1280 4795 1334 4846 et
1376 4790 1490 4846 alia
1532 4788 1722 4861 privi-

351 4869 521 4943 legia,
547 4873 817 4927 revocant
843 4868 1013 4942 huJ'us
1034 4871 1327 4944 opinionis
1348 4871 1630 4928 Authores
1657 4871 1721 4928 in

344 4950 664 5025 gratiosam
740 4949 1168 5008 institutionem
1227 4956 1719 5009 sacramentorum

347 5048 516 5096 novae
544 5032 727 5107 Legis,
752 5048 879 5105 quae
906 5033 1405 5105 praesentialiores,
1435 5039 1497 5091 ut
1522 5035 1603 5091 sic
1626 5034 1720 5091 di-

1849 577 2077 631 camus,
2136 564 2540 639 dispositiones
2589 581 2708 624 non
2757 569 3098 639 exposcunt,
3154 566 3219 622 ut

1848 661 2018 701 suum
2045 647 2306 706 effectum
2338 650 2672 724 producant.
2704 652 2817 707 Pro
2845 666 2955 722 qua
2980 653 3218 707 senten-

1850 728 1929 784 tia
1950 727 2135 785 videri
2158 738 2392 803 possunt
2413 734 2579 789 Sotus
2607 733 2667 787 in
2706 732 2761 798 4,
2787 732 2914 788 dist.
2962 734 3046 798 11,
3078 750 3130 808 q.
3154 732 3211 797 2,
3228 731 3410 823 (scotus.

1848 819 1957 867 arc.
1984 813 2038 877 8,
2068 819 2119 867 ee
2143 814 2272 871 dist.
2303 817 2384 881 12,
2416 833 2465 892 q.
2509 817 2681 880 μανι.
2712 815 2767 881 4,
2796 817 3034 897 Gregor.
3064 790 3410 874 Mar-nss‘i‘iffi:

1849 892 2000 949 tinez
2027 895 2089 950 in
2120 895 2404 967 praesenti,
2426 897 2487 951 in
2508 899 2650 951 notis
2676 897 2749 951 ad
2768 904 2878 953 art.
2904 898 2959 962 3,
2985 899 3216 954 Arauxo
3228 882 3410 975 ssfflgss·

1847 973 1974 1030 dub.
2001 976 2180 1040 unic0,
2199 976 2367 1031 concl.
2388 977 2442 1038 3,
2462 978 2671 1032 Suarez
2691 984 2820 1032 tom.
2842 978 2895 1043 3,
2917 979 2979 1031 in
3005 978 3040 1031 3
3061 984 3213 1050 part.

1848 1053 1979 1108 dist.
2021 1058 2076 1121 7,
2108 1063 2233 1111 sect.
2271 1056 2326 1120 4,
2370 1063 2420 1111 et
2447 1055 2588 1128 disp.
2617 1057 2711 1119 73,
2751 1062 2878 1110 sect.
2919 1057 2974 1119 2,
3017 1062 3074 1111 et
3111 1058 3213 1113 alii

1847 1135 2249 1192 communiter.
2283 1138 2424 1193 Utra
2452 1143 2641 1193 autem
2670 1137 2868 1209 opinio
2897 1137 3092 1194 verior
3118 1137 3213 1206 sit,

1847 1216 2127 1291 et'magis
2154 1217 2468 1273 conformis
2509 1219 2574 1272 D.
2618 1217 2823 1274 Thom.
2856 1218 2993 1274 locis
3033 1217 3220 1274 citatis

1847 1313 1919 1355 ex
1971 1299 2005 1352 3
2046 1303 2207 1371 parte
2246 1297 2520 1354 dicemus.
2565 1300 2728 1354 Nunc
2766 1298 3073 1356 dicendum
3109 1305 3214 1365 est,

1849 1376 2223 1451 objectionem
2308 1377 2460 1433 nihil
2535 1377 2809 1435 adversus
2892 1379 3218 1437 discursum

1848 1461 1903 1517 S.
1936 1461 2191 1519 Doctoris
2228 1459 2565 1517 concludere
2591 1484 2604 1528 ;
2634 1477 2770 1517 nam
2813 1462 2951 1534 ipse,
2979 1462 3124 1518 sicut
3162 1468 3220 1520 et

1849 1546 2044 1598 nostra
2081 1541 2390 1608 conclusio,
2422 1547 2648 1598 tantum
2675 1542 2874 1598 statuit
2902 1543 3212 1621 necessita-

1847 1625 1964 1677 tem
2011 1621 2403 1695 dispositionis
2443 1622 2682 1678 actualis
2727 1621 2798 1679 ad
2832 1623 3119 1696 justitiam
3149 1624 3215 1680 in

1848 1703 2047 1777 impiis
2093 1704 2323 1770 adultis,
2373 1709 2428 1761 et
2479 1705 2722 1762 rationis
2766 1705 3105 1777 capacibus:
3158 1712 3217 1762 et

1842 1783 2005 1858 juxta
2054 1801 2421 1842 communem
2466 1786 2736 1843 omnium
2790 1786 3216 1861 Theologorum

1846 1865 2194 1922 sententiam
2242 1864 2312 1921 ad
2357 1864 2694 1923 'adultorum
2743 1865 3215 1941 justificationem

1846 1965 2075 2022 semper
2134 1950 2451 2022 requiritur
2511 1949 2839 2025 hujusmodi
2891 1951 3212 2023 dispositio,

1848 2036 1966 2087 tam
1989 2031 2161 2095 intra,
2181 2047 2353 2103 quam
2375 2036 2538 2087 extra
2563 2036 3018 2087 sacramentum:
3051 2032 3216 2104 quid-

1847 2114 1984 2189 quid
2028 2114 2120 2181 sit,
2152 2129 2227 2170 an
2274 2113 2428 2172 intra
2480 2121 2905 2171 sacramentum
2947 2115 3209 2180 sufficiat,

1846 2195 1996 2270 quod
2020 2193 2284 2268 praedicta
2304 2192 2600 2267 dispositio
2622 2195 2858 2252 actualis
2878 2196 3066 2251 solum
3095 2195 3217 2251 vir·

1849 2280 2082 2336 tualiter
2108 2277 2332 2334 existat.
2360 2282 2498 2343 Quae
2525 2282 2609 2333 est
2628 2277 2889 2334 doctrina
2915 2281 2974 2337 D.
3002 2278 3210 2335 Thom.
3247 2280 3410 2325 1)-Ήο-

1849 2360 1912 2416 in
1958 2358 2223 2433 praesenti
2266 2366 2377 2415 art.
2408 2360 2442 2414 3
2469 2360 2544 2415 acl
2570 2361 2625 2425 2,
2660 2358 2756 2414 ubi
2785 2359 2903 2415 ait:
2941 2380 2965 2412 «
3007 2359 3217 2415 Dicen-

1852 2463 1878 2496 α
1921 2440 2080 2507 dum,
2113 2439 2262 2512 quod
2291 2441 2454 2513 pueri
2480 2457 2596 2498 non
2618 2445 2753 2496 sunt
2771 2456 3001 2514 capaces
3029 2445 3220 2496 motus

1852 2546 1878 2578 α
1923 2523 2095 2580 liberi
2137 2522 2405 2590 arbitrii;
2447 2530 2502 2581 et
2542 2523 2671 2580 ideo
2699 2528 3006 2581 moventur
3033 2539 3067 2579 a
3106 2527 3220 2580 Deo

1854 2627 1881 2660 α
1923 2605 1995 2663 ad
2040 2604 2329 2677 justitiam
2372 2621 2474 2678 per
2510 2606 2694 2663 solam
2743 2605 3218 2663 informationem

1810 2745 1816 2750 ,
1852 2706 1878 2739 α
1925 2686 2136 2743 animae
2164 2685 2439 2759 ipsorum.
2470 2706 2495 2736 n
2532 2687 2600 2742 Et
2629 2691 2752 2758 post
2774 2701 2949 2758 pauca
2975 2683 3169 2742 subdit
3205 2705 3219 2740 ε

1853 2791 1880 2823 «
1922 2770 1991 2824 Et
2016 2767 2217 2826 eadem
2244 2772 2330 2825 est
2357 2768 2504 2825 ratio
2532 2766 2602 2825 de
2645 2769 2898 2833 furiosiS,
2930 2772 2985 2823 et
3014 2782 3219 2824 amen-

1853 2874 1880 2907 «
1921 2850 2091 2917 tibus,
2123 2851 2220 2925 qui
2252 2866 2549 2926 nunquam
2578 2867 2746 2907 usum
2777 2850 2947 2908 liberi
2977 2848 3211 2907 arbitrii

1854 2956 1881 2988 «
1922 2933 2267 2991 habuerunt.
2301 2934 2482 2991 Sed-si
2511 2935 2638 3008 quis
2667 2933 2976 3007 aliquando
3017 2933 3220 2990 habuit

1854 3036 1880 3069 α
1922 3031 2090 3071 usum
2132 3014 2304 3072 liberi
2348 3015 2598 3083 arbitrii,
2642 3021 2698 3073 et
2744 3013 3105 3087 postmodum
3150 3031 3219 3072 eo

1854 3120 1880 3154 α
1921 3103 2128 3165 careat,
2188 3098 2280 3155 vel
2334 3115 2434 3171 per
2485 3098 2915 3164 infirmitatem,
2969 3099 3063 3154 vel
3114 3115 3218 3171 per

1853 3200 1879 3232 α
1921 3193 2213 3244 somnum,
2247 3194 2364 3235 non
2391 3179 2757 3251 consequitur
2776 3179 3025 3253 gratiam
3042 3178 3217 3251 justi-

1855 3280 1882 3313 «
1923 3258 2188 3316 ficantem
2213 3275 2312 3330 per
2333 3261 2692 3332 Baptismum
2714 3260 2970 3316 exterius
2992 3259 3218 3316 adhibi-

1855 3363 1882 3395 «
1923 3346 2066 3407 tum,
2087 3347 2191 3397 aut·
2206 3357 2304 3414 per
2320 3340 2550 3413 aliquod
2573 3339 2731 3398 aliud
2761 3345 3209 3408 sacramentum,

1856 3443 1882 3476 α
1923 3423 2036 3478 nisi
2061 3421 2219 3494 prius
2242 3419 2508 3477 habuerit
2540 3426 2967 3476 sacramentum
2993 3420 3055 3479 in
3080 3439 3215 3493 pro-

1856 3523 1883 3558 «
1925 3503 2106 3575 posito
2133 3526 2146 3559 z
2175 3499 2323 3573 quod
2351 3502 2478 3558 sine
2506 3518 2610 3556 usu
2639 3499 2811 3557 liberi
2839 3501 3068 3558 arbitrii
3095 3518 3215 3560 non

1856 3605 1882 3636 α
1924 3584 2222 3656 contingit.
2273 3604 2298 3634 »

1926 3657 2010 3713 Ad
2034 3658 2300 3712 ultimam
2328 3655 2692 3712 concedimus
2713 3657 3015 3732 maj0rem‚
3038 3675 3214 3730 quam
3241 3673 3411 3719 muman

1850 3738 1987 3794 satis
2005 3736 2221 3795 evincit
2249 3737 2466 3793 inserta
2483 3737 2780 3810 probatio:
2808 3740 2945 3812 quia
2966 3756 3084 3797 non
3107 3740 3217 3797 mi·
3245 3724 3412 3770 “¹¹50‘·

1851 3836 1961 3875 nus
2008 3817 2323 3892 requiritur
2369 3817 2441 3875 ad
2488 3819 2895 3893 acquirendam
2942 3823 3213 3895 gratiam,

1849 3900 2051 3956 saltem
2078 3904 2242 3956 extra
2277 3907 2720 3967 sacramentum,
2753 3918 2927 3974 quam
2973 3902 3045 3959 ad
3087 3920 3219 3961 eam

1851 3979 2227 4037 amittendam
2256 4002 2269 4037 ι
2300 3981 2453 4038 unde
2493 3983 2639 4039 sicut
2680 3984 2866 4057 gratia
2894 4001 3010 4041 non
3042 3986 3219 4041 amit-

1852 4062 1993 4117 titur
2039 4059 2249 4134 absque
2297 4064 2545 4135 perfecta
2599 4064 2863 4122 libertate
2915 4081 3019 4138 per
3065 4069 3220 4122 actus

1852 4141 2235 4214 imperfectos,
2268 4148 2324 4198 et
2359 4142 2754 4212 semiliberos;
2782 4145 2859 4201 ita
2900 4160 3018 4201 non
3047 4161 3218 4218 repa-

1853 4227 2016 4280 ratur
2043 4238 2144 4296 per
2185 4221 2513 4281 libertatem
2559 4224 2971 4298 imperfectam,
2997 4224 3096 4282 sed
3123 4241 3221 4283 ac-
3315 4229 3320 4236 ’

1851 4303 2134 4376 quirenda
2161 4308 2244 4360 est
2266 4319 2367 4375 per
2391 4309 2579 4362 motus
2614 4304 2957 4377 simpliciter
2983 4304 3220 4364 liberos.

1853 4385 2047 4441 Minor
2075 4389 2266 4441 autem
2297 4401 2414 4441 non
2444 4385 2700 4459 procedit
2722 4385 2793 4443 de
2813 4385 3221 4459 justificatione

1854 4466 2043 4539 impii,
2094 4465 2194 4522 sed
2239 4467 2362 4541 ejus
2408 4468 2507 4541 qui
2557 4485 2674 4526 non
2719 4471 3112 4542 praeexistebat
3156 4473 3222 4530 in

1856 4553 2095 4620 peccato,
2121 4548 2320 4607 Adhuc
2341 4555 2534 4607 tamen
2559 4551 2821 4626 neganda
2843 4558 2927 4610 est
2942 4554 3218 4622 absolute,

1853 4629 1987 4703 quia
2033 4629 2270 4687 Adanus
2314 4632 2516 4688 habuit
2555 4633 2995 4705 advertentiam,
3028 4643 3082 4694 et
3127 4638 3227 4694 in-

1856 4707 2249 4767 differentiam
2298 4711 2674 4770 sufficientem
2735 4713 2805 4770 ad
2868 4715 3223 4789 operandum

1854 4793 2197 4865 simpliciter
2217 4793 2456 4857 -li-bere5
2484 4801 2541 4851 et
2584 4811 2735 4869 quae,
2777 4804 3057 4871 quantum
3102 4805 3228 4856 erat

1855 4889 1928 4931 ex
1955 4874 2013 4930 vi
2043 4874 2231 4949 hujus,
2270 4875 2551 4934 sufficeret
2591 4876 2662 4934 ad
2690 4879 3034 4951 peccandum
3064 4897 3228 4939 mor-

1862 4955 2075 5013 taliter.
2109 4958 2236 5013 Non
2267 4958 2449 5031 potuit
2486 4963 2683 5016 tamen
2710 4951 2776 5017 eo
2810 4960 3051 5017 instanti
3094 4978 3224 5036 pee-

1856 5054 2025 5096 care:
2079 5043 2204 5095 tum
2252 5040 2389 5113 quia
2440 5039 2570 5097 licet
2616 5040 2815 5108 libere,
2868 5058 2986 5100 non
3034 5049 3228 5104 tamen
