3647 5753
107 4208 144 4337 φορῇ»

1259 441 1437 496 DISP.
1483 439 1601 506 vn,
1645 438 1951 499 DUB.-111.

169 611 430 670 absolute
483 614 770 687 possibile,
819 630 931 688 quo
984 614 1161 687 posito
1189 613 1533 669 nullumse-

168 696 363 773 quitur
401 696 800 768 impossibile:
846 696 944 753 sed
972 697 1038 752 si·
1065 701 1250 751 stante
1293 694 1531 751 scientia

168 775 357 834 media
404 795 717 855 consensus
745 779 926 836 futuri
954 780 1015 835 in
1044 778 1282 835 instanti
1327 782 1394 843 A,
1429 792 1532 849 po-

169 865 404 916 neretur
425 860 720 917 dissensus
741 861 803 917 in
823 860 1021 918 eodem
1045 859 1302 927 instanti,
1328 874 1532 930 seque-

172 936 332 995 r'etur
380 940 613 1014 aliquod
660 941 1032 1014 impossibiie,
1084 956 1293 1013 nempe
1326 938 1533 996 falsifi-

163 1022 311 1077 catio
357 1022 614 1078 scientim
665 1022 885 1088 mediae,
917 1028 973 1079 et
997 1021 1143 1094 quod
1194 1022 1341 1077 Deus
1388 1019 1532 1076 falso

166 1100 500 1172 praeviderit
527 1118 886 1171 consensum,
921 1119 1047 1159 cum
1077 1101 1146 1157 de
1168 1100 1312 1157 facto
1338 1115 1533 1172 sequa-

164 1185 258 1234 tur
301 1177 639 1236 dissensus:
669 1197 804 1256 ergo
847 1182 1136 1255 supposita
1175 1179 1533 1252 praescientia

168 1259 346 1316 futuri
370 1276 684 1318 consensus
701 1264 762 1319 in
784 1263 887 1319 hac
907 1262 1215 1327 occasione,
1243 1260 1532 1317 dissensus

172 1340 231 1395 in
256 1339 459 1397 eadem
501 1344 794 1400 occasione
838 1349 922 1400 est
961 1342 1216 1399 absolute
1263 1340 1531 1413 impossi-

170 1420 323 1478 bilis.
368 1426 497 1488 Quo
523 1432 864 1498 argumento
887 1430 1125 1481 utuntur
1146 1423 1532 1480 communiter

166 1503 507 1561 Adversarii
544 1505 615 1563 ad
669 1505 1128 1582 impugnandum
1167 1506 1415 1580 gratiam
1461 1520 1532 1561 ex

164 1603 222 1643 se
245 1587 532 1645 efficacem
566 1613 582 1656 ;
627 1605 762 1645 nam
790 1606 856 1646 ea
886 1589 1084 1661 posita,
1138 1589 1427 1660 inquiunt,
1462 1586 1531 1643 ad

163 1682 533 1736 consensum,
564 1669 855 1726 dissensus
882 1674 966 1726 est
992 1668 1247 1725 absolute
1270 1667 1533 1741 impossi-

167 1748 344 1816 bilis;
398 1750 865 1824 quandoquidem
917 1752 965 1807 si
1014 1756 1147 1807 tunc
1199 1756 1526 1822 poneretur,

165 1837 500 1902 sequeretur
567 1831 798 1904 aliquod
876 1830 1249 1903 impossibile,
1325 1845 1532 1902 nempe

169 1911 465 1969 frustratio
491 1914 689 1987 gratiae
715 1914 970 1970 efficacis,
1010 1913 1208 1978 Tertio,
1233 1919 1290 1969 et
1319 1928 1531 1986 urgen-

168 1994 294 2059 tius,
369 1994 510 2066 quia
560 1999 619 2049 ut
672 1995 881 2068 aliquis
946 2000 1100 2050 actus
1138 1994 1213 2048 sit
1277 1991 1532 2049 absolute

170 2072 474 2144 possibilis,
526 2073 693 2131 debet
719 2092 839 2131 esse
886 2074 1173 2148 possibilis
1201 2089 1317 2130 non
1342 2073 1529 2129 solum

171 2170 265 2226 per
287 2154 689 2211 habitudinem
720 2156 791 2212 ad
818 2173 1046 2213 causam
1074 2156 1401 2219 secundam,
1433 2152 1531 2209 sed

169 2234 358 2298 ctiam,
391 2242 447 2292 et
498 2237 680 2293 multo
726 2238 923 2311 magis,
971 2254 1070 2309 per
1113 2241 1429 2308 respectum
1460 2234 1531 2289 ad

171 2317 442 2387 primam,
496 2335 527 2375 a
570 2336 682 2392 qua
724 2320 1012 2385 intimiuS,
1042 2324 1098 2376 et
1138 2316 1532 2373 immediatius

171 2396 488 2471 dependet:
533 2402 688 2474 atqui
719 2401 780 2457 in
823 2401 1141 2475 hypothesi,
1192 2399 1342 2472 quod
1384 2402 1531 2456 Deus

172 2481 505 2550 praeviderit
545 2499 645 2553 per
684 2478 1283 2539 scientiam‘mediam
1326 2481 1387 2535 in
1430 2480 1530 2536 tali

172 2562 458 2619 occasione
486 2562 749 2619 futurum
772 2579 893 2620 esse
912 2563 1255 2627 dissensum,
1289 2576 1405 2617 non
1429 2577 1532 2633 po-

174 2645 274 2695 test
315 2644 462 2698 Deus
487 2643 556 2699 ad
596 2660 937 2700 consensum
967 2656 1346 2700 concurrere:
1395 2657 1530 2715 ergo

177 2721 234 2776 in
280 2722 546 2794 praedicta
589 2725 891 2798 hypothesi
931 2739 1238 2781 cousensus
1282 2738 1399 2778 non
1446 2727 1530 2779 est

171 2801 418 2860 absolute
442 2805 750 2878 possibilis,
793 2822 855 2863 ac
889 2804 1130 2880 proinde
1159 2805 1239 2860 ita
1261 2805 1529 2860 voluntas

173 2883 638 2959 dissentiet,quod
655 2905 771 2945 non
791 2888 996 2961 poterit
1017 2887 1273 2943 absolute
1292 2901 1530 2942 consen-

173 2965 296 3022 tire.
322 2966 610 3023 Probatur
632 2970 846 3033 minor,
867 2969 1000 3040 quia
1021 2973 1255 3024 eatenus
1277 2967 1394 3022 haec
1417 2980 1531 3022 res·

175 3047 364 3115 ponsio
384 3064 731 3121 componere
754 3047 1021 3112 intendit,
1038 3047 1185 3120 quod
1203 3047 1387 3104 adhuc
1399 3062 1530 3117 sup·

174 3126 343 3196 posita
366 3129 610 3186 scientia
639 3129 830 3186 media
869 3130 1109 3203 alicujus
1143 3135 1296 3184 actus
1325 3125 1522 3192 futuri,

173 3208 335 3276 possit
366 3209 633 3267 voluntas
664 3211 919 3267 absolute
945 3211 1150 3266 elicere
1178 3208 1521 3280 oppositum,

170 3292 434 3356 quatenus
469 3290 825 3362 praescientia
852 3292 953 3347 illa
976 3295 1058 3346 est
1097 3286 1529 3345 circumstantia

169 3369 478 3428 extrinseca
528 3379 782 3446 respectu
831 3372 1147 3429 voluntatis
1208 3375 1428 3434 creatas,
1471 3374 1528 3424 et

174 3446 315 3503 nihil
356 3452 517 3523 ponit
546 3453 608 3507 in
662 3453 764 3508 illa
798 3473 811 3507 :
850 3452 1003 3523 atqui
1050 3451 1290 3506 scientia
1336 3447 1526 3504 media

176 3527 357 3588 futura
382 3532 673 3590 dissensus
710 3549 825 3590 non
852 3538 936 3589 est
975 3531 1403 3601 circumstantia
1422 3545 1526 3586 ex-

175 3607 410 3668 trinseca
449 3616 581 3679 Deo,
626 3612 726 3669 sed
764 3613 853 3667 illi
901 3613 1215 3668 intrinsece
1253 3611 1443 3667 inest:
1471 3614 1527 3666 et

177 3689 396 3748 aliunde
437 3696 584 3748 Deus
629 3709 746 3750 non
809 3692 1003 3758 libere,
1065 3692 1164 3750 sed
1207 3689 1526 3748 necessario

177 3769 361 3828 habuit
418 3774 748 3850 hujusmodi
799 3776 1265 3848 praescientiam,
1346 3788 1527 3845 eaque

177 3855 449 3924 supposita
471 3857 671 3928 nequit
693 3854 763 3911 ad
791 3871 1131 3911 consensum
1160 3868 1519 3919 concurrere,

179 3932 278 3989 uisi
300 3936 458 3993 illam
480 3938 779 3993 scientiam
824 3935 1199 4002 falsificando,
1242 3934 1392 4014 quod
1430 3951 1526 3991 re-

179 4022 411 4087 pugnat:
440 4034 575 4092 ergo
614 4019 906 4090 supposita
947 4019 1050 4075 tali
1077 4019 1333 4085 scientia,
1378 4020 1525 4074 Deus

179 4110 282 4152 uon
305 4104 479 4171 potest
499 4100 758 4157 absolute
786 4102 847 4157 in
892 4117 1232 4159 consensum
1257 4100 1518 4157 inssuere.

240 4180 326 4234 75.
355 4181 689 4253 Explicatur
723 4183 973 4255 amplius
995 4183 1083 4238 vis
1122 4183 1293 4257 hujus
1330 4182 1524 4253 impu-

177 4259 484 4328 gnationis:
513 4261 736 4318 etenim
762 4267 1008 4334 potestas
1035 4279 1089 4319 v.
1113 4280 1170 4338 g.
1189 4261 1256 4318 ad
1277 4277 1524 4318 conver-

178 4339 383 4399 sionem
409 4346 907 4417 supernaturalem
931 4345 1202 4402 convenit
1239 4344 1522 4400 voluntati

178 4433 237 4474 ex
295 4425 474 4497 gratia
533 4426 676 4482 Dei:
736 4442 872 4500 ergo
913 4426 1110 4497 nequit
1152 4426 1419 4482 voluntas
1458 4425 1522 4480 in

180 4499 355 4574 aliquo
399 4504 636 4563 instanti
688 4523 750 4563 se
794 4505 865 4562 ad
915 4507 1091 4562 Deum
1164 4510 1516 4575 convertere,

181 4581 280 4637 nisi
325 4585 467 4643 Deus
493 4589 557 4644 in
584 4588 787 4646 eodem
836 4589 1075 4644 instanti
1106 4588 1297 4661 possit,
1332 4587 1521 4645 media

179 4677 266 4719 sua
290 4670 484 4739 gratia,
540 4670 872 4727 influerein
904 4670 1231 4743 praedictam
1279 4685 1521 4727 conver-

179 4744 424 4831 sionem:
464 4756 519 4807 et
564 4760 978 4824 consequenter
1017 4754 1066 4808 si
1109 4755 1255 4808 Deus
1303 4753 1364 4808 in
1416 4753 1519 4809 tali

180 4829 400 4884 instanti
440 4846 556 4888 non
586 4837 770 4904 potest
798 4831 867 4887 ad
917 4832 1352 4889 conversionem
1380 4849 1520 4890 con-

180 4921 413 4976 currere,
437 4913 705 4968 voluntas
730 4918 919 4968 creata
937 4912 998 4968 in
1021 4913 1121 4969 tali
1146 4912 1384 4970 instanti
1402 4928 1519 4969 non

184 4990 369 5057 poterit
394 5008 453 5049 se
473 4992 544 5049 ad
572 4996 754 5051 Deum
781 5000 1113 5052 convertere
1140 5015 1152 5050 :
1199 5000 1365 5067 atque
1392 4994 1519 5053 ideo

185 5080 285 5124 non
331 5071 526 5139 libere,
577 5073 676 5131 sed
723 5076 1041 5131 necessario
1083 5077 1516 5134 conversionem
1577 5118 1589 5138 .

2959 447 3029 504 51

1662 619 1908 676 omittet.
1984 623 2157 695 Atqui
2215 622 2380 697 juxta
2434 623 2716 697 principia
2780 623 3041 682 scientiae

1663 701 1890 770 medias,
1920 706 2065 761 Deus
2083 722 2200 762 non
2218 707 2401 779 potuit
2421 706 2676 763 absolute
2696 712 3042 763 convertere

1661 783 1691 835 J
1699 781 1871 838 udam
1899 785 1962 839 in
1991 785 2095 842 illo
2116 786 2375 852 instanti,
2408 787 2470 844 in
2496 794 2608 860 quo
2635 785 2910 853 exercuit,
2938 787 3031 843 vel

1663 864 1973 936 complevit
2020 865 2504 938 impoenitentiam
2555 865 2789 922 finalem
2815 888 2828 923 :
2896 880 3042 939 ergo

1657 941 1821 1015 juxta
1872 943 2155 1016 praedictae
2199 946 2452 1003 scientiae
2505 946 2791 1018 principia
2855 943 3041 1001 Judas

1665 1026 1781 1081 non
1805 1027 1985 1098 potuit
2007 1027 2069 1083 in
2091 1028 2191 1084 tali
2216 1028 2507 1085 occasione
2527 1044 2587 1084 se
2610 1026 2681 1083 ad
2705 1029 2884 1085 Deum
2900 1041 3032 1084 con·

1663 1113 1908 1175 vertere,
1926 1108 2025 1165 sed
2048 1110 2382 1177 necessariO,
2412 1115 2467 1167 et
2489 1110 2742 1167 fataliter
2764 1123 3032 1183 perman·

1663 1189 1738 1244 sit
1763 1190 1829 1246 in
1857 1194 2079 1263 peccato
2113 1213 2126 1248 :
2153 1191 2303 1265 quod
2325 1200 2408 1249 est
2435 1197 2630 1250 contra
2659 1192 2854 1249 fidem.
2883 1194 3031 1248 Pro-

1664 1269 1833 1326 batur
1854 1272 2070 1340 minor,
2108 1273 2243 1345 quia
2289 1276 2435 1330 Deus
2457 1274 2621 1345 juxta
2651 1273 2812 1329 illius
2839 1272 3026 1329 scien-

1663 1354 1756 1411 tiae
1821 1355 2123 1428 principia,
2204 1355 2522 1412 necessario
2592 1362 2724 1412 ante
2792 1369 3033 1411 omnem

1661 1435 1999 1491 exercitium
2016 1436 2262 1508 propriae
2278 1435 2557 1492 libertatis
2575 1434 2855 1509 praevidit,
2876 1434 3027 1509 quod

1662 1519 1713 1582 si
1737 1516 1918 1573 ludas
1948 1517 2006 1570 in
2027 1516 2130 1571 tali
2155 1518 2431 1573 occasione
2457 1520 2890 1584 constitueretur,
2917 1533 3035 1571 non

1663 1604 2080 1664 converteretur,
2153 1603 2213 1653 ut
2263 1599 2386 1671 ipse
2447 1597 2675 1655 effectus
2741 1597 3025 1654 declarat:

1664 1679 1820 1750 atqui
1837 1678 1884 1733 si
1906 1678 2197 1751 supposita
2219 1679 2318 1735 tali
2341 1677 2598 1747 scientia,
2622 1680 2767 1753 Deus
2784 1677 2853 1734 ad
2868 1676 3039 1732 Judae-

1664 1760 2100 1817 conversionem
2127 1765 2511 1827 concurreret,
2544 1758 2874 1816 falsificaret
2901 1773 3028 1830 pro-

1666 1840 1854 1912 priam
1878 1842 2313 1912 praescientiam,
2346 1839 2494 1913 quod
2515 1845 2599 1896 est
2621 1837 2976 1912 impossibile
3011 1859 3023 1892 :

1663 1938 1798 1996 ergo
1840 1925 1985 1979 Deus
2021 1939 2137 1980 non
2180 1923 2362 1995 potuit
2400 1922 2656 1978 absolute
2695 1927 3041 1978 convertere

1662 2003 1871 2059 Judam
1902 2004 1963 2059 in
1985 2019 2051 2060 eo
2079 2003 2339 2068 instanti,
2374 2003 2465 2058 vel
2488 2002 2877 2067 occasione,in
2905 2001 3030 2074 qui-

1665 2082 1769 2139 bus
1801 2085 2073 2150 exercuit,
2101 2089 2157 2139 et
2189 2082 2498 2154 complevit
2537 2081 3035 2153 impoenitentiam

1664 2164 1923 2221 finalem.

1738 2247 1852 2299 Nec
1888 2241 2115 2315 prodest
2150 2242 2511 2314 respondere,
2558 2241 2806 2314 potuisse
2847 2243 3035 2297 Deum

1662 2324 2008 2382 constituere
2058 2322 2265 2377 Judam
2309 2323 2371 2377 in
2413 2322 2528 2378 alia
2580 2322 2890 2387 occasione,
2934 2321 3027 2377 vel

1664 2404 1778 2461 alia
1804 2403 2100 2459 vocatione
2122 2417 2341 2467 vocare,
2368 2401 2457 2457 cui
2480 2401 2845 2458 consentiret.
2880 2403 3029 2457 Nam

1663 2485 1753 2541 vis
1775 2483 2231 2555 impugnationis
2256 2487 2416 2555 urget
2440 2479 2794 2553 persistendo
2816 2480 2878 2535 in
2900 2479 3032 2536 illa-

1662 2570 1778 2621 met
1802 2564 2009 2638 gratia,
2037 2569 2092 2619 et
2121 2564 2183 2619 in
2208 2564 2431 2619 illamet
2470 2561 2778 2627 occasione,
2823 2559 3038 2634 quibus

1664 2646 1940 2717 praevisus
1967 2644 2078 2700 fuit
2106 2643 2279 2700 Judas
2304 2642 2626 2700 restiturus,
2678 2644 2747 2696 Et
2774 2641 3028 2713 inquiri-

1660 2744 1808 2796 mus,
1839 2743 1913 2784 an
1941 2733 2126 2783 stante
2148 2726 2249 2782 tali
2278 2726 2484 2799 gratia,
2511 2725 2686 2784 ettali
2711 2723 3025 2789 occasione,

1660 2815 1717 2864 et
1743 2808 1805 2863 in
1834 2824 2005 2864 sensu
2044 2807 2356 2880 composito
2395 2807 2605 2861 harum
2645 2806 3029 2861 circumstan-

1661 2891 1900 2957 tiarum,
1934 2889 2180 2963 potuerit
2233 2892 2378 2944 Deus
2406 2890 2436 2942 J
2446 2888 2617 2945 udam
2640 2893 2973 2945 convertere
3001 2890 3037 2943 Ῥ-

1661 2975 1731 3029 Et
1743 2974 1791 3030 si
1814 2972 2188 3046 respondetur
2206 2969 2830 3042 affirmative,sequitur
2846 2971 3034 3026 Deum

1661 3055 1911 3128 potuisse
1975 3072 2139 3111 suam
2208 3053 2623 3127 praescientiam
2701 3052 3023 3119 falsificare,

1631 3125 1808 3207 ‘quod
1839 3141 2116 3209 repugnat
2146 3158 2159 3201 ;
2188 3134 2236 3189 si
2267 3131 2548 3208 negative,
2606 3133 2903 3206 perspicue
2932 3133 3035 3186 in-

1661 3216 1862 3280 sertur,
1895 3215 2043 3288 quod
2067 3230 2169 3271 nec
2213 3213 2405 3280 Judas,
2437 3214 2727 3286 supposito
2756 3214 2859 3269 illo
2885 3228 3023 3270 con-

1659 3312 1825 3352 cursu
1843 3296 2405 3353 circumstantiarum
2425 3293 2898 3360 antecedentium,
2924 3294 3028 3365 qui

1659 3375 1730 3434 de
1756 3376 1900 3433 facto
1929 3376 2056 3445 fuit,
2111 3376 2357 3448 potuerit
2384 3374 2453 3431 ad
2496 3378 2674 3430 Deum
2723 3375 3023 3439 converti:

1660 3472 1794 3513 nam
1827 3462 1887 3512 ut
1913 3472 2097 3530 nuper
2125 3455 2471 3522 dicebamuS,
2519 3460 2761 3529 potestas
2787 3454 2858 3510 ad
2886 3449 3025 3511 con-

1659 3538 1983 3594 versionem
2024 3540 2523 3610 supernaturalem
2554 3553 2654 3609 per
2695 3536 2856 3608 prius
2882 3550 3023 3590 con-

1659 3620 1818 3675 venit
1837 3621 1967 3684 De0,
1986 3635 2160 3691 quam
2176 3624 2447 3676 creaturas
2469 3642 2482 3685 ;
2506 3623 2561 3673 et
2578 3617 2709 3672 huic
2729 3619 3018 3687 repugnat,

1656 3699 1706 3754 si
1736 3704 2013 3772 repugnet
2040 3699 2151 3754 illi.
2184 3701 2271 3754 En
2298 3699 2547 3771 qualiter
2573 3695 2810 3752 scientia
2831 3693 3022 3750 media

1658 3779 1727 3837 ad
1758 3779 2197 3852 temperandam
2224 3781 2424 3854 gratia:
2450 3778 2754 3835 efficaciam
2784 3777 3023 3832 inventa

1657 3877 1947 3917 summam
2000 3861 2410 3926 necessitatem,
2462 3877 2525 3916 ac
2562 3857 3021 3930 desperationem

1659 3942 1908 3999 inducat.

1727 4025 1820 4080 76.
1866 4022 1973 4080 Sed
2001 4022 2230 4097 objicies
2260 4040 2273 4075 :
2325 4022 2591 4079 Carentia
2632 4020 2836 4077 auxilii
2865 4035 2936 4076 ex
2961 4035 3021 4076 se

1655 4103 1893 4161 efficacis
1920 4103 1988 4160 ad
2016 4103 2452 4160 conversionem
2473 4103 2503 4155 J
2510 4100 2633 4157 udae
2658 4106 2743 4157 est
2770 4098 3020 4172 impedi-

1657 4191 1918 4242 mentum
1959 4184 2410 4259 inconjungibile
2448 4198 2592 4239 ‘cum
2633 4181 2736 4237 tali
2777 4196 3022 4237 conver-

1654 4266 1815 4323 sione
1840 4291 1855 4334 ;
1884 4271 1940 4323 et
1964 4265 2274 4338 supposito,
2306 4263 2455 4338 quod
2484 4263 2650 4320 detur
2691 4260 3020 4335 hujusmodi

1655 4347 1862 4403 auxilii
1890 4347 2162 4413 carentia,
2191 4362 2294 4402 nec
2322 4347 2486 4411 Deus,
2516 4360 2617 4401 nec
2643 4341 2817 4398 Judas
2839 4346 3021 4414 potest

1655 4427 1819 4483 illam
1850 4427 2079 4484 auferre
2106 4448 2118 4482 ε
2148 4432 2204 4483 et
2231 4425 2617 4482 nihilominus
2636 4422 2810 4478 Judas
2839 4421 3024 4479 libere

1654 4508 1851 4565 omisit
1894 4507 2350 4572 conversionem,
2400 4507 2534 4578 quia
2588 4508 2807 4578 poterat
2853 4504 3019 4559 illam

1653 4588 1862 4645 elicere
1912 4589 1975 4643 in
2020 4603 2190 4644 sensu
2237 4585 2443 4653 diviso,
2476 4594 2530 4644 et
2575 4583 2888 4658 secundum
2936 4600 3015 4653 se,

1655 4670 1784 4726 licet
1806 4670 1973 4727 illam
1996 4682 2111 4726 non
2137 4670 2384 4741 potuerit
2405 4683 2747 4741 componere
2762 4683 2891 4724 cum
2916 4668 3020 4725 illa

1651 4752 2084 4809 circumstantia
2121 4749 2454 4807 accidentali
2484 4766 2601 4807 non
2635 4748 2885 4806 habendi
2915 4766 3020 4805 au-

1651 4833 1865 4889 xilium
1894 4832 2087 4890 efficax
2123 4847 2298 4905 :ergo
2337 4831 2603 4903 quamvis
2630 4830 2693 4886 in
2729 4833 2842 4887 Deo
2870 4847 3022 4903 prae-

1650 4912 2078 4971 tueritscientia
2091 4911 2283 4969 media
2297 4928 2413 4968 non
2426 4912 2823 4968 conversionis
2835 4913 2865 4965 J
2873 4913 3014 4979 udae,

1650 5001 1708 5054 et
1752 4995 1859 5051 illa
1909 4994 2149 5050 scientia
2188 4997 2431 5064 nequeat
2475 4993 2713 5058 auferri,
2748 5008 2850 5050 nec
2887 5009 3019 5050 cum

1651 5075 2026 5134 conversione
2068 5074 2358 5149 conjungi,
2410 5074 2593 5131 adhuc
2613 5080 2806 5130 tamen
2845 5072 3020 5128 Judas

3059 4038 3209 4099 objec-

3085 4096 3144 4133 lto
