3647 5753
1437 399 1619 455 DISP.
1662 400 1757 466 lv,
1803 400 1967 455 DUB.
2013 400 2056 456 Ι.
3028 403 3142 460 637

870 574 900 640 ς
942 572 1035 627 111.

386 714 643 789 Refertur
686 720 951 774 sententia
1001 726 1193 775 nostr&
1225 720 1519 776 assertioni

800 802 1107 855 contraria.

84 966 233 1020 opinio
358 961 791 1035 13.0ppositam
814 965 1150 1037 opinionem
1181 970 1531 1023 asserentem
1551 964 1638 1020 in·

84 1023 246 1110 ⁰25¹{m‘
276 1041 561 1099 fusionem
582 1045 798 1117 gratiae,
819 1052 874 1101 et
891 1046 1292 1103 remissionem
1321 1048 1501 1119 culpae
1519 1061 1638 1102 non

274 1138 401 1196 esse,
423 1126 769 1182 mutationes
808 1129 1043 1184 realiter
1071 1127 1386 1195 distinctas,
1417 1133 1472 1184 et
1498 1144 1640 1185 con-

272 1214 574 1278 sequenter
607 1209 1073 1283 justificationem
1128 1212 1297 1285 impii
1352 1227 1469 1268 non
1514 1226 1638 1268 esse

272 1291 513 1352 motum,
545 1288 643 1345 sed
670 1290 995 1362 simplicem
1024 1292 1427 1356 mutationem,
1462 1296 1636 1348 tuen-

53 1376 247 1436 cajelan.
272 1375 369 1426 tur
390 1371 559 1444 CaJ‘et.
594 1373 655 1428 in
703 1373 971 1444 praesenti
994 1382 1109 1429 art.
1139 1376 1173 1429 6
1200 1379 1256 1429 et
1297 1373 1419 1429 alii.
1453 1374 1637 1435 Quam

58 1429 242 1526 Pfiffifn
277 1451 521 1524 probant
550 1453 756 1524 primo,
782 1454 918 1524 quia
945 1453 1016 1510 ad
1045 1459 1266 1510 motum
1288 1451 1637 1509 condistinc-

56 1531 254 1570 mssflfflm·
275 1537 399 1587 tum
427 1548 460 1587 a
479 1531 727 1604 simplici
756 1535 1076 1591 mutatione
1106 1534 1483 1606 requiruntur
1512 1529 1639 1587 duae

276 1614 621 1670 mutationes
650 1613 884 1669 realiter
912 1613 1213 1679 distinctae,
1246 1628 1493 1687 quarum
1523 1627 1640 1668 una

272 1695 348 1752 sit
374 1695 662 1767 corruptio
685 1694 921 1768 alicujus
952 1696 1204 1769 positivi,
1236 1695 1496 1752 etaltera
1524 1694 1639 1750 ali-

270 1777 408 1851 quid
433 1778 740 1850 positivum
764 1778 996 1834 inducat
1021 1778 1145 1835 :sed
1171 1778 1436 1835 remissio
1459 1777 1639 1849 culpae

270 1865 328 1915 et
356 1858 569 1914 infusio
612 1858 811 1932 gratiae
843 1875 959 1915 non
1001 1859 1080 1914 ita
1120 1874 1179 1915 se
1218 1857 1429 1915 habent
1464 1873 1638 1932 :ergo

271 1954 389 1995 non
436 1937 787 1994 constituunt
813 1945 1033 1995 motum
1084 1954 1115 1994 a
1161 1938 1413 2011 simplici
1444 1944 1637 1993 muta—

273 2020 428 2075 tione
449 2017 800 2075 distinctum.
835 2018 1117 2075 Suadetur
1142 2020 1356 2086 minor,
1383 2018 1520 2092 quia
1551 2035 1637 2076 re·

272 2101 471 2156 missio
498 2100 677 2172 culpae
700 2116 815 2155 non
839 2099 1084 2156 destruit
1132 2099 1244 2156 nisi
1301 2101 1485 2173 ipsam
1509 2100 1637 2157 cul-

275 2198 426 2256 pam,
451 2198 548 2238 seu
579 2183 864 2242 maculam
889 2182 1098 2254 peccati
1120 2207 1134 2248 ;
1160 2182 1276 2238 haec
1298 2189 1488 2239 autem
1519 2198 1636 2240 non

271 2272 356 2322 est
376 2263 592 2338 aliquid
624 2264 954 2337 positivum,
974 2265 1071 2321 sed
1093 2265 1272 2321 solius
1292 2265 1490 2340 gratiae
1512 2266 1638 2338 pri-

273 2346 428 2403 vatio
462 2362 649 2420 :ergo,
681 2352 787 2402 etc.
826 2345 985 2409 Quod
1026 2346 1403 2403 confirmatur
1436 2363 1638 2404 exem·

274 2429 370 2500 plo
422 2427 901 2491 illuminationis,
946 2443 1071 2500 quae
1124 2443 1242 2484 non
1293 2434 1377 2484 est
1411 2436 1600 2485 motus
1618 2453 1633 2496 3

0 2501 11 2588 i
272 2509 409 2582 quia
437 2507 498 2562 in
526 2523 592 2564 ea
639 2523 755 2564 non
782 2509 1175 2580 corrumpitur
1203 2508 1432 2581 aliquod
1480 2509 1637 2581 posi-

273 2591 481 2654 tivum,
506 2589 603 2645 sed
618 2590 799 2645 solius
819 2589 959 2645 lucis
987 2591 1241 2647 carentia
1268 2597 1353 2647 :et
1380 2591 1460 2647 ita
1480 2590 1634 2647 idem

273 2687 506 2744 prorsus
532 2677 666 2726 sunt
710 2670 1019 2728 destructio
1066 2674 1335 2739 tenebrae,
1387 2679 1443 2730 et
1492 2672 1635 2728 lucis

271 2752 735 2809 communicatio.

345 2832 431 2889 Ad
461 2834 561 2892 hoc
588 2839 991 2910 argumentum
1019 2835 1158 2892 satis
1182 2841 1402 2894 constat
1426 2852 1498 2893 ex
1531 2852 1635 2893 su-

271 2933 374 2991 pra
402 2916 565 2973 dictis
609 2936 762 2974 num.
794 2920 848 2983 6,
882 2915 979 2972 ubi
1024 2917 1377 2975 ostendimus
1425 2919 1632 2976 termi-

271 3016 408 3054 num
428 3015 458 3056 a
481 3016 590 3073 quo
605 2998 962 3056 remissionis
974 3001 1153 3073 culpae
1172 3017 1289 3057 non
1310 3002 1629 3075 esseipsam

267 3081 492 3152 culpam
519 3081 811 3153 praecisive
839 3086 1142 3153 acceptam,
1168 3089 1267 3139 sed
1288 3084 1516 3156 culpam
1538 3099 1631 3140 se-

267 3161 518 3215 cundum
566 3162 764 3217 omnia
790 3177 916 3233 quae
961 3162 1276 3229 concernit,
1326 3164 1480 3220 inter
1505 3181 1631 3236 quae

264 3247 668 3315 computantur
686 3243 879 3314 aliqua
895 3242 1634 3317 positiva,cujusmodisunt

267 3331 420 3378 actus
463 3323 782 3395 praeteritus
812 3323 1113 3378 moraliter
1160 3339 1526 3396 permanen3‚
1576 3330 1633 3381 et

263 3403 564 3460 conversio
610 3402 923 3460 habitualis
946 3401 1016 3459 ad
1047 3402 1262 3459 bonum
1307 3405 1627 3478 proprium.

270 3484 379 3539 Per
404 3481 553 3554 quod
598 3483 775 3539 etiam
807 3486 959 3554 patet
981 3480 1050 3537 ad
1098 3481 1628 3552 confirmationem3

266 3578 404 3617 nam
452 3562 739 3617 terminus
782 3578 813 3617 a
841 3577 953 3633 quo
1004 3562 1461 3619 illuminationis
1514 3580 1631 3620 non

259 3642 554 3698 concernit
582 3642 801 3715 aliquid
825 3641 1138 3713 positivum
1160 3644 1517 3700 contrarium
1548 3645 1632 3699 lu·

258 3726 328 3789 ci,
356 3723 453 3781 sed
481 3724 662 3781 solius
691 3724 833 3781 lucis
859 3724 1180 3780 carentiam
1212 3723 1376 3781 Unde
1405 3741 1523 3781 non
1545 3731 1633 3782 est

255 3802 644 3877 comparanda
685 3802 1086 3876 Justificationi
1135 3804 1325 3876 impii,
1376 3821 1500 3877 quae
1547 3810 1632 3862 est

258 3886 537 3942 transitus
554 3884 623 3941 dc
639 3885 930 3949 contrario
954 3884 1017 3939 in
1033 3886 1631 3960 contrarium,nempe

261 3984 293 4024 a
313 3972 462 4023 statu
486 3968 695 4040 peccati
718 3966 789 4024 ad
830 3971 1044 4022 statum
1072 3967 1275 4040 gratita
1300 3988 1313 4023 ε
1345 3966 1445 4023 sed
1468 3983 1630 4024 com-

264 4047 459 4122 parari
490 4053 669 4120 potest
708 4045 1107 4122 justificationi
1140 4064 1257 4105 non
1285 4046 1474 4121 impii,
1506 4065 1631 4121 quae

266 4137 351 4189 est
377 4131 623 4203 simplex
645 4130 921 4187 transitus
948 4147 980 4187 a
1003 4146 1121 4188 non
1162 4146 1284 4188 esse
1309 4132 1512 4204 gratiae
1560 4131 1630 4188 ad

269 4212 596 4271 esseillius.

71 4315 235 4356 secun·
354 4295 436 4350 14.
488 4294 765 4367 Arguitur
792 4292 1053 4361 secundo,
1084 4293 1221 4367 quia
1271 4292 1369 4350 ubi
1416 4293 1630 4350 dantur

38 4364 239 4467 ‘¹322ss
271 4374 397 4432 duae
435 4375 782 4431 mutationes
812 4374 1043 4430 realiter
1087 4374 1390 4439 distinctae,
1416 4374 1630 4432 dantur

99 4466 203 4504 tum.
270 4458 445 4515 etiam
468 4457 593 4513 duae
615 4456 882 4521 actiones,
913 4456 1034 4512 sive
1062 4461 1249 4514 motus
1281 4456 1514 4513 realiter
1535 4456 1630 4512 di-

273 4541 423 4598 versi
446 4566 460 4609 ;
483 4540 767 4614 siquidem
803 4540 946 4595 actio
974 4539 1123 4595 nihil
1147 4538 1305 4595 aliud
1327 4544 1427 4602 est,
1456 4556 1629 4612 quam

270 4623 513 4679 mutatio
543 4626 711 4695 prout
737 4619 806 4677 ab
833 4626 1033 4694 agente
1059 4641 1072 4678 ε
1099 4620 1252 4693 atqui
1298 4619 1630 4694 justificatio

273 4704 439 4777 impii
467 4708 552 4760 est
572 4702 774 4758 unicus
801 4706 1007 4763 motus,
1039 4705 1100 4755 ut
1147 4700 1209 4755 in
1232 4700 1441 4757 limine
1467 4701 1629 4759 dubii

268 4785 705 4844 observavimus
730 4799 895 4858 :ergo
936 4783 1000 4838 in
1022 4781 1429 4857 justificatione
1459 4783 1628 4857 impii

269 4883 388 4927 non
430 4866 829 4923 interveniunt
857 4863 983 4922 duae
1025 4866 1371 4923 mutationes
1397 4867 1632 4923 realiter

267 4950 569 5009 distinctas.

342 5027 695 5088 confirmatu
706 5045 751 5095 r,
778 5028 913 5101 quia
936 5029 1173 5085 mutatio
1200 5033 1287 5085 est
1306 5034 1624 5103 conceptus,

46 2846 257 2893 Diluitur.

1773 589 1871 630 seu
1899 572 2108 648 gradus
2146 572 2410 645 superior
2450 571 2521 629 ad
2562 578 2783 629 motum
2815 595 2827 628 ε
2855 589 2992 648 ergo
3021 589 3140 631 non

1772 653 2033 720 cohaeret,
2058 652 2206 726 quod
2235 659 2423 710 motus
2446 654 2523 708 sit
2548 655 2770 718 unicuS,
2797 658 2851 709 et
2870 654 2988 709 sint
3007 653 3137 710 duae

1774 734 2141 790 mutationes
2181 735 2341 790 Patet
2386 736 2808 807 consequentia,
2840 735 2977 807 quia
3027 749 3136 791 ne-

1772 820 1989 888 queunt
2029 815 2408 888 multiplicari
2439 817 2690 872 rationes
2736 817 3033 889 genericae,
3083 822 3140 872 et

1772 895 2116 968 superioreS,
2148 895 2290 968 quin
2319 895 2628 953 inferiores
2651 898 3133 969 multiplicentur.
3258 965 3268 974 ,

1851 978 2250 1051 Respondetur
2278 985 2619 1052 argumento
2648 978 2909 1054 negando
2951 965 3360 1053 majo-⁸⁰¹'¹‘¹¹¹'·

1776 1074 1921 1125 rem,
1941 1059 2079 1130 quia
2102 1058 2227 1116 fieri
2251 1061 2468 1133 optime
2496 1066 2695 1133 potest,
2728 1066 2785 1115 ut
2816 1061 2984 1118 unico
3011 1077 3142 1118 mo-

1774 1138 1857 1194 tui
1881 1139 2064 1196 active
2091 1143 2319 1212 sumpto
2339 1139 2822 1212 correspondeant
2856 1140 2982 1197 duae
3004 1156 3142 1196 mu-

1772 1219 2018 1276 tationes
2052 1221 2289 1293 passivae
2318 1219 2552 1277 realiter
2574 1219 2870 1287 distincta-2,
2899 1227 2960 1276 ut
2988 1224 3142 1294 patet

1774 1301 1838 1357 in
1867 1300 2231 1360 naturalibus
2258 1323 2271 1358 ε
2304 1318 2440 1358 narn
2471 1301 2660 1358 eidem
2703 1304 2885 1360 motui
2913 1303 3144 1361 dealba-

1773 1382 1949 1439 tionis
1971 1381 2417 1455 correspondent
2439 1384 2683 1439 mutatio
2704 1400 2737 1440 a
2762 1384 2928 1458 nigro
2947 1385 3007 1440 in
3024 1399 3142 1441 non

1773 1464 2030 1537 nigrum,
2075 1468 2129 1520 et
2160 1464 2403 1521 mutatio
2449 1480 2483 1520 a
2515 1481 2630 1521 non
2658 1465 2788 1521 albo
2826 1466 2890 1522 in
2919 1464 3141 1530 album,

1771 1562 1897 1619 quae
1920 1547 2154 1603 realiter
2175 1545 2637 1621 distinguuntur.
2667 1550 2735 1602 Et
2762 1547 3036 1604 similiter
3063 1549 3142 1606 ei-

1772 1626 1904 1684 dem
1946 1627 2277 1684 alterationi
2337 1627 2792 1701 correspondent
2848 1631 3142 1702 corruptio

1774 1707 1975 1764 forma}
1991 1708 2489 1781 praeexistcntis,et
2508 1709 2822 1783 generatiO,
2841 1709 2963 1765 sive
2977 1709 3144 1767 educ-

1771 1789 1853 1846 tio
1876 1805 2039 1846 novae
2085 1790 2309 1846 formas.
2344 1791 2413 1844 Et
2441 1788 2595 1846 idem
2624 1789 2829 1846 accidit
2875 1789 2938 1845 in
2992 1807 3143 1863 prae-

1770 1871 1958 1937 senti;
1989 1887 2124 1928 nam
2156 1874 2300 1928 Deus
2345 1873 2513 1930 unica
2542 1873 2763 1930 actione
2811 1879 3003 1929 causat
3050 1891 3144 1933 re-

1770 1953 2110 2011 missionem
2151 1956 2352 2027 culpae,
2403 1961 2460 2012 et
2490 1956 2873 2029 receptionem
2914 1957 3138 2031 gratias,

1771 2054 1895 2111 quae
1924 2037 2158 2093 realiter
2180 2036 2478 2103 differunt,
2510 2036 2608 2094 sed
2637 2038 2889 2096 eundem
2918 2044 3140 2096 motum

1773 2119 2066 2194 passivum
2090 2124 2461 2191 componunt.

1846 2193 1931 2249 Ad
1952 2191 2453 2250 confirmationem
2482 2192 2789 2250 dicendum
2813 2200 2915 2260 est,
2945 2199 3141 2251 muta—

1771 2277 1990 2334 tionem
2019 2274 2296 2333 bifariam
2319 2277 2471 2332 sumi
2502 2292 2663 2348 posse
2698 2297 2711 2330 τ
2743 2293 2857 2333 uno
2880 2276 3050 2335 modo
3078 2282 3140 2333 ut

1769 2356 1908 2429 quid
1931 2373 2237 2414 commune
2260 2357 2463 2422 motui,
2495 2363 2550 2412 et
2580 2357 2888 2414 mutationi
2915 2360 3132 2426 stricte,

1770 2454 1871 2495 seu
1899 2438 2324 2510 particulariter
2343 2437 2506 2493 dictae
2536 2458 2548 2492 ε
2574 2439 2689 2494 alio
2717 2438 2887 2495 modo
2917 2444 2976 2515 ut
2999 2437 3140 2512 quid

1769 2517 2014 2593 speciale
2040 2524 2096 2576 et
2120 2517 2563 2576 condistinctum
2606 2535 2637 2574 a
2661 2525 2837 2576 motu.
2872 2522 2957 2576 Ex
3003 2521 3142 2577 uni-

1769 2607 1885 2657 tate
1904 2616 2040 2674 ergo
2073 2605 2259 2658 motus
2281 2602 2469 2657 solum
2501 2600 2761 2672 sequitur
2792 2601 2980 2657 unitas
3003 2618 3142 2658 mu-

1769 2681 2003 2737 tationis
2030 2683 2418 2738 communiter
2447 2681 2628 2746 dictae,
2662 2698 2785 2754 quae
2810 2687 2894 2737 est
2920 2683 3139 2757 gradus

1766 2764 2030 2834 superior
2052 2761 2121 2819 ad
2144 2767 2367 2818 motum
2397 2784 2409 2818 :
2437 2760 2536 2818 sed
2559 2778 2688 2818 cum
2713 2762 2816 2818 hoc
2850 2769 2997 2821 recte
3038 2780 3139 2822 co-

1766 2844 1962 2910 haeret,
1994 2842 2143 2917 quod
2172 2842 2349 2899 simul
2394 2842 2604 2900 dentur
2631 2842 2775 2910 duae,
2810 2848 2906 2901 aut
2944 2846 3142 2918 plures

1765 2922 2126 2981 mutationes'
2129 2923 2555 2996 particulariter
2574 2923 2754 2990 dictae,
2770 2930 2827 2981 et
2842 2925 3142 3000 integran-

1764 3010 1851 3062 tes
1893 3005 2145 3063 eundem
2183 3011 2424 3061 motum.
2483 3006 2640 3062 Sicut
2685 3004 2840 3061 idem
2889 3021 3138 3065 numero

1765 3091 1956 3144 motus
1984 3086 2177 3143 localis
2198 3086 2459 3143 coalescit
2481 3102 2552 3142 ex
2567 3085 2830 3158 pluribus
2858 3087 3138 3144 mutatio-

1765 3166 1937 3223 nibus
2004 3181 2129 3238 quae
2176 3166 2239 3220 in
2281 3165 2530 3239 singulis
2570 3165 2920 3221 instantibus
2960 3166 3138 3239 perfi-

1764 3254 2255 3394 c¹ulri3zukrguitur
2304 3320 2475 3376 tertio
2507 3341 2519 3375 :
2550 3321 2684 3393 quia
2733 3319 2781 3375 si
2827 3319 3340 3387 destructiorentnm

1763 3403 1945 3475 culpae
1969 3406 2115 3458 esset
2142 3400 2385 3456 mutatio
2410 3401 2580 3456 realis
2599 3400 2667 3456 ab
2693 3399 2989 3459 infusione
3009 3419 3135 3477 gra·
3149 3397 3348 3482 ,3335-

1764 3484 1859 3541 tire
1924 3483 2211 3548 distincta,
2268 3486 2601 3553 sequeretur
2662 3482 3136 3555 justificationem

1764 3563 1934 3638 impii
1965 3562 2281 3633 importare
2310 3561 2592 3632 plurimas
2622 3562 2971 3619 mutationes
3000 3579 3133 3621 rea-

1766 3645 1898 3702 liter
1919 3643 2176 3698 diversas
2204 3663 2216 3697 t
2245 3657 2595 3715 consequens
2642 3649 2878 3715 apparet
2925 3644 3134 3702 absur-

1764 3725 1903 3782 dum
1958 3746 1971 3780 z
2024 3739 2160 3798 ergo
2213 3722 2476 3780 remissio
2525 3725 2708 3797 culpae
2765 3741 2882 3781 non
2936 3725 3131 3784 differt

1766 3808 1999 3865 realiter
2011 3804 2080 3862 ab
2103 3804 2393 3861 infusione
2412 3806 2634 3880 gratiae.
2663 3808 2905 3879 sequela
2928 3813 3129 3865 osten-

1763 3888 1938 3955 ditur,
1995 3885 2129 3959 quia
2173 3884 2221 3940 si
2261 3887 2440 3942 semel
2491 3886 2755 3944 remissio
2805 3889 2988 3961 culpas
3040 3894 3129 3946 est

1764 3968 2005 4025 mutatio
2022 3966 2276 4033 realis,et
2295 3965 2536 4023 destruit
2552 3968 2771 4040 aliquid
2790 3970 3128 4041 positivum,

1763 4057 1845 4109 tot
1869 4056 2040 4108 erunt
2067 4049 2414 4106 mutationes
2466 4049 2681 4115 reales,
2714 4058 2849 4122 quot
2897 4052 3125 4109 fuerint

1764 4139 2006 4207 peccata,
2039 4148 2165 4204 quae
2197 4131 2575 4188 remittuntur
2626 4152 2639 4186 ε
2679 4132 2777 4188 sed
2805 4151 2951 4207 saepe
2988 4152 3131 4193 con-

1762 4216 1955 4290 tingit,
1984 4211 2134 4287 quod
2164 4213 2229 4269 in
2255 4218 2545 4285 peccatore
2578 4213 2696 4268 sint
2722 4216 2977 4287 plurima
2998 4232 3131 4290 pec-

1762 4303 1887 4355 cata
1919 4318 1932 4353 ε
1961 4312 2098 4370 ergo
2140 4293 2201 4351 in
2224 4292 2630 4368 justificatione
2657 4295 2824 4369 impii
2867 4297 3129 4357 interve-

1763 4378 1928 4435 nient
1944 4375 2209 4449 plurimae
2224 4374 2572 4432 mutationes
2597 4376 2830 4433 realiter
2853 4376 3128 4452 diversae,

1837 4456 2233 4532 Respondetur
2275 4455 2466 4527 primo
2516 4455 2878 4517 concedendo
2923 4477 3126 4535 seque-
3140 4467 3336 4522 Barou-

1766 4542 1902 4608 lam,
1934 4554 2060 4612 quae
2089 4537 2320 4593 nullum
2343 4535 2657 4594 absurdum
2687 4539 2959 4607 involvit;
2990 4544 3127 4616 quia
3188 4518 3273 4563 ⁸¹⁰·

1762 4624 1862 4681 ubi
1903 4621 2114 4678 dantur
2145 4620 2338 4695 plures
2366 4620 2602 4677 termini
2632 4640 2667 4677 a
2698 4623 2893 4700 quibus
2920 4627 3121 4697 reales,

1762 4712 1818 4763 et
1850 4703 2083 4761 realiter
2105 4700 2456 4767 destruendi,
2491 4719 2631 4777 opus
2650 4709 2751 4770 est,
2782 4710 2840 4760 ut
2868 4705 3128 4766 interve-

1762 4786 1932 4842 niant
1959 4784 2151 4858 plures
2172 4781 2580 4839 destructiones
2610 4784 2808 4849 reales,
2830 4784 2995 4858 juxta
3011 4805 3128 4845 nu-

1762 4881 1992 4924 merum
2014 4862 2402 4920 terminorum
2430 4864 2526 4936 qui
2555 4864 2951 4923 destruuntur.
2971 4868 3128 4926 Sicut

1761 4949 1810 5006 si
1840 4945 2050 5020 aliquis
2072 4942 2309 5001 haberet
2343 4945 2535 5018 plures
2555 4946 2772 5002 colores
2801 4946 3040 5014 medios
3065 4955 3123 5007 et

1761 5036 2095 5089 moveretur
2135 5025 2206 5084 ad
2232 5027 2480 5085 calorem
2503 5032 2847 5095 extremum,
2882 5046 2940 5083 v.
2968 5046 3022 5103 g.
3051 5032 3125 5093 ad
