3647 5753
1430 388 1610 445 mse.
1656 389 1750 455 111,
1796 388 1963 446 DUB.
2006 391 2051 448 1.
2759 369 2762 374 ’
3036 395 3138 450 551

68 573 237 614 secun·
278 559 359 614 ita
381 557 662 614 tribuitur
688 561 804 615 Deo
831 573 952 615 esse
977 574 1208 615 causam
1237 565 1450 617 nostrae
1467 560 1642 634 justi-

43 620 246 724 ᾱέῃἋὲξ.
276 640 576 707 ficationis,
610 646 671 696 ut
711 641 1048 698 excludatur
1075 658 1403 710 concursus,
1434 648 1491 699 et
1517 641 1640 697 dis-

102 726 210 764 ¹¹¹¹¹¹=
279 725 484 797 positio
503 742 574 782 ex
596 730 757 798 parte
784 731 980 783 nostra
1007 746 1020 782 ε
1043 742 1178 800 ergo
1200 731 1263 782 ut
1285 725 1497 798 impius
1515 726 1641 799 J'us-

275 806 538 873 tificetur,
572 824 713 881 opus
742 825 857 865 non
886 815 990 877 est,
1020 807 1168 882 quod
1197 824 1258 864 se
1288 825 1388 881 per
1417 808 1641 881 aliquos

276 897 431 947 actus
460 889 741 963 disponat.
777 891 1061 949 Probatur
1088 890 1426 948 antecedens
1452 914 1466 956 ;
1499 905 1639 946 nam

42 963 351 1056 Adgemad
388 971 541 1028 Rom.
587 972 642 1036 9,
676 970 886 1028 dicitur
919 994 933 1030 τ
975 971 1106 1028 Non
1143 979 1220 1027 est
1265 972 1513 1035 volenti&
1545 988 1643 1026 nce

47 1063 106 1106 ι).
129 1046 560 1115 ahamoni-remis,
602 1052 693 1106 secl
719 1051 823 1108 Dei
860 1055 1180 1109 miserentis.
1216 1054 1282 1107 Et
1308 1054 1471 1108 Joan.
1528 1053 1592 1106 15
1624 1074 1635 1106 ι

272 1131 403 1189 Non
430 1149 523 1187 vos
549 1150 631 1187 me
670 1134 923 1204 eleqistiS,
968 1133 1060 1188 scd
1097 1150 1190 1204 eqo
1230 1133 1366 1202 eleqi
1410 1148 1522 1187 vos.
1571 1132 1642 1185 Et

81 1209 232 1253 oseas.
273 1211 426 1269 idem
441 1212 797 1287 significatur
819 1217 973 1271 Oseae
990 1216 1024 1269 3
1046 1236 1058 1269 ε
1079 1214 1323 1271 Perditio
1346 1221 1445 1268 tua
1471 1229 1542 1266 eae
1566 1218 1635 1278 te,

272 1295 647 1349 tantummodo
682 1298 741 1349 in
767 1314 849 1350 me
875 1296 1161 1350 amr-ilium
1183 1301 1359 1350 tuum.
1393 1296 1637 1365 Propter

69 1372 241 1467 {223}-
271 1391 395 1448 quae
425 1376 752 1432 testimonia
789 1375 1110 1433 Concilium
1134 1374 1396 1431 Arausic.
1419 1376 1488 1440 11,
1514 1390 1634 1445 cap.

222 1456 231 1465 '
273 1458 327 1521 4,
372 1457 694 1513 Anathema
721 1456 856 1512 dicit
882 1457 956 1523 ei,
988 1456 1087 1528 qui
1116 1455 1426 1512 asseruerit
1455 1457 1638 1511 Deum

272 1542 570 1609 expectare
614 1539 937 1594 voluntates
977 1543 1221 1603 nostras,
1254 1542 1315 1592 ut
1344 1553 1377 1593 a
1418 1539 1640 1609 peccato

48 1696 244 1789 affigen-
274 1634 744 1764 suffsrplolgdetur
789 1693 1051 1768 negando
1098 1692 1455 1757 antecedenS,
1487 1689 1638 1763 quod

178 1776 188 1787 '
273 1773 521 1830 inductis
572 1776 922 1832 testimoniis
962 1792 1081 1832 non
1131 1775 1440 1832 evincitur.
1491 1778 1637 1830 Nam

270 1855 383 1913 duo
431 1856 625 1929 priora
677 1858 1086 1932 intelliguntur
1130 1856 1200 1914 de
1262 1854 1638 1930 praedestina-

270 1939 445 2006 tione,
489 1945 545 1995 et
572 1941 850 1998 electione
887 1948 1120 2007 aeterna,
1166 1940 1238 1998 ad
1277 1955 1449 2014 quam
1493 1940 1638 1997 t'ate-

269 2036 405 2075 mur
453 2020 680 2076 nulIam
723 2022 1076 2094 praecessisse
1101 2021 1537 2094 dispositionem
1565 2036 1637 2078 ex

270 2105 430 2173 parte
478 2106 707 2157 nostra:
752 2101 850 2158 sed
891 2105 1071 2158 Deum
1119 2100 1519 2159 antecedenter
1566 2099 1637 2156 ad

268 2180 468 2238 omnia
510 2187 708 2239 nostra
756 2182 965 2239 merita
1012 2187 1067 2240 et
1092 2183 1363 2248 exercita,
1394 2187 1452 2239 et
1498 2198 1638 2256 prae-

271 2262 398 2319 visa
422 2264 660 2337 elegisse
685 2281 826 2337 quos
853 2267 1056 2322 voluit.
1084 2267 1196 2322 Per
1216 2265 1366 2339 quod
1394 2281 1512 2321 non
1532 2282 1638 2322 ex-

271 2342 523 2400 cluditur
562 2345 886 2417 cooperatio
932 2352 1127 2404 nostra
1172 2347 1522 2419 intempore
1566 2344 1635 2403 ad

272 2424 730 2498 consequendam
768 2427 1047 2490 salutem;
1077 2443 1214 2484 nam
1263 2428 1409 2485 hanc
1434 2442 1639 2500 coope-

273 2505 564 2561 rationem
612 2506 788 2562 etiam
835 2504 1087 2562 decrevit
1126 2509 1273 2564 Deus
1299 2524 1428 2564 cum
1468 2507 1639 2581 elegit

268 2600 393 2641 nos,
427 2585 686 2642 Tertium
711 2586 1109 2643 testimonium
1130 2588 1322 2645 solum
1348 2585 1633 2661 significat

266 2666 521 2721 liberum
546 2665 855 2723 arbitrium
877 2683 976 2739 per
996 2684 1057 2724 se
1076 2669 1285 2733 solum,
1311 2673 1366 2724 et
1386 2683 1487 2740 per
1507 2683 1637 2724 mo-

265 2744 404 2801 dum
429 2763 614 2803 causae
639 2746 843 2819 primas
867 2747 929 2802 in
956 2746 1269 2805 deficiendo
1289 2747 1546 2804 sufficere
1565 2746 1636 2804 ad

267 2826 514 2889 malum;
539 2825 798 2900 indigere
823 2830 1012 2883 autem
1039 2827 1226 2903 gratia
1249 2828 1347 2885 Dei
1371 2826 1440 2884 ad
1462 2843 1635 2901 opera

263 2906 642 2964 conducentia
680 2905 752 2962 ad
790 2906 1055 2964 salutem.
1089 2908 1235 2965 Hinc
1284 2914 1476 2965 autem
1515 2923 1636 2965 non

261 2988 542 3061 sequitur,
592 2986 741 3060 quod
790 2987 1042 3045 liberum
1090 2987 1401 3044 arbitrium
1447 2988 1636 3062 gratia

260 3068 360 3124 Dei
406 3072 760 3141 praeventum
807 3074 1050 3141 nequeat
1088 3085 1148 3127 se
1191 3067 1513 3142 disponere,
1580 3073 1637 3125 et

262 3149 377 3205 Deo
418 3148 713 3221 cooperari
743 3148 812 3204 ad
854 3148 1311 3222 consequendam
1354 3149 1634 3224 justifica-

262 3227 437 3285 tionis
462 3228 735 3302 gratiam.
762 3230 830 3282 Et
851 3228 914 3283 in
942 3229 1046 3286 hoc
1074 3245 1245 3286 sensu
1269 3229 1522 3303 procedit
1540 3247 1637 3287 ca·

261 3323 378 3364 non
408 3309 828 3375 Arausicanus;
860 3307 1101 3366 damnat
1146 3310 1358 3383 quippe
1385 3311 1639 3383 Semipe-

264 3390 522 3463 lagianos
562 3396 898 3457 asserentes,
943 3391 1093 3465 quod
1139 3391 1390 3465 propriis
1430 3397 1638 3449 nostrae

263 3468 564 3525 industrias
611 3469 834 3526 viribus
882 3472 1168 3543 possimus
1218 3471 1494 3527 inchoare
1533 3485 1639 3527 ne-

261 3551 484 3625 gotium
517 3551 963 3625 justificationiS,
996 3554 1089 3610 vel
1131 3551 1280 3625 quod
1328 3554 1476 3609 Deus
1527 3551 1640 3607 hu-

258 3629 512 3705 jusmodi
541 3632 711 3688 initia
738 3638 1025 3706 expectet,
1056 3633 1308 3690 minime
1355 3648 1495 3690 vero
1531 3647 1640 3688 ne-

258 3716 373 3787 gat,
406 3709 555 3784 quod
586 3711 800 3785 impius
827 3712 1031 3770 divino
1059 3714 1284 3770 auxilio
1314 3717 1640 3786 praeventus

262 3792 453 3848 valeat
499 3807 558 3848 se
606 3790 932 3867 disponere,
963 3800 1020 3852 et
1066 3796 1181 3852 Deo
1228 3793 1525 3867 cooperari
1567 3791 1638 3849 ad

261 3874 717 3946 consequendam
740 3877 989 3950 gratiam
1013 3875 1483 3934 sanctificantem.

335 3954 429 4009 29.
474 3954 580 4010 Sed
627 3963 827 4014 contra
874 3958 1021 4014 hanc
1075 3958 1506 4031 responsionem
1552 3954 1641 4010 in-

261 4039 527 4107 surgunt,
581 4039 857 4107 quoniam
887 4039 935 4095 si
979 4054 1097 4095 non
1144 4040 1299 4097 solus
1340 4042 1509 4102 Deus,
1540 4034 1640 4092 sed

262 4115 437 4172 homo
464 4116 641 4173 etiam
671 4124 944 4190 operatur
985 4118 1054 4175 ad
1103 4121 1399 4194 negotium
1424 4116 1639 4193 justifi-

262 4195 525 4263 cationiS,
556 4200 817 4271 sequitur
855 4202 1055 4273 prime,
1087 4200 1237 4273 quod
1264 4201 1412 4257 sicut
1436 4197 1641 4257 verifi-

261 4281 446 4341 catur,
478 4275 627 4333 Deus
631 4281 904 4352 justificat
926 4283 1195 4355 impium,·
1215 4282 1295 4339 ita
1314 4280 1516 4339 debeat
1536 4295 1640 4337 ve-

266 4355 504 4425 rificari,
555 4359 774 4432 Impius
807 4365 1080 4436 justificat
1124 4381 1178 4419 se
1206 4383 1224 4417 .·
1251 4362 1399 4437 quod
1443 4369 1640 4419 tamen

264 4438 581 4496 absurdum
604 4448 706 4510 est,
733 4449 789 4499 et
808 4446 937 4503 sine
958 4461 1168 4521 magna
1191 4445 1448 4503 hominis
1471 4461 1641 4502 arro-

264 4522 464 4597 gantia
509 4521 620 4579 dici
664 4540 781 4582 non
829 4529 1000 4586 valet.
1053 4528 1321 4601 Sequitur
1369 4528 1635 4594 secundo,

265 4602 419 4675 quod
446 4603 593 4658 sicut
639 4605 775 4675 quia
821 4608 995 4666 homo
1040 4624 1159 4665 non
1205 4613 1476 4682 operatur
1515 4608 1643 4665 sine

269 4685 404 4751 Dee,
436 4682 805 4744 verificatur:
843 4688 976 4745 Non
1001 4697 1082 4745 est
1126 4691 1363 4746 hominis
1387 4690 1637 4757 volentis,

267 4767 361 4823 sed
390 4764 493 4822 Dei
519 4768 856 4838 miserentis5
883 4771 963 4827 ita
989 4773 1125 4843 quia
1152 4774 1299 4828 Deus
1327 4789 1445 4829 non
1466 4770 1643 4845 justi-

267 4847 402 4905 ficat
430 4846 681 4919 impium
709 4851 838 4908 sine
875 4852 1000 4925 ejus
1027 4853 1447 4925 cooperatione,
1482 4850 1642 4908 veri-

268 4928 538 4988 ficabitur
570 4929 737 4988 :Non
763 4940 839 4989 est
866 4933 973 4991 Dei
995 4936 1321 5003 miserentis,
1354 4934 1446 4989 sed
1470 4934 1645 4988 homi-

269 5014 361 5069 nis
386 5010 636 5069 volentis.
670 5013 830 5079 Quod
859 5019 1073 5085 tamen,
1118 5015 1309 5089 inquit
1334 5012 1638 5090 Augustin.

40 3974 236 4030 nepum.

1769 562 1834 616 in
1854 560 2152 618 Euchirid.
2181 580 2306 636 cap.
2329 563 2422 629 52,
2449 564 2647 619 nullus
2670 563 3032 620 Christianus
3049 562 3145 619 di-
3159 579 3212 621 ι).
3229 582 3334 631 aug.

1770 658 1899 700 cere
1943 643 2196 701 audebit.
2245 645 2516 716 Sequitur
2562 648 2753 714 tertio,
2803 643 2954 718 quod
3001 644 3145 701 sicut

1772 723 2035 781 Christus
2054 728 2219 782 Joan.
2246 727 2300 791 3,
2321 726 2544 795 asserit,
2561 725 2698 784 Sine
2719 744 2801 781 me
2817 727 2961 781 nihil
2974 733 3147 797 potes·
3159 742 3212 784 n·
3231 743 3355 788 Joan.

1771 806 1846 859 tis
1859 807 2039 878 faeere
2060 805 2180 861 :ita
2208 806 2491 878 possimus
2514 807 2624 879 ipsi
2648 806 2857 870 dicere,
2879 804 3016 863 Sine
3042 823 3149 860 no-

1770 885 1855 940 bis
1870 886 2015 943 nihil
2023 892 2174 958 potes
2187 887 2369 960 facere
2381 905 2402 955 ‚·
2416 887 2736 959 requiritur
2750 886 2909 943 enim
2937 886 3146 941 utrius-

1769 983 1880 1038 que
1906 983 2216 1024 concursus
2237 974 2294 1024 et
2321 969 2667 1041 cooperatio.

1847 1048 1932 1104 Ad
1961 1048 2236 1122 primum,
2286 1048 2434 1122 quod
2464 1066 2568 1122 pro
2594 1048 2840 1105 absurdo
2867 1047 3135 1115 infertur,
3153 1053 3329 1099 solutio.

1772 1129 2077 1202 respondet
2098 1132 2267 1204 Vasq.
2295 1133 2354 1186 in
2374 1132 2623 1205 praesenti
2642 1138 2753 1188 art.
2777 1132 2832 1196 3,
2855 1127 2999 1186 illud
3022 1144 3140 1185 non

1769 1226 1893 1267 esse
1919 1209 2263 1281 absurdum;
2293 1213 2428 1286 quia
2468 1212 2573 1269 illa
2601 1211 2913 1286 propositio
2949 1210 3137 1267 solum

1769 1293 2030 1367 designat
2069 1292 2367 1350 hominem
2389 1292 2705 1366 justificare
2742 1308 2802 1349 se
2841 1293 2904 1348 in
2929 1307 3139 1366 genere

1769 1390 1950 1430 causae
1996 1373 2319 1430 materialis
2364 1374 2732 1447 dispositivae.
2787 1375 2855 1427 Et
2901 1371 3138 1429 aliunde

1769 1452 2016 1511 habetur
2058 1455 2121 1511 in
2166 1470 2324 1512 sacra
2365 1455 2680 1528 Scriptura,
2717 1459 2781 1510 ut
2828 1457 2846 1511 l
2880 1457 3024 1511 Joan
3052 1455 3087 1509 3
3120 1464 3349 1510 :D.Joan.

1769 1535 1964 1592 Omnis
1988 1538 2085 1610 qui
2109 1534 2267 1592 habet
2313 1537 2458 1592 hanc
2487 1553 2634 1609 spem
2661 1538 2973 1608 sanctificat
2998 1552 3072 1591 se.
3101 1537 3139 1590 2

1768 1614 1840 1672 ad
1868 1616 2129 1673 Corinth.
2160 1617 2197 1670 4
2225 1637 2239 1672 :
2271 1616 2602 1675 Mundemus
2647 1633 2745 1672 nos
2771 1617 2839 1672 ab
2867 1618 3017 1672 omni
3045 1618 3138 1672 in·
3155 1611 3222 1654 Ad
3235 1612 3335 1663 cor,

1767 1698 2121 1773 quinamento
2164 1698 2370 1761 σαι-πίε,
2418 1704 2468 1751 et
2507 1699 2759 1769 spiritus,
2807 1698 3140 1769 perficientes

1763 1778 2252 1849 sanctificationem
2268 1778 2327 1831 in
2344 1777 2535 1831 timore
2549 1775 2714 1832 Dete
2725 1776 2795 1833 ad
2811 1775 3105 1833 Timoth.2
3123 1796 3137 1831 ε

1765 1855 1838 1914 Si
1877 1859 2001 1931 quis
2038 1857 2422 1914 emundaverit
2447 1874 2502 1912 se
2540 1857 2609 1913 ab
2636 1859 2776 1924 istis,
2809 1860 2914 1913 erit
2942 1874 3042 1912 vas
3079 1858 3141 1911 in

1767 1938 2042 1994 honorem.
2091 1939 2300 1995 Melius
2346 1943 2542 1995 tamen
2589 1936 2968 2012 respondetur
3006 1953 3138 1993 cum

1766 2018 2019 2087 Medina,
2050 2021 2262 2085 Zumel‚
2289 2025 2345 2077 et
2371 2022 2606 2078 Arauxo
2648 2018 2910 2095 negando
2934 2035 3140 2093 seque·
3153 2021 3335 2115 {2³¹ng-

1767 2101 1905 2167 lam,
1938 2106 1995 2156 et
2035 2101 2483 2174 propositionem
2511 2102 2698 2170 illam,
2748 2105 2915 2173 prout
2950 2101 3097 2173 jacet
3121 2103 3333 2167 3Araux0’.

1766 2183 1903 2255 quia
1930 2184 1993 2240 in
2023 2184 2214 2258 rigore
2238 2182 2524 2257 significat
2550 2184 2800 2256 impium
2838 2197 2961 2239 esse
3002 2199 3141 2239 cau-

1766 2279 1891 2320 sam
1939 2263 2320 2336 principalem
2371 2279 2487 2319 suae
2539 2261 2987 2340 justificationis,
3039 2275 3138 2318 seu

1765 2343 1966 2418 gratiae
2004 2341 2405 2417 justificantis,
2450 2343 2599 2416 quod
2639 2347 2724 2400 est
2764 2342 2998 2398 falsum.
3028 2343 3141 2397 Nec

1765 2424 2093 2497 oppositum
2121 2421 2364 2480 suadent
2385 2422 2716 2479 testimonia
2740 2421 3010 2494 proxime
3036 2434 3134 2476 re-

1769 2507 1920 2573 lata;
1950 2506 2086 2579 quia
2127 2507 2221 2562 vel
2262 2522 2332 2562 ex
2360 2504 2643 2579 adjunctis
2670 2502 3140 2560 determinantur

1767 2585 1838 2642 ad
1886 2583 2334 2662 significandum
2384 2585 2617 2658 praecise
2663 2582 2812 2657 quod
2861 2583 3034 2639 homo
3078 2597 3140 2638 se

1759 2666 2037 2741 justificat
2059 2664 2427 2738 dispositive;
2457 2667 2549 2722 vel
2592 2666 2907 2737 loquuntur
2934 2662 3005 2718 de
3031 2661 3139 2719 ho-

1767 2747 1929 2803 mine
1971 2747 2093 2821 jam
2137 2743 2466 2818 justificato,
2499 2746 2596 2818 qui
2628 2761 2729 2818 per
2774 2759 2948 2817 opera
2988 2741 3138 2799 bona

1766 2830 2045 2893 meretur,
2078 2830 2247 2899 atque
2289 2824 2417 2883 ideo
2443 2842 2611 2883 causa
2639 2825 2940 2883 moraliter
2967 2822 3137 2897 prin-

1766 2908 2030 2982 cipaliter
2057 2911 2434 2981 augmentum
2451 2908 2712 2981 justitiae.
2741 2910 2806 2963 In
2824 2921 2937 2978 quo
2964 2920 3135 2962 sensu

1765 2987 1979 3045 dicitur
2017 2988 2330 3062 Apocalyp.
2379 2987 2594 3044 ultimo
2628 3009 2642 3043 ε
2677 2986 2787 3058 Qui
2803 2989 2992 3057 justus
3035 2992 3131 3051 est,
3163 2990 3336 3045 Apocul-

1757 3068 2094 3141 justifioetur
2114 3067 2314 3123 adhuc.

1841 3149 2167 3208 Secundum
2192 3148 2611 3206 inconveniens
2625 3147 2872 3204 minime
2888 3145 3139 3203 infertur

1766 3249 1840 3290 ex
1880 3238 2080 3289 nostra
2125 3229 2406 3297 doctrina,
2455 3229 2592 3302 quia
2636 3246 2754 3286 non
2801 3227 3135 3295 asserimus,

1766 3313 1918 3387 quod
1946 3315 2114 3378 Deus,
2141 3318 2197 3369 et
2226 3311 2476 3369 liberum
2506 3310 2817 3367 arbitrium
2847 3310 3143 3381 aequaliter

1769 3396 1841 3452 ad
1861 3396 2110 3470 gratiam
2134 3393 2562 3468 justificationis
2582 3399 2963 3466 cooperentur
2985 3417 2998 3459 ;
3044 3393 3144 3451 sed

1769 3475 2134 3534 concedimus
2203 3478 2384 3533 Deum
2450 3475 2796 3547 simpliciter
2868 3475 3145 3533 inchoare

1769 3556 1923 3613 istud
1966 3555 2282 3631 negotium,
2334 3554 2759 3626 praeveniendo,
2792 3560 2847 3611 et
2896 3571 3140 3627 praemo-

1769 3636 1959 3694 vendo
2019 3636 2321 3693 efficaciter
2387 3633 2638 3690 liberum
2706 3633 3017 3692 arbitrium
3071 3635 3142 3693 ad

1770 3714 2154 3789 operandum.
2203 3712 2368 3771 Unde
2395 3714 2518 3786 ipsa
2553 3712 2726 3771 liberi
2752 3715 2981 3771 arbitrii
3008 3732 3142 3773 coo-

1771 3797 2009 3872 peratio,
2049 3802 2107 3853 et
2150 3794 2558 3853 determinatio
2607 3795 2981 3852 adscribenda
3026 3798 3142 3855 Deo

1767 3887 1883 3947 est;
1912 3897 1945 3937 e
1970 3884 2170 3936 contra
2197 3893 2338 3934 vero
2377 3878 2701 3951 cooperatio
2749 3879 2848 3934 Dei
2899 3893 3016 3935 non
3055 3883 3142 3936 est

1770 3958 2138 4018 attribuenda
2161 3957 2346 4015 libero
2373 3958 2638 4016 arbitrio.
2683 3961 2774 4014 An
2803 3964 2994 4016 autem
3035 3958 3142 4017 hoc

3152 1758 3220 1804 Ad
3231 1759 3339 1805 Tim.

1770 4040 2086 4100 absurdum
2135 4056 2168 4095 a
2216 4038 2565 4095 Lutheranis
2612 4038 2894 4113 objectum
2941 4045 3140 4113 urgeat

1769 4141 1884 4192 eos,
1938 4123 2035 4197 qui
2066 4126 2276 4197 negant
2303 4137 2645 4178 concursum
2695 4120 2794 4177 Dei
2832 4122 3135 4194 praevium,

1769 4209 1827 4261 et
1849 4203 2150 4269 efficacem,
2195 4208 2251 4259 et
2295 4203 2485 4259 solum
2528 4199 2843 4258 admittunt
2868 4203 3141 4258 simulta-

1774 4300 1971 4349 neum,
2000 4283 2110 4357 ipsi
2139 4281 2418 4340 viderint.

1846 4365 2112 4422 Tertium
2132 4363 2381 4437 denique
2409 4362 2825 4419 inconveniens
2848 4368 3044 4421 manet
3068 4379 3143 4421 ex

1770 4447 1939 4504 dictis
1958 4447 2253 4503 exclusum
2287 4466 2300 4501 ε
2325 4450 2448 4500 tum
2482 4445 2619 4516 quia
2649 4446 2796 4500 Deus
2819 4450 2999 4519 potest
3036 4445 3142 4502 ab·

1770 4529 1955 4585 solute
1980 4527 2229 4599 impium
2251 4524 2568 4599 ,iustificare
2591 4523 3047 4597 independenter
3068 4526 3142 4584 ab

1769 4610 1893 4683 ejus
1920 4606 2338 4680 cooperatione,
2366 4612 2427 4662 ut
2450 4606 2579 4661 dub.
2612 4622 2719 4684 seq.
2768 4605 3095 4664 videbimus
3123 4631 3136 4666 ε

1771 4696 1895 4746 tum
1934 4690 2070 4761 quia
2115 4687 2438 4761 cooperatio
2465 4686 2723 4744 hominis
2768 4693 2851 4743 est
2889 4704 2959 4744 ex
2986 4692 3135 4759 Deo;

1769 4770 1869 4828 sed
1889 4769 2212 4844 cooperatio
2241 4769 2341 4827 Dei
2378 4785 2498 4828 non
2516 4774 2600 4826 est
2626 4785 2696 4826 ex
2740 4770 2997 4829 homine.
3029 4772 3138 4829 Vi-

1769 4853 2016 4911 deantur
2036 4869 2161 4925 quae
2186 4851 2446 4909 diximus
2467 4860 2630 4910 tract.
2650 4853 2876 4927 praeced.
2908 4854 3050 4927 disp.
3076 4856 3132 4922 5,

1769 4934 1898 5000 dub,
1931 4936 1987 5001 6,
2020 4935 2131 5003 54.

1846 5015 1937 5071 30.
1982 5016 2246 5090 Arguunt
2286 5015 2472 5084 tertio,
2494 5014 2631 5089 quia
2661 5017 2809 5075 Deus
2832 5015 2930 5074 dat
2955 5016 3136 5092 impio
