3647 5753
84 127 231 251 l

270 4563 456 4713 ‹fusoli-‘353
486 4606 752 4679 praemiat
775 4604 981 4661 merita
1030 4610 1225 4659 nostra
1266 4619 1441 4675 supra
1481 4601 1850 4677 condignum,

320 4714 420 4755 tum.

466 375 501 429 7
519 373 585 428 16
1415 361 1509 416 DE
1549 358 2037 415 NECESSITATE
2078 360 2394 417 GRATIAE.

470 545 680 620 gratia,
713 543 1088 601 sufficientem
1134 536 1583 614 condignitatem
1630 532 1848 591 habent

474 625 545 684 ad
568 628 750 683 vitam
773 632 1070 689 aeternam,
1101 628 1156 680 et
1197 621 1516 677 maximam
1564 633 1693 674 eum
1741 617 1847 672 illa

476 708 907 781 proportionem
927 706 990 761 in
1009 704 1233 761 ratione
1244 701 1440 759 meriti
1451 699 1521 756 ad
1539 697 1844 772 praemium

474 793 745 865 quamvis
776 789 1177 854 materialiter,
1210 791 1265 844 et
1291 786 1354 841 in
1375 799 1497 841 esse
1527 783 1678 841 entis
1697 780 1846 837 visio

473 874 735 933 beatifica
756 871 1128 931 excellentior
1155 870 1251 925 sit.
1275 867 1490 925 Eodem
1531 865 1701 922 modo
1728 864 1847 921 sol-

473 957 728 1016 vendum
756 962 842 1012 est
885 952 1201 1012 secundum
1248 948 1846 1015 testimonium3nam

471 1055 735 1097 excessus
761 1040 862 1095 ille
887 1037 1086 1112 gloriae
1126 1035 1190 1091 in
1221 1033 1446 1090 ratione
1473 1029 1697 1103 praemii
1727 1043 1846 1084 non

474 1129 559 1179 est
587 1120 656 1178 ad
684 1120 894 1177 merita
921 1122 1136 1181 nostra,
1182 1112 1509 1171 formaliter
1537 1116 1600 1167 ut
1638 1109 1848 1167 merita

472 1205 627 1266 sunt,
660 1217 764 1258 nee
807 1198 993 1274 gloria
1031 1201 1118 1254 est
1155 1211 1334 1267 supra
1381 1194 1505 1266 ipsa
1530 1189 1846 1248 seeundum

473 1280 623 1356 quod
652 1280 963 1354 procedunt
984 1294 1018 1335 a
1056 1277 1261 1353 gratia,
1309 1273 1408 1331 sed
1431 1279 1492 1329 ut
1517 1277 1653 1329 sunt
1690 1288 1724 1328 a
1769 1270 1848 1326 li-

476 1363 615 1421 bero
659 1361 921 1426 arbitrio,
953 1361 1047 1416 vel
1101 1374 1133 1414 a
1165 1354 1477 1413 virtutibus
1527 1352 1841 1426 acquisitis,

474 1437 814 1512 autinfusiS,
843 1449 903 1499 ut
930 1440 1365 1500 considerantur
1389 1436 1624 1511 praecise
1650 1450 1849 1492 secun-

473 1528 614 1584 dum
642 1543 807 1583 suam
829 1527 1148 1590 entitatem,
1175 1529 1232 1580 et
1245 1519 1648 1587 substantiam,
1675 1533 1849 1592 praes-

473 1609 828 1683 einduntque
855 1606 1165 1665 abinssuxu
1193 1606 1411 1680 gratiae.

546 1693 658 1747 Per
682 1689 832 1764 quod
862 1694 1013 1763 patet
1039 1690 1215 1746 etiam
1240 1685 1310 1744 ad
1339 1685 1416 1750 id,
1438 1681 1589 1757 quod
1611 1679 1849 1738 adduci-

470 1777 566 1828 tur
587 1787 657 1828 ex
687 1771 906 1828 Sanctis
928 1768 1195 1827 Patribus
1221 1792 1234 1835 ;
1260 1782 1398 1824 nam
1420 1766 1511 1821 vel
1535 1764 1849 1835 loquuntur

470 1856 536 1912 in
556 1871 726 1912 sensu
778 1854 1052 1911 haetenus
1098 1851 1400 1925 explicam,
1431 1849 1524 1904 vel
1569 1847 1620 1902 si
1668 1843 1846 1917 aliqui

469 1952 674 1994 eorum
699 1937 1014 2010 loquuntur
1036 1933 1107 1990 de
1127 1931 1396 2007 operibus
1423 1928 1654 1993 nostris„
1670 1925 1846 1983 etiam

475 2023 538 2075 ut
564 2017 876 2091 procedunt
916 2034 948 2073 a
988 2017 1192 2092 gratia,
1224 2020 1286 2070 ut
1310 2012 1645 2086 Fulgentius
1691 2007 1847 2080 loqui

472 2099 723 2165 videtur,
754 2103 1092 2170 comparant
1137 2097 1240 2153 illa
1291 2093 1363 2151 ad
1409 2090 1843 2154 beatitudinem,

475 2197 595 2238 non
617 2180 943 2239 formaliter
991 2178 1054 2234 in
1102 2178 1324 2235 ratione
1350 2173 1565 2238 meriti,
1596 2176 1652 2228 et
1698 2183 1847 2242 prae-

475 2264 605 2327 mii,
638 2263 735 2320 sed
758 2262 1158 2324 materialiter,
1190 2264 1246 2316 et
1267 2259 1330 2314 in
1369 2272 1491 2313 esse
1535 2253 1685 2312 entis
1718 2266 1848 2307 :se—

475 2344 729 2402 cundum
752 2360 924 2417 quam
952 2342 1236 2399 rationem
1257 2343 1473 2396 eertum
1496 2347 1600 2401 est,
1616 2334 1848 2391 nullum

476 2444 616 2501 opus
630 2426 923 2500 praesentis
940 2426 1075 2481 vitae
1092 2423 1393 2496 adaequare
1407 2416 1842 2482 beatitudinem,

477 2527 607 2566 eum
638 2508 784 2565 illud
813 2512 886 2564 sit
927 2507 1265 2580 temporale,
1300 2505 1421 2560 haec
1445 2508 1679 2568 aeterna,
1704 2515 1850 2574 gau-

479 2591 755 2662 diumque
774 2588 924 2662 quod
961 2604 1031 2645 ex
1058 2605 1125 2645 ea
1154 2585 1424 2660 procedit,
1451 2585 1617 2659 longe
1661 2582 1850 2655 majus

478 2672 574 2738 sit,
599 2686 771 2742 quam
800 2668 1044 2742 quilibet
1081 2666 1265 2734 labor,
1308 2666 1403 2723 vel
1443 2664 1628 2730 dolor,
1678 2678 1849 2737 quem

480 2754 545 2808 in
563 2752 827 2825 praesenti
851 2752 970 2807 vita
986 2752 1252 2815 tolerare,
1270 2754 1368 2806 aut
1385 2749 1499 2822 pati
1524 2764 1844 2821 possumus.

477 2837 592 2891 Nec
618 2834 836 2890 mirum
864 2832 912 2888 si
942 2831 1105 2900 illud,
1131 2830 1279 2906 quod
1303 2831 1381 2886 ita
1399 2828 1619 2886 excedit
1639 2829 1852 2887 merita

478 2915 756 2973 nostrain
771 2929 892 2970 esse
921 2914 1091 2979 entiS,
1118 2912 1454 2984 adaequatur
1494 2910 1617 2966 illis
1660 2910 1724 2967 in
1749 2926 1849 2967 ra-

478 2998 636 3054 tione
659 2995 901 3070 praemii‚
924 2995 1247 3068 quiaetiam
1272 3009 1458 3066 poena.
1481 3008 1606 3065 quae
1628 2996 1851 3064 peceato

480 3078 715 3136 mortali
737 3075 1156 3148 correspondet,
1183 3074 1401 3132 excedit
1429 3074 1492 3130 in
1540 3089 1661 3129 esse
1700 3074 1852 3129 entis

480 3159 608 3216 sine
660 3157 1086 3230 comparatione
1127 3157 1316 3229 ipsum
1366 3158 1679 3227 peceatum;
1732 3169 1851 3210 non

480 3238 640 3296 enim
693 3242 1116 3302 momentanea,
1148 3246 1206 3294 et
1250 3235 1476 3293 modica
1530 3234 1846 3300 delectatiO,

481 3333 607 3391 quae
654 3320 715 3375 in
744 3324 867 3375 actu
897 3319 1104 3389 peceati
1132 3316 1437 3390 reperitur,
1463 3315 1850 3387 comparatio·

482 3415 615 3456 nem
639 3397 810 3455 habet
837 3400 899 3455 in
920 3414 1041 3455 esse
1080 3397 1229 3454 entis
1250 3413 1379 3454 cum
1404 3411 1573 3469 poena
1592 3401 1808 3452 aeterna
1833 3418 1848 3462 3

479 3488 537 3539 et
563 3488 757 3538 tamen
781 3482 842 3537 in
862 3480 1085 3537 ratione
1113 3496 1310 3556 poenae,
1343 3486 1399 3536 et
1423 3479 1694 3536 demeriti
1716 3483 1854 3533 sunt

478 3562 651 3620 valde
672 3562 1131 3636 proportionata;
1159 3566 1214 3617 et
1239 3567 1356 3618 tota
1381 3562 1487 3615 ista
1517 3575 1684 3633 poena
1704 3558 1853 3615 cadit

483 3644 554 3700 de
574 3643 857 3718 condigno
884 3640 988 3697 sub
1034 3642 1241 3697 merito
1281 3639 1510 3714 peceati,
1542 3641 1661 3697 imo
1707 3640 1854 3696 forte

485 3724 632 3781 illud
661 3740 779 3781 non
827 3722 1100 3796 adaequat,
1127 3721 1260 3794 quia
1300 3725 1447 3778 Deus
1495 3721 1658 3794 punit
1709 3723 1853 3776 citra

484 3804 855 3879 condignum.

285 3895 472 3942 solvitur
557 3878 644 3934 Ad
689 3877 1183 3936 confirmationem
1232 3875 1608 3948 respondetur
1633 3918 1646 3941 ‚
1703 3873 1853 3948 quod

294 3948 448 4005 contir-

296 4003 443 4040 matio.

484 3958 603 4014 vita
628 3964 843 4016 aeterna
885 3959 947 4013 in
977 3957 1269 4027 Scriptura
1315 3956 1527 4012 dieitur
1565 3955 1770 4029 gratia,
1797 3959 1855 4011 et

484 4038 689 4095 donari
717 4038 914 4113 gratis,
949 4051 1065 4091 non
1089 4036 1433 4100 formaliter,
1465 4032 1565 4090 sed
1606 4034 1854 4090 causali-

484 4124 590 4188 ter,
607 4120 732 4175 sive
761 4117 1119 4179 radicantem
1143 4117 1277 4188 quia
1328 4115 1614 4171 nimirum
1661 4130 1848 4180 causa,

483 4205 541 4257 et
552 4201 718 4257 radix
732 4201 874 4257 meri
885 4204 1092 4264 torum,
1112 4203 1342 4271 propter
1362 4212 1486 4269 quae
1500 4196 1617 4252 vita
1637 4202 1855 4252 aeterna

483 4282 798 4347 confertur,
823 4285 909 4337 est
933 4280 1120 4353 gratia
1141 4277 1491 4353 J'ustificanS,
1516 4293 1639 4351 quae
1675 4278 1855 4351 gratis

484 4362 651 4419 nobis
672 4361 1103 4433 donatur,juxta
1126 4358 1270 4416 illud
1299 4360 1552 4432 Apostoli
1587 4379 1600 4414 ε
1629 4358 1855 4424 ,iustifi-

484 4447 598 4501 cati
615 4445 793 4515 ¹qratis
811 4459 907 4515 per
922 4443 1167 4510 ‚qratiam
1196 4442 1390 4513 ipsius,
1422 4439 1493 4496 ad
1522 4441 1689 4497 Rom.
1720 4440 1775 4496 3.

558 4526 651 4601 20.
714 4522 970 4580 Secundo
1020 4521 1281 4596 arguitur
1332 4542 1345 4578 z
1386 4521 1659 4594 quoniam
1708 4524 1856 4577 Deus

484 4690 630 4746 sicut
652 4694 871 4761 peccata
897 4687 1064 4759 punit
1085 4685 1229 4742 eitra
1270 4685 1640 4760 condignum,
1666 4690 1729 4740 ut
1772 4691 1858 4742 est

484 4785 791 4827 commune
844 4767 1209 4841 proloquium
1264 4767 1685 4841 Theologorum
1745 4787 1758 4822 ε
1805 4767 1856 4822 si

483 4859 675 4911 autem
729 4851 938 4907 merita
981 4857 1175 4907 nostra
1222 4848 1293 4907 de
1341 4848 1627 4925 condigno
1673 4851 1856 4906 vitam

477 4944 753 4994 aeternam
795 4938 1178 4998 mererentur,
1213 4948 1330 4989 non
1357 4950 1551 5007 supra,
1577 4932 1675 4990 sed
1715 4949 1857 4991 eon—

475 5019 650 5092 digne
675 5016 973 5072 dumtaxat
1014 5014 1307 5087 perillam
1357 5014 1845 5086 praemiarentur;

1977 540 2121 592 esset
2140 536 2302 594 enim
2324 538 2694 613 condignum,
2724 544 2783 596 et
2833 539 3190 612 adaequatum
3240 556 3344 598 eo·

1979 634 2110 675 rum
2139 621 2463 692 praemium,
2493 638 2609 679 non
2636 638 2812 696 supra
2837 620 3210 696 condignum.

2053 700 2467 773 Respondetur,
2486 707 2663 759 Deum
2690 704 2995 776 praemiare
3015 720 3188 777 supra
3212 720 3345 761 con·
3358 730 3526 777 samo,

1978 778 2220 854 dignum
2245 783 2457 839 merita
2484 791 2699 849 nostra,
2731 800 2849 841 non
2890 785 3026 858 quia
3061 785 3181 858 ipsa
3223 800 3344 843 non

1978 864 2096 919 sint
2122 864 2404 940 condigna
2426 866 2800 934 beatitudine,
2825 869 2923 925 sed
2944 870 3076 941 quia
3125 869 3253 942 plus
3277 868 3343 925 in

1980 946 2334 1005 beatitudine
2361 949 2582 1019 tribuit,
2614 966 2788 1023 quam
2836 950 2940 1007 illa
2966 951 3036 1008 de
3060 952 3344 1026 condigno

1979 1035 2314 1086 mereantur
2339 1051 2352 1098 ;
2374 1031 2496 1087 sive
2518 1032 2621 1088 hoc
2649 1033 2775 1104 plus
2796 1032 2871 1088 sit
2903 1033 3127 1105 praemii
3147 1048 3343 1089 essen-

1980 1109 2154 1176 tialis,
2181 1116 2242 1166 ut
2263 1111 2311 1166 si
2333 1128 2439 1184 pro
2463 1116 2586 1168 actu
2603 1113 2702 1185 qui
2723 1117 2810 1170 est
2821 1114 3138 1188 condignus
3156 1114 3344 1188 gloria

1978 1192 2273 1249 essentiali
2301 1197 2364 1248 ut
2389 1199 2650 1267 quatuor,
2679 1193 2897 1251 tribuat
2921 1194 3167 1268 gloriam
3196 1212 3254 1251 v.
3281 1213 3337 1271 g.

1981 1280 2042 1331 ut
2060 1292 2179 1342 sex,
2204 1277 2347 1333 sicut
2369 1278 2538 1332 multi
2561 1275 2937 1350 probabiliter
2958 1279 3163 1335 volunt
3185 1299 3198 1345 ;
3220 1279 3344 1336 sive

1978 1357 2166 1414 solum
2206 1359 2282 1414 sit
2332 1358 2518 1429 gloria
2565 1358 2760 1430 aliqua
2809 1359 3193 1426 accidentalis,
3218 1375 3344 1433 quae

1982 1439 2218 1511 praemio
2237 1439 2529 1496 essentiali
2551 1439 2834 1514 condigno
2867 1441 2937 1497 de
2963 1457 3216 1516 congruo
3241 1457 3346 1497 su-

1981 1520 2346 1593 peraddatur,
2384 1522 2607 1578 ratione
2646 1525 2806 1598 cujus
2836 1523 3169 1597 praedietum
3194 1540 3345 1598 prae·

1981 1602 2166 1657 mium
2194 1604 2393 1660 crescit
2433 1619 2605 1675 supra
2635 1603 2714 1671 id,
2745 1603 2894 1677 quod
2936 1620 3109 1678 opera
3150 1612 3345 1662 nostra

1943 1692 1946 1701 “
1980 1681 2051 1739 de
2077 1683 2360 1758 condigno
2381 1683 2771 1751 merebantur,
2797 1686 2959 1742 etsie
2997 1684 3209 1743 dieitur
3243 1704 3347 1743 su-

1982 1784 2087 1840 pra
2112 1767 2485 1842 condignum,
2518 1775 2580 1824 ut
2608 1770 2710 1826 alii
2739 1768 3116 1844 probabititer
3166 1771 3346 1827 etiam

1981 1848 2314 1907 defendunt.
3099 1878 3106 1885 ·

2057 1932 2160 1987 Hie
2179 1938 2447 2004 quaerunt
2470 1934 2665 2008 aliqui,
2698 1949 2772 1990 an
2819 1932 3176 2008 condignitas
3221 1949 3549 2007 res-mm

1983 2018 2140 2086 pectu
2179 2012 2551 2071 beatitudinis
2592 2031 2663 2072 ex
2705 2032 2765 2072 se
2790 2017 3094 2073 conveniat
3119 2016 3350 2074 meritis
3376 2014 3549 2066 «imm

1975 2095 1996 2168 j
2006 2099 2263 2151 ustorum
2311 2097 2533 2153 ratione
2574 2097 2753 2153 solius
2798 2097 3053 2154 influxus
3099 2097 3351 2171 propriae

1980 2191 2179 2234 eorum
2201 2176 2400 2250 gratiae
2413 2176 2839 2243 sanctificantis,
2861 2194 2937 2234 an
2963 2194 3099 2235 vero
3122 2181 3351 2237 ratione

1981 2256 2325 2313 meritorum
2372 2257 2604 2325 Christi,
2636 2265 2692 2315 et
2735 2264 3015 2332 quatenus
3047 2276 3176 2316 cum
3224 2262 3352 2318 illis

1981 2341 2256 2408 tanquam
2283 2354 2412 2395 cum
2437 2341 2645 2396 merito
2671 2341 2760 2396 sui
2796 2342 2998 2414 eapitis
3043 2343 3352 2400 moraliter

1981 2420 2432 2477 continuantur?
2458 2422 2563 2479 Sed
2594 2423 2712 2478 haec
2730 2422 3030 2479 difficultas
3051 2425 3352 2496 propriam

1981 2499 2175 2557 sedem
2205 2501 2375 2561 habet
2421 2505 2455 2559 3
2476 2513 2627 2577 part.
2653 2506 2716 2562 in
2766 2507 3011 2563 materia
3038 2505 3109 2563 de
3133 2507 3345 2581 gratia,

1981 2588 2038 2639 et
2058 2585 2266 2642 merito
2292 2586 2527 2642 Christi.
2558 2588 2671 2644 Pro
2693 2603 2848 2646 nunc
2875 2588 3128 2646 breviter
3147 2588 3353 2644 dieen-

1982 2665 2119 2723 dum
2140 2674 2243 2735 est,
2257 2668 2464 2742 quodsi
2487 2671 2793 2744 loquamur
2812 2671 2884 2727 de
2903 2689 3071 2729 causa
3085 2672 3346 2740 formali,

1983 2764 2016 2803 a
2035 2765 2147 2821 qua
2168 2750 2454 2823 justorum
2478 2767 2581 2822 ope
2593 2768 2657 2809 ra
2698 2753 3029 2819 intrinsece,
3053 2760 3109 2812 et
3136 2756 3354 2811 imme-

1983 2827 2137 2888 diate
2164 2830 2483 2889 redduntur
2505 2833 2574 2890 de
2600 2833 2883 2910 condigno
2905 2836 3228 2904 meritoria,
3255 2852 3356 2894 ne·-

1982 2928 2267 2986 quaquam
2287 2920 2424 2970 sunt
2469 2916 2679 2972 merita
2695 2918 2928 2987 Christi,
2959 2917 3055 2974 sed
3079 2917 3205 2991 ipsa
3224 2919 3355 2991 jus-

1983 2997 2174 3050 torum
2194 2996 2396 3068 gratia,
2416 3012 2513 3052 seu
2532 2996 2590 3052 id
2610 2997 2759 3070 quod
2779 3014 2850 3055 ex
2870 3000 3055 3073 gratia
3083 2997 3356 3072 praedieta

1982 3094 2158 3152 opera
2179 3079 2542 3152 participant,
2563 3081 2728 3154 juxta
2753 3098 2818 3139 ea
2839 3099 2965 3154 quae
2992 3100 3146 3140 num.
3179 3087 3356 3142 l5ex·

1985 3162 2316 3234 plicuimuS.
2348 3163 2407 3218 Si
2434 3179 2573 3220 vero
2600 3179 2792 3221 sermo
2817 3166 2892 3221 sit
2912 3165 2982 3222 de
3000 3183 3170 3224 eausa
3192 3166 3356 3225 effec-

1984 3244 2104 3299 tiva
2130 3243 2579 3313 moraliter,sive
2601 3246 2918 3314 meritoria,
2936 3247 3014 3304 sie
3040 3264 3112 3305 ex
3125 3249 3357 3324 meritis

1985 3325 2199 3382 Christi
2229 3324 2440 3382 habent
2468 3343 2641 3399 opera
2671 3335 2864 3386 nostra
2904 3346 3138 3389 omnem
3180 3353 3355 3393 suum

1985 3407 2243 3463 valorem
2261 3408 2626 3465 meritorium
2649 3434 2662 3476 ;
2688 3412 2821 3483 quia
2838 3419 3067 3485 propter
3085 3417 3357 3488 praedicta

1984 3490 2213 3554 merita,
2232 3495 2288 3545 et
2310 3505 2425 3545 non
2448 3490 2617 3547 aliter
2639 3490 2807 3548 datur
2831 3492 2994 3550 nobis
3014 3499 3357 3573 gratia‚quae

1984 3575 2068 3626 est
2122 3570 2472 3642 principium
2501 3614 2513 3638 ,
2565 3578 2620 3628 et
2675 3574 2821 3631 ratio
2868 3574 3132 3633 formalis
3175 3581 3354 3638 totius

1986 3652 2169 3709 nostri
2198 3653 2412 3709 meriti.
2443 3655 2501 3710 Si
2531 3660 2724 3711 tamen
2743 3659 2927 3730 gratia
2949 3658 3150 3717 eadem
3178 3663 3354 3721 inde-

1987 3732 2302 3806 pendenter
2331 3750 2364 3789 a
2386 3735 2596 3791 Christi
2623 3739 2848 3794 meritis
2899 3741 3065 3798 nobis
3098 3742 3353 3803 donare-

1986 3819 2099 3882 tur,
2126 3815 2271 3870 sicut
2299 3816 2535 3889 Angelis
2556 3833 2816 3874 concessa
2841 3825 2943 3884 est,
2969 3838 3087 3880 non
3113 3825 3357 3882 alterius

1987 3896 2223 3961 valoriS,
2254 3895 2352 3952 sed
2380 3897 2632 3970 ejusdem
2663 3915 2897 3972 prorsus
2924 3903 3147 3973 (saltem
3178 3906 3239 3961 in
3261 3922 3358 3963 or·

1986 3974 2123 4033 dine
2164 3975 2233 4033 ad
2263 3978 2570 4049 praemium
2607 3982 2927 4054 essentiale)
2978 3992 3125 4042 esset
3156 3987 3220 4043 in
3248 3989 3361 4048 illo

1988 4073 2116 4113 casu
2160 4065 2424 4115 nostrum
2472 4060 2768 4117 meritum.
2814 4064 2920 4120 Sed
2971 4064 3042 4123 de
3081 4067 3185 4124 hoc
3231 4069 3360 4128 loeo

1985 4138 2174 4196 citato.

2456 4312 2771 4357 ARTICL'LUS
2807 4316 2880 4358 1v.

1994 4439 2140 4482 Utrum
2158 4440 2300 4492 aratia
2318 4441 2377 4482 sit
2391 4443 2651 4495 principium
2670 4445 2814 4488 meriti
2825 4447 3111 4501 princ-epatius
3120 4461 3204 4505 per
3217 4453 3364 4500 chare·-

2318 4500 2446 4540 tatem
2474 4511 2594 4553 quam
2606 4511 2689 4552 per
2704 4502 2816 4545 alias
2832 4504 3025 4547 virtutes.

2037 4632 2308 4698 Adnquartunt
2328 4633 2389 4698 sie
2408 4634 2659 4687 proceditur.
2681 4637 2857 4683 Videtur
2887 4642 2998 4694 quod
3025 4644 3156 4696 gratia
3187 4657 3272 4690 nou
3302 4648 3366 4692 sit

1989 4693 2236 4754 principium
2273 4691 2410 4735 meruti
2447 4694 2717 4745 principalius
2745 4706 2817 4749 per
2846 4698 3104 4752 charitatem,
3132 4713 3252 4755 uuam
3284 4715 3364 4758 per

1987 4746 2094 4790 alias
2124 4752 2312 4791 virtutes.
2343 4750 2506 4792 Merces
2529 4750 2641 4793 enim
2661 4754 2775 4803 operi
2796 4753 2986 4807 debetur,
3005 4758 3230 4802 secundum
3247 4760 3362 4805 iilud

1989 4802 2132 4845 matth.
2165 4805 2245 4846 20:
2266 4805 2374 4846 Voca
2399 4807 2624 4856 operarios,
2645 4812 2686 4849 et
2714 4808 2844 4853 redde
2862 4811 2952 4855 illis
2967 4814 3198 4858 mercedem
3221 4827 3362 4861 suam.

1989 4859 2073 4923 Sed
2091 4859 2288 4913 quaelibet
2305 4860 2436 4902 virtus
2447 4867 2510 4905 est
2529 4863 2775 4917 principium
2793 4866 2972 4919 alicujus
2988 4872 3141 4923 operis,
3158 4878 3225 4917 est
3239 4875 3364 4920 enlm

1989 4921 2122 4985 virtus
2140 4916 2304 4959 babitus
2319 4918 2572 4984 operativus,
2591 4926 2771 4974 utsupra
2791 4923 2973 4968 habitum
2990 4933 3070 4972 cst.
3088 4928 3364 4984 tergamu-

1989 4974 2060 5019 bet
2078 4981 2210 5019 virtus
2226 4982 2289 5020 est
2301 4978 2516 5030 aequaliter
2534 4979 2781 5033 principium
2799 4984 3001 5029 merendi.

2038 5035 2242 5079 Praeterea
2272 5052 2283 5078 ε
2305 5035 2529 5087 Apostolus
2555 5037 2658 5082 dicit
2678 5038 2768 5082 lad
2785 5040 2970 5085 corinth.
2985 5046 3038 5087 3:
3056 5046 3358 5101 Unusquisque

3132 5104 3349 5156 mortim

3253 5261 3416 5338 *X
