<?xml version="1.0" encoding="UTF-8"?>
<!DOCTYPE html PUBLIC "-//W3C//DTD XHTML 1.0 Transitional//EN"
    "http://www.w3.org/TR/xhtml1/DTD/xhtml1-transitional.dtd">
<html xmlns="http://www.w3.org/1999/xhtml" xml:lang="en" lang="en">
 <head>
  <title>
</title>
<meta http-equiv="Content-Type" content="text/html;charset=utf-8" />
  <meta name='ocr-system' content='tesseract 3.04.00' />
  <meta name='ocr-capabilities' content='ocr_page ocr_carea ocr_par ocr_line ocrx_word'/>
</head>
<body>
  <div class='ocr_page' id='page_1' title='image "./collegiisalmant00carmgoog_0266.png"; bbox 0 0 3647 5753; ppageno 0'>
   <div class='ocr_carea' id='block_1_1' title="bbox 495 387 2307 450">
    <p class='ocr_par' dir='ltr' id='par_1_1' title="bbox 495 387 2307 450">
     <span class='ocr_line' id='line_1_1' title="bbox 495 387 2307 450; baseline 0.004 -7"><span class='ocrx_word' id='word_1_1' title='bbox 495 388 606 445; x_wconf 74' lang='lat'>244</span> <span class='ocrx_word' id='word_1_2' title='bbox 1525 387 1617 442; x_wconf 85' lang='lat' dir='ltr'>DE</span> <span class='ocrx_word' id='word_1_3' title='bbox 1655 387 1928 443; x_wconf 77' lang='lat' dir='ltr'>GRATIA</span> <span class='ocrx_word' id='word_1_4' title='bbox 1966 390 2307 450; x_wconf 84' lang='lat' dir='ltr'><strong>EFFICACI.</strong></span> 
     </span>
    </p>
   </div>
   <div class='ocr_carea' id='block_1_2' title="bbox 951 559 1396 615">
    <p class='ocr_par' dir='ltr' id='par_1_2' title="bbox 951 559 1396 615">
     <span class='ocr_line' id='line_1_2' title="bbox 951 559 1396 615; baseline -0.007 0"><span class='ocrx_word' id='word_1_5' title='bbox 951 560 1237 615; x_wconf 83' lang='lat' dir='ltr'>DUBIUM</span> <span class='ocrx_word' id='word_1_6' title='bbox 1275 559 1396 613; x_wconf 83' lang='lat' dir='ltr'>vn.</span> 
     </span>
    </p>
   </div>
   <div class='ocr_carea' id='block_1_3' title="bbox 553 706 1794 873">
    <p class='ocr_par' dir='ltr' id='par_1_3' title="bbox 553 706 1794 873">
     <span class='ocr_line' id='line_1_3' title="bbox 553 706 1794 800; baseline -0.004 -22"><span class='ocrx_word' id='word_1_7' title='bbox 553 719 647 778; x_wconf 77' lang='lat' dir='ltr'>An</span> <span class='ocrx_word' id='word_1_8' title='bbox 682 723 733 776; x_wconf 79' lang='lat' dir='ltr'>si</span> <span class='ocrx_word' id='word_1_9' title='bbox 775 719 924 777; x_wconf 80' lang='lat' dir='ltr'>Deus</span> <span class='ocrx_word' id='word_1_10' title='bbox 959 728 1143 800; x_wconf 57' lang='lat' dir='ltr'>afferet</span> <span class='ocrx_word' id='word_1_11' title='bbox 1174 706 1493 785; x_wconf 60' lang='lat' dir='ltr'>necessario,</span> <span class='ocrx_word' id='word_1_12' title='bbox 1535 719 1794 775; x_wconf 77' lang='lat' dir='ltr'>voluntas</span> 
     </span>
     <span class='ocr_line' id='line_1_4' title="bbox 847 801 1498 873; baseline -0.003 -15"><span class='ocrx_word' id='word_1_13' title='bbox 847 809 1032 858; x_wconf 77' lang='lat' dir='ltr'>creata</span> <span class='ocrx_word' id='word_1_14' title='bbox 1069 808 1249 873; x_wconf 70' lang='lat' dir='ltr'>aqeret</span> <span class='ocrx_word' id='word_1_15' title='bbox 1287 801 1448 857; x_wconf 81' lang='lat' dir='ltr'>libere</span> <span class='ocrx_word' id='word_1_16' title='bbox 1467 801 1498 856; x_wconf 85' lang='lat'><em>?</em></span> 
     </span>
    </p>
   </div>
   <div class='ocr_carea' id='block_1_4' title="bbox 287 969 1861 2411">
    <p class='ocr_par' dir='ltr' id='par_1_4' title="bbox 287 969 1861 2411">
     <span class='ocr_line' id='line_1_5' title="bbox 287 969 1858 1043; baseline -0.003 -13"><span class='ocrx_word' id='word_1_17' title='bbox 287 985 484 1039; x_wconf 70' lang='lat' dir='ltr'>Aperitur</span> <span class='ocrx_word' id='word_1_18' title='bbox 574 971 702 1027; x_wconf 86' lang='grc'><strong>337.</strong></span> <span class='ocrx_word' id='word_1_19' title='bbox 747 970 1210 1043; x_wconf 78' lang='lat' dir='ltr'>DiscussiohuJus</span> <span class='ocrx_word' id='word_1_20' title='bbox 1230 969 1578 1027; x_wconf 83' lang='lat' dir='ltr'>difficultatis</span> <span class='ocrx_word' id='word_1_21' title='bbox 1595 985 1713 1026; x_wconf 90' lang='lat' dir='ltr'>non</span> <span class='ocrx_word' id='word_1_22' title='bbox 1738 985 1858 1026; x_wconf 90' lang='lat' dir='ltr'>mo·</span> 
     </span>
     <span class='ocr_line' id='line_1_6' title="bbox 306 1041 1855 1129; baseline -0.002 -22"><span class='ocrx_word' id='word_1_23' title='bbox 306 1041 469 1129; x_wconf 51' lang='lat' dir='ltr'>32¹1?oe</span> <span class='ocrx_word' id='word_1_24' title='bbox 498 1050 683 1107; x_wconf 89' lang='lat' dir='ltr'>dicam</span> <span class='ocrx_word' id='word_1_25' title='bbox 722 1051 906 1107; x_wconf 86' lang='lat' dir='ltr'>lucem</span> <span class='ocrx_word' id='word_1_26' title='bbox 962 1050 1290 1108; x_wconf 81' lang='lat' dir='ltr'>conciliabit</span> <span class='ocrx_word' id='word_1_27' title='bbox 1329 1049 1400 1107; x_wconf 86' lang='lat' dir='ltr'>ad</span> <span class='ocrx_word' id='word_1_28' title='bbox 1454 1050 1855 1123; x_wconf 81' lang='lat' dir='ltr'>perfectiorem</span> 
     </span>
     <span class='ocr_line' id='line_1_7' title="bbox 303 1130 1858 1198; baseline -0.003 -8"><span class='ocrx_word' id='word_1_29' title='bbox 303 1136 466 1179; x_wconf 76' lang='lat' dir='ltr'>versiae.</span> <span class='ocrx_word' id='word_1_30' title='bbox 501 1132 763 1190; x_wconf 77' lang='lat' dir='ltr'>notitiam</span> <span class='ocrx_word' id='word_1_31' title='bbox 787 1138 1027 1198; x_wconf 61' lang='lat' dir='ltr'>naturae,</span> <span class='ocrx_word' id='word_1_32' title='bbox 1058 1138 1113 1190; x_wconf 89' lang='lat' dir='ltr'>et</span> <span class='ocrx_word' id='word_1_33' title='bbox 1133 1132 1478 1190; x_wconf 87' lang='lat' dir='ltr'>conditionis</span> <span class='ocrx_word' id='word_1_34' title='bbox 1505 1131 1713 1189; x_wconf 86' lang='lat' dir='ltr'>auxilii</span> <span class='ocrx_word' id='word_1_35' title='bbox 1741 1130 1858 1187; x_wconf 86' lang='lat' dir='ltr'>effi-</span> 
     </span>
     <span class='ocr_line' id='line_1_8' title="bbox 499 1212 1857 1287; baseline -0.002 -19"><span class='ocrx_word' id='word_1_36' title='bbox 499 1213 660 1279; x_wconf 89' lang='lat' dir='ltr'>cacis,</span> <span class='ocrx_word' id='word_1_37' title='bbox 685 1213 773 1269; x_wconf 90' lang='lat' dir='ltr'>cui</span> <span class='ocrx_word' id='word_1_38' title='bbox 803 1230 1054 1286; x_wconf 71' lang='lat' dir='ltr'>praesens</span> <span class='ocrx_word' id='word_1_39' title='bbox 1079 1213 1388 1287; x_wconf 87' lang='lat' dir='ltr'>disputatio</span> <span class='ocrx_word' id='word_1_40' title='bbox 1409 1212 1679 1270; x_wconf 85' lang='lat' dir='ltr'>deservit.</span> <span class='ocrx_word' id='word_1_41' title='bbox 1707 1213 1857 1285; x_wconf 89' lang='lat' dir='ltr'>Sup-</span> 
     </span>
     <span class='ocr_line' id='line_1_9' title="bbox 500 1293 1856 1367; baseline -0.001 -16"><span class='ocrx_word' id='word_1_42' title='bbox 500 1293 768 1367; x_wconf 90' lang='lat' dir='ltr'>ponimus</span> <span class='ocrx_word' id='word_1_43' title='bbox 805 1311 942 1351; x_wconf 83' lang='lat' dir='ltr'>vero</span> <span class='ocrx_word' id='word_1_44' title='bbox 986 1311 1058 1352; x_wconf 84' lang='lat' dir='ltr'>ex</span> <span class='ocrx_word' id='word_1_45' title='bbox 1104 1296 1374 1352; x_wconf 87' lang='lat' dir='ltr'>hactenus</span> <span class='ocrx_word' id='word_1_46' title='bbox 1419 1293 1603 1360; x_wconf 86' lang='lat' dir='ltr'>dictis,</span> <span class='ocrx_word' id='word_1_47' title='bbox 1676 1295 1856 1349; x_wconf 92' lang='lat' dir='ltr'>Deum</span> 
     </span>
     <span class='ocr_line' id='line_1_10' title="bbox 501 1372 1857 1448; baseline -0.001 -19"><span class='ocrx_word' id='word_1_48' title='bbox 501 1389 851 1446; x_wconf 83' lang='lat' dir='ltr'>praemovere</span> <span class='ocrx_word' id='word_1_49' title='bbox 878 1374 1126 1448; x_wconf 80' lang='lat' dir='ltr'>physice,</span> <span class='ocrx_word' id='word_1_50' title='bbox 1174 1379 1229 1430; x_wconf 93' lang='lat' dir='ltr'>et</span> <span class='ocrx_word' id='word_1_51' title='bbox 1254 1373 1552 1430; x_wconf 88' lang='lat' dir='ltr'>efficaciter</span> <span class='ocrx_word' id='word_1_52' title='bbox 1580 1372 1857 1429; x_wconf 82' lang='lat' dir='ltr'>volunta-</span> 
     </span>
     <span class='ocr_line' id='line_1_11' title="bbox 498 1453 1856 1527; baseline -0.001 -18"><span class='ocrx_word' id='word_1_53' title='bbox 498 1458 612 1510; x_wconf 92' lang='lat' dir='ltr'>tem</span> <span class='ocrx_word' id='word_1_54' title='bbox 640 1459 889 1510; x_wconf 88' lang='lat' dir='ltr'>creatam</span> <span class='ocrx_word' id='word_1_55' title='bbox 911 1453 983 1510; x_wconf 88' lang='lat' dir='ltr'>ad</span> <span class='ocrx_word' id='word_1_56' title='bbox 1007 1453 1364 1527; x_wconf 90' lang='lat' dir='ltr'>operandum</span> <span class='ocrx_word' id='word_1_57' title='bbox 1392 1477 1405 1521; x_wconf 89' lang='lat'>;</span> <span class='ocrx_word' id='word_1_58' title='bbox 1437 1457 1494 1510; x_wconf 90' lang='lat' dir='ltr'>et</span> <span class='ocrx_word' id='word_1_59' title='bbox 1518 1453 1696 1510; x_wconf 91' lang='lat' dir='ltr'>simul</span> <span class='ocrx_word' id='word_1_60' title='bbox 1724 1468 1856 1508; x_wconf 88' lang='lat' dir='ltr'>cum</span> 
     </span>
     <span class='ocr_line' id='line_1_12' title="bbox 500 1533 1857 1604; baseline -0.001 -14"><span class='ocrx_word' id='word_1_61' title='bbox 500 1535 603 1590; x_wconf 88' lang='lat' dir='ltr'>hac</span> <span class='ocrx_word' id='word_1_62' title='bbox 627 1533 870 1591; x_wconf 88' lang='lat' dir='ltr'>efficacia</span> <span class='ocrx_word' id='word_1_63' title='bbox 896 1534 1250 1591; x_wconf 76' lang='lat' dir='ltr'>antecedenti</span> <span class='ocrx_word' id='word_1_64' title='bbox 1277 1534 1563 1592; x_wconf 81' lang='lat' dir='ltr'>cohaerere</span> <span class='ocrx_word' id='word_1_65' title='bbox 1606 1537 1857 1604; x_wconf 87' lang='lat' dir='ltr'>potesta-</span> 
     </span>
     <span class='ocr_line' id='line_1_13' title="bbox 499 1611 1859 1688; baseline -0.003 -15"><span class='ocrx_word' id='word_1_66' title='bbox 499 1621 616 1673; x_wconf 86' lang='lat' dir='ltr'>tem</span> <span class='ocrx_word' id='word_1_67' title='bbox 643 1617 955 1672; x_wconf 87' lang='lat' dir='ltr'>voluntatis</span> <span class='ocrx_word' id='word_1_68' title='bbox 981 1615 1050 1671; x_wconf 87' lang='lat' dir='ltr'>ad</span> <span class='ocrx_word' id='word_1_69' title='bbox 1077 1616 1398 1688; x_wconf 90' lang='lat' dir='ltr'>oppositum</span> <span class='ocrx_word' id='word_1_70' title='bbox 1422 1615 1484 1670; x_wconf 87' lang='lat' dir='ltr'>in</span> <span class='ocrx_word' id='word_1_71' title='bbox 1508 1630 1679 1670; x_wconf 87' lang='lat' dir='ltr'>sensu</span> <span class='ocrx_word' id='word_1_72' title='bbox 1703 1611 1859 1670; x_wconf 82' lang='lat' dir='ltr'>divi-</span> 
     </span>
     <span class='ocr_line' id='line_1_14' title="bbox 499 1692 1857 1769; baseline -0.001 -19"><span class='ocrx_word' id='word_1_73' title='bbox 499 1711 582 1761; x_wconf 89' lang='lat' dir='ltr'>so,</span> <span class='ocrx_word' id='word_1_74' title='bbox 601 1710 664 1751; x_wconf 90' lang='lat' dir='ltr'>ac</span> <span class='ocrx_word' id='word_1_75' title='bbox 680 1694 919 1768; x_wconf 86' lang='lat' dir='ltr'>proinde</span> <span class='ocrx_word' id='word_1_76' title='bbox 934 1694 1279 1752; x_wconf 88' lang='lat' dir='ltr'>libertatem.</span> <span class='ocrx_word' id='word_1_77' title='bbox 1301 1692 1640 1769; x_wconf 85' lang='lat' dir='ltr'>Hujusmodi</span> <span class='ocrx_word' id='word_1_78' title='bbox 1665 1698 1857 1749; x_wconf 90' lang='lat' dir='ltr'>autem</span> 
     </span>
     <span class='ocr_line' id='line_1_15' title="bbox 501 1772 1858 1849; baseline -0.004 -17"><span class='ocrx_word' id='word_1_79' title='bbox 501 1774 794 1849; x_wconf 85' lang='lat' dir='ltr'>praemotio</span> <span class='ocrx_word' id='word_1_80' title='bbox 838 1775 1149 1832; x_wconf 89' lang='lat' dir='ltr'>secundum</span> <span class='ocrx_word' id='word_1_81' title='bbox 1180 1780 1514 1848; x_wconf 76' lang='lat' dir='ltr'>praesentem</span> <span class='ocrx_word' id='word_1_82' title='bbox 1541 1778 1754 1830; x_wconf 88' lang='lat' dir='ltr'>statum</span> <span class='ocrx_word' id='word_1_83' title='bbox 1795 1772 1858 1828; x_wconf 86' lang='lat' dir='ltr'>fit</span> 
     </span>
     <span class='ocr_line' id='line_1_16' title="bbox 499 1854 1859 1930; baseline -0.004 -17"><span class='ocrx_word' id='word_1_84' title='bbox 499 1872 534 1913; x_wconf 90' lang='lat' dir='ltr'>a</span> <span class='ocrx_word' id='word_1_85' title='bbox 555 1858 669 1913; x_wconf 89' lang='lat' dir='ltr'>Deo</span> <span class='ocrx_word' id='word_1_86' title='bbox 697 1854 894 1923; x_wconf 91' lang='lat' dir='ltr'>libere,</span> <span class='ocrx_word' id='word_1_87' title='bbox 926 1862 980 1914; x_wconf 90' lang='lat' dir='ltr'>et</span> <span class='ocrx_word' id='word_1_88' title='bbox 1001 1856 1400 1914; x_wconf 84' lang='lat' dir='ltr'>indifferenter</span> <span class='ocrx_word' id='word_1_89' title='bbox 1427 1860 1629 1930; x_wconf 88' lang='lat' dir='ltr'>agente</span> <span class='ocrx_word' id='word_1_90' title='bbox 1653 1877 1667 1922; x_wconf 87' lang='lat'>;</span> <span class='ocrx_word' id='word_1_91' title='bbox 1692 1870 1859 1909; x_wconf 90' lang='lat' dir='ltr'>sum-</span> 
     </span>
     <span class='ocr_line' id='line_1_17' title="bbox 501 1938 1859 2013; baseline -0.002 -18"><span class='ocrx_word' id='word_1_92' title='bbox 501 1953 597 1995; x_wconf 90' lang='lat' dir='ltr'>ma</span> <span class='ocrx_word' id='word_1_93' title='bbox 616 1938 825 2011; x_wconf 90' lang='lat' dir='ltr'>quippe</span> <span class='ocrx_word' id='word_1_94' title='bbox 850 1938 1179 2004; x_wconf 84' lang='lat' dir='ltr'>eminentia,</span> <span class='ocrx_word' id='word_1_95' title='bbox 1211 1945 1266 1995; x_wconf 93' lang='lat' dir='ltr'>et</span> <span class='ocrx_word' id='word_1_96' title='bbox 1288 1938 1558 2013; x_wconf 83' lang='lat' dir='ltr'>perfectio</span> <span class='ocrx_word' id='word_1_97' title='bbox 1585 1938 1859 1994; x_wconf 87' lang='lat' dir='ltr'>volunta-</span> 
     </span>
     <span class='ocr_line' id='line_1_18' title="bbox 503 2016 1859 2091; baseline -0.002 -18"><span class='ocrx_word' id='word_1_98' title='bbox 503 2018 577 2073; x_wconf 89' lang='lat' dir='ltr'>tis</span> <span class='ocrx_word' id='word_1_99' title='bbox 602 2016 816 2074; x_wconf 77' lang='lat' dir='ltr'>divinae</span> <span class='ocrx_word' id='word_1_100' title='bbox 860 2019 1128 2091; x_wconf 86' lang='lat' dir='ltr'>exposcit,</span> <span class='ocrx_word' id='word_1_101' title='bbox 1161 2027 1223 2074; x_wconf 86' lang='lat' dir='ltr'>ut</span> <span class='ocrx_word' id='word_1_102' title='bbox 1264 2019 1327 2074; x_wconf 90' lang='lat' dir='ltr'>in</span> <span class='ocrx_word' id='word_1_103' title='bbox 1377 2019 1606 2074; x_wconf 90' lang='lat' dir='ltr'>nullum</span> <span class='ocrx_word' id='word_1_104' title='bbox 1636 2016 1748 2072; x_wconf 89' lang='lat' dir='ltr'>nisi</span> <span class='ocrx_word' id='word_1_105' title='bbox 1795 2016 1859 2070; x_wconf 89' lang='lat' dir='ltr'>in</span> 
     </span>
     <span class='ocr_line' id='line_1_19' title="bbox 502 2097 1860 2164; baseline -0.002 -11"><span class='ocrx_word' id='word_1_106' title='bbox 502 2097 766 2154; x_wconf 90' lang='lat' dir='ltr'>divinum</span> <span class='ocrx_word' id='word_1_107' title='bbox 806 2098 1125 2155; x_wconf 86' lang='lat' dir='ltr'>necessario</span> <span class='ocrx_word' id='word_1_108' title='bbox 1167 2098 1428 2164; x_wconf 60' lang='lat' dir='ltr'>seratum</span> <span class='ocrx_word' id='word_1_109' title='bbox 1485 2101 1693 2154; x_wconf 79' lang='lat' dir='ltr'>caetera</span> <span class='ocrx_word' id='word_1_110' title='bbox 1721 2110 1860 2151; x_wconf 88' lang='lat' dir='ltr'>vero</span> 
     </span>
     <span class='ocr_line' id='line_1_20' title="bbox 506 2173 1860 2253; baseline -0.004 -20"><span class='ocrx_word' id='word_1_111' title='bbox 506 2177 768 2250; x_wconf 87' lang='lat' dir='ltr'>respiciat</span> <span class='ocrx_word' id='word_1_112' title='bbox 807 2183 868 2234; x_wconf 93' lang='lat' dir='ltr'>ut</span> <span class='ocrx_word' id='word_1_113' title='bbox 894 2177 1109 2253; x_wconf 83' lang='lat' dir='ltr'>obJ‘ecta</span> <span class='ocrx_word' id='word_1_114' title='bbox 1152 2177 1494 2241; x_wconf 87' lang='lat' dir='ltr'>materialia,</span> <span class='ocrx_word' id='word_1_115' title='bbox 1536 2180 1593 2233; x_wconf 92' lang='lat' dir='ltr'>et</span> <span class='ocrx_word' id='word_1_116' title='bbox 1637 2173 1860 2230; x_wconf 81' lang='lat' dir='ltr'>inadae-</span> 
     </span>
     <span class='ocr_line' id='line_1_21' title="bbox 503 2257 1861 2332; baseline -0.004 -18"><span class='ocrx_word' id='word_1_117' title='bbox 503 2264 691 2331; x_wconf 89' lang='lat' dir='ltr'>quata,</span> <span class='ocrx_word' id='word_1_118' title='bbox 738 2275 864 2331; x_wconf 88' lang='lat' dir='ltr'>quae</span> <span class='ocrx_word' id='word_1_119' title='bbox 906 2258 1147 2332; x_wconf 87' lang='lat' dir='ltr'>proinde</span> <span class='ocrx_word' id='word_1_120' title='bbox 1174 2259 1253 2315; x_wconf 82' lang='lat' dir='ltr'>ita</span> <span class='ocrx_word' id='word_1_121' title='bbox 1280 2257 1350 2315; x_wconf 89' lang='lat' dir='ltr'>de</span> <span class='ocrx_word' id='word_1_122' title='bbox 1376 2258 1521 2314; x_wconf 83' lang='lat' dir='ltr'>facto</span> <span class='ocrx_word' id='word_1_123' title='bbox 1571 2261 1746 2321; x_wconf 89' lang='lat' dir='ltr'>amat,</span> <span class='ocrx_word' id='word_1_124' title='bbox 1798 2259 1861 2308; x_wconf 89' lang='lat' dir='ltr'>ut</span> 
     </span>
     <span class='ocr_line' id='line_1_22' title="bbox 505 2331 1854 2411; baseline -0.004 -16"><span class='ocrx_word' id='word_1_125' title='bbox 505 2339 678 2411; x_wconf 83' lang='lat' dir='ltr'>possit</span> <span class='ocrx_word' id='word_1_126' title='bbox 697 2356 763 2397; x_wconf 88' lang='lat' dir='ltr'>ea</span> <span class='ocrx_word' id='word_1_127' title='bbox 809 2338 1063 2396; x_wconf 83' lang='lat' dir='ltr'>absolute</span> <span class='ocrx_word' id='word_1_128' title='bbox 1088 2331 1394 2411; x_wconf 84' lang='lat' dir='ltr'>despicere.</span> <span class='ocrx_word' id='word_1_129' title='bbox 1446 2335 1606 2402; x_wconf 87' lang='lat' dir='ltr'>Quod</span> <span class='ocrx_word' id='word_1_130' title='bbox 1632 2351 1762 2392; x_wconf 90' lang='lat' dir='ltr'>cum</span> <span class='ocrx_word' id='word_1_131' title='bbox 1790 2337 1854 2390; x_wconf 93' lang='lat' dir='ltr'>D.</span> 
     </span>
    </p>
   </div>
   <div class='ocr_carea' id='block_1_5' title="bbox 238 2414 1867 2496">
    <p class='ocr_par' dir='ltr' id='par_1_5' title="bbox 238 2414 1867 2496">
     <span class='ocr_line' id='line_1_23' title="bbox 238 2414 1867 2496; baseline -0.001 -22"><span class='ocrx_word' id='word_1_132' title='bbox 238 2468 245 2474; x_wconf 88' lang='lat'><strong>.</strong></span> <span class='ocrx_word' id='word_1_133' title='bbox 302 2425 469 2469; x_wconf 64' lang='lat' dir='ltr'>wrim.</span> <span class='ocrx_word' id='word_1_134' title='bbox 503 2421 707 2477; x_wconf 86' lang='lat' dir='ltr'>Thom.</span> <span class='ocrx_word' id='word_1_135' title='bbox 741 2422 759 2475; x_wconf 95' lang='lat' dir='ltr'>l</span> <span class='ocrx_word' id='word_1_136' title='bbox 811 2427 960 2492; x_wconf 80' lang='lat' dir='ltr'>part.</span> <span class='ocrx_word' id='word_1_137' title='bbox 989 2426 1170 2496; x_wconf 65' lang='lat' dir='ltr'>quaest.</span> <span class='ocrx_word' id='word_1_138' title='bbox 1212 2421 1293 2486; x_wconf 89' lang='lat'>19,</span> <span class='ocrx_word' id='word_1_139' title='bbox 1325 2425 1436 2475; x_wconf 80' lang='lat' dir='ltr'>art.</span> <span class='ocrx_word' id='word_1_140' title='bbox 1468 2418 1519 2484; x_wconf 89' lang='lat'>3,</span> <span class='ocrx_word' id='word_1_141' title='bbox 1549 2423 1600 2471; x_wconf 82' lang='lat' dir='ltr'>et</span> <span class='ocrx_word' id='word_1_142' title='bbox 1627 2418 1715 2483; x_wconf 90' lang='lat' dir='ltr'>lO,</span> <span class='ocrx_word' id='word_1_143' title='bbox 1755 2414 1867 2472; x_wconf 81' lang='lat' dir='ltr'>do-·</span> 
     </span>
    </p>
   </div>
   <div class='ocr_carea' id='block_1_6' title="bbox 291 2495 1868 4988">
    <p class='ocr_par' dir='ltr' id='par_1_6' title="bbox 503 2495 1855 2572">
     <span class='ocr_line' id='line_1_24' title="bbox 503 2495 1855 2572; baseline -0.007 -15"><span class='ocrx_word' id='word_1_144' title='bbox 503 2503 632 2557; x_wconf 88' lang='lat' dir='ltr'>cent</span> <span class='ocrx_word' id='word_1_145' title='bbox 648 2499 1032 2556; x_wconf 88' lang='lat' dir='ltr'>communiter</span> <span class='ocrx_word' id='word_1_146' title='bbox 1046 2497 1341 2572; x_wconf 90' lang='lat' dir='ltr'>Theologi.</span> <span class='ocrx_word' id='word_1_147' title='bbox 1360 2495 1469 2554; x_wconf 92' lang='lat' dir='ltr'>Sed</span> <span class='ocrx_word' id='word_1_148' title='bbox 1490 2495 1732 2551; x_wconf 92' lang='lat' dir='ltr'>dubium</span> <span class='ocrx_word' id='word_1_149' title='bbox 1753 2498 1855 2560; x_wconf 90' lang='lat' dir='ltr'>est,</span> 
     </span>
    </p>

    <p class='ocr_par' dir='ltr' id='par_1_7' title="bbox 506 2571 1859 2650">
     <span class='ocr_line' id='line_1_25' title="bbox 506 2571 1859 2650; baseline -0.005 -15"><span class='ocrx_word' id='word_1_150' title='bbox 506 2595 581 2635; x_wconf 89' lang='lat' dir='ltr'>an</span> <span class='ocrx_word' id='word_1_151' title='bbox 606 2578 856 2636; x_wconf 87' lang='lat' dir='ltr'>admissa</span> <span class='ocrx_word' id='word_1_152' title='bbox 881 2577 1271 2650; x_wconf 88' lang='lat' dir='ltr'>suppositione</span> <span class='ocrx_word' id='word_1_153' title='bbox 1312 2573 1676 2649; x_wconf 88' lang='lat' dir='ltr'>impossibili,</span> <span class='ocrx_word' id='word_1_154' title='bbox 1709 2571 1859 2646; x_wconf 94' lang='lat' dir='ltr'>quod</span> 
     </span>
    </p>

    <p class='ocr_par' dir='ltr' id='par_1_8' title="bbox 508 2653 1864 2731">
     <span class='ocr_line' id='line_1_26' title="bbox 508 2653 1864 2731; baseline -0.005 -16"><span class='ocrx_word' id='word_1_155' title='bbox 508 2662 654 2718; x_wconf 90' lang='lat' dir='ltr'>Deus</span> <span class='ocrx_word' id='word_1_156' title='bbox 681 2658 890 2731; x_wconf 86' lang='lat' dir='ltr'>absque</span> <span class='ocrx_word' id='word_1_157' title='bbox 916 2658 1196 2724; x_wconf 84' lang='lat' dir='ltr'>libertate,</span> <span class='ocrx_word' id='word_1_158' title='bbox 1227 2663 1282 2713; x_wconf 91' lang='lat' dir='ltr'>et</span> <span class='ocrx_word' id='word_1_159' title='bbox 1308 2672 1436 2712; x_wconf 88' lang='lat' dir='ltr'>cum</span> <span class='ocrx_word' id='word_1_160' title='bbox 1480 2654 1730 2711; x_wconf 87' lang='lat' dir='ltr'>naturali</span> <span class='ocrx_word' id='word_1_161' title='bbox 1758 2653 1864 2710; x_wconf 91' lang='lat' dir='ltr'>de-</span> 
     </span>
    </p>

    <p class='ocr_par' dir='ltr' id='par_1_9' title="bbox 507 2735 1860 2797">
     <span class='ocr_line' id='line_1_27' title="bbox 507 2735 1860 2797; baseline -0.006 -1"><span class='ocrx_word' id='word_1_162' title='bbox 507 2740 913 2797; x_wconf 87' lang='lat' dir='ltr'>terminatione</span> <span class='ocrx_word' id='word_1_163' title='bbox 926 2738 995 2794; x_wconf 90' lang='lat' dir='ltr'>ad</span> <span class='ocrx_word' id='word_1_164' title='bbox 1019 2752 1198 2792; x_wconf 90' lang='lat' dir='ltr'>unum</span> <span class='ocrx_word' id='word_1_165' title='bbox 1223 2740 1481 2792; x_wconf 82' lang='lat' dir='ltr'>moveret</span> <span class='ocrx_word' id='word_1_166' title='bbox 1502 2735 1860 2791; x_wconf 84' lang='lat' dir='ltr'>voluntatem</span> 
     </span>
    </p>

    <p class='ocr_par' dir='ltr' id='par_1_10' title="bbox 502 2813 1862 2890">
     <span class='ocr_line' id='line_1_28' title="bbox 502 2813 1862 2890; baseline -0.007 -12"><span class='ocrx_word' id='word_1_167' title='bbox 502 2823 770 2885; x_wconf 88' lang='lat' dir='ltr'>creatam,</span> <span class='ocrx_word' id='word_1_168' title='bbox 796 2817 979 2874; x_wconf 88' lang='lat' dir='ltr'>adhuc</span> <span class='ocrx_word' id='word_1_169' title='bbox 1001 2818 1109 2874; x_wconf 89' lang='lat' dir='ltr'>ista</span> <span class='ocrx_word' id='word_1_170' title='bbox 1133 2820 1322 2890; x_wconf 90' lang='lat' dir='ltr'>ageret</span> <span class='ocrx_word' id='word_1_171' title='bbox 1351 2813 1531 2872; x_wconf 89' lang='lat' dir='ltr'>libere</span> <span class='ocrx_word' id='word_1_172' title='bbox 1546 2818 1574 2870; x_wconf 70' lang='lat'>‘1²</span> <span class='ocrx_word' id='word_1_173' title='bbox 1597 2813 1681 2869; x_wconf 84' lang='lat' dir='ltr'>Ad</span> <span class='ocrx_word' id='word_1_174' title='bbox 1703 2813 1788 2888; x_wconf 86' lang='lat' dir='ltr'>cuj</span> <span class='ocrx_word' id='word_1_175' title='bbox 1798 2830 1862 2869; x_wconf 90' lang='lat' dir='ltr'>us</span> 
     </span>
    </p>

    <p class='ocr_par' dir='ltr' id='par_1_11' title="bbox 503 2897 1864 2968">
     <span class='ocr_line' id='line_1_29' title="bbox 503 2897 1864 2968; baseline -0.004 -12"><span class='ocrx_word' id='word_1_176' title='bbox 503 2899 851 2956; x_wconf 78' lang='lat' dir='ltr'>difficultatis</span> <span class='ocrx_word' id='word_1_177' title='bbox 879 2897 1287 2955; x_wconf 84' lang='lat' dir='ltr'>resolutionem</span> <span class='ocrx_word' id='word_1_178' title='bbox 1318 2911 1435 2951; x_wconf 91' lang='lat' dir='ltr'>non</span> <span class='ocrx_word' id='word_1_179' title='bbox 1456 2899 1680 2968; x_wconf 83' lang='lat' dir='ltr'>oportet</span> <span class='ocrx_word' id='word_1_180' title='bbox 1708 2911 1864 2967; x_wconf 83' lang='lat' dir='ltr'>prae-</span> 
     </span>
    </p>

    <p class='ocr_par' dir='ltr' id='par_1_12' title="bbox 503 2975 1863 3053">
     <span class='ocr_line' id='line_1_30' title="bbox 503 2975 1863 3053; baseline -0.005 -16"><span class='ocrx_word' id='word_1_181' title='bbox 503 2995 824 3053; x_wconf 83' lang='lat' dir='ltr'>supponere</span> <span class='ocrx_word' id='word_1_182' title='bbox 867 2980 951 3049; x_wconf 89' lang='lat' dir='ltr'>(ut</span> <span class='ocrx_word' id='word_1_183' title='bbox 996 2975 1231 3050; x_wconf 85' lang='lat' dir='ltr'>quidam</span> <span class='ocrx_word' id='word_1_184' title='bbox 1279 2991 1582 3049; x_wconf 83' lang='lat' dir='ltr'>perperam</span> <span class='ocrx_word' id='word_1_185' title='bbox 1625 2975 1863 3046; x_wconf 78' lang='lat' dir='ltr'>faciunt)</span> 
     </span>
    </p>

    <p class='ocr_par' dir='ltr' id='par_1_13' title="bbox 503 3054 1862 3132">
     <span class='ocr_line' id='line_1_31' title="bbox 503 3054 1862 3132; baseline -0.004 -15"><span class='ocrx_word' id='word_1_186' title='bbox 503 3077 575 3118; x_wconf 82' lang='lat' dir='ltr'>ex</span> <span class='ocrx_word' id='word_1_187' title='bbox 602 3065 762 3132; x_wconf 91' lang='lat' dir='ltr'>parte</span> <span class='ocrx_word' id='word_1_188' title='bbox 789 3059 968 3132; x_wconf 89' lang='lat' dir='ltr'>ipsius</span> <span class='ocrx_word' id='word_1_189' title='bbox 995 3057 1344 3131; x_wconf 80' lang='lat' dir='ltr'>hypothesis,</span> <span class='ocrx_word' id='word_1_190' title='bbox 1375 3061 1431 3113; x_wconf 91' lang='lat' dir='ltr'>et</span> <span class='ocrx_word' id='word_1_191' title='bbox 1456 3054 1862 3112; x_wconf 79' lang='lat' dir='ltr'>conditionatae</span> 
     </span>
    </p>

    <p class='ocr_par' dir='ltr' id='par_1_14' title="bbox 503 3135 1860 3215">
     <span class='ocr_line' id='line_1_32' title="bbox 503 3135 1860 3215; baseline -0.005 -17"><span class='ocrx_word' id='word_1_192' title='bbox 503 3140 928 3215; x_wconf 70' lang='lat' dir='ltr'>suppositionis»,</span> <span class='ocrx_word' id='word_1_193' title='bbox 973 3139 1065 3196; x_wconf 80' lang='lat' dir='ltr'>vel</span> <span class='ocrx_word' id='word_1_194' title='bbox 1104 3136 1252 3211; x_wconf 90' lang='lat' dir='ltr'>quod</span> <span class='ocrx_word' id='word_1_195' title='bbox 1296 3142 1557 3194; x_wconf 89' lang='lat' dir='ltr'>maneret</span> <span class='ocrx_word' id='word_1_196' title='bbox 1611 3135 1860 3192; x_wconf 89' lang='lat' dir='ltr'>liberum</span> 
     </span>
    </p>

    <p class='ocr_par' dir='ltr' id='par_1_15' title="bbox 504 3218 1860 3300">
     <span class='ocr_line' id='line_1_33' title="bbox 504 3218 1860 3300; baseline -0.004 -19"><span class='ocrx_word' id='word_1_197' title='bbox 504 3222 811 3281; x_wconf 87' lang='lat' dir='ltr'>arbitrium</span> <span class='ocrx_word' id='word_1_198' title='bbox 831 3227 1107 3282; x_wconf 90' lang='lat' dir='ltr'>creatum,</span> <span class='ocrx_word' id='word_1_199' title='bbox 1140 3221 1231 3300; x_wconf 76' lang='lat' dir='ltr'>vel</span> <span class='ocrx_word' id='word_1_200' title='bbox 1252 3220 1402 3293; x_wconf 88' lang='lat' dir='ltr'>quod</span> <span class='ocrx_word' id='word_1_201' title='bbox 1445 3221 1593 3276; x_wconf 89' lang='lat' dir='ltr'>Deus</span> <span class='ocrx_word' id='word_1_202' title='bbox 1611 3218 1860 3276; x_wconf 89' lang='lat' dir='ltr'>eundem</span> 
     </span>
    </p>

    <p class='ocr_par' dir='ltr' id='par_1_16' title="bbox 502 3299 1864 3378">
     <span class='ocr_line' id='line_1_34' title="bbox 502 3299 1864 3378; baseline -0.003 -18"><span class='ocrx_word' id='word_1_203' title='bbox 502 3304 610 3378; x_wconf 90' lang='lat' dir='ltr'>ipsi</span> <span class='ocrx_word' id='word_1_204' title='bbox 631 3318 969 3360; x_wconf 89' lang='lat' dir='ltr'>concursum</span> <span class='ocrx_word' id='word_1_205' title='bbox 993 3300 1274 3375; x_wconf 63' lang='lat' dir='ltr'>praeberet</span> <span class='ocrx_word' id='word_1_206' title='bbox 1297 3324 1312 3367; x_wconf 92' lang='lat'>;</span> <span class='ocrx_word' id='word_1_207' title='bbox 1344 3301 1463 3357; x_wconf 83' lang='lat' dir='ltr'>haec</span> <span class='ocrx_word' id='word_1_208' title='bbox 1482 3299 1643 3356; x_wconf 91' lang='lat' dir='ltr'>enim</span> <span class='ocrx_word' id='word_1_209' title='bbox 1666 3299 1864 3373; x_wconf 90' lang='lat' dir='ltr'>impli-</span> 
     </span>
    </p>

    <p class='ocr_par' dir='ltr' id='par_1_17' title="bbox 497 3381 1861 3455">
     <span class='ocr_line' id='line_1_35' title="bbox 497 3381 1861 3455; baseline -0.004 -14"><span class='ocrx_word' id='word_1_210' title='bbox 497 3389 700 3441; x_wconf 85' lang='lat' dir='ltr'>cantur</span> <span class='ocrx_word' id='word_1_211' title='bbox 722 3383 910 3455; x_wconf 86' lang='lat' dir='ltr'>reipsa</span> <span class='ocrx_word' id='word_1_212' title='bbox 931 3382 994 3437; x_wconf 90' lang='lat' dir='ltr'>in</span> <span class='ocrx_word' id='word_1_213' title='bbox 1020 3381 1409 3454; x_wconf 87' lang='lat' dir='ltr'>consequenti,</span> <span class='ocrx_word' id='word_1_214' title='bbox 1453 3381 1615 3454; x_wconf 77' lang='lat' dir='ltr'>quus</span> <span class='ocrx_word' id='word_1_215' title='bbox 1641 3381 1861 3436; x_wconf 85' lang='lat' dir='ltr'>verita-</span> 
     </span>
    </p>

    <p class='ocr_par' dir='ltr' id='par_1_18' title="bbox 497 3459 1861 3537">
     <span class='ocr_line' id='line_1_36' title="bbox 497 3459 1861 3537; baseline -0.004 -16"><span class='ocrx_word' id='word_1_216' title='bbox 497 3471 613 3523; x_wconf 90' lang='lat' dir='ltr'>tem</span> <span class='ocrx_word' id='word_1_217' title='bbox 660 3464 1089 3537; x_wconf 78' lang='lat' dir='ltr'>investigamus,</span> <span class='ocrx_word' id='word_1_218' title='bbox 1151 3467 1207 3519; x_wconf 92' lang='lat' dir='ltr'>et</span> <span class='ocrx_word' id='word_1_219' title='bbox 1247 3461 1435 3519; x_wconf 88' lang='lat' dir='ltr'>eidem</span> <span class='ocrx_word' id='word_1_220' title='bbox 1483 3459 1861 3533; x_wconf 84' lang='lat' dir='ltr'>disputationi</span> 
     </span>
    </p>

    <p class='ocr_par' dir='ltr' id='par_1_19' title="bbox 497 3541 1856 3619">
     <span class='ocr_line' id='line_1_37' title="bbox 497 3541 1856 3619; baseline -0.004 -17"><span class='ocrx_word' id='word_1_221' title='bbox 497 3544 747 3619; x_wconf 86' lang='lat' dir='ltr'>subjecta</span> <span class='ocrx_word' id='word_1_222' title='bbox 790 3549 942 3600; x_wconf 91' lang='lat' dir='ltr'>sunt.</span> <span class='ocrx_word' id='word_1_223' title='bbox 1008 3541 1173 3599; x_wconf 89' lang='lat' dir='ltr'>Unde</span> <span class='ocrx_word' id='word_1_224' title='bbox 1217 3542 1406 3599; x_wconf 91' lang='lat' dir='ltr'>solum</span> <span class='ocrx_word' id='word_1_225' title='bbox 1454 3541 1856 3613; x_wconf 79' lang='lat' dir='ltr'>supponimuS,</span> 
     </span>
    </p>

    <p class='ocr_par' dir='ltr' id='par_1_20' title="bbox 507 3619 1861 3699">
     <span class='ocr_line' id='line_1_38' title="bbox 507 3619 1861 3699; baseline -0.004 -19"><span class='ocrx_word' id='word_1_226' title='bbox 507 3627 685 3683; x_wconf 91' lang='lat' dir='ltr'>Deum</span> <span class='ocrx_word' id='word_1_227' title='bbox 732 3640 897 3699; x_wconf 86' lang='lat' dir='ltr'>agere</span> <span class='ocrx_word' id='word_1_228' title='bbox 923 3639 994 3679; x_wconf 80' lang='lat' dir='ltr'>ex</span> <span class='ocrx_word' id='word_1_229' title='bbox 1021 3622 1349 3679; x_wconf 86' lang='lat' dir='ltr'>necessitate</span> <span class='ocrx_word' id='word_1_230' title='bbox 1395 3625 1638 3687; x_wconf 82' lang='lat' dir='ltr'>naturae,</span> <span class='ocrx_word' id='word_1_231' title='bbox 1682 3625 1739 3676; x_wconf 88' lang='lat' dir='ltr'>ct</span> <span class='ocrx_word' id='word_1_232' title='bbox 1765 3619 1861 3675; x_wconf 90' lang='lat' dir='ltr'>in-</span> 
     </span>
    </p>

    <p class='ocr_par' dir='ltr' id='par_1_21' title="bbox 506 3703 1861 3862">
     <span class='ocr_line' id='line_1_39' title="bbox 506 3703 1861 3781; baseline -0.005 -17"><span class='ocrx_word' id='word_1_233' title='bbox 506 3707 808 3781; x_wconf 88' lang='lat' dir='ltr'>quirimus,</span> <span class='ocrx_word' id='word_1_234' title='bbox 868 3720 943 3762; x_wconf 90' lang='lat' dir='ltr'>an</span> <span class='ocrx_word' id='word_1_235' title='bbox 995 3704 1098 3760; x_wconf 92' lang='lat' dir='ltr'>hoc</span> <span class='ocrx_word' id='word_1_236' title='bbox 1138 3703 1289 3772; x_wconf 87' lang='lat' dir='ltr'>dato,</span> <span class='ocrx_word' id='word_1_237' title='bbox 1345 3704 1612 3760; x_wconf 83' lang='lat' dir='ltr'>voluntas</span> <span class='ocrx_word' id='word_1_238' title='bbox 1673 3707 1861 3758; x_wconf 88' lang='lat' dir='ltr'>creata</span> 
     </span>
     <span class='ocr_line' id='line_1_40' title="bbox 508 3785 923 3862; baseline -0.01 -18"><span class='ocrx_word' id='word_1_239' title='bbox 508 3790 699 3862; x_wconf 87' lang='lat' dir='ltr'>ageret</span> <span class='ocrx_word' id='word_1_240' title='bbox 723 3785 923 3841; x_wconf 89' lang='lat' dir='ltr'>libere.</span> 
     </span>
    </p>

    <p class='ocr_par' dir='ltr' id='par_1_22' title="bbox 292 3860 1864 3938">
     <span class='ocr_line' id='line_1_41' title="bbox 292 3860 1864 3938; baseline -0.003 -17"><span class='ocrx_word' id='word_1_241' title='bbox 292 3878 498 3938; x_wconf 61' lang='lat' dir='ltr'>maeren-</span> <span class='ocrx_word' id='word_1_242' title='bbox 583 3872 884 3933; x_wconf 63' lang='lat' dir='ltr'>Caeterum,</span> <span class='ocrx_word' id='word_1_243' title='bbox 903 3860 1038 3938; x_wconf 89' lang='lat' dir='ltr'>quia</span> <span class='ocrx_word' id='word_1_244' title='bbox 1056 3864 1235 3938; x_wconf 90' lang='lat' dir='ltr'>aliqui</span> <span class='ocrx_word' id='word_1_245' title='bbox 1257 3864 1612 3937; x_wconf 75' lang='lat' dir='ltr'>aequivocam</span> <span class='ocrx_word' id='word_1_246' title='bbox 1637 3862 1698 3918; x_wconf 92' lang='lat' dir='ltr'>in</span> <span class='ocrx_word' id='word_1_247' title='bbox 1723 3878 1864 3934; x_wconf 82' lang='lat' dir='ltr'>prae·</span> 
     </span>
    </p>

    <p class='ocr_par' dir='ltr' id='par_1_23' title="bbox 293 3928 1864 4022">
     <span class='ocr_line' id='line_1_42' title="bbox 293 3928 1864 4022; baseline -0.009 -10"><span class='ocrx_word' id='word_1_248' title='bbox 293 3928 476 4022; x_wconf 46' lang='lat'>¹⁴:¹23&amp;</span> <span class='ocrx_word' id='word_1_249' title='bbox 504 3949 672 4015; x_wconf 86' lang='lat' dir='ltr'>senti,</span> <span class='ocrx_word' id='word_1_250' title='bbox 729 3947 866 4004; x_wconf 91' lang='lat' dir='ltr'>dum</span> <span class='ocrx_word' id='word_1_251' title='bbox 910 3945 1363 4019; x_wconf 80' lang='lat' dir='ltr'>contingentiam</span> <span class='ocrx_word' id='word_1_252' title='bbox 1415 3959 1543 4000; x_wconf 90' lang='lat' dir='ltr'>cum</span> <span class='ocrx_word' id='word_1_253' title='bbox 1598 3941 1864 3998; x_wconf 90' lang='lat' dir='ltr'>libertate</span> 
     </span>
    </p>

    <p class='ocr_par' dir='ltr' id='par_1_24' title="bbox 291 4022 1863 4123">
     <span class='ocr_line' id='line_1_43' title="bbox 291 4022 1863 4123; baseline -0.007 -34"><span class='ocrx_word' id='word_1_254' title='bbox 291 4028 491 4123; x_wconf 57' lang='lat' dir='ltr'>{ffi&#39;ssss&#39;fn</span> <span class='ocrx_word' id='word_1_255' title='bbox 504 4029 883 4093; x_wconf 80' lang='lat' dir='ltr'>confundunt,</span> <span class='ocrx_word' id='word_1_256' title='bbox 929 4024 1395 4100; x_wconf 79' lang='lat' dir='ltr'>praemittendum</span> <span class='ocrx_word' id='word_1_257' title='bbox 1435 4029 1534 4090; x_wconf 89' lang='lat' dir='ltr'>est,</span> <span class='ocrx_word' id='word_1_258' title='bbox 1588 4022 1738 4095; x_wconf 91' lang='lat' dir='ltr'>quod</span> <span class='ocrx_word' id='word_1_259' title='bbox 1785 4023 1863 4079; x_wconf 90' lang='lat' dir='ltr'>li-</span> 
     </span>
    </p>

    <p class='ocr_par' dir='ltr' id='par_1_25' title="bbox 322 4102 1865 4179">
     <span class='ocr_line' id='line_1_44' title="bbox 322 4102 1865 4179; baseline -0.006 -10"><span class='ocrx_word' id='word_1_260' title='bbox 322 4132 462 4173; x_wconf 75' lang='lat' dir='ltr'>tatem.</span> <span class='ocrx_word' id='word_1_261' title='bbox 504 4117 590 4169; x_wconf 89' lang='lat' dir='ltr'>cet</span> <span class='ocrx_word' id='word_1_262' title='bbox 609 4111 837 4168; x_wconf 80' lang='lat' dir='ltr'>effectus</span> <span class='ocrx_word' id='word_1_263' title='bbox 856 4107 1209 4179; x_wconf 77' lang='lat' dir='ltr'>contingenS,</span> <span class='ocrx_word' id='word_1_264' title='bbox 1235 4109 1293 4162; x_wconf 90' lang='lat' dir='ltr'>et</span> <span class='ocrx_word' id='word_1_265' title='bbox 1311 4104 1541 4161; x_wconf 80' lang='lat' dir='ltr'>effectus</span> <span class='ocrx_word' id='word_1_266' title='bbox 1562 4102 1712 4159; x_wconf 91' lang='lat' dir='ltr'>liber</span> <span class='ocrx_word' id='word_1_267' title='bbox 1732 4119 1865 4159; x_wconf 91' lang='lat' dir='ltr'>con-</span> 
     </span>
    </p>

    <p class='ocr_par' dir='ltr' id='par_1_26' title="bbox 505 4182 1867 4258">
     <span class='ocr_line' id='line_1_45' title="bbox 505 4182 1867 4258; baseline -0.007 -11"><span class='ocrx_word' id='word_1_268' title='bbox 505 4192 745 4250; x_wconf 82' lang='lat' dir='ltr'>veniant</span> <span class='ocrx_word' id='word_1_269' title='bbox 765 4191 827 4246; x_wconf 92' lang='lat' dir='ltr'>in</span> <span class='ocrx_word' id='word_1_270' title='bbox 850 4189 954 4244; x_wconf 87' lang='lat' dir='ltr'>hac</span> <span class='ocrx_word' id='word_1_271' title='bbox 976 4187 1215 4250; x_wconf 88' lang='lat' dir='ltr'>ratione,</span> <span class='ocrx_word' id='word_1_272' title='bbox 1247 4182 1396 4258; x_wconf 89' lang='lat' dir='ltr'>quod</span> <span class='ocrx_word' id='word_1_273' title='bbox 1425 4188 1663 4255; x_wconf 91' lang='lat' dir='ltr'>uterque</span> <span class='ocrx_word' id='word_1_274' title='bbox 1684 4187 1867 4255; x_wconf 90' lang='lat' dir='ltr'>potest</span> 
     </span>
    </p>

    <p class='ocr_par' dir='ltr' id='par_1_27' title="bbox 504 4263 1860 4337">
     <span class='ocr_line' id='line_1_46' title="bbox 504 4263 1860 4337; baseline -0.009 -6"><span class='ocrx_word' id='word_1_275' title='bbox 504 4288 645 4337; x_wconf 87' lang='lat' dir='ltr'>esse,</span> <span class='ocrx_word' id='word_1_276' title='bbox 669 4278 725 4329; x_wconf 93' lang='lat' dir='ltr'>et</span> <span class='ocrx_word' id='word_1_277' title='bbox 747 4285 863 4327; x_wconf 88' lang='lat' dir='ltr'>non</span> <span class='ocrx_word' id='word_1_278' title='bbox 900 4283 1023 4324; x_wconf 88' lang='lat' dir='ltr'>esse</span> <span class='ocrx_word' id='word_1_279' title='bbox 1053 4291 1066 4334; x_wconf 89' lang='lat'>;</span> <span class='ocrx_word' id='word_1_280' title='bbox 1109 4265 1386 4322; x_wconf 75' lang='lat' dir='ltr'>differunt</span> <span class='ocrx_word' id='word_1_281' title='bbox 1427 4268 1621 4321; x_wconf 88' lang='lat' dir='ltr'>tamen</span> <span class='ocrx_word' id='word_1_282' title='bbox 1645 4264 1706 4319; x_wconf 92' lang='lat' dir='ltr'>in</span> <span class='ocrx_word' id='word_1_283' title='bbox 1735 4263 1860 4329; x_wconf 85' lang='lat' dir='ltr'>hoc,</span> 
     </span>
    </p>

    <p class='ocr_par' dir='ltr' id='par_1_28' title="bbox 504 4344 1866 4428">
     <span class='ocr_line' id='line_1_47' title="bbox 504 4344 1866 4428; baseline -0.01 -15"><span class='ocrx_word' id='word_1_284' title='bbox 504 4355 652 4428; x_wconf 90' lang='lat' dir='ltr'>quod</span> <span class='ocrx_word' id='word_1_285' title='bbox 681 4354 908 4411; x_wconf 82' lang='lat' dir='ltr'>effectus</span> <span class='ocrx_word' id='word_1_286' title='bbox 933 4350 1273 4423; x_wconf 86' lang='lat' dir='ltr'>contingens</span> <span class='ocrx_word' id='word_1_287' title='bbox 1299 4346 1725 4421; x_wconf 86' lang='lat' dir='ltr'>particulariter</span> <span class='ocrx_word' id='word_1_288' title='bbox 1752 4344 1866 4401; x_wconf 87' lang='lat' dir='ltr'>dic·</span> 
     </span>
    </p>

    <p class='ocr_par' dir='ltr' id='par_1_29' title="bbox 504 4422 1865 4508">
     <span class='ocr_line' id='line_1_48' title="bbox 504 4422 1865 4508; baseline -0.01 -15"><span class='ocrx_word' id='word_1_289' title='bbox 504 4441 608 4503; x_wconf 85' lang='lat' dir='ltr'>tus,</span> <span class='ocrx_word' id='word_1_290' title='bbox 634 4440 691 4493; x_wconf 86' lang='lat' dir='ltr'>et</span> <span class='ocrx_word' id='word_1_291' title='bbox 716 4438 881 4508; x_wconf 88' lang='lat' dir='ltr'>prout</span> <span class='ocrx_word' id='word_1_292' title='bbox 909 4430 1210 4488; x_wconf 88' lang='lat' dir='ltr'>distinctus</span> <span class='ocrx_word' id='word_1_293' title='bbox 1232 4445 1264 4485; x_wconf 91' lang='lat' dir='ltr'>a</span> <span class='ocrx_word' id='word_1_294' title='bbox 1293 4426 1493 4495; x_wconf 82' lang='lat' dir='ltr'>libero,</span> <span class='ocrx_word' id='word_1_295' title='bbox 1529 4425 1681 4482; x_wconf 91' lang='lat' dir='ltr'>nihil</span> <span class='ocrx_word' id='word_1_296' title='bbox 1704 4422 1865 4482; x_wconf 86' lang='lat' dir='ltr'>aliud</span> 
     </span>
    </p>

    <p class='ocr_par' dir='ltr' id='par_1_30' title="bbox 502 4504 1860 4589">
     <span class='ocr_line' id='line_1_49' title="bbox 502 4504 1860 4589; baseline -0.01 -16"><span class='ocrx_word' id='word_1_297' title='bbox 502 4514 772 4589; x_wconf 83' lang='lat' dir='ltr'>exposcit,</span> <span class='ocrx_word' id='word_1_298' title='bbox 803 4512 914 4570; x_wconf 92' lang='lat' dir='ltr'>nisi</span> <span class='ocrx_word' id='word_1_299' title='bbox 941 4508 1432 4568; x_wconf 84' lang='lat' dir='ltr'>defectibilitatem</span> <span class='ocrx_word' id='word_1_300' title='bbox 1461 4504 1860 4570; x_wconf 85' lang='lat' dir='ltr'>intrinsecam,</span> 
     </span>
    </p>

    <p class='ocr_par' dir='ltr' id='par_1_31' title="bbox 502 4583 1866 4668">
     <span class='ocr_line' id='line_1_50' title="bbox 502 4583 1866 4668; baseline -0.011 -16"><span class='ocrx_word' id='word_1_301' title='bbox 502 4600 558 4653; x_wconf 90' lang='lat' dir='ltr'>et</span> <span class='ocrx_word' id='word_1_302' title='bbox 579 4592 1079 4668; x_wconf 87' lang='lat' dir='ltr'>impedibilitatem</span> <span class='ocrx_word' id='word_1_303' title='bbox 1102 4587 1172 4646; x_wconf 90' lang='lat' dir='ltr'>ab</span> <span class='ocrx_word' id='word_1_304' title='bbox 1194 4587 1544 4651; x_wconf 82' lang='lat' dir='ltr'>extrinseco;</span> <span class='ocrx_word' id='word_1_305' title='bbox 1570 4589 1627 4642; x_wconf 89' lang='lat' dir='ltr'>et</span> <span class='ocrx_word' id='word_1_306' title='bbox 1646 4583 1866 4639; x_wconf 86' lang='lat' dir='ltr'>simili-</span> 
     </span>
    </p>

    <p class='ocr_par' dir='ltr' id='par_1_32' title="bbox 505 4664 1867 4744">
     <span class='ocr_line' id='line_1_51' title="bbox 505 4664 1867 4744; baseline -0.01 -11"><span class='ocrx_word' id='word_1_307' title='bbox 505 4680 593 4733; x_wconf 89' lang='lat' dir='ltr'>ter</span> <span class='ocrx_word' id='word_1_308' title='bbox 620 4690 847 4731; x_wconf 86' lang='lat' dir='ltr'>causam</span> <span class='ocrx_word' id='word_1_309' title='bbox 886 4686 1009 4729; x_wconf 89' lang='lat' dir='ltr'>esse</span> <span class='ocrx_word' id='word_1_310' title='bbox 1033 4668 1460 4744; x_wconf 81' lang='lat' dir='ltr'>contingentem</span> <span class='ocrx_word' id='word_1_311' title='bbox 1501 4665 1678 4721; x_wconf 84' lang='lat' dir='ltr'>situm</span> <span class='ocrx_word' id='word_1_312' title='bbox 1709 4664 1771 4719; x_wconf 92' lang='lat' dir='ltr'>in</span> <span class='ocrx_word' id='word_1_313' title='bbox 1798 4679 1867 4720; x_wconf 93' lang='lat' dir='ltr'>eo</span> 
     </span>
    </p>

    <p class='ocr_par' dir='ltr' id='par_1_33' title="bbox 503 4745 1865 4829">
     <span class='ocr_line' id='line_1_52' title="bbox 503 4745 1865 4829; baseline -0.011 -16"><span class='ocrx_word' id='word_1_314' title='bbox 503 4760 607 4822; x_wconf 88' lang='lat' dir='ltr'>est,</span> <span class='ocrx_word' id='word_1_315' title='bbox 637 4753 786 4829; x_wconf 90' lang='lat' dir='ltr'>quod</span> <span class='ocrx_word' id='word_1_316' title='bbox 813 4753 905 4810; x_wconf 86' lang='lat' dir='ltr'>vel</span> <span class='ocrx_word' id='word_1_317' title='bbox 941 4749 1114 4824; x_wconf 86' lang='lat' dir='ltr'>possit</span> <span class='ocrx_word' id='word_1_318' title='bbox 1151 4745 1466 4805; x_wconf 89' lang='lat' dir='ltr'>secundum</span> <span class='ocrx_word' id='word_1_319' title='bbox 1496 4758 1865 4803; x_wconf 89' lang='lat' dir='ltr'>communem</span> 
     </span>
    </p>

    <p class='ocr_par' dir='ltr' id='par_1_34' title="bbox 506 4827 1863 4908">
     <span class='ocr_line' id='line_1_53' title="bbox 506 4827 1863 4908; baseline -0.011 -15"><span class='ocrx_word' id='word_1_320' title='bbox 506 4833 928 4908; x_wconf 83' lang='lat' dir='ltr'>providentiam</span> <span class='ocrx_word' id='word_1_321' title='bbox 965 4830 1036 4888; x_wconf 87' lang='lat' dir='ltr'>ab</span> <span class='ocrx_word' id='word_1_322' title='bbox 1063 4830 1178 4887; x_wconf 86' lang='lat' dir='ltr'>alia</span> <span class='ocrx_word' id='word_1_323' title='bbox 1222 4842 1392 4885; x_wconf 89' lang='lat' dir='ltr'>causa</span> <span class='ocrx_word' id='word_1_324' title='bbox 1420 4827 1483 4882; x_wconf 90' lang='lat' dir='ltr'>in</span> <span class='ocrx_word' id='word_1_325' title='bbox 1508 4841 1613 4881; x_wconf 87' lang='lat' dir='ltr'>sua</span> <span class='ocrx_word' id='word_1_326' title='bbox 1657 4839 1863 4897; x_wconf 91' lang='lat' dir='ltr'>opera-</span> 
     </span>
    </p>

    <p class='ocr_par' dir='ltr' id='par_1_35' title="bbox 503 4906 1868 4988">
     <span class='ocr_line' id='line_1_54' title="bbox 503 4906 1868 4988; baseline -0.008 -17"><span class='ocrx_word' id='word_1_327' title='bbox 503 4917 659 4974; x_wconf 90' lang='lat' dir='ltr'>tione</span> <span class='ocrx_word' id='word_1_328' title='bbox 698 4912 989 4988; x_wconf 88' lang='lat' dir='ltr'>impediri,</span> <span class='ocrx_word' id='word_1_329' title='bbox 1023 4912 1116 4968; x_wconf 82' lang='lat' dir='ltr'>vel</span> <span class='ocrx_word' id='word_1_330' title='bbox 1144 4910 1365 4982; x_wconf 89' lang='lat' dir='ltr'>aliquos</span> <span class='ocrx_word' id='word_1_331' title='bbox 1395 4906 1629 4964; x_wconf 78' lang='lat' dir='ltr'>effectus</span> <span class='ocrx_word' id='word_1_332' title='bbox 1659 4908 1868 4977; x_wconf 78' lang='lat' dir='ltr'>praeter</span> 
     </span>
    </p>
   </div>
   <div class='ocr_carea' id='block_1_7' title="bbox 505 4984 1867 5064">
    <p class='ocr_par' dir='ltr' id='par_1_36' title="bbox 505 4984 1867 5064">
     <span class='ocr_line' id='line_1_55' title="bbox 505 4984 1867 5064; baseline -0.007 -17"><span class='ocrx_word' id='word_1_333' title='bbox 505 4994 905 5059; x_wconf 87' lang='lat' dir='ltr'>intentionem,</span> <span class='ocrx_word' id='word_1_334' title='bbox 948 4997 1004 5049; x_wconf 92' lang='lat' dir='ltr'>et</span> <span class='ocrx_word' id='word_1_335' title='bbox 1033 4990 1350 5064; x_wconf 87' lang='lat' dir='ltr'>appetitum</span> <span class='ocrx_word' id='word_1_336' title='bbox 1391 4988 1659 5043; x_wconf 89' lang='lat' dir='ltr'>innatum</span> <span class='ocrx_word' id='word_1_337' title='bbox 1686 4984 1867 5040; x_wconf 89' lang='lat' dir='ltr'>attin-</span> 
     </span>
    </p>
   </div>
   <div class='ocr_carea' id='block_1_8' title="bbox 1984 559 3361 2253">
    <p class='ocr_par' dir='ltr' id='par_1_37' title="bbox 1984 559 3361 2253">
     <span class='ocr_line' id='line_1_56' title="bbox 1984 559 3347 638; baseline -0.004 -20"><span class='ocrx_word' id='word_1_338' title='bbox 1984 564 2219 634; x_wconf 81' lang='lat' dir='ltr'>gere.At</span> <span class='ocrx_word' id='word_1_339' title='bbox 2236 564 2626 624; x_wconf 81' lang='lat' dir='ltr'>effectusliber</span> <span class='ocrx_word' id='word_1_340' title='bbox 2648 566 2786 638; x_wconf 85' lang='lat' dir='ltr'>petit</span> <span class='ocrx_word' id='word_1_341' title='bbox 2808 560 3109 636; x_wconf 81' lang='lat' dir='ltr'>procedere</span> <span class='ocrx_word' id='word_1_342' title='bbox 3128 574 3161 615; x_wconf 91' lang='lat' dir='ltr'>a</span> <span class='ocrx_word' id='word_1_343' title='bbox 3191 559 3347 632; x_wconf 89' lang='lat' dir='ltr'>priu-</span> 
     </span>
     <span class='ocr_line' id='line_1_57' title="bbox 1985 642 3342 722; baseline -0.007 -18"><span class='ocrx_word' id='word_1_344' title='bbox 1985 643 2135 716; x_wconf 85' lang='lat' dir='ltr'>cipio</span> <span class='ocrx_word' id='word_1_345' title='bbox 2188 647 2453 720; x_wconf 85' lang='lat' dir='ltr'>proximo</span> <span class='ocrx_word' id='word_1_346' title='bbox 2507 647 2832 722; x_wconf 89' lang='lat' dir='ltr'>impedibili</span> <span class='ocrx_word' id='word_1_347' title='bbox 2887 645 2958 702; x_wconf 87' lang='lat' dir='ltr'>ab</span> <span class='ocrx_word' id='word_1_348' title='bbox 3011 642 3342 706; x_wconf 87' lang='lat' dir='ltr'>intrinseco,</span> 
     </span>
     <span class='ocr_line' id='line_1_58' title="bbox 1985 722 3348 802; baseline -0.001 -23"><span class='ocrx_word' id='word_1_349' title='bbox 1985 723 2132 795; x_wconf 90' lang='lat' dir='ltr'>quod</span> <span class='ocrx_word' id='word_1_350' title='bbox 2174 726 2439 785; x_wconf 84' lang='lat' dir='ltr'>videlicet</span> <span class='ocrx_word' id='word_1_351' title='bbox 2465 729 2548 785; x_wconf 89' lang='lat' dir='ltr'>ita</span> <span class='ocrx_word' id='word_1_352' title='bbox 2576 729 2710 802; x_wconf 89' lang='lat' dir='ltr'>agit,</span> <span class='ocrx_word' id='word_1_353' title='bbox 2739 732 2801 782; x_wconf 94' lang='lat' dir='ltr'>ut</span> <span class='ocrx_word' id='word_1_354' title='bbox 2828 724 3003 800; x_wconf 90' lang='lat' dir='ltr'>possit</span> <span class='ocrx_word' id='word_1_355' title='bbox 3027 739 3088 780; x_wconf 89' lang='lat' dir='ltr'>se</span> <span class='ocrx_word' id='word_1_356' title='bbox 3113 722 3185 779; x_wconf 89' lang='lat' dir='ltr'>ab</span> <span class='ocrx_word' id='word_1_357' title='bbox 3211 736 3348 793; x_wconf 87' lang='lat' dir='ltr'>ope-</span> 
     </span>
     <span class='ocr_line' id='line_1_59' title="bbox 1989 802 3346 883; baseline -0.002 -22"><span class='ocrx_word' id='word_1_358' title='bbox 1989 805 2171 862; x_wconf 89' lang='lat' dir='ltr'>rando</span> <span class='ocrx_word' id='word_1_359' title='bbox 2204 808 2570 883; x_wconf 88' lang='lat' dir='ltr'>suspendere,</span> <span class='ocrx_word' id='word_1_360' title='bbox 2604 810 2696 866; x_wconf 90' lang='lat' dir='ltr'>vel</span> <span class='ocrx_word' id='word_1_361' title='bbox 2735 805 3058 881; x_wconf 89' lang='lat' dir='ltr'>oppositum</span> <span class='ocrx_word' id='word_1_362' title='bbox 3084 802 3346 860; x_wconf 73' lang='lat' dir='ltr'>effectum</span> 
     </span>
     <span class='ocr_line' id='line_1_60' title="bbox 1990 885 3346 963; baseline -0.001 -22"><span class='ocrx_word' id='word_1_363' title='bbox 1990 885 2298 957; x_wconf 89' lang='lat' dir='ltr'>producere</span> <span class='ocrx_word' id='word_1_364' title='bbox 2322 914 2336 958; x_wconf 78' lang='lat'><em>3</em></span> <span class='ocrx_word' id='word_1_365' title='bbox 2366 890 2518 963; x_wconf 87' lang='lat' dir='ltr'>quod</span> <span class='ocrx_word' id='word_1_366' title='bbox 2547 888 2791 962; x_wconf 89' lang='lat' dir='ltr'>proinde</span> <span class='ocrx_word' id='word_1_367' title='bbox 2818 885 2989 943; x_wconf 91' lang='lat' dir='ltr'>habet</span> <span class='ocrx_word' id='word_1_368' title='bbox 3015 888 3346 958; x_wconf 88' lang='lat' dir='ltr'>potestatem</span> 
     </span>
     <span class='ocr_line' id='line_1_61' title="bbox 1987 966 3342 1045; baseline -0.001 -22"><span class='ocrx_word' id='word_1_369' title='bbox 1987 966 2406 1028; x_wconf 86' lang='lat' dir='ltr'>dominativam</span> <span class='ocrx_word' id='word_1_370' title='bbox 2432 987 2605 1045; x_wconf 88' lang='lat' dir='ltr'>super</span> <span class='ocrx_word' id='word_1_371' title='bbox 2647 975 2954 1042; x_wconf 89' lang='lat' dir='ltr'>utrumque</span> <span class='ocrx_word' id='word_1_372' title='bbox 2992 972 3342 1030; x_wconf 87' lang='lat' dir='ltr'>extremum,</span> 
     </span>
     <span class='ocr_line' id='line_1_62' title="bbox 1987 1046 3349 1127; baseline -0.001 -24"><span class='ocrx_word' id='word_1_373' title='bbox 1987 1052 2044 1104; x_wconf 92' lang='lat' dir='ltr'>et</span> <span class='ocrx_word' id='word_1_374' title='bbox 2070 1056 2340 1108; x_wconf 90' lang='lat' dir='ltr'>neutrum</span> <span class='ocrx_word' id='word_1_375' title='bbox 2392 1051 2734 1127; x_wconf 82' lang='lat' dir='ltr'>singillatim</span> <span class='ocrx_word' id='word_1_376' title='bbox 2781 1054 3069 1122; x_wconf 87' lang='lat' dir='ltr'>acceptum</span> <span class='ocrx_word' id='word_1_377' title='bbox 3120 1046 3349 1119; x_wconf 89' lang='lat' dir='ltr'>respicit</span> 
     </span>
     <span class='ocr_line' id='line_1_63' title="bbox 1987 1127 3349 1204; baseline -0.001 -19"><span class='ocrx_word' id='word_1_378' title='bbox 1987 1135 2258 1204; x_wconf 88' lang='lat' dir='ltr'>tanquam</span> <span class='ocrx_word' id='word_1_379' title='bbox 2313 1133 2529 1191; x_wconf 90' lang='lat' dir='ltr'>bonum</span> <span class='ocrx_word' id='word_1_380' title='bbox 2579 1132 2690 1189; x_wconf 89' lang='lat' dir='ltr'>sibi</span> <span class='ocrx_word' id='word_1_381' title='bbox 2748 1132 3130 1203; x_wconf 87' lang='lat' dir='ltr'>adaequatum.</span> <span class='ocrx_word' id='word_1_382' title='bbox 3184 1127 3349 1184; x_wconf 90' lang='lat' dir='ltr'>Unde</span> 
     </span>
     <span class='ocr_line' id='line_1_64' title="bbox 1988 1209 3352 1290; baseline -0.001 -22"><span class='ocrx_word' id='word_1_383' title='bbox 1988 1212 2191 1269; x_wconf 92' lang='lat' dir='ltr'>modus</span> <span class='ocrx_word' id='word_1_384' title='bbox 2216 1214 2492 1288; x_wconf 88' lang='lat' dir='ltr'>operandi</span> <span class='ocrx_word' id='word_1_385' title='bbox 2534 1216 2932 1290; x_wconf 87' lang='lat' dir='ltr'>contingenter</span> <span class='ocrx_word' id='word_1_386' title='bbox 2959 1209 3352 1283; x_wconf 80' lang='lat' dir='ltr'>imperfectio-</span> 
     </span>
     <span class='ocr_line' id='line_1_65' title="bbox 1988 1290 3355 1370; baseline -0.002 -21"><span class='ocrx_word' id='word_1_387' title='bbox 1988 1308 2122 1349; x_wconf 90' lang='lat' dir='ltr'>nem</span> <span class='ocrx_word' id='word_1_388' title='bbox 2148 1309 2219 1351; x_wconf 86' lang='lat' dir='ltr'>ex</span> <span class='ocrx_word' id='word_1_389' title='bbox 2245 1312 2348 1353; x_wconf 92' lang='lat' dir='ltr'>suo</span> <span class='ocrx_word' id='word_1_390' title='bbox 2371 1311 2583 1370; x_wconf 86' lang='lat' dir='ltr'>genere</span> <span class='ocrx_word' id='word_1_391' title='bbox 2610 1297 2904 1369; x_wconf 88' lang='lat' dir='ltr'>importat,</span> <span class='ocrx_word' id='word_1_392' title='bbox 2927 1307 3137 1364; x_wconf 90' lang='lat' dir='ltr'>nempe</span> <span class='ocrx_word' id='word_1_393' title='bbox 3163 1290 3355 1348; x_wconf 80' lang='lat' dir='ltr'>defec-</span> 
     </span>
     <span class='ocr_line' id='line_1_66' title="bbox 1989 1371 3355 1446; baseline -0.003 -17"><span class='ocrx_word' id='word_1_394' title='bbox 1989 1373 2316 1431; x_wconf 88' lang='lat' dir='ltr'>tibilitatem</span> <span class='ocrx_word' id='word_1_395' title='bbox 2398 1377 2794 1442; x_wconf 89' lang='lat' dir='ltr'>intrinsecam,</span> <span class='ocrx_word' id='word_1_396' title='bbox 2827 1381 2883 1432; x_wconf 84' lang='lat' dir='ltr'>et</span> <span class='ocrx_word' id='word_1_397' title='bbox 2934 1371 3355 1446; x_wconf 86' lang='lat' dir='ltr'>impedibilita-</span> 
     </span>
     <span class='ocr_line' id='line_1_67' title="bbox 1989 1449 3352 1527; baseline -0.004 -17"><span class='ocrx_word' id='word_1_398' title='bbox 1989 1459 2103 1511; x_wconf 90' lang='lat' dir='ltr'>tem</span> <span class='ocrx_word' id='word_1_399' title='bbox 2134 1452 2206 1510; x_wconf 89' lang='lat' dir='ltr'>ab</span> <span class='ocrx_word' id='word_1_400' title='bbox 2231 1456 2591 1515; x_wconf 76' lang='lat' dir='ltr'>extrinsecot</span> <span class='ocrx_word' id='word_1_401' title='bbox 2644 1461 2702 1513; x_wconf 89' lang='lat' dir='ltr'>at</span> <span class='ocrx_word' id='word_1_402' title='bbox 2726 1472 2864 1514; x_wconf 81' lang='lat' dir='ltr'>vero</span> <span class='ocrx_word' id='word_1_403' title='bbox 2903 1453 3108 1511; x_wconf 90' lang='lat' dir='ltr'>modus</span> <span class='ocrx_word' id='word_1_404' title='bbox 3149 1449 3352 1527; x_wconf 85' lang='lat' dir='ltr'>agendi</span> 
     </span>
     <span class='ocr_line' id='line_1_68' title="bbox 1989 1533 3353 1612; baseline -0.003 -21"><span class='ocrx_word' id='word_1_405' title='bbox 1989 1533 2172 1592; x_wconf 88' lang='lat' dir='ltr'>libere</span> <span class='ocrx_word' id='word_1_406' title='bbox 2216 1552 2287 1591; x_wconf 87' lang='lat' dir='ltr'>ex</span> <span class='ocrx_word' id='word_1_407' title='bbox 2338 1553 2441 1594; x_wconf 90' lang='lat' dir='ltr'>suo</span> <span class='ocrx_word' id='word_1_408' title='bbox 2491 1553 2702 1612; x_wconf 89' lang='lat' dir='ltr'>genere</span> <span class='ocrx_word' id='word_1_409' title='bbox 2734 1535 2873 1591; x_wconf 91' lang='lat' dir='ltr'>dicit</span> <span class='ocrx_word' id='word_1_410' title='bbox 2924 1533 3353 1607; x_wconf 80' lang='lat' dir='ltr'>perfectionem,</span> 
     </span>
     <span class='ocr_line' id='line_1_69' title="bbox 1989 1612 3357 1687; baseline -0.002 -17"><span class='ocrx_word' id='word_1_411' title='bbox 1989 1614 2253 1671; x_wconf 82' lang='lat' dir='ltr'>videlicet</span> <span class='ocrx_word' id='word_1_412' title='bbox 2286 1621 2617 1687; x_wconf 87' lang='lat' dir='ltr'>potestatem</span> <span class='ocrx_word' id='word_1_413' title='bbox 2645 1615 3084 1681; x_wconf 78' lang='lat' dir='ltr'>dominativum,</span> <span class='ocrx_word' id='word_1_414' title='bbox 3113 1617 3173 1669; x_wconf 91' lang='lat' dir='ltr'>et</span> <span class='ocrx_word' id='word_1_415' title='bbox 3209 1612 3357 1668; x_wconf 89' lang='lat' dir='ltr'>elec-</span> 
     </span>
     <span class='ocr_line' id='line_1_70' title="bbox 1990 1691 3361 1768; baseline -0.002 -18"><span class='ocrx_word' id='word_1_416' title='bbox 1990 1695 2204 1750; x_wconf 91' lang='lat' dir='ltr'>tionem</span> <span class='ocrx_word' id='word_1_417' title='bbox 2234 1697 2302 1751; x_wconf 85' lang='lat' dir='ltr'>ad</span> <span class='ocrx_word' id='word_1_418' title='bbox 2350 1696 2727 1768; x_wconf 88' lang='lat' dir='ltr'>operandum,</span> <span class='ocrx_word' id='word_1_419' title='bbox 2779 1697 2871 1751; x_wconf 91' lang='lat' dir='ltr'>vel</span> <span class='ocrx_word' id='word_1_420' title='bbox 2902 1710 3018 1751; x_wconf 91' lang='lat' dir='ltr'>non</span> <span class='ocrx_word' id='word_1_421' title='bbox 3052 1717 3066 1761; x_wconf 88' lang='lat'>;</span> <span class='ocrx_word' id='word_1_422' title='bbox 3097 1708 3225 1766; x_wconf 78' lang='lat' dir='ltr'>quae</span> <span class='ocrx_word' id='word_1_423' title='bbox 3264 1691 3361 1747; x_wconf 91' lang='lat' dir='ltr'>in-</span> 
     </span>
     <span class='ocr_line' id='line_1_71' title="bbox 1989 1772 3355 1850; baseline -0.002 -20"><span class='ocrx_word' id='word_1_424' title='bbox 1989 1773 2315 1831; x_wconf 82' lang='lat' dir='ltr'>differentia</span> <span class='ocrx_word' id='word_1_425' title='bbox 2363 1777 2547 1833; x_wconf 88' lang='lat' dir='ltr'>activa</span> <span class='ocrx_word' id='word_1_426' title='bbox 2578 1775 2775 1850; x_wconf 92' lang='lat' dir='ltr'>nequit</span> <span class='ocrx_word' id='word_1_427' title='bbox 2808 1791 2926 1832; x_wconf 91' lang='lat' dir='ltr'>non</span> <span class='ocrx_word' id='word_1_428' title='bbox 2974 1772 3355 1830; x_wconf 86' lang='lat' dir='ltr'>eminentiam</span> 
     </span>
     <span class='ocr_line' id='line_1_72' title="bbox 1990 1854 3357 1931; baseline -0.001 -19"><span class='ocrx_word' id='word_1_429' title='bbox 1990 1855 2202 1914; x_wconf 86' lang='lat' dir='ltr'>habere</span> <span class='ocrx_word' id='word_1_430' title='bbox 2227 1874 2399 1930; x_wconf 87' lang='lat' dir='ltr'>super</span> <span class='ocrx_word' id='word_1_431' title='bbox 2424 1863 2685 1916; x_wconf 82' lang='lat' dir='ltr'>extrema</span> <span class='ocrx_word' id='word_1_432' title='bbox 2723 1875 2847 1931; x_wconf 82' lang='lat' dir='ltr'>quae</span> <span class='ocrx_word' id='word_1_433' title='bbox 2873 1855 3121 1929; x_wconf 90' lang='lat' dir='ltr'>attingit.</span> <span class='ocrx_word' id='word_1_434' title='bbox 3181 1855 3251 1908; x_wconf 90' lang='lat' dir='ltr'>Et</span> <span class='ocrx_word' id='word_1_435' title='bbox 3278 1854 3357 1910; x_wconf 90' lang='lat' dir='ltr'>ita</span> 
     </span>
     <span class='ocr_line' id='line_1_73' title="bbox 1990 1935 3353 2012; baseline -0.001 -20"><span class='ocrx_word' id='word_1_436' title='bbox 1990 1940 2137 1992; x_wconf 89' lang='lat' dir='ltr'>Deus</span> <span class='ocrx_word' id='word_1_437' title='bbox 2156 1936 2252 2009; x_wconf 92' lang='lat' dir='ltr'>qui</span> <span class='ocrx_word' id='word_1_438' title='bbox 2283 1936 2467 1994; x_wconf 91' lang='lat' dir='ltr'>libere</span> <span class='ocrx_word' id='word_1_439' title='bbox 2494 1938 2627 2012; x_wconf 88' lang='lat' dir='ltr'>agit,</span> <span class='ocrx_word' id='word_1_440' title='bbox 2657 1953 2772 1994; x_wconf 92' lang='lat' dir='ltr'>non</span> <span class='ocrx_word' id='word_1_441' title='bbox 2796 1937 2912 2011; x_wconf 85' lang='lat' dir='ltr'>agit</span> <span class='ocrx_word' id='word_1_442' title='bbox 2933 1935 3353 2008; x_wconf 89' lang='lat' dir='ltr'>contingenter,</span> 
     </span>
     <span class='ocr_line' id='line_1_74' title="bbox 1990 2014 3354 2096; baseline -0.003 -22"><span class='ocrx_word' id='word_1_443' title='bbox 1990 2016 2088 2074; x_wconf 91' lang='lat' dir='ltr'>sed</span> <span class='ocrx_word' id='word_1_444' title='bbox 2116 2017 2560 2096; x_wconf 87' lang='lat' dir='ltr'>immutabiliter</span> <span class='ocrx_word' id='word_1_445' title='bbox 2586 2036 2657 2076; x_wconf 85' lang='lat' dir='ltr'>ex</span> <span class='ocrx_word' id='word_1_446' title='bbox 2683 2034 2762 2085; x_wconf 90' lang='lat' dir='ltr'>se,</span> <span class='ocrx_word' id='word_1_447' title='bbox 2794 2024 2851 2074; x_wconf 90' lang='lat' dir='ltr'>et</span> <span class='ocrx_word' id='word_1_448' title='bbox 2872 2014 3354 2089; x_wconf 87' lang='lat' dir='ltr'>inimpedibiliter</span> 
     </span>
     <span class='ocr_line' id='line_1_75' title="bbox 1991 2095 3358 2168; baseline -0.004 -13"><span class='ocrx_word' id='word_1_449' title='bbox 1991 2097 2062 2155; x_wconf 93' lang='lat' dir='ltr'>ab</span> <span class='ocrx_word' id='word_1_450' title='bbox 2106 2097 2445 2155; x_wconf 88' lang='lat' dir='ltr'>extrinseco.</span> <span class='ocrx_word' id='word_1_451' title='bbox 2509 2101 2674 2155; x_wconf 90' lang='lat' dir='ltr'>Nunc</span> <span class='ocrx_word' id='word_1_452' title='bbox 2726 2103 2914 2155; x_wconf 82' lang='lat' dir='ltr'>autem</span> <span class='ocrx_word' id='word_1_453' title='bbox 2954 2095 3358 2168; x_wconf 86' lang='lat' dir='ltr'>disputationis</span> 
     </span>
     <span class='ocr_line' id='line_1_76' title="bbox 1990 2176 3352 2253; baseline -0.003 -18"><span class='ocrx_word' id='word_1_454' title='bbox 1990 2179 2177 2253; x_wconf 88' lang='lat' dir='ltr'>gratia</span> <span class='ocrx_word' id='word_1_455' title='bbox 2236 2179 2615 2252; x_wconf 88' lang='lat' dir='ltr'>supponimus</span> <span class='ocrx_word' id='word_1_456' title='bbox 2657 2183 2835 2238; x_wconf 87' lang='lat' dir='ltr'>Deum</span> <span class='ocrx_word' id='word_1_457' title='bbox 2889 2176 3211 2236; x_wconf 90' lang='lat' dir='ltr'>necessario</span> <span class='ocrx_word' id='word_1_458' title='bbox 3256 2177 3352 2232; x_wconf 91' lang='lat' dir='ltr'>in-</span> 
     </span>
    </p>
   </div>
   <div class='ocr_carea' id='block_1_9' title="bbox 1934 2257 3361 2333">
    <p class='ocr_par' dir='ltr' id='par_1_38' title="bbox 1934 2257 3361 2333">
     <span class='ocr_line' id='line_1_77' title="bbox 1934 2257 3361 2333; baseline -0.001 -19"><span class='ocrx_word' id='word_1_459' title='bbox 1934 2296 1938 2300; x_wconf 54' lang='lat'>&lt;</span> <span class='ocrx_word' id='word_1_460' title='bbox 1992 2258 2188 2324; x_wconf 79' lang='lat' dir='ltr'>liuere,</span> <span class='ocrx_word' id='word_1_461' title='bbox 2221 2260 2281 2333; x_wconf 82' lang='lat' dir='ltr'>ly</span> <span class='ocrx_word' id='word_1_462' title='bbox 2303 2263 2604 2316; x_wconf 78' lang='lat' dir='ltr'>necessario</span> <span class='ocrx_word' id='word_1_463' title='bbox 2629 2258 2967 2316; x_wconf 87' lang='lat' dir='ltr'>excludente</span> <span class='ocrx_word' id='word_1_464' title='bbox 2992 2262 3114 2313; x_wconf 88' lang='lat' dir='ltr'>tam</span> <span class='ocrx_word' id='word_1_465' title='bbox 3140 2257 3361 2314; x_wconf 90' lang='lat' dir='ltr'>contin·</span> 
     </span>
    </p>
   </div>
   <div class='ocr_carea' id='block_1_10' title="bbox 1990 2336 3362 2894">
    <p class='ocr_par' dir='ltr' id='par_1_39' title="bbox 1990 2336 3362 2894">
     <span class='ocr_line' id='line_1_78' title="bbox 1990 2336 3361 2412; baseline -0.002 -18"><span class='ocrx_word' id='word_1_466' title='bbox 1990 2339 2265 2412; x_wconf 87' lang='lat' dir='ltr'>gentiam,</span> <span class='ocrx_word' id='word_1_467' title='bbox 2321 2354 2493 2410; x_wconf 90' lang='lat' dir='ltr'>quam</span> <span class='ocrx_word' id='word_1_468' title='bbox 2547 2339 2897 2396; x_wconf 87' lang='lat' dir='ltr'>libertatem.</span> <span class='ocrx_word' id='word_1_469' title='bbox 2956 2336 3066 2393; x_wconf 87' lang='lat' dir='ltr'>Sed</span> <span class='ocrx_word' id='word_1_470' title='bbox 3115 2351 3361 2409; x_wconf 78' lang='lat' dir='ltr'>praesens</span> 
     </span>
     <span class='ocr_line' id='line_1_79' title="bbox 1992 2417 3362 2491; baseline 0 -18"><span class='ocrx_word' id='word_1_471' title='bbox 1992 2417 2294 2475; x_wconf 83' lang='lat' dir='ltr'>difficultas</span> <span class='ocrx_word' id='word_1_472' title='bbox 2334 2435 2451 2476; x_wconf 91' lang='lat' dir='ltr'>non</span> <span class='ocrx_word' id='word_1_473' title='bbox 2494 2420 2721 2491; x_wconf 88' lang='lat' dir='ltr'>respicit</span> <span class='ocrx_word' id='word_1_474' title='bbox 2759 2418 2989 2476; x_wconf 79' lang='lat' dir='ltr'>effectus</span> <span class='ocrx_word' id='word_1_475' title='bbox 3021 2417 3362 2490; x_wconf 88' lang='lat' dir='ltr'>contingen-</span> 
     </span>
     <span class='ocr_line' id='line_1_80' title="bbox 1993 2497 3362 2572; baseline -0.002 -17"><span class='ocrx_word' id='word_1_476' title='bbox 1993 2504 2076 2555; x_wconf 91' lang='lat' dir='ltr'>tes</span> <span class='ocrx_word' id='word_1_477' title='bbox 2104 2500 2549 2572; x_wconf 85' lang='lat' dir='ltr'>particulariter,</span> <span class='ocrx_word' id='word_1_478' title='bbox 2580 2505 2635 2556; x_wconf 92' lang='lat' dir='ltr'>et</span> <span class='ocrx_word' id='word_1_479' title='bbox 2654 2500 2851 2556; x_wconf 85' lang='lat' dir='ltr'>stricte</span> <span class='ocrx_word' id='word_1_480' title='bbox 2876 2497 3055 2554; x_wconf 89' lang='lat' dir='ltr'>dictos</span> <span class='ocrx_word' id='word_1_481' title='bbox 3074 2497 3362 2570; x_wconf 79' lang='lat' dir='ltr'>(quamvis</span> 
     </span>
     <span class='ocr_line' id='line_1_81' title="bbox 1992 2576 3362 2652; baseline 0 -18"><span class='ocrx_word' id='word_1_482' title='bbox 1992 2578 2063 2635; x_wconf 92' lang='lat' dir='ltr'>de</span> <span class='ocrx_word' id='word_1_483' title='bbox 2083 2580 2205 2635; x_wconf 87' lang='lat' dir='ltr'>illis</span> <span class='ocrx_word' id='word_1_484' title='bbox 2230 2580 2405 2636; x_wconf 87' lang='lat' dir='ltr'>etiam</span> <span class='ocrx_word' id='word_1_485' title='bbox 2430 2580 2621 2652; x_wconf 87' lang='lat' dir='ltr'>aliqua</span> <span class='ocrx_word' id='word_1_486' title='bbox 2648 2579 2833 2637; x_wconf 90' lang='lat' dir='ltr'>obiter</span> <span class='ocrx_word' id='word_1_487' title='bbox 2856 2579 3133 2648; x_wconf 89' lang='lat' dir='ltr'>dicemus)</span> <span class='ocrx_word' id='word_1_488' title='bbox 3154 2576 3254 2634; x_wconf 89' lang='lat' dir='ltr'>sed</span> <span class='ocrx_word' id='word_1_489' title='bbox 3278 2593 3362 2634; x_wconf 82' lang='lat' dir='ltr'>so·</span> 
     </span>
     <span class='ocr_line' id='line_1_82' title="bbox 1994 2659 3362 2744; baseline -0.001 -28"><span class='ocrx_word' id='word_1_490' title='bbox 1994 2661 2506 2744; x_wconf 14' lang='lat' dir='ltr'>lumgoperationes</span> <span class='ocrx_word' id='word_1_491' title='bbox 2529 2661 2781 2718; x_wconf 87' lang='lat' dir='ltr'>liberas:</span> <span class='ocrx_word' id='word_1_492' title='bbox 2812 2659 3074 2735; x_wconf 89' lang='lat' dir='ltr'>quocirca</span> <span class='ocrx_word' id='word_1_493' title='bbox 3103 2660 3362 2717; x_wconf 88' lang='lat' dir='ltr'>consulto</span> 
     </span>
     <span class='ocr_line' id='line_1_83' title="bbox 1995 2742 3360 2816; baseline 0 -20"><span class='ocrx_word' id='word_1_494' title='bbox 1995 2742 2194 2798; x_wconf 89' lang='lat' dir='ltr'>titulus</span> <span class='ocrx_word' id='word_1_495' title='bbox 2241 2742 2501 2816; x_wconf 85' lang='lat' dir='ltr'>inquirit,</span> <span class='ocrx_word' id='word_1_496' title='bbox 2557 2762 2633 2799; x_wconf 83' lang='lat' dir='ltr'>an</span> <span class='ocrx_word' id='word_1_497' title='bbox 2683 2743 2939 2799; x_wconf 78' lang='lat' dir='ltr'>voluntas</span> <span class='ocrx_word' id='word_1_498' title='bbox 2983 2748 3169 2797; x_wconf 76' lang='lat' dir='ltr'>creata</span> <span class='ocrx_word' id='word_1_499' title='bbox 3199 2742 3360 2797; x_wconf 81' lang='lat' dir='ltr'>libere</span> 
     </span>
     <span class='ocr_line' id='line_1_84' title="bbox 1993 2825 2220 2894; baseline 0.009 -16"><span class='ocrx_word' id='word_1_500' title='bbox 1993 2830 2169 2894; x_wconf 65' lang='lat' dir='ltr'>aye-rec</span> <span class='ocrx_word' id='word_1_501' title='bbox 2189 2825 2220 2879; x_wconf 67' lang='grc' dir='ltr'><em>Υ</em></span> 
     </span>
    </p>
   </div>
   <div class='ocr_carea' id='block_1_11' title="bbox 2620 3034 2736 3103">
    <p class='ocr_par' dir='ltr' id='par_1_40' title="bbox 2620 3034 2736 3103">
     <span class='ocr_line' id='line_1_85' title="bbox 2620 3034 2736 3103; baseline 0.017 -16"><span class='ocrx_word' id='word_1_502' title='bbox 2620 3034 2736 3103; x_wconf 76' lang='lat'>§1-</span> 
     </span>
    </p>
   </div>
   <div class='ocr_carea' id='block_1_12' title="bbox 2205 3196 3134 3270">
    <p class='ocr_par' dir='ltr' id='par_1_41' title="bbox 2205 3196 3134 3270">
     <span class='ocr_line' id='line_1_86' title="bbox 2205 3196 3134 3270; baseline -0.006 -14"><span class='ocrx_word' id='word_1_503' title='bbox 2205 3198 2482 3270; x_wconf 73' lang='lat' dir='ltr'>Neyativa</span> <span class='ocrx_word' id='word_1_504' title='bbox 2520 3197 2787 3253; x_wconf 77' lang='lat' dir='ltr'>sententia</span> <span class='ocrx_word' id='word_1_505' title='bbox 2820 3196 3134 3269; x_wconf 72' lang='lat' dir='ltr'>praesermr.</span> 
     </span>
    </p>
   </div>
   <div class='ocr_carea' id='block_1_13' title="bbox 1993 3371 3527 3528">
    <p class='ocr_par' dir='ltr' id='par_1_42' title="bbox 1993 3371 3527 3528">
     <span class='ocr_line' id='line_1_87' title="bbox 2066 3371 3527 3446; baseline -0.008 -13"><span class='ocrx_word' id='word_1_506' title='bbox 2066 3374 2518 3433; x_wconf 87' lang='lat' dir='ltr'>338.Dicendum</span> <span class='ocrx_word' id='word_1_507' title='bbox 2541 3371 2799 3446; x_wconf 90' lang='lat' dir='ltr'>est,quod</span> <span class='ocrx_word' id='word_1_508' title='bbox 2814 3373 2862 3428; x_wconf 87' lang='lat' dir='ltr'>si</span> <span class='ocrx_word' id='word_1_509' title='bbox 2883 3376 3028 3428; x_wconf 90' lang='lat' dir='ltr'>Deus</span> <span class='ocrx_word' id='word_1_510' title='bbox 3050 3376 3246 3445; x_wconf 89' lang='lat' dir='ltr'>ageret</span> <span class='ocrx_word' id='word_1_511' title='bbox 3268 3381 3527 3439; x_wconf 66' lang='lat' dir='ltr'>ne-coqcin·</span> 
     </span>
     <span class='ocr_line' id='line_1_88' title="bbox 1993 3439 3488 3528; baseline -0.007 -13"><span class='ocrx_word' id='word_1_512' title='bbox 1993 3458 2254 3525; x_wconf 87' lang='lat' dir='ltr'>cessario,</span> <span class='ocrx_word' id='word_1_513' title='bbox 2282 3457 2548 3514; x_wconf 79' lang='lat' dir='ltr'>voluntas</span> <span class='ocrx_word' id='word_1_514' title='bbox 2567 3460 2753 3512; x_wconf 89' lang='lat' dir='ltr'>creata</span> <span class='ocrx_word' id='word_1_515' title='bbox 2776 3470 2894 3510; x_wconf 90' lang='lat' dir='ltr'>non</span> <span class='ocrx_word' id='word_1_516' title='bbox 2915 3459 3109 3528; x_wconf 89' lang='lat' dir='ltr'>ageret</span> <span class='ocrx_word' id='word_1_517' title='bbox 3155 3451 3357 3508; x_wconf 90' lang='lat' dir='ltr'>libere.</span> <span class='ocrx_word' id='word_1_518' title='bbox 3420 3439 3488 3474; x_wconf 75' lang='lat'><strong>⁵¹⁰·</strong></span> 
     </span>
    </p>
   </div>
   <div class='ocr_carea' id='block_1_14' title="bbox 1954 3530 3361 3606">
    <p class='ocr_par' dir='ltr' id='par_1_43' title="bbox 1954 3530 3361 3606">
     <span class='ocr_line' id='line_1_89' title="bbox 1954 3530 3361 3606; baseline -0.006 -11"><span class='ocrx_word' id='word_1_519' title='bbox 1954 3555 1973 3568; x_wconf 75' lang='lat'><strong><em>‘</em></strong></span> <span class='ocrx_word' id='word_1_520' title='bbox 1996 3541 2126 3595; x_wconf 82' lang='lat' dir='ltr'>Haec</span> <span class='ocrx_word' id='word_1_521' title='bbox 2151 3537 2437 3595; x_wconf 87' lang='lat' dir='ltr'>conclusio</span> <span class='ocrx_word' id='word_1_522' title='bbox 2459 3552 2575 3592; x_wconf 89' lang='lat' dir='ltr'>uon</span> <span class='ocrx_word' id='word_1_523' title='bbox 2600 3534 2898 3591; x_wconf 79' lang='lat' dir='ltr'>invenitur</span> <span class='ocrx_word' id='word_1_524' title='bbox 2919 3549 3191 3606; x_wconf 83' lang='lat' dir='ltr'>expressa</span> <span class='ocrx_word' id='word_1_525' title='bbox 3214 3530 3361 3604; x_wconf 90' lang='lat' dir='ltr'>apud</span> 
     </span>
    </p>
   </div>
   <div class='ocr_carea' id='block_1_15' title="bbox 1993 3613 3607 5059">
    <p class='ocr_par' dir='ltr' id='par_1_44' title="bbox 1993 3613 3607 5059">
     <span class='ocr_line' id='line_1_90' title="bbox 1997 3613 3362 3685; baseline -0.004 -12"><span class='ocrx_word' id='word_1_526' title='bbox 1997 3621 2062 3674; x_wconf 92' lang='lat' dir='ltr'>D.</span> <span class='ocrx_word' id='word_1_527' title='bbox 2109 3619 2413 3684; x_wconf 89' lang='lat' dir='ltr'>Thomam,</span> <span class='ocrx_word' id='word_1_528' title='bbox 2445 3622 2530 3673; x_wconf 88' lang='lat' dir='ltr'>est</span> <span class='ocrx_word' id='word_1_529' title='bbox 2556 3622 2750 3672; x_wconf 89' lang='lat' dir='ltr'>tamen</span> <span class='ocrx_word' id='word_1_530' title='bbox 2778 3614 2945 3671; x_wconf 83' lang='lat' dir='ltr'>valde</span> <span class='ocrx_word' id='word_1_531' title='bbox 2969 3629 3224 3670; x_wconf 87' lang='lat' dir='ltr'>consona</span> <span class='ocrx_word' id='word_1_532' title='bbox 3244 3613 3362 3685; x_wconf 87' lang='lat' dir='ltr'>ejus</span> 
     </span>
     <span class='ocr_line' id='line_1_91' title="bbox 1994 3693 3365 3770; baseline -0.005 -16"><span class='ocrx_word' id='word_1_533' title='bbox 1994 3697 2288 3762; x_wconf 86' lang='lat' dir='ltr'>doctrinae,</span> <span class='ocrx_word' id='word_1_534' title='bbox 2308 3704 2364 3754; x_wconf 91' lang='lat' dir='ltr'>et</span> <span class='ocrx_word' id='word_1_535' title='bbox 2389 3697 2708 3770; x_wconf 76' lang='lat' dir='ltr'>principiiS,</span> <span class='ocrx_word' id='word_1_536' title='bbox 2740 3701 2801 3751; x_wconf 92' lang='lat' dir='ltr'>ut</span> <span class='ocrx_word' id='word_1_537' title='bbox 2827 3712 2898 3751; x_wconf 89' lang='lat' dir='ltr'>ex</span> <span class='ocrx_word' id='word_1_538' title='bbox 2923 3693 3182 3750; x_wconf 88' lang='lat' dir='ltr'>dicendis</span> <span class='ocrx_word' id='word_1_539' title='bbox 3208 3708 3365 3749; x_wconf 89' lang='lat' dir='ltr'>cons·</span> 
     </span>
     <span class='ocr_line' id='line_1_92' title="bbox 1994 3773 3359 3848; baseline -0.004 -15"><span class='ocrx_word' id='word_1_540' title='bbox 1994 3777 2155 3835; x_wconf 86' lang='lat' dir='ltr'>tabit.</span> <span class='ocrx_word' id='word_1_541' title='bbox 2216 3777 2381 3834; x_wconf 90' lang='lat' dir='ltr'>Unde</span> <span class='ocrx_word' id='word_1_542' title='bbox 2431 3776 2512 3833; x_wconf 89' lang='lat' dir='ltr'>sic</span> <span class='ocrx_word' id='word_1_543' title='bbox 2538 3775 2741 3841; x_wconf 81' lang='lat' dir='ltr'>docent</span> <span class='ocrx_word' id='word_1_544' title='bbox 2794 3777 2987 3848; x_wconf 90' lang='lat' dir='ltr'>plures</span> <span class='ocrx_word' id='word_1_545' title='bbox 3032 3773 3359 3833; x_wconf 79' lang='lat' dir='ltr'>Thomistae‚</span> 
     </span>
     <span class='ocr_line' id='line_1_93' title="bbox 1996 3855 3541 3929; baseline -0.006 -14"><span class='ocrx_word' id='word_1_546' title='bbox 1996 3862 2242 3916; x_wconf 87' lang='lat' dir='ltr'>Ferrara</span> <span class='ocrx_word' id='word_1_547' title='bbox 2271 3861 2315 3925; x_wconf 93' lang='grc'>1,</span> <span class='ocrx_word' id='word_1_548' title='bbox 2372 3868 2562 3913; x_wconf 80' lang='lat' dir='ltr'>contra</span> <span class='ocrx_word' id='word_1_549' title='bbox 2606 3864 2803 3928; x_wconf 70' lang='lat' dir='ltr'>yenteS,</span> <span class='ocrx_word' id='word_1_550' title='bbox 2849 3875 2968 3929; x_wconf 82' lang='lat' dir='ltr'>cap.</span> <span class='ocrx_word' id='word_1_551' title='bbox 3000 3857 3093 3918; x_wconf 88' lang='grc'>67,</span> <span class='ocrx_word' id='word_1_552' title='bbox 3148 3855 3541 3916; x_wconf 73' lang='lat' dir='ltr'>ratiomremn.</span> 
     </span>
     <span class='ocr_line' id='line_1_94' title="bbox 1995 3926 3532 4013; baseline -0.004 -20"><span class='ocrx_word' id='word_1_553' title='bbox 1995 3942 2030 3993; x_wconf 89' lang='lat'>5</span> <span class='ocrx_word' id='word_1_554' title='bbox 2049 3943 2099 4009; x_wconf 62' lang='grc' dir='ltr'>ὃ.</span> <span class='ocrx_word' id='word_1_555' title='bbox 2130 3938 2223 3996; x_wconf 81' lang='lat' dir='ltr'>Ad</span> <span class='ocrx_word' id='word_1_556' title='bbox 2244 3938 2577 3995; x_wconf 73' lang='lat' dir='ltr'>evidentiam</span> <span class='ocrx_word' id='word_1_557' title='bbox 2603 3938 2842 4003; x_wconf 80' lang='lat' dir='ltr'>secundi,</span> <span class='ocrx_word' id='word_1_558' title='bbox 2875 3938 3105 3993; x_wconf 80' lang='lat' dir='ltr'>Bannez</span> <span class='ocrx_word' id='word_1_559' title='bbox 3139 3935 3158 3989; x_wconf 91' lang='lat'>1</span> <span class='ocrx_word' id='word_1_560' title='bbox 3208 3940 3357 4007; x_wconf 82' lang='lat' dir='ltr'>part.</span> <span class='ocrx_word' id='word_1_561' title='bbox 3377 3926 3532 4013; x_wconf 57' lang='grc' dir='ltr'>Βὲξζᾶζ</span> 
     </span>
     <span class='ocr_line' id='line_1_95' title="bbox 1994 4013 3541 4097; baseline -0.008 -21"><span class='ocrx_word' id='word_1_562' title='bbox 1994 4029 2175 4097; x_wconf 57' lang='lat' dir='ltr'>quast.</span> <span class='ocrx_word' id='word_1_563' title='bbox 2217 4021 2299 4084; x_wconf 86' lang='lat'>19,</span> <span class='ocrx_word' id='word_1_564' title='bbox 2350 4025 2462 4074; x_wconf 83' lang='lat' dir='ltr'>art.</span> <span class='ocrx_word' id='word_1_565' title='bbox 2504 4019 2559 4082; x_wconf 91' lang='lat'>8,</span> <span class='ocrx_word' id='word_1_566' title='bbox 2615 4018 2850 4073; x_wconf 54' lang='lat' dir='ltr'>conclu&amp;</span> <span class='ocrx_word' id='word_1_567' title='bbox 2884 4017 2985 4071; x_wconf 79' lang='lat' dir='ltr'>ult.</span> <span class='ocrx_word' id='word_1_568' title='bbox 3042 4014 3139 4071; x_wconf 92' lang='lat' dir='ltr'>ubi</span> <span class='ocrx_word' id='word_1_569' title='bbox 3186 4013 3359 4070; x_wconf 88' lang='lat' dir='ltr'>etiam</span> <span class='ocrx_word' id='word_1_570' title='bbox 3376 4017 3541 4065; x_wconf 69' lang='lat' dir='ltr'>naenia.</span> 
     </span>
     <span class='ocr_line' id='line_1_96' title="bbox 1993 4071 3607 4171; baseline -0.003 -17"><span class='ocrx_word' id='word_1_571' title='bbox 1993 4100 2189 4156; x_wconf 89' lang='lat' dir='ltr'>Zumel</span> <span class='ocrx_word' id='word_1_572' title='bbox 2234 4100 2376 4171; x_wconf 81' lang='lat' dir='ltr'>disp.</span> <span class='ocrx_word' id='word_1_573' title='bbox 2432 4100 2487 4163; x_wconf 82' lang='lat'>2,</span> <span class='ocrx_word' id='word_1_574' title='bbox 2532 4099 2769 4153; x_wconf 79' lang='lat' dir='ltr'>conclus,</span> <span class='ocrx_word' id='word_1_575' title='bbox 2826 4098 2881 4160; x_wconf 85' lang='lat'>9,</span> <span class='ocrx_word' id='word_1_576' title='bbox 2931 4094 3181 4151; x_wconf 87' lang='lat' dir='ltr'>Machim</span> <span class='ocrx_word' id='word_1_577' title='bbox 3229 4071 3545 4163; x_wconf 49' lang='lat' dir='ltr'>dubfffflssss</span> <span class='ocrx_word' id='word_1_578' title='bbox 3606 4132 3607 4171; x_wconf 28' lang='grc' dir='ltr'>ἶ</span> 
     </span>
     <span class='ocr_line' id='line_1_97' title="bbox 1995 4175 3358 4245; baseline -0.007 -10"><span class='ocrx_word' id='word_1_579' title='bbox 1995 4180 2179 4245; x_wconf 78' lang='lat' dir='ltr'>unico,</span> <span class='ocrx_word' id='word_1_580' title='bbox 2211 4181 2444 4236; x_wconf 83' lang='lat' dir='ltr'>Arauxo</span> <span class='ocrx_word' id='word_1_581' title='bbox 2472 4178 2549 4234; x_wconf 72' lang='lat' dir='ltr'>ibt·</span> <span class='ocrx_word' id='word_1_582' title='bbox 2574 4186 2683 4234; x_wconf 85' lang='lat' dir='ltr'>art.</span> <span class='ocrx_word' id='word_1_583' title='bbox 2733 4180 2816 4243; x_wconf 86' lang='lat'>10,</span> <span class='ocrx_word' id='word_1_584' title='bbox 2870 4179 2929 4232; x_wconf 78' lang='lat' dir='ltr'>in</span> <span class='ocrx_word' id='word_1_585' title='bbox 2953 4175 3358 4237; x_wconf 69' lang='lat' dir='ltr'>nummulario,</span> 
     </span>
     <span class='ocr_line' id='line_1_98' title="bbox 1997 4261 3527 4334; baseline -0.006 -18"><span class='ocrx_word' id='word_1_586' title='bbox 1997 4263 2246 4318; x_wconf 86' lang='lat' dir='ltr'>Herrera</span> <span class='ocrx_word' id='word_1_587' title='bbox 2270 4264 2330 4316; x_wconf 81' lang='lat' dir='ltr'>in</span> <span class='ocrx_word' id='word_1_588' title='bbox 2351 4262 2761 4334; x_wconf 47' lang='lat' dir='ltr'>manuscripti&amp;</span> <span class='ocrx_word' id='word_1_589' title='bbox 2796 4263 3111 4315; x_wconf 81' lang='lat' dir='ltr'>Navarrete</span> <span class='ocrx_word' id='word_1_590' title='bbox 3145 4261 3363 4312; x_wconf 83' lang='lat' dir='ltr'>contro-</span> <span class='ocrx_word' id='word_1_591' title='bbox 3391 4268 3527 4311; x_wconf 68' lang='lat' dir='ltr'>xam-</span> 
     </span>
     <span class='ocr_line' id='line_1_99' title="bbox 1996 4319 3529 4417; baseline -0.006 -17"><span class='ocrx_word' id='word_1_592' title='bbox 1996 4361 2133 4401; x_wconf 67' lang='lat' dir='ltr'>verS.</span> <span class='ocrx_word' id='word_1_593' title='bbox 2158 4345 2212 4409; x_wconf 88' lang='lat'>9,</span> <span class='ocrx_word' id='word_1_594' title='bbox 2242 4345 2478 4399; x_wconf 77' lang='lat' dir='ltr'>conclus.</span> <span class='ocrx_word' id='word_1_595' title='bbox 2511 4345 2565 4407; x_wconf 81' lang='lat'>2,</span> <span class='ocrx_word' id='word_1_596' title='bbox 2599 4345 2802 4397; x_wconf 90' lang='lat' dir='ltr'>Nunus</span> <span class='ocrx_word' id='word_1_597' title='bbox 2822 4342 2858 4396; x_wconf 88' lang='lat'><strong>3</strong></span> <span class='ocrx_word' id='word_1_598' title='bbox 2876 4359 2934 4413; x_wconf 83' lang='lat' dir='ltr'>p.</span> <span class='ocrx_word' id='word_1_599' title='bbox 2959 4358 3014 4417; x_wconf 82' lang='lat' dir='ltr'>q.</span> <span class='ocrx_word' id='word_1_600' title='bbox 3040 4341 3134 4404; x_wconf 80' lang='lat'>62,</span> <span class='ocrx_word' id='word_1_601' title='bbox 3160 4345 3272 4394; x_wconf 84' lang='lat' dir='ltr'>art.</span> <span class='ocrx_word' id='word_1_602' title='bbox 3305 4338 3358 4403; x_wconf 83' lang='lat'>5,</span> <span class='ocrx_word' id='word_1_603' title='bbox 3392 4319 3529 4408; x_wconf 49' lang='lat'>⁸¹52,</span> 
     </span>
     <span class='ocr_line' id='line_1_100' title="bbox 2035 4418 3363 4497; baseline -0.005 -18"><span class='ocrx_word' id='word_1_604' title='bbox 2035 4466 2048 4479; x_wconf 93' lang='lat'><strong>.</strong></span> <span class='ocrx_word' id='word_1_605' title='bbox 2099 4425 2145 4490; x_wconf 90' lang='lat'>1,</span> <span class='ocrx_word' id='word_1_606' title='bbox 2174 4441 2273 4497; x_wconf 80' lang='lat' dir='ltr'>pro</span> <span class='ocrx_word' id='word_1_607' title='bbox 2301 4423 2567 4478; x_wconf 77' lang='lat' dir='ltr'>solutione</span> <span class='ocrx_word' id='word_1_608' title='bbox 2605 4421 2828 4477; x_wconf 80' lang='lat' dir='ltr'>secundi</span> <span class='ocrx_word' id='word_1_609' title='bbox 2866 4421 3197 4489; x_wconf 77' lang='lat' dir='ltr'>aryumenti.</span> <span class='ocrx_word' id='word_1_610' title='bbox 3257 4418 3363 4473; x_wconf 83' lang='lat' dir='ltr'>Le-</span> 
     </span>
     <span class='ocr_line' id='line_1_101' title="bbox 1995 4441 3487 4581; baseline -0.003 -23"><span class='ocrx_word' id='word_1_611' title='bbox 1995 4441 2192 4559; x_wconf 72' lang='lat' dir='ltr'>tqiesma</span> <span class='ocrx_word' id='word_1_612' title='bbox 2236 4510 2415 4581; x_wconf 75' lang='lat' dir='ltr'>quaest.</span> <span class='ocrx_word' id='word_1_613' title='bbox 2436 4504 2601 4558; x_wconf 74' lang='lat' dir='ltr'>unica</span> <span class='ocrx_word' id='word_1_614' title='bbox 2627 4503 2690 4556; x_wconf 83' lang='lat' dir='ltr'>de</span> <span class='ocrx_word' id='word_1_615' title='bbox 2728 4501 2986 4565; x_wconf 75' lang='lat' dir='ltr'>auxiliis,</span> <span class='ocrx_word' id='word_1_616' title='bbox 3018 4505 3129 4555; x_wconf 82' lang='lat' dir='ltr'>art.</span> <span class='ocrx_word' id='word_1_617' title='bbox 3162 4499 3215 4562; x_wconf 90' lang='grc'>3,</span> <span class='ocrx_word' id='word_1_618' title='bbox 3262 4496 3357 4565; x_wconf 84' lang='lat' dir='ltr'>fol.</span> <span class='ocrx_word' id='word_1_619' title='bbox 3421 4511 3487 4553; x_wconf 66' lang='grc' dir='ltr'>ιι·</span> 
     </span>
     <span class='ocr_line' id='line_1_102' title="bbox 2005 4561 3522 4648; baseline -0.005 -11"><span class='ocrx_word' id='word_1_620' title='bbox 2005 4583 2124 4648; x_wconf 78' lang='lat'>102,</span> <span class='ocrx_word' id='word_1_621' title='bbox 2175 4598 2435 4640; x_wconf 89' lang='lat' dir='ltr'>asserens</span> <span class='ocrx_word' id='word_1_622' title='bbox 2457 4583 2518 4639; x_wconf 90' lang='lat' dir='ltr'>in</span> <span class='ocrx_word' id='word_1_623' title='bbox 2545 4582 2649 4639; x_wconf 86' lang='lat' dir='ltr'>hoc</span> <span class='ocrx_word' id='word_1_624' title='bbox 2673 4580 2985 4638; x_wconf 85' lang='lat' dir='ltr'>convenire</span> <span class='ocrx_word' id='word_1_625' title='bbox 3011 4594 3214 4636; x_wconf 90' lang='lat' dir='ltr'>omnes</span> <span class='ocrx_word' id='word_1_626' title='bbox 3241 4574 3361 4631; x_wconf 89' lang='lat' dir='ltr'>dis·</span> <span class='ocrx_word' id='word_1_627' title='bbox 3390 4561 3522 4604; x_wconf 58' lang='lat' dir='ltr'>dem·</span> 
     </span>
     <span class='ocr_line' id='line_1_103' title="bbox 1996 4660 3358 4735; baseline -0.004 -16"><span class='ocrx_word' id='word_1_628' title='bbox 1996 4661 2214 4735; x_wconf 90' lang='lat' dir='ltr'>cipulos</span> <span class='ocrx_word' id='word_1_629' title='bbox 2235 4666 2297 4721; x_wconf 92' lang='lat' dir='ltr'>D.</span> <span class='ocrx_word' id='word_1_630' title='bbox 2330 4663 2534 4719; x_wconf 89' lang='lat' dir='ltr'>Thom.</span> <span class='ocrx_word' id='word_1_631' title='bbox 2568 4671 2625 4720; x_wconf 87' lang='lat' dir='ltr'>et</span> <span class='ocrx_word' id='word_1_632' title='bbox 2650 4677 2850 4718; x_wconf 89' lang='lat' dir='ltr'>omnes</span> <span class='ocrx_word' id='word_1_633' title='bbox 2876 4660 2997 4716; x_wconf 78' lang='lat' dir='ltr'>fere</span> <span class='ocrx_word' id='word_1_634' title='bbox 3024 4660 3358 4731; x_wconf 86' lang='lat' dir='ltr'>Theologos.</span> 
     </span>
     <span class='ocr_line' id='line_1_104' title="bbox 1997 4737 3503 4817; baseline -0.005 -20"><span class='ocrx_word' id='word_1_635' title='bbox 1997 4744 2141 4799; x_wconf 87' lang='lat' dir='ltr'>Ram</span> <span class='ocrx_word' id='word_1_636' title='bbox 2171 4745 2351 4799; x_wconf 80' lang='lat' dir='ltr'>relect.</span> <span class='ocrx_word' id='word_1_637' title='bbox 2382 4745 2438 4809; x_wconf 89' lang='lat'>5,</span> <span class='ocrx_word' id='word_1_638' title='bbox 2468 4760 2593 4817; x_wconf 72' lang='lat' dir='ltr'>paq.</span> <span class='ocrx_word' id='word_1_639' title='bbox 2636 4743 2757 4806; x_wconf 68' lang='lat'>123,</span> <span class='ocrx_word' id='word_1_640' title='bbox 2800 4741 3037 4799; x_wconf 79' lang='lat' dir='ltr'>conclus,</span> <span class='ocrx_word' id='word_1_641' title='bbox 3080 4742 3126 4804; x_wconf 92' lang='lat' dir='ltr'>l,</span> <span class='ocrx_word' id='word_1_642' title='bbox 3170 4737 3361 4793; x_wconf 83' lang='lat' dir='ltr'>dicens</span> <span class='ocrx_word' id='word_1_643' title='bbox 3402 4757 3503 4798; x_wconf 70' lang='lat' dir='ltr'>anm.</span> 
     </span>
     <span class='ocr_line' id='line_1_105' title="bbox 1996 4817 3358 4881; baseline -0.007 -2"><span class='ocrx_word' id='word_1_644' title='bbox 1996 4838 2118 4879; x_wconf 90' lang='lat' dir='ltr'>esse</span> <span class='ocrx_word' id='word_1_645' title='bbox 2144 4840 2509 4881; x_wconf 89' lang='lat' dir='ltr'>communem</span> <span class='ocrx_word' id='word_1_646' title='bbox 2537 4823 2969 4879; x_wconf 86' lang='lat' dir='ltr'>Thomistarum</span> <span class='ocrx_word' id='word_1_647' title='bbox 2992 4817 3358 4877; x_wconf 88' lang='lat' dir='ltr'>sententiam.</span> 
     </span>
     <span class='ocr_line' id='line_1_106' title="bbox 2000 4897 3530 4967; baseline -0.005 -10"><span class='ocrx_word' id='word_1_648' title='bbox 2000 4902 2256 4961; x_wconf 85' lang='lat' dir='ltr'>Eandem</span> <span class='ocrx_word' id='word_1_649' title='bbox 2281 4905 2457 4961; x_wconf 86' lang='lat' dir='ltr'>etiam</span> <span class='ocrx_word' id='word_1_650' title='bbox 2504 4907 2694 4958; x_wconf 90' lang='lat' dir='ltr'>tuetur</span> <span class='ocrx_word' id='word_1_651' title='bbox 2742 4905 2935 4959; x_wconf 88' lang='lat' dir='ltr'>Scotus</span> <span class='ocrx_word' id='word_1_652' title='bbox 2962 4902 3022 4955; x_wconf 80' lang='lat' dir='ltr'>in</span> <span class='ocrx_word' id='word_1_653' title='bbox 3057 4903 3102 4967; x_wconf 88' lang='lat' dir='ltr'>l,</span> <span class='ocrx_word' id='word_1_654' title='bbox 3147 4900 3279 4954; x_wconf 80' lang='lat' dir='ltr'>dist.</span> <span class='ocrx_word' id='word_1_655' title='bbox 3308 4897 3361 4957; x_wconf 82' lang='lat'>2.</span> <span class='ocrx_word' id='word_1_656' title='bbox 3393 4903 3530 4945; x_wconf 59' lang='lat' dir='ltr'>samm.</span> 
     </span>
     <span class='ocr_line' id='line_1_107' title="bbox 2002 4976 3365 5059; baseline -0.004 -22"><span class='ocrx_word' id='word_1_657' title='bbox 2002 4993 2185 5059; x_wconf 74' lang='lat' dir='ltr'>quaest.</span> <span class='ocrx_word' id='word_1_658' title='bbox 2214 4988 2251 5041; x_wconf 77' lang='lat'>2</span> <span class='ocrx_word' id='word_1_659' title='bbox 2276 4995 2323 5041; x_wconf 84' lang='lat' dir='ltr'>et</span> <span class='ocrx_word' id='word_1_660' title='bbox 2350 4986 2483 5042; x_wconf 74' lang='lat' dir='ltr'>dist.</span> <span class='ocrx_word' id='word_1_661' title='bbox 2514 4988 2568 5052; x_wconf 91' lang='lat'>8,</span> <span class='ocrx_word' id='word_1_662' title='bbox 2599 5001 2653 5058; x_wconf 90' lang='lat' dir='ltr'>q.</span> <span class='ocrx_word' id='word_1_663' title='bbox 2680 4988 2735 5048; x_wconf 76' lang='lat'>2.</span> <span class='ocrx_word' id='word_1_664' title='bbox 2761 4993 2809 5040; x_wconf 74' lang='lat' dir='ltr'>et</span> <span class='ocrx_word' id='word_1_665' title='bbox 2831 4985 2958 5039; x_wconf 79' lang='lat' dir='ltr'>dist.</span> <span class='ocrx_word' id='word_1_666' title='bbox 2990 4985 3081 5048; x_wconf 86' lang='lat'>39,</span> <span class='ocrx_word' id='word_1_667' title='bbox 3113 5001 3164 5059; x_wconf 88' lang='lat' dir='ltr'>q.</span> <span class='ocrx_word' id='word_1_668' title='bbox 3203 4981 3249 5044; x_wconf 88' lang='lat' dir='ltr'>l,</span> <span class='ocrx_word' id='word_1_669' title='bbox 3277 4976 3365 5034; x_wconf 94' lang='lat' dir='ltr'>cui</span> 
     </span>
    </p>
   </div>
   <div class='ocr_carea' id='block_1_16' title="bbox 3007 5059 3369 5119">
    <p class='ocr_par' dir='ltr' id='par_1_45' title="bbox 3007 5059 3369 5119">
     <span class='ocr_line' id='line_1_108' title="bbox 3007 5059 3369 5119; baseline -0.022 0"><span class='ocrx_word' id='word_1_670' title='bbox 3007 5059 3369 5119; x_wconf 89' lang='lat' dir='ltr'>subscribunt</span> 
     </span>
    </p>
   </div>
  </div>
 </body>
</html>
