3647 5753
194 840 351 884 Princi-

171 890 255 939 pale
270 902 350 933 mo·

1531 370 1707 426 DISP.
1753 372 1819 437 11,
1867 371 2031 428 DUB.
2077 375 2120 431 1.

378 527 623 584 Concilii
648 532 977 590 Tridentini
1002 542 1254 596 statuere
1274 547 1556 598 curarunt
1583 563 1596 597 :
1631 543 1742 599 Be-

374 624 550 665 canus
579 611 642 666 in
681 631 912 673 summa
951 625 1081 677 tom.
1131 623 1184 686 2,
1218 640 1341 694 cap.
1372 625 1424 691 3,
1472 631 1653 701 ᾳαωει.
1679 626 1734 690 5,

375 706 636 749 asserens
657 699 974 767 oppositam
1003 705 1351 761 sententiam
1388 705 1581 763 favere
1608 707 1739 762 Cal-

377 773 630 839 vinistiS,
660 777 840 833 etalii
865 782 1078 851 plures.

453 853 918 916 Fundamentum
943 863 1294 936 praecipuum
1335 867 1505 940 hujus
1550 883 1738 924 asser-

189 940 328 981 tivum.
378 932 552 989 tionis
595 935 918 996 desumitur
970 958 1040 998 ex
1093 946 1349 1005 Concilio
1395 946 1554 1003 Trid.
1600 948 1738 1004 locis

184 989 305 1031 Conci
314 989 338 1031 l.

170 1039 335 1082 Tridcut

167 4092 303 4137 contii·

175 4148 299 4188 matur.

341 1073 350 1081 ‚
376 1030 551 1085 supra
580 1017 785 1086 citatiS,
838 1027 892 1076 et
916 1023 1195 1096 praecipue
1215 1044 1340 1083 sess,
1374 1030 1428 1092 6,
1454 1045 1574 1100 cap.
1598 1031 1650 1093 7,
1682 1032 1738 1084 et

380 1101 560 1166 potest
582 1097 662 1154 sic
682 1099 924 1157 formari
954 1126 967 1159 :
1018 1106 1076 1160 Si
1103 1107 1290 1179 gratia
1318 1107 1646 1173 habitualiS,
1674 1112 1736 1163 ut

379 1177 643 1235 homines
667 1182 1064 1252 sanctificaret,
1097 1193 1153 1242 et
1175 1189 1518 1247 emundaret
1543 1207 1577 1246 a
1605 1206 1736 1262 pec-

379 1259 538 1326 catis,
571 1261 854 1336 indigeret
883 1282 1033 1322 novo
1058 1267 1253 1325 favore
1282 1272 1380 1326 Dei
1409 1273 1736 1329 extrinseco

379 1339 643 1400 distincto
670 1344 739 1400 ab
765 1362 830 1403 eo
875 1355 1020 1414 actu,
1075 1365 1185 1420 quo
1229 1352 1580 1420 infunditur,
1613 1370 1732 1411 non

378 1427 525 1477 esset
575 1423 758 1481 forma
805 1443 937 1484 vere
980 1429 1338 1501 justificans:
1380 1450 1733 1507 consequens

373 1506 459 1556 est
497 1508 693 1561 contra
719 1508 1039 1565 Concilium
1078 1511 1189 1566 loco
1214 1516 1306 1569 cit.
1343 1512 1440 1569 ubi
1470 1514 1684 1571 dicitur
1714 1535 1728 1571 ε

380 1581 555 1639 Unica
575 1604 745 1642 causa
769 1591 1027 1661 servitulis
1062 1594 1483 1664 justificationis
1505 1604 1585 1651 est
1599 1598 1730 1667 jus-

374 1666 501 1719 titia
522 1664 761 1731 Dei,non
787 1687 896 1746 qua
925 1672 1037 1742 ipse
1053 1674 1244 1743 justus
1263 1682 1361 1742 est,
1393 1676 1484 1730 sed
1502 1695 1610 1753 qua
1632 1694 1730 1732 nos

365 1745 540 1813 justos
558 1747 717 1817 facit,
751 1757 846 1805 etc.
878 1765 1012 1823 ergo
1052 1754 1242 1824 gratia
1270 1753 1584 1811 habitualis
1612 1756 1730 1812 im-

374 1824 616 1882 mediate
646 1844 747 1899 per
787 1830 1055 1901 seipsam,
1100 1837 1154 1888 et
1199 1833 1655 1906 independenter
1696 1851 1729 1891 a

377 1918 519 1962 novo
541 1907 738 1964 favore
765 1910 864 1965 Dei
889 1911 1208 1970 extrinseco
1230 1915 1530 1971 hominem
1557 1930 1727 1971 sanc-

372 1984 616 2054 tificat‚et
635 1991 912 2047 emundat
933 2008 964 2048 a
988 1995 1245 2065 peccatis,
1267 1996 1510 2068 Sequela
1531 2001 1726 2053 osten-

374 2066 524 2126 ditur
549 2093 562 2128 :
587 2077 710 2128 tum
732 2074 867 2145 quia
910 2075 1010 2131 illa
1037 2081 1119 2131 est
1141 2077 1328 2134 forma
1356 2094 1490 2135 vere
1508 2078 1724 2150 justisi-

375 2162 521 2215 cam,
551 2168 675 2223 quae
704 2160 934 2225 praestat
951 2154 1177 2210 effectus
1205 2157 1468 2228 proprios
1509 2156 1726 2230 justifi-

379 2228 562 2296 tionis,
588 2248 797 2305 nempe
816 2234 1327 2292 sanctificationem
1358 2237 1718 2305 interiorem,

376 2315 428 2363 et
455 2318 805 2382 peecatorum
855 2316 1277 2383 remissionem,
1309 2323 1369 2373 ut
1389 2316 1549 2373 docet
1569 2318 1723 2375 idem

377 2390 688 2450 Concilium
740 2412 858 2468 cap.
915 2399 1006 2451 cit.
1041 2398 1101 2452 in
1136 2400 1452 2470 principio:
1497 2414 1632 2472 ergo
1671 2399 1722 2454 si

377 2473 558 2543 gratia
595 2474 899 2533 habitualis
928 2494 1044 2534 non
1080 2485 1306 2551 praestat
1334 2479 1436 2535 hos
1466 2479 1715 2547 effectuS,

379 2552 476 2608 sed
503 2554 678 2612 adhuc
704 2573 767 2614 ea
810 2560 1008 2635 posita,
1068 2560 1388 2632 requiritur
1416 2578 1620 2629 novuS,
1666 2566 1723 2618 et

380 2639 780 2706 superveniens
825 2642 926 2697 Dei
952 2642 1138 2709 favor,
1161 2658 1272 2714 quo
1302 2643 1600 2699 hominem
1624 2659 1721 2699 ac-

380 2721 554 2785 ceptet
597 2719 664 2775 ad
693 2722 1027 2787 amicitiam,
1071 2728 1127 2779 et
1152 2723 1261 2795 ipsi
1304 2725 1559 2780 remittat
1589 2739 1720 2795 pec-

375 2800 491 2852 cata
509 2821 523 2863 ;
540 2802 794 2873 sequitur
807 2806 1054 2878 gratiam
1076 2804 1430 2863 habitualem
1455 2823 1570 2864 non
1597 2823 1719 2864 esse

373 2873 613 2936 formam
659 2899 793 2940 vere
833 2884 1273 2958 justificantem.
1326 2889 1473 2943 Tum
1521 2888 1713 2957 etiam,

367 2958 497 3028 quia
517 2960 743 3019 effectus
791 2965 1054 3022 formalis
1081 2967 1320 3041 alicujus
1359 2969 1562 3025 formae
1581 2985 1717 3041 pro-

369 3043 522 3098 venit
580 3044 916 3103 immediate
956 3045 1028 3102 ab
1056 3048 1178 3120 ipsa
1217 3050 1406 3106 forma
1439 3071 1452 3105 ε
1481 3066 1618 3124 ergo
1638 3050 1717 3106 ef-

368 3118 539 3179 fectus
580 3124 843 3182 formalis
893 3127 1093 3182 formae
1140 3129 1510 3202 justificantis
1549 3129 1718 3188 debet

364 3199 691 3263 immediate
744 3207 815 3263 ab
855 3206 977 3280 ipsa
1017 3208 1205 3265 forma
1238 3211 1554 3282 'provenire
1601 3234 1617 3277 ς
1658 3215 1715 3267 et

356 3284 632 3358 quidquid
677 3286 749 3344 ab
788 3304 854 3344 ea
899 3289 979 3344 ita
1030 3305 1147 3345 non
1195 3293 1479 3363 provenit,
1516 3292 1715 3365 nequit

355 3380 472 3423 esse
493 3368 725 3425 effectus
747 3370 1008 3427 formalis
1025 3371 1205 3437 illius,
1233 3390 1335 3430 nec
1361 3374 1485 3446 ipsa
1506 3374 1714 3446 poterit

357 3446 424 3503 ad
448 3449 621 3505 illum
651 3451 973 3523 comparari
1003 3457 1274 3525 tanquam
1305 3470 1472 3511 causa
1493 3456 1713 3512 forma-

353 3528 466 3585 lis:
507 3546 649 3604 ergo
694 3532 742 3586 si
767 3530 1153 3600 ‚sanctificatio
1183 3535 1459 3602 hominis,
1514 3541 1571 3591 et
1616 3550 1712 3591 re-

349 3607 546 3667 missio
563 3616 924 3683 peccatorum
950 3627 1065 3667 non
1090 3613 1709 3684 provenitimmediate

346 3705 377 3744 a
402 3692 595 3764 gratia
635 3691 1043 3760 sanctificante,
1075 3690 1172 3749 sed
1197 3694 1379 3750 adhuc
1417 3711 1484 3752 ea
1508 3695 1704 3767 posita,

348 3775 675 3847 requiritur
721 3791 902 3831 novus
931 3775 1030 3831 Dei
1053 3776 1218 3831 favor
1267 3776 1337 3833 ad
1376 3778 1708 3833 communi-

342 3853 547 3912 candos
569 3854 870 3927 praedictos
914 3855 1162 3922 effectuS,
1188 3857 1494 3913 manifeste
1511 3858 1709 3929 sequi-

342 3938 451 4000 tur,
501 3934 757 4008 gratiam
801 3934 1151 3990 habitualem
1195 3950 1310 3992 non
1331 3950 1453 3992 esse
1475 3952 1706 3992 causam

341 4013 657 4072 formalem
684 4020 892 4071 nostrae
915 4013 1400 4072 sanctificationis.

410 4096 844 4162 confirmatum
887 4111 1022 4152 nam
1069 4112 1237 4152 causa
1286 4097 1551 4153 formalis
1595 4103 1700 4165 est,

336 4192 445 4249 qua
469 4178 698 4251 posita,
726 4178 958 4249 ponitur
983 4176 1211 4234 effectus
1254 4177 1519 4234 formalis
1551 4199 1564 4235 :
1594 4195 1706 4251 qua

338 4260 561 4318 ratione
596 4262 699 4315 lux
737 4266 821 4316 est
864 4276 1032 4316 causa
1079 4260 1343 4316 formalis
1390 4258 1564 4316 lucidi
1589 4302 1603 4328 ‚
1649 4267 1705 4318 et

334 4344 488 4400 calor
502 4342 686 4400 calidi
710 4363 723 4397 ε
751 4342 849 4398 sed
870 4343 1051 4415 posita
1078 4344 1264 4416 gratia
1280 4341 1580 4409 habituali,
1598 4342 1702 4400 ad-

331 4423 437 4481 huc
462 4425 526 4480 in
546 4423 812 4496 opposita
838 4425 1122 4480 sententia
1148 4439 1264 4480 non
1283 4423 1521 4496 ponitur
1530 4424 1703 4498 justi-

330 4501 548 4572 ficati03
597 4502 785 4575 posito
821 4518 962 4561 vero
1003 4503 1197 4560 favore
1232 4504 1554 4560 extrinseco
1574 4504 1697 4572 Dei,

319 4584 659 4656 justificatio
683 4586 1047 4657 consequitur
1075 4608 1088 4641 ι
1130 4600 1265 4657 ergo
1291 4584 1455 4642 favor
1474 4586 1702 4642 extrin-

323 4680 481 4721 secus
504 4665 629 4733 Dei,
659 4670 713 4720 et
744 4680 860 4720 non
879 4665 1065 4737 gratia
1092 4663 1381 4720 inhaerens
1406 4671 1493 4722 est
1533 4681 1703 4723 causa

325 4746 593 4803 formalis
622 4752 832 4803 nostrae
854 4744 1305 4819 justificationis3
1335 4745 1488 4818 quod·
1506 4752 1701 4805 tamen

322 4825 640 4884 damnatur
664 4827 728 4882 in
762 4826 1024 4883 Trident.
1052 4843 1178 4882 sess.
1209 4829 1303 4882 cit.
1336 4845 1461 4883 can.
1493 4829 1577 4893 ll,
1611 4828 1702 4884 his

323 4906 548 4965 verbis:
577 4905 649 4965 Si
669 4908 794 4984 quis
813 4907 1039 4974 diaeerit,
1052 4907 1295 4976 qratia-m
1311 4906 1702 4983 quujustifi'ca-

326 5005 468 5057 mur,
485 5005 599 5044 esse
622 4994 843 5042 tamum
863 4987 1113 5059 savorem
1134 4986 1257 5052 Dei,
1282 4986 1577 5042 anathema
1603 4987 1696 5043 sit.

3122 382 3230 435 325

1947 544 2038 601 37.
2084 548 2196 603 Nec
2222 547 2498 605 satisfacit
2522 548 2730 617 dicere,
2756 550 2904 623 quod
2924 550 3110 623 gratia
3131 549 3228 606 ha·
3253 564 3422 606 evasio.

1872 623 2109 683 bitualis
2147 634 2231 684 est
2269 630 2501 701 quidem
2540 631 2727 689 forma
2747 631 3100 706 justificans;
3131 631 3227 687 in·

1870 707 2152 779 completa
2169 714 2382 772 tamen.
2404 716 2460 767 et
2476 712 2828 785 imperfecta,
2849 729 2971 785 quae
2989 710 3227 784 proinde

1869 789 2146 860 compleri
2168 789 2369 847 debeat
2408 809 2510 865 per
2552 795 2810 851 favorem
2837 795 3225 851 extrinsecum

1871 868 1971 923 Dei
1999 872 2339 942 acceptantis
2360 872 2543 945 ipsam
2566 874 2637 930 ad
2666 874 3032 946 perfectiores
3056 873 3225 929 effec-

1871 950 1978 1013 tae,
2003 966 2177 1021 quam
2206 952 2329 1024 ipsa
2355 969 2425 1009 ex
2440 970 2501 1011 se
2525 955 2710 1027 pariat
2731 955 2903 1009 :sicut
2918 955 3081 1010 valor
3097 969 3225 1010 mo-

1870 1033 2016 1085 netae
2061 1031 2325 1104 sigillatae
2352 1049 2386 1089 a
2414 1034 2684 1107 Principe
2728 1035 3021 1108 consurgit
3065 1033 3221 1091 adae-

1866 1115 2033 1181 quate
2054 1117 2170 1168 tam
2192 1129 2262 1170 ex
2286 1115 2481 1171 valore
2528 1117 2839 1173 intrinseco
2879 1117 3058 1188 ipsius
3098 1131 3223 1172 me-

1867 1191 2026 1257 talli,
2068 1209 2247 1266 ⁴quam
2294 1210 2366 1251 ex
2410 1197 2606 1253 valore
2644 1197 3001 1263 extrinseco,
3050 1211 3221 1267 quem

1868 1269 2139 1345 Princeps
2155 1273 2263 1345 ipsi
2275 1274 2559 1331 attribuit.
2575 1278 2710 1342 Hoc,
2727 1278 2984 1349 inquam,
3005 1291 3120 1332 non
3136 1292 3222 1333 sa·

1867 1349 2091 1417 tisfacit‚
2117 1352 2217 1409 sed
2239 1359 2421 1426 potest
2439 1355 2735 1412 efficaciter
2764 1356 2979 1412 refelli.
3004 1355 3214 1423 Primo,
3232 1360 3419 1456 Pfficllu-

1863 1429 1998 1502 quia
2045 1431 2181 1489 inde
2229 1431 2429 1501 fieret,
2471 1451 2701 1491 causam
2731 1436 3036 1493 formalem
3067 1435 3220 1493 adae-

1863 1515 2094 1582 quatam
2118 1518 2325 1571 nostrae
2345 1515 2771 1590 iustificationis
2792 1517 3069 1573 constitui.
3085 1533 3223 1590 par—

1863 1591 1970 1646 tim
1995 1607 2067 1647 ex
2093 1595 2281 1666 gratia
2310 1594 2633 1653 inhaerente
2657 1640 2670 1662 ,
2718 1598 2928 1669 partim
2975 1614 3047 1652 ex
3091 1603 3218 1655 actu

1861 1671 1963 1726 Dei
2008 1674 2350 1746 acceptantis
2375 1717 2388 1740 ,
2432 1682 2488 1732 et
2530 1678 2845 1733 valorantis
2872 1677 3122 1750 gratiam
3150 1677 3220 1734 ad

1864 1749 1995 1806 illos
2042 1752 2272 1809 effectus
2316 1775 2329 1810 ε
2371 1754 2517 1810 sicut
2560 1756 2623 1811 in
2676 1758 2939 1828 exemplo
2980 1755 3221 1814 adducto

1860 1846 2027 1887 causa
2057 1831 2320 1888 formalis
2347 1833 2563 1890 valoris
2586 1842 2832 1892 monetae
2854 1836 3224 1894 constituitur

1862 1909 2154 1983 adaequate
2200 1915 2413 1985 partim
2464 1929 2537 1970 ex
2583 1913 2860 1988 dignitate
2906 1916 3224 1975 intrinseca

1861 1992 2103 2059 metalli,
2138 1994 2353 2065 partim
2399 2010 2469 2050 ex
2514 1995 2879 2052 ordinatione
2900 1998 3220 2055 extrinseca

1861 2073 2167 2147 Principis.
2233 2078 2599 2148 Consequens
2649 2078 2847 2149 nequit
2901 2079 3172 2141 sustineri
3199 2103 3215 2145 ;

1860 2171 1997 2211 nam
2045 2162 2241 2229 aperte
2292 2159 2632 2215 contradicit
2682 2159 2922 2215 Concilii
2975 2160 3168 2217 verbis
3201 2181 3214 2216 ε

1865 2232 2041 2291 Unica
2069 2254 2240 2291 causa
2268 2238 2527 2309 formalis
2552 2240 2972 2310 justificationis
2997 2246 3072 2302 est
3088 2240 3218 2311 jus-

1857 2316 1985 2371 titia
2014 2315 2137 2383 Dei,
2170 2334 2280 2371 non
2306 2335 2415 2393 qua
2443 2321 2556 2391 ipse
2592 2321 2781 2389 justus
2821 2325 2917 2383 est,
2971 2319 3063 2373 sed
3104 2336 3215 2396 qua

1856 2415 1954 2452 nos
1963 2401 2144 2469 justos
2168 2399 2328 2471 facit.
2360 2401 2508 2471 Ergo
2532 2400 2719 2473 gratia
2744 2399 3106 2456 sanctificans
3134 2400 3215 2456 ita

1856 2484 1940 2534 est
1965 2495 2134 2535 causa
2178 2479 2445 2536 formalis
2497 2485 2708 2536 nostrae
2744 2479 3207 2554 justificationis,

1855 2557 2003 2630 quod
2034 2575 2149 2616 non
2164 2566 2288 2634 eget
2314 2561 2592 2632 compleri
2619 2561 2683 2615 in
2707 2561 2928 2635 ratione
2949 2560 3079 2617 talis
3108 2576 3211 2633 per

1853 2639 2236 2697 extrinsecum
2260 2641 2361 2696 Dei
2389 2640 2664 2698 savorem.
2696 2639 2963 2707 Secundo,
2996 2642 3132 2713 quia
3156 2642 3205 2697 si

1854 2718 1925 2774 ad
1945 2719 2410 2792 justificationem
2435 2721 2515 2777 ita
2540 2728 2889 2777 concurrunt
2907 2722 3093 2796 gratia
3114 2722 3211 2777 in-

1855 2799 2095 2868 haerens,
2127 2807 2184 2857 et
2221 2800 2406 2874 gratia
2432 2803 2771 2867 extrinseca,
2803 2819 2899 2859 seu
2924 2804 3087 2860 favor
3106 2818 3210 2859 ex-

1854 2881 2134 2938 trinsecus
2155 2882 2274 2950 Dei,
2294 2880 2443 2954 quod
2466 2883 2648 2955 posita
2667 2884 2851 2957 gratia
2868 2884 3206 2949 inhaerente,

1852 2961 2034 3020 adhuc
2056 2980 2173 3021 non
2199 2969 2510 3037 sequantur
2535 2965 2762 3021 effectus
2790 2966 3009 3039 proprii
3035 2966 3211 3039 justi-

1850 3040 2162 3111 ficationis;
2196 3046 2376 3118 posita
2427 3062 2565 3102 vero
2608 3045 2794 3118 gratia
2839 3046 3159 3103 extrinseca
3190 3089 3203 3112 ,

1848 3141 1947 3181 seu
1989 3124 2186 3183 favore
2229 3127 2551 3183 extrinseco
2578 3127 2698 3193 Dei,
2729 3128 2924 3184 statim
2953 3127 3209 3200 praedicti

1848 3203 2077 3262 effectus
2102 3212 2529 3280 consequuntur
2545 3230 2560 3273 3
2593 3208 2798 3278 potiori
2824 3210 2953 3281 jure
2979 3207 3213 3265 deberet

1848 3287 2115 3344 constitui
2144 3288 2332 3346 forma
2348 3286 2665 3363 justificans
2686 3288 2747 3343 in
2774 3290 2962 3362 gratia
2980 3290 3207 3346 extrin-

1846 3382 1990 3434 seca,
2021 3355 2197 3439 quani
2223 3368 2289 3424 in
2313 3369 2499 3442 gratia
2526 3368 2847 3426 inhaerente
2875 3370 3017 3426 :illa
3044 3370 3205 3426 enim

1846 3447 2132 3519 praecipua
2156 3464 2325 3504 causa
2358 3447 2622 3504 formalis
2666 3446 2908 3504 dicenda
2945 3454 3047 3514 est,
3081 3465 3207 3520 quae

1846 3525 2256 3595 immediatius‚
2288 3536 2344 3585 et
2370 3526 2761 3593 infallibilius,
2816 3534 2873 3585 et
2917 3545 3047 3585 cnm
3076 3545 3205 3586 ma-

1838 3607 1955 3680 jori
2000 3610 2332 3665 necessitate
2374 3608 2759 3665 communicat
2792 3607 3053 3666 effectum
3081 3610 3206 3667 for-

1843 3689 2079 3745 malem.
2113 3691 2197 3745 Ex
2221 3705 2332 3761 quo
2361 3689 2604 3745 ulterius
2650 3687 2828 3757 fieret,
2882 3689 3203 3746 Concilium

1842 3784 2084 3837 errasse,
2099 3775 2155 3825 et
2170 3770 2379 3842 injuste
2399 3769 2707 3834 censuisse,
2725 3768 2954 3825 unicam
2975 3785 3204 3827 causam

1845 3849 2148 3907 formalem
2167 3848 2593 3925 justificationis
2615 3865 2733 3905 non
2753 3866 2875 3907 esse
2896 3851 3200 3924 justitiam,

1840 3947 1951 4004 qua
1980 3932 2101 4004 ipse
2128 3934 2276 3988 Deus
2297 3932 2482 4006 Justus
2507 3936 2610 3997 est,
2641 3930 2741 3986 sed
2768 3948 2881 4003 qua
2898 3932 3079 4004 justos
3101 3949 3205 3989 nos

1841 4014 1996 4081 facit,
2043 4030 2156 4086 qua
2201 4012 2467 4070 videlicet
2513 4029 2546 4069 a
2573 4015 2689 4070 Deo
2728 4012 2926 4070 donati
2957 4029 3204 4071 renova-

1840 4111 1980 4150 mur
2005 4094 2214 4167 spiritu
2241 4094 2455 4150 mentis
2482 4099 2712 4149 nostrae.

1921 4175 2116 4244 Tertio,
2146 4175 2281 4248 quia
2300 4174 2350 4230 si
2370 4175 2550 4230 semel
2579 4175 2711 4230 licet
2750 4189 3005 4232 asserere
3024 4176 3198 4249 justi-

1838 4256 2164 4315 ficationem
2211 4257 2552 4329 completam
2578 4297 2593 4321 ,
2642 4259 2698 4311 et
2742 4255 3048 4327 perfectam
3074 4300 3087 4324 ,
3132 4257 3195 4314 in

1836 4346 2115 4412 quantum
2137 4341 2330 4405 talem,
2356 4337 2483 4395 fleri
2505 4337 2826 4411 partialiter
2846 4354 2946 4410 per
2966 4355 3195 4396 causam

1838 4420 2142 4479 formalem
2170 4420 2572 4486 extrinsecam,
2597 4426 2653 4477 et
2680 4420 2845 4479 nobis
2872 4436 2989 4477 non
3012 4421 3196 4478 inhae·

1838 4506 2098 4568 rentem;
2140 4500 2339 4558 eadem
2382 4500 2632 4567 licentia,
2677 4506 2733 4558 et
2757 4498 2956 4557 eodem
2984 4500 3195 4558 funda·

1836 4586 2031 4638 mento
2053 4580 2242 4637 dicent
2262 4578 2513 4636 haeretici
2533 4585 2710 4646 totam
2728 4577 3194 4655 justificationem

1835 4661 1964 4720 fieri
1992 4660 2285 4734 adae‘quate
2330 4677 2433 4734 per
2479 4661 2728 4717 formam
2767 4661 3190 4731 extrinsecam3

1836 4760 1974 4801 nam
2002 4743 2309 4814 Scripturae
2337 4741 2670 4799 testimonia
2696 4745 2728 4812 ἕ
2763 4743 2782 4798 1
2819 4742 3017 4808 relata,
3060 4744 3193 4816 qui-

1834 4823 1941 4880 bus
1966 4822 2239 4881 Catholici
2266 4824 2655 4898 communiter
2675 4821 2937 4895 probant,
2975 4823 3192 4896 justifi-

1832 4905 2117 4963 cationem
2145 4903 2461 4976 importare
2483 4903 2913 4962 renovationem
2934 4903 3191 4964 hominis

1832 5002 1937 5060 per
1976 4984 2231 5058 aliquam
2258 4983 2508 5042 formam
2534 4983 2848 5053 internam,
2878 5001 2989 5059 qua
3015 4985 3190 5045 homo
