3647 5753
516 401 629 456 220
1547 394 1640 448 DE
1680 394 1949 449 GRATm
1991 394 2331 452 EFFchCI.

529 593 554 621 «ι
587 570 651 626 in
711 569 810 624 Dei
852 565 1201 624 desiderium
1260 570 1583 638 stupentem
1645 565 1884 626 suscitat

527 674 554 705 α
584 654 980 716 voluntatem;
1028 647 1167 703 dum
1209 647 1393 714 nobis,
1442 645 1592 720 quod
1639 652 1696 703 tu
1739 646 1881 704 alibi

529 756 558 794 ,ιι
589 746 798 806 negare
867 745 983 786 non
1045 727 1255 794 audes,
1306 725 1508 783 suadet
1560 727 1710 800 quod
1776 728 1882 784 bo·-

531 834 557 865 «
587 828 729 867 num
751 817 853 868 est.
885 833 907 859 n
956 808 1173 875 Quibus
1199 807 1393 865 verbis
1431 806 1689 865 concedit
1712 809 1883 864 Pela-

521 894 651 969 gius
694 894 941 967 gratiam
981 907 1106 965 quaa
1143 890 1444 946 moraliter
1489 894 1715 948 moveat
1764 906 1881 947 non

519 974 711 1029 solum
750 973 1069 1030 extrinsece
1097 986 1197 1043 per
1226 968 1684 1042 praedicationem
1716 970 1875 1045 legiS,

519 1053 619 1110 sed
640 1054 813 1110 etiam
838 1052 1080 1109 interius
1103 1066 1204 1123 per
1225 1050 1636 1107 revelationem
1657 1051 1883 1122 sapien-

524 1134 634 1199 tiae,
677 1139 735 1190 et
760 1131 1021 1190 affectum
1060 1129 1507 1188 indeliberatum
1536 1152 1549 1186 ε
1577 1134 1632 1187 et
1661 1129 1883 1187 nihilo—

321 1228 489 1279 naug.
523 1215 721 1271 minus
737 1216 793 1271 id
818 1229 934 1271 non
961 1212 1162 1285 probat
1183 1211 1551 1286 Augustinus,
1570 1210 1668 1268 sed
1686 1216 1882 1268 monet

521 1298 760 1369 cap..24,
812 1295 996 1358 fateri,
1047 1292 1189 1370 quod
1239 1295 1385 1347 Deus
1430 1294 1668 1359 interna,
1717 1299 1882 1369 atque

522 1377 753 1444 occulta,
780 1374 1046 1439 mirabili,
1072 1391 1138 1429 ac
1165 1372 1457 1445 infallibili
1477 1380 1737 1445 potestate
1762 1390 1882 1446 ope·-

520 1465 685 1514 ratur
704 1453 763 1513 in
801 1456 1052 1513 cordibus
1076 1455 1358 1509 hominum
1378 1472 1487 1509 non
1519 1455 1696 1510 solum
1722 1470 1882 1509 veras

519 1539 894 1604 revelationes,
960 1536 1050 1591 sed
1092 1536 1259 1590 etiam
1321 1534 1491 1591 bonas
1550 1536 1875 1591 voluntates,

523 1619 843 1677 videantur
869 1634 993 1691 quae
1013 1616 1266 1673 diximus
1286 1617 1427 1689 disp.
1454 1618 1508 1680 5,
1538 1616 1666 1673 dub.
1690 1617 1740 1682 4,
1767 1618 1799 1685 ς
1830 1617 1875 1681 l,

524 1701 624 1758 ubi
678 1701 898 1774 aliquas
940 1698 1237 1756 evasiones
1281 1713 1406 1770 qnae
1476 1698 1608 1754 huic
1661 1697 1880 1755 motivo

524 1788 753 1857 possent
775 1780 1055 1850 adhiberi,
1082 1779 1496 1852 praeclusimus.

319 1880 488 1932 lmpug·
598 1865 727 1920 307.
772 1861 856 1918 Ad
886 1861 1020 1927 haec,
1052 1860 1230 1917 motio
1269 1859 1506 1916 moralis
1534 1875 1635 1932 per
1656 1859 1880 1916 suasio-

301 1935 497 2032 ,ssfffflffl
525 1958 680 2009 nem,
727 1943 817 1998 vel
866 1940 1326 2015 inspirationem,
1391 1940 1482 1995 vel
1521 1940 1723 2013 quovis
1765 1938 1881 1995 alio

523 2023 713 2088 modo,
743 2022 891 2096 quod
938 2022 1008 2079 ad
1048 2038 1227 2096 genus
1269 2020 1449 2077 moris
1488 2024 1715 2092 spectet,
1761 2034 1880 2076 non

482 2104 743 2182 sufficit,
789 2110 850 2161 ut
897 2106 1040 2160 Deus
1085 2103 1306 2160 dicatur
1351 2117 1482 2159 cum
1533 2101 1881 2173 proprietate

520 2187 708 2244 facere
737 2202 910 2259 opera
957 2190 1191 2253 nostra;
1223 2185 1377 2259 atqui
1426 2183 1747 2240 necessario
1777 2181 1881 2238 ad-

515 2266 799 2324 mittenda
818 2272 904 2324 est
925 2267 1102 2323 motio
1123 2267 1242 2333 Dei,
1266 2283 1378 2340 qua
1401 2265 1569 2321 faciat
1588 2279 1718 2319 cum
1743 2278 1881 2335 pro—

519 2350 760 2421 prietate
788 2364 891 2404 nos
920 2346 1121 2414 facere,
1170 2353 1229 2403 ut
1268 2353 1487 2404 constat
1521 2363 1589 2404 ex
1618 2347 1881 2403 testimo-

519 2428 637 2483 niis
669 2444 845 2500 supra
874 2427 1088 2492 relatis,
1132 2432 1186 2482 et
1226 2427 1342 2483 haec
1394 2425 1878 2483 Adversariorum

520 2508 814 2580 responsio
850 2506 1104 2563 admittit
1141 2528 1154 2563 ε
1199 2523 1335 2581 ergo
1388 2513 1597 2579 praeter
1642 2521 1877 2563 omnem

519 2590 834 2645 motionem
860 2588 1138 2644 moralem
1160 2587 1517 2645 admittenda
1541 2592 1627 2644 est
1648 2588 1764 2644 alia
1793 2587 1880 2643 ri-

515 2669 776 2744 gorosior
802 2667 1000 2733 motio,
1036 2683 1161 2739 quae
1189 2669 1385 2740 nequit
1414 2683 1531 2724 non
1559 2682 1681 2724 esse
1731 2667 1879 2741 phy-

516 2749 650 2805 sica.
673 2749 854 2821 Major
880 2745 1153 2803 suadetur
1185 2772 1198 2815 ;
1232 2763 1368 2803 nam
1399 2747 1666 2805 Diabolus
1686 2751 1881 2804 movet

521 2843 626 2885 nos
680 2826 750 2885 ad
796 2826 1141 2900 peccandum
1191 2827 1500 2894 suadendO,
1547 2827 1873 2895 alliciendo,

520 2909 869 2985 instigando,
895 2916 952 2966 et
971 2911 1131 2966 omni
1161 2911 1332 2968 modo
1353 2911 1562 2967 morali
1590 2911 1879 2984 excogita-

517 2992 643 3060 hili,
680 2998 740 3048 ut
759 3009 829 3049 ex
854 2991 978 3064 ejus
1002 2999 1236 3050 summa
1281 2992 1526 3058 malitia,
1571 2998 1627 3049 et
1675 2992 1879 3048 indus-

515 3072 632 3129 tria
652 3072 855 3146 conjici
875 3070 1039 3128 debet
1069 3096 1084 3139 3
1110 3077 1166 3129 et
1194 3072 1583 3129 nihilominus
1607 3072 1880 3130 Diabolus

514 3169 636 3211 non
679 3154 812 3210 facit
859 3169 988 3211 cum
1051 3154 1399 3227 proprietate
1453 3158 1609 3211 actus
1655 3157 1878 3212 nostros

515 3235 963 3306 peccaminosos,
1004 3236 1096 3292 vel
1140 3232 1290 3307 quod
1338 3250 1629 3307 peccemus
1682 3256 1695 3291 ε
1742 3250 1878 3309 ergo

518 3314 699 3371 motio
744 3314 985 3370 moralis
1023 3318 1107 3371 est
1137 3313 1504 3380 insufficienS,
1539 3320 1601 3370 ut
1641 3314 1721 3370 ita
1748 3330 1878 3371 mo-

515 3409 659 3451 vens
685 3393 907 3450 dicatur
933 3410 1060 3450 cum
1092 3394 1437 3467 proprietate
1466 3393 1667 3462 facere,
1702 3400 1760 3451 ut
1789 3394 1877 3450 ἱει-

319 3496 482 3540 nynm,
515 3473 758 3530 ciamus,
780 3476 887 3539 Qui
907 3473 1195 3531 discursus
1214 3474 1464 3531 sumitur
1484 3490 1556 3531 ex
1577 3479 1639 3533 D.
1667 3476 1871 3533 Thom.

516 3563 699 3635 quaest.
750 3557 805 3622 3,
860 3557 924 3612 dc
975 3558 1139 3623 mal0,
1171 3563 1281 3613 art.
1327 3557 1380 3622 3,
1433 3556 1531 3613 ubi
1587 3558 1827 3631 inquirit
1861 3578 1873 3612 ε

523 3658 550 3689 α
581 3638 788 3692 Utrum
828 3636 1090 3695 diabolus
1134 3636 1209 3692 sit
1247 3652 1416 3693 causa
1457 3638 1665 3709 peccati
1694 3640 1721 3694 Ρ
1750 3658 1775 3689 »
1809 3639 1876 3692 Et

516 3718 824 3791 respondet
850 3740 863 3775 ε
892 3743 916 3771 α
942 3718 1275 3784 Dicendum,
1294 3718 1443 3792 quod
1465 3734 1632 3776 causa
1658 3718 1876 3792 aliquid

522 3822 549 3853 α
579 3816 822 3858 movens
866 3800 1265 3874 multipliciter
1308 3799 1564 3868 dicitur;
1625 3800 1878 3873 quando·

521 3902 550 3933 α
577 3896 688 3954 que
714 3881 872 3937 enim
898 3880 1109 3937 dicitur
1143 3896 1310 3937 causa
1338 3879 1396 3935 id
1425 3879 1573 3952 quod
1599 3887 1683 3937 est
1711 3880 1878 3952 perfi-

524 3983 551 4012 «
578 3960 736 4017 ciens
762 3981 775 4015 ε
804 3964 858 4016 et
881 3959 997 4015 haec
1018 3958 1267 4032 proprie,
1297 3964 1353 4015 et
1379 3974 1514 4015 vere
1534 3975 1702 4015 causa
1728 3959 1877 4015 dici-

525 4062 552 4092 «
581 4046 675 4095 tur
719 4082 734 4107 ,
775 4039 911 4111 quia
942 4054 1109 4095 causa
1152 4043 1237 4095 est
1284 4037 1353 4094 ad
1397 4054 1573 4110 quam
1618 4040 1877 4111 sequitur

523 4143 551 4175 α
578 4120 828 4178 effectus,
873 4119 957 4174 Ad
986 4119 1266 4176 actionem
1297 4124 1488 4175 autem
1532 4118 1877 4192 perficientis

520 4224 547 4255 a
577 4200 773 4258 statIm
818 4200 1077 4273 sequitur
1113 4198 1361 4267 effectus,
1407 4214 1526 4256 non
1561 4205 1750 4258 autem
1805 4200 1876 4258 ad

521 4305 548 4335 α
577 4283 862 4339 actionem
913 4279 1299 4353 disponentis,
1354 4281 1448 4336 vel
1500 4282 1870 4350 consulentis,

521 4387 549 4417 α
579 4365 671 4422 vel
694 4363 1054 4437 imperantis.
1071 4363 1271 4421 Suasio
1295 4363 1455 4420 enim
1474 4379 1593 4420 non
1612 4364 1759 4438 cogit
1779 4364 1878 4421 in-

522 4470 549 4501 «
579 4447 815 4507 victum.
849 4451 909 4501 ut
947 4448 1182 4520 August.
1219 4445 1357 4501 dicit
1400 4445 1463 4500 in
1504 4444 1605 4503 lib.
1651 4448 1724 4502 83
1778 4462 1870 4520 qq.

522 4551 549 4581 «
575 4533 775 4602 quaest.
803 4528 859 4583 4.
903 4526 994 4583 Sic
1042 4541 1178 4600 ergo
1228 4523 1532 4583 dicendum
1579 4531 1684 4594 est,
1726 4525 1876 4600 quod

520 4632 548 4662 α
575 4607 838 4665 diabolus
859 4606 1100 4662 humani
1125 4606 1330 4678 peccati
1359 4621 1527 4663 causa
1553 4622 1675 4664 esse
1695 4611 1879 4680 potest

517 4714 546 4744 α
575 4705 679 4763 ρει·
699 4687 935 4746 modum
956 4685 1331 4759 disponentis,
1363 4687 1456 4743 vel
1481 4687 1877 4761 persuadentis

518 4772 841 4836 «interius,
897 4770 992 4826 vel
1049 4770 1346 4836 exterius3
1403 4773 1501 4825 aut
1549 4768 1726 4826 etiam
1773 4785 1877 4842 per

518 4875 546 4907 α
574 4852 811 4911 modum
854 4849 1256 4924 praecipientis,
1287 4854 1349 4905 ut
1392 4855 1628 4921 apparet
1680 4850 1743 4906 in
1784 4850 1878 4907 his

517 4955 546 4985 α
571 4934 753 5006 quise
774 4929 1081 4987 manifeste
1093 4928 1323 4988 diabolo
1338 4927 1752 4987 subdiderunt:
1775 4929 1878 4987 sed

515 5033 547 5065 α
576 5028 677 5084 ρει·
704 5011 939 5070 modum
989 5009 1336 5085 perficientis
1366 5025 1537 5066 causa
1583 5025 1705 5069 esse
1757 5026 1875 5068 non

2021 589 2047 618 α
2079 571 2276 639 potest.
2300 588 2327 619 n
2360 567 2519 634 Quod
2543 568 2655 624 late
2678 566 2899 640 probat,
2922 566 3056 639 quia
3075 566 3218 623 sicut
3246 564 3376 622 dia-

2017 646 2179 704 bolus
2230 664 2347 705 non
2393 647 2653 721 producit
2700 649 3056 705 voluntatem
3101 651 3369 710 creatam,

2016 727 2097 783 ita
2120 728 2316 800 nequit
2335 728 2553 786 efficere
2571 731 2693 804 ejus
2721 728 3100 801 operationes.
3127 728 3374 784 Econtra

2015 822 2152 864 vero
2165 808 2657 874 concludit‚Deum
2679 824 2801 865 esse
2820 824 3050 865 causam
3080 804 3374 879 perficien-

2015 888 2298 955 tem,sive
2323 888 2659 946 efficientem
2706 894 3037 944 nostrarum
3084 887 3372 960 operatio-

2015 984 2179 1034 num,
2230 969 2366 1041 quia
2407 985 2524 1026 non
2590 974 2814 1025 tantum
2843 966 3152 1025 alliciendo
3201 967 3371 1041 (quod

2013 1051 2188 1107 etiam
2212 1051 2344 1108 facit
2370 1049 2650 1123 diabolus)
2671 1051 2768 1109 sed
2791 1066 2926 1108 vere
2947 1049 3241 1108 efficiendo
3269 1064 3372 1106 nos

2014 1136 2209 1189 movet
2225 1131 2296 1188 ad
2317 1132 2695 1204 operandum.
2712 1133 2803 1188 Sic
2826 1148 2981 1206 erg0,
3010 1132 3218 1205 inquit,
3245 1146 3372 1186 mo-

2014 1219 2105 1269 tus
2126 1214 2436 1271 voluntatis
2462 1214 2673 1272 directe
2717 1213 2969 1287 procedit
2996 1230 3029 1270 a
3050 1213 3366 1279 voluntate,

2012 1299 2069 1350 et
2096 1309 2128 1349 a
2145 1296 2275 1358 Deo,
2303 1295 2400 1366 qui
2418 1298 2504 1351 est
2526 1295 2838 1351 voluntatis
2856 1310 3027 1351 causa
3052 1313 3066 1348 t
3091 1292 3189 1365 qui
3217 1293 3372 1350 solus

2015 1373 2077 1429 in
2129 1375 2482 1430 voluntatem
2528 1374 2813 1430 inclinare
2861 1377 3042 1446 potest
3090 1372 3156 1429 in
3194 1371 3368 1445 quod-

2013 1469 2256 1526 cumque
2279 1455 2548 1512 voluerit.

2088 1536 2418 1607 Explicatur
2444 1537 2547 1593 hoc
2567 1535 2818 1608 amplius
2843 1550 2913 1591 ex
2939 1534 3202 1591 doctrina
3216 1535 3372 1609 ejus-
3410 1543 3542 1588 uror

2012 1611 2142 1670 dem
2171 1615 2427 1689 Angelici
2454 1615 2863 1687 Praeceptoris:
2909 1631 3044 1671 nam
3094 1615 3214 1672 loco
3237 1599 3564 1687 pro-⁰⁰33*

2013 1694 2169 1751 xime
2195 1696 2381 1762 citat0,
2407 1700 2465 1753 et
2520 1699 2536 1752 l
2565 1704 2716 1770 part.
2754 1703 2935 1770 quaest.
2990 1697 3106 1761 105,
3151 1702 3262 1752 art.
3311 1701 3368 1763 4,

2011 1781 2259 1848 etquaext.
2300 1777 2420 1842 106,
2445 1783 2554 1832 art.
2600 1779 2661 1842 2,
2698 1782 2748 1831 et
2770 1781 2950 1849 quast.
3006 1777 3125 1838 111,
3157 1782 3267 1831 art.
3313 1777 3370 1841 2,

2010 1861 2146 1913 etin
2201 1859 2245 1925 l,
2294 1860 2349 1924 2,
2388 1867 2566 1932 quaest.
2618 1860 2672 1924 9,
2717 1865 2825 1915 art.
2864 1860 2919 1924 6,
2951 1864 3001 1914 et
3052 1866 3230 1932 quaest.
3276 1859 3369 1925 28,
3408 1871 3558 1913 nmio.

2011 1947 2119 1997 art.
2146 1941 2199 2006 3,
2225 1945 2280 1997 et
2308 1941 2369 1997 in
2399 1942 2531 1997 aliis
2558 1941 2887 1998 innumeris
2905 1940 3039 1997 locis
3056 1941 3376 2013 expressis-

2011 2023 2158 2080 sime
2183 2023 2360 2089 docet‚
2412 2027 2592 2080 Deum
2636 2023 2847 2080 habere
2891 2022 3196 2095 specialem
3246 2038 3375 2079 mo-

2012 2103 2150 2160 dum
2198 2104 2489 2170 movendi,
2541 2110 2596 2161 et
2643 2102 2966 2160 inclinandi
3017 2104 3374 2159 voluntatem

2013 2189 2296 2252 nostram,
2324 2185 2423 2257 qui
2451 2185 2613 2241 omni
2637 2184 2803 2241 alteri
2846 2182 3037 2258 agenti
3062 2188 3252 2240 creato
3281 2198 3376 2239 re-

2014 2271 2229 2339 pugnat
2253 2287 2266 2323 :
2293 2265 2449 2338 atqui
2473 2266 2652 2322 motio
2680 2264 2939 2327 moralis,
2988 2278 3114 2336 quae
3148 2261 3212 2318 fit
3237 2262 3373 2319 alli-

2011 2345 2232 2406 ciendo.
2277 2345 2588 2411 suadendo,
2622 2342 3001 2408 consiliando,
3045 2349 3149 2400 etc.
3196 2347 3374 2415 potest

2011 2427 2324 2483 convenire
2348 2427 2758 2501 agenticreato,
2780 2431 2843 2481 ut
2864 2428 3014 2497 patet
3036 2425 3099 2480 in
3121 2423 3371 2488 diabolo,

2010 2506 2108 2578 qui
2134 2521 2236 2563 nos
2258 2507 2338 2563 ita
2358 2511 2548 2564 movet
2569 2506 2638 2563 ad
2663 2505 3029 2580 peccandum.
3055 2510 3112 2561 et
3133 2505 3196 2560 in
3217 2519 3374 2560 sanc·

2012 2589 2086 2645 tis
2112 2588 2471 2664 Angelis,qui
2502 2605 2605 2645 nos
2624 2588 2892 2652 excitant,
2916 2592 2976 2643 ut
3001 2586 3146 2644 bene
3172 2600 3371 2658 opere-

2012 2686 2146 2726 mur
2174 2686 2346 2745 :ergo
2369 2674 2573 2743 praeter
2613 2670 2929 2726 motionem
2957 2668 3239 2725 moralem
3281 2672 3371 2722 at-

2014 2750 2319 2808 tribuenda
2350 2756 2435 2806 est
2460 2750 2574 2807 Deo
2601 2750 2717 2806 alia
2744 2749 3069 2822 specialior,
3102 2753 3158 2805 et
3183 2746 3370 2805 effica-

2011 2832 2131 2890 cior
2208 2833 2422 2899 motio,
2491 2848 2603 2906 qua
2683 2833 3042 2889 voluntatem
3115 2833 3370 2888 nostram

2012 2919 2359 2986 praemoveat
2402 2912 2471 2969 ad
2518 2910 2895 2985 operandum.
2952 2912 3022 2966 Et
3067 2916 3301 2985 urgetur
3353 2934 3369 2978 3

2011 3012 2148 3051 nam
2174 2995 2353 3053 motio
2393 2993 2632 3052 moralis
2660 2994 2891 3067 attingit
2917 2993 3248 3050 immedIate
3270 3009 3373 3066 po-

2012 3076 2256 3132 tentiam
2295 3075 2737 3151 cognoscitivam
2768 3073 2959 3131 media
2987 3074 3392 3147 propositione

2010 3155 2210 3230 obJ‘ecti
2242 3156 2551 3213 allicientis
2588 3160 2644 3212 et
2677 3155 2958 3211 trahentis
2989 3177 3004 3221 3
3045 3158 3102 3211 et
3144 3154 3251 3211 hac
3276 3169 3377 3210 ra-

2011 3239 2166 3294 tione
2210 3244 2296 3294 est
2341 3235 2766 3312 quodammodo
2813 3236 3066 3292 exterior
3120 3241 3372 3308 respectu

2011 3317 2328 3374 voluntatis
2375 3340 2390 3375 z
2433 3317 2590 3390 atqui
2637 3320 2701 3373 D.
2752 3315 2959 3372 Thom.
3008 3315 3147 3372 locis
3186 3314 3371 3371 citatis

2011 3398 2216 3456 asserit
2244 3400 2424 3456 Deum
2452 3397 2795 3473 ob.speciale
2820 3396 3167 3464 dominium,
3192 3403 3249 3454 et
3274 3397 3372 3454 in-

2011 3478 2254 3547 fluxum,
2297 3495 2423 3553 quae
2465 3496 2640 3553 supra
2699 3484 2956 3536 nostram
3009 3480 3369 3536 voluntatem

2012 3559 2201 3627 habet,
2234 3577 2469 3618 movere
2496 3561 2681 3634 ipsam
2710 3559 3042 3616 immediate
3070 3560 3132 3615 in
3159 3558 3364 3630 seipsa,

2008 3654 2062 3697 et
2092 3656 2209 3698 non
2238 3657 2339 3714 per
2383 3642 2698 3698 motionem
2739 3641 3121 3698 extrinsecam
3169 3638 3368 3713 objecti

2009 3721 2353 3778 allicientis:
2383 3737 2520 3796 ergo
2548 3723 2699 3779 Deus
2726 3722 2994 3777 immutat
3013 3720 3370 3777 voluntatem

2010 3807 2265 3860 nostram
2289 3804 2663 3876 praemotione
2680 3803 2930 3879 physica,
2951 3802 3055 3859 hoc
3080 3805 3184 3867 est,
3212 3815 3366 3866 vera,

2008 3889 2064 3942 et
2089 3885 2366 3950 effectiva,
2391 3889 2447 3942 et
2473 3884 2850 3942 condistincta
2878 3900 2910 3940 a
2936 3884 3191 3942 motione
3228 3897 3372 3955 pure

2009 3965 2238 4022 morali.
2265 3966 2458 4021 Minor
2485 3966 2664 4038 liquet
2682 3982 2754 4023 ex
2785 3966 2907 4023 sola
2935 3963 3180 4021 lectione
3214 3963 3370 4020 loco·

2011 4062 2162 4111 rum,
2201 4062 2325 4118 quae
2350 4046 2656 4102 citavimus
2686 4071 2701 4114 ;
2733 4062 2868 4103 nam
2923 4044 3028 4102 illa
3070 4048 3270 4117 quaest.
3310 4043 3366 4108 3,

2007 4126 2072 4182 de
2110 4127 2294 4193 malo,
2341 4131 2450 4183 art.
2493 4128 2548 4194 3,
2605 4128 2669 4183 in
2719 4142 2973 4199 respons,
3027 4123 3099 4181 ad
3147 4124 3228 4189 14,
3272 4123 3373 4178 in-

2007 4207 2128 4280 quit
2168 4227 2181 4262 :
2237 4228 2263 4259 α
2287 4209 2437 4264 Deus
2487 4212 2575 4263 est
2595 4207 2803 4265 author
2829 4212 3160 4264 nostrorum
3188 4201 3366 4260 bono·
3416 4217 3553 4264 mem.

2015 4308 2040 4338 α
2067 4301 2196 4341 rum
2243 4302 2503 4360 operum,
2541 4292 2599 4344 et
2649 4287 2797 4343 sicut
2833 4284 3087 4343 exterius
3134 4297 3373 4356 persua·
3464 4328 3469 4333 .

2014 4388 2040 4420 α
2069 4365 2210 4423 dens
2232 4386 2258 4418 ιο
2292 4367 2510 4440 (utique
2536 4383 2654 4425 non
2678 4372 2905 4424 tantum
2927 4364 3122 4433 verbis
3140 4362 3374 4420 extrin—

2007 4461 2167 4503 secus
2186 4446 2544 4514 sonantibus,
2585 4446 2685 4504 sed
2712 4446 2945 4503 interna
2972 4443 3376 4516 inspiratione)

2014 4548 2041 4579 α
2069 4526 2288 4584 etsicut
2313 4527 2558 4585 interius
2587 4541 2846 4584 movens.
2880 4524 3153 4581 Diabolus
3179 4528 3374 4585 autem

2014 4630 2040 4661 α
2070 4624 2188 4666 ιιοιι
2213 4614 2299 4667 est
2318 4626 2489 4667 causa
2529 4608 2761 4682 peccati,
2806 4607 2922 4664 nisi
2950 4607 3095 4664 sicut
3120 4604 3379 4663 exterius

2014 4712 2040 4744 α
2070 4690 2440 4764 persuadens.
2468 4710 2493 4741 ι)
2529 4692 2600 4746 Et
2626 4688 2696 4747 ad
2752 4690 2837 4758 15,
2884 4689 2966 4746 ait
2996 4709 3010 4745 :
3062 4709 3089 4741 α
3118 4686 3377 4761 Angelus

2014 4795 2041 4825 «
2069 4772 2256 4830 honus
2300 4772 2523 4830 reducit
2567 4770 2867 4828 hominem
2908 4770 2974 4826 in
3020 4770 3224 4836 Deum,
3257 4781 3381 4824 non

2015 4875 2040 4905 α
2067 4853 2299 4926 quidem
2327 4852 2542 4910 directe
2563 4850 2849 4908 movendo
2874 4850 3253 4913 voluntatem,
3276 4845 3382 4904 sed

2014 4954 2040 4984 «
2071 4948 2172 5006 per
2187 4932 2423 4992 modum
2436 4929 2966 5006 persuadentis.»Et
2984 4932 3001 4987 l
3021 4932 3379 5003 part.quaest.

2015 5015 2137 5084 106,
2193 5020 2301 5073 art.
2334 5017 2391 5083 2,
2438 5014 2630 5088 inquit
2666 5034 2681 5072 ι
2726 5034 2753 5067 α
2781 5012 3035 5088 Angelus
3084 5008 3379 5067 inclinare

3189 5092 3377 5161 potest
