3647 5753
322 4802 520 4852 Quartum

345 4862 467 4902 argu·
537 4849 858 4928 plurimum
880 4838 1007 4896 fidit
1023 4836 1315 4898 Suarez,et
1337 4845 1438 4904 per
1465 4837 1902 4903 quam‘respon-

320 4906 518 4993 ffffanrffzffh
533 4936 619 4991 sio
666 4917 1003 5002 praecedenti
1051 4916 1387 4989 argumento
1428 4909 1557 4966 data
1594 4909 1903 4981 impugna-

452 378 564 434 602

458 555 592 605 tur:
623 546 740 601 haec
789 545 979 598 autem
1006 538 1139 591 sunt
1191 533 1312 604 ipsa
1356 524 1682 586 essentialia
1727 535 1821 576 re-

456 625 735 702 ceptionis
774 619 992 695 gratiae,
1019 617 1108 673 vel
1154 610 1458 671 existentia
1496 612 1657 665 extra
1684 618 1822 660 cau-

458 727 568 775 sas,
601 726 632 765 a
660 704 865 780 quibus
890 700 1080 777 gratia
1097 693 1478 756 essentialiter
1500 685 1779 761 dependet
1806 708 1819 752 3

460 809 579 850 non
629 796 817 847 autem
862 785 984 848 illa,
1016 796 1138 853 quae
1160 776 1230 835 ad
1268 771 1700 833 connaturalem
1731 783 1826 823 re-

460 874 776 949 ceptionem
802 867 1000 943 gratiae
1023 865 1085 919 in
1116 860 1307 917 adulto
1336 860 1574 930 prototo
1603 852 1704 908 illo
1733 850 1826 905 in-

459 957 634 1013 stanti
674 949 1089 1007 desiderantur.
1141 939 1299 1005 Quod
1331 942 1510 1011 potest
1549 929 1826 990 declarari

461 1036 750 1109 exemplo·
794 1030 992 1105 gratiae
1061 1023 1493 1081 communicatae
1560 1012 1821 1089 parvu10,

463 1125 519 1178 et
565 1124 752 1192 postea
797 1116 858 1169 in
888 1111 1076 1184 primo
1124 1102 1363 1162 instanti
1407 1115 1540 1156 usus
1585 1094 1828 1152 rationis

466 1199 727 1275 operanti
757 1218 769 1252 :
820 1193 970 1250 nihil
996 1190 1172 1247 etiam
1197 1203 1299 1260 pro
1317 1183 1497 1257 priori
1527 1178 1595 1237 ad
1622 1191 1829 1249 opera-

468 1286 685 1341 tionem
708 1276 896 1340 babet,
928 1272 1040 1329 nisi
1065 1286 1188 1342 quae
1209 1267 1278 1324 ad
1318 1267 1439 1340 ejus
1465 1257 1829 1320 existentiam

468 1360 850 1423 essentialiter
884 1352 1259 1426 requiruntur
1284 1366 1296 1405 2
1322 1352 1378 1402 et
1399 1352 1593 1401 tamen
1623 1352 1832 1397 conna-

470 1444 738 1501 turaliter
783 1435 998 1494 inssuit.
1041 1429 1207 1487 Unde
1276 1427 1453 1499 liquet
1502 1418 1830 1481 essentialia

467 1525 669 1601 gratiae
696 1520 766 1579 ad
794 1513 1155 1577 existendum
1195 1524 1317 1565 esse
1345 1508 1465 1581 ejus
1493 1507 1834 1562 connatura-

471 1610 549 1665 lia
572 1606 641 1664 ad
664 1599 1005 1662 eliciendam
1030 1594 1280 1668 primam
1311 1588 1724 1661 operationem.

547 1687 632 1743 Ad
679 1680 987 1741 secundam
1015 1674 1392 1749 objectionem
1427 1682 1704 1742 negamus
1725 1679 1834 1719 an-

471 1768 733 1826 tecedens
765 1762 938 1837 ;quia
982 1757 1127 1813 sicut
1172 1751 1358 1828 gratia
1400 1755 1461 1806 ut
1509 1743 1836 1805 voluntarie

475 1846 824 1922 receptibilis
866 1857 982 1899 non
1024 1837 1163 1894 dicit
1189 1837 1250 1892 in
1293 1837 1444 1890 recto
1470 1829 1830 1889 volitionem,

474 1930 571 1989 sed
618 1927 866 2003 gratiam
897 1929 956 1979 ut
1003 1925 1193 1993 aptam
1250 1913 1426 1986 recipi
1478 1908 1668 1966 media
1696 1906 1837 1963 voli-

475 2014 634 2068 tione
667 2032 679 2066 :
713 2012 790 2065 ita
816 2006 1002 2082 gratia
1030 2009 1090 2058 ut
1119 1995 1447 2056 voluntarie
1471 1994 1692 2063 recepta
1721 2001 1838 2044 non

476 2093 614 2149 dicit
639 2089 977 2147 volitionem
1008 2085 1069 2140 in
1101 2085 1271 2139 recto,
1297 2075 1396 2133 sed
1441 2069 1840 2129 suam-entita-

476 2182 593 2232 tem
619 2178 677 2229 ut
704 2169 980 2229 volitione
1009 2168 1372 2237 acceptatam,
1398 2164 1453 2214 et
1491 2158 1842 2212 connatura-

480 2261 615 2316 liter
640 2257 863 2330 passive
885 2254 1189 2321 receptam.
1218 2241 1489 2309 Quocirca
1513 2253 1629 2295 non
1649 2232 1844 2306 sequi-

480 2341 603 2410 tur,‘
628 2339 776 2414 quod
824 2335 1025 2393 volitio
1085 2327 1401 2403 dependeat
1447 2339 1480 2379 a
1519 2320 1723 2393 seipsa,
1749 2314 1844 2371 vel

484 2425 550 2482 ad
576 2426 823 2494 seipsam
853 2417 1118 2488 disponat
1147 2429 1160 2474 ς
1188 2408 1286 2485 sed
1306 2403 1455 2480 quod
1482 2401 1689 2460 entitas
1709 2412 1846 2471 gra-

486 2505 602 2570 tiae,
634 2518 758 2575 quae
785 2494 1169 2555 essentialiter
1217 2489 1286 2546 ad
1314 2484 1655 2545 volitionem
1698 2492 1849 2550 prae-

488 2581 832 2657 supponitur
859 2580 922 2632 ut
951 2577 1252 2646 acceptata,
1278 2574 1335 2625 et
1379 2561 1723 2621 naturaliter
1754 2573 1850 2615 re-

489 2672 666 2737 cepta,
706 2656 1021 2733 dependeat
1048 2669 1081 2709 a
1111 2650 1426 2713 volitione;
1470 2649 1526 2700 et
1565 2639 1714 2714 quod
1735 2638 1853 2694 haec

488 2751 679 2805 causet
719 2737 1052 2812 dispositive
1097 2732 1364 2808 gratiam,
1397 2731 1458 2783 ut
1503 2727 1853 2782 connatura-

491 2830 626 2886 liter
657 2827 717 2881 in
760 2820 954 2878 adulto
982 2819 1285 2888 receptam.

565 2908 649 2964 Ad
687 2904 955 2962 ultimam
985 2910 1258 2971 negamus
1281 2891 1559 2966 maJ‘orem
1579 2910 1594 2954 ;
1617 2886 1751 2958 quia
1776 2884 1857 2940 li-

493 2996 579 3049 cet
614 2984 817 3045 volitio
839 2981 902 3036 in
930 2979 1117 3051 seipsa
1145 2974 1219 3030 sit
1263 2970 1523 3047 quaedam
1576 2964 1852 3039 operatio,

499 3066 886 3131 nihilominus
904 3077 1023 3118 non
1043 3074 1164 3116 com
1173 3062 1409 3130 paratur
1433 3052 1615 3110 active
1639 3047 1708 3105 ad
1722 3062 1860 3122 gra-

500 3155 666 3217 tiam,
715 3148 859 3204 sicut
918 3144 1284 3212 comparatur
1333 3133 1403 3191 ad
1463 3129 1704 3206 pondus,
1759 3143 1860 3184 seu

502 3233 1018 3299 terminum,quem
1038 3218 1299 3294 producit
1313 3240 1327 3284 3
1343 3213 1441 3272 sed
1453 3227 1594 3286 pure
1615 3209 1864 3283 disposi-

508 3317 626 3373 tive
651 3310 892 3370 sehabet
932 3305 1002 3363 ad
1040 3303 1312 3380 gratiam,
1345 3302 1402 3354 et
1444 3295 1550 3351 hoc
1585 3298 1746 3366 pacto
1772 3290 1867 3348 de-

510 3395 775 3454 nominat
820 3390 986 3445 illam
1020 3379 1434 3443 voluntariam,
1460 3390 1559 3431 seu
1602 3372 1862 3431 volitam.

510 3476 675 3533 Unde
724 3474 905 3530 elucet
931 3463 1257 3524 differentia
1311 3460 1464 3514 inter
1514 3455 1781 3530 gratiam,
1814 3458 1872 3510 et

514 3556 735 3634 pondus
772 3553 840 3610 ad
883 3553 1046 3608 intra
1094 3542 1455 3619 productum,
1483 3540 1764 3611 quantum
1799 3533 1871 3592 ad

516 3636 845 3713 praedictam
897 3624 1430 3689 denominationem
1462 3644 1476 3689 ;
1519 3616 1672 3674 istud
1712 3616 1873 3673 enim

516 3728 600 3780 est
627 3715 1024 3777 voluntarium
1063 3707 1338 3771 effective,
1362 3702 1496 3776 quia
1544 3699 1878 3774 producitur

520 3822 553 3861 a
577 3802 870 3860 voluntate
891 3810 990 3868 per
1023 3802 1280 3846 amorem
1309 3806 1322 3841 ε
1350 3783 1537 3859 gratia
1574 3797 1712 3838 vero
1732 3779 1880 3836 dici-

524 3894 617 3942 tur
646 3878 975 3941 voluntaria
994 3872 1179 3930 solum
1203 3866 1554 3940 dispositive,
1580 3864 1714 3937 quia
1734 3866 1882 3920 Deus

527 3982 654 4024 cam
731 3954 1117 4018 communicat
1193 3948 1386 4005 adulto
1442 3961 1502 4002 se
1553 3943 1884 4001 voluntarie

527 4041 876 4119 disponenti,
906 4041 962 4093 et
1002 4035 1184 4106 ipsam
1226 4026 1559 4101 acceptanti.
1592 4024 1750 4090 Quod
1799 4024 1885 4079 lo-

529 4124 755 4202 quendo
777 4122 845 4177 de
878 4112 1181 4174 efficientia
1211 4108 1538 4183 physica,et
1571 4106 1641 4162 de
1686 4120 1890 4178 pracce-

533 4207 729 4267 dentia
757 4203 818 4258 in
843 4210 1052 4273 genere
1075 4190 1303 4266 physice
1340 4187 1641 4253 efficiendi,
1667 4193 1888 4244 certum

534 4295 617 4354 ψει
658 4282 806 4358 apud
848 4276 1180 4349 Theologos.
1210 4274 1392 4343 Atque
1436 4268 1564 4325 ideo
1609 4284 1724 4325 non
1746 4267 1893 4325 bene

535 4370 645 4428 sibi
667 4360 911 4424 consulit
931 4354 1166 4431 quidam
1205 4354 1233 4406 J
1244 4352 1411 4407 unior
1451 4349 1556 4405 hac
1581 4347 1894 4423 objectione

536 4459 722 4516 utens,
749 4448 809 4501 ut
860 4437 1058 4514 probet
1086 4440 1239 4491 actus
1278 4431 1488 4487 ultimo
1528 4428 1896 4502 disponentes

536 4553 568 4591 a
596 4528 781 4607 gratia
828 4538 946 4579 non
990 4512 1310 4589 dependere
1349 4510 1419 4568 ab
1466 4510 1588 4574 illa,
1622 4515 1896 4583 tanquam

538 4633 570 4672 a
638 4605 923 4684 principio
987 4596 1284 4662 effectiv03
1332 4608 1469 4649 nam
1516 4589 1718 4664 probat
1771 4593 1899 4665 plus

537 4708 710 4771 quam
749 4684 1023 4761 oporteat.

610 4770 705 4824 99.
747 4758 1022 4835 Arguitur
1079 4754 1280 4825 quarto
1338 4747 1453 4805 alia
1518 4746 1760 4813 ratione,
1807 4745 1899 4803 cui

532 5021 627 5070 tur
683 5030 696 5064 ι
773 4999 1049 5077 quoniam
1110 4996 1257 5052 Deus
1348 4987 1607 5046 infundit
1675 4987 1903 5051 homini

1126 361 1216 416 DE
1259 347 1865 413 DISPOSITIONIBUS
1903 345 1999 399 AD
2037 331 2696 396 JUSTIFICATIONEM.

1952 514 2197 590 gratiam
2222 502 2735 576 habitualem,quia
2755 498 2912 557 elicit
2932 499 3086 552 actus
3103 491 3323 550 contri·

1955 595 2150 662 tioniS,
2181 599 2237 650 et
2256 587 2551 648 charitatis
2578 606 2591 640 :
2614 598 2749 657 ergo
2793 574 3121 654 huJ'usmodi
3157 579 3318 630 actus

1957 693 2074 735 non
2096 672 2409 749 procedunt
2436 685 2469 726 a
2516 665 2700 742 gratia
2747 660 3048 720 habituali.
3075 660 3322 713 Antece-

1956 756 2098 813 dens
2124 761 2207 812 est
2226 757 2467 812 certum,
2494 747 2628 820 quia
2649 743 2833 819 gratia
2859 738 3189 796 infunditur
3209 736 3321 792 ho-

1958 835 2128 904 mini,
2159 837 2294 909 quia
2320 839 2406 893 est
2443 829 2749 903 dispositus
2789 824 2858 882 ad
2879 837 3006 880 eam
3032 817 3321 891 recipien-

1958 921 2093 977 dam
2127 919 2267 976 :sed
2318 917 2490 974 bomo
2516 908 2844 983 disponitur
2885 920 2985 978 per
3028 898 3326 974 praedictos

1959 1007 2114 1059 actus
2141 1021 2156 1055 ι
2183 1014 2318 1072 ergo
2337 995 2523 1071 gratia
2558 986 2889 1048 infunditur
2915 981 3162 1047 homini,
3187 979 3327 1052 quia

1962 1075 2290 1156 hujusmodi
2314 1083 2469 1134 actus
2490 1072 2664 1131 elicit.
2693 1064 3108 1139 Consequentia
3129 1067 3324 1118 autem

1962 1163 2255 1238 probatur,
2287 1158 2422 1233 quia
2443 1155 2490 1211 si
2531 1152 2716 1228 gratia
2743 1160 2889 1207 esset
2933 1145 3119 1202 virtus
3140 1141 3324 1197 activa

1962 1247 2033 1304 ad
2072 1241 2423 1302 eliciendum
2478 1238 2612 1294 illos
2656 1239 2831 1298 actuS,
2863 1225 3326 1287 communicare-

1962 1335 2057 1385 tur
2102 1325 2326 1384 homini
2372 1321 2443 1379 ad
2506 1334 2604 1377 eos
2653 1313 2977 1377 eliciendoS,
3010 1314 3072 1365 ut
3124 1304 3329 1363 induc-

1963 1410 2082 1464 tive
2124 1410 2303 1479 potest
2341 1399 2564 1460 ostendi
2618 1398 2681 1454 in
2726 1394 2859 1452 aliis
2914 1387 3223 1453 habitibus,
3272 1389 3330 1440 et

1965 1487 2244 1550 auxiliis:
2285 1483 2382 1540 sed
2416 1478 2567 1538 istud
2623 1489 2973 1547 consequens
3017 1466 3329 1543 opponitur

1967 1569 2056 1624 illi
2087 1562 2525 1630 antecedenti,et
2552 1558 2749 1631 nequit
2775 1570 2905 1612 cum
2932 1567 2999 1609 eo
3024 1547 3327 1622 componi:

1965 1664 2100 1722 ergo
2127 1642 2378 1720 praedicti
2408 1647 2561 1697 actus
2588 1654 2706 1695 non
2753 1631 3066 1709 procedunt
3087 1646 3118 1686 a
3143 1627 3329 1704 gratia

1967 1729 2270 1793 habituali,
2298 1732 2573 1798 tanquam
2616 1737 2649 1777 a
2677 1719 2892 1775 virtute
2924 1713 3205 1771 effectiva.
3227 1711 3331 1784 Se-

1967 1811 2133 1884 quela
2178 1811 2260 1864 est
2312 1805 2638 1868 manifesta,
2675 1805 2732 1857 et
2777 1798 2974 1854 minor
3012 1790 3332 1851 ostenditur

1970 1890 2304 1950 inductive:
2355 1904 2496 1946 nam
2525 1886 2662 1959 quia
2699 1884 2897 1938 lumen
2929 1877 3128 1954 gloriae
3165 1873 3332 1930 datur

1971 1969 2214 2036 homini,
2248 1973 2308 2024 ut
2342 1967 2538 2025 eliciat
2559 1963 2842 2020 visionem
2871 1956 3210 2021 beatificam,
3237 1966 3336 2007 ne-

1971 2052 2094 2126 quit
2116 2047 2426 2113 verificari,
2452 2043 2602 2119 quod
2625 2044 2824 2098 lumen
2844 2037 3051 2115 gloriae
3070 2049 3334 2093 commu-

1974 2136 2195 2191 nicetur
2234 2130 2479 2196 homini,
2506 2128 2640 2202 quia
2684 2128 2865 2181 Deum
2895 2121 3067 2179 videt.
3111 2120 3179 2173 Et
3203 2116 3340 2188 quia

1975 2218 2148 2273 homo
2207 2219 2439 2270 vocatur
2484 2225 2516 2265 a
2566 2212 2698 2272 Deo,
2749 2211 2812 2261 ut
2858 2199 3194 2264 consentiat,
3220 2212 3341 2255 non

1977 2299 2130 2355 valet
2169 2294 2299 2363 dici,
2356 2291 2506 2368 quod
2560 2294 2812 2355 vocatur,
2858 2286 2989 2359 quia
3034 2277 3336 2340 consentit.

1980 2379 2150 2452 Cujus
2174 2376 2322 2433 ratio
2345 2389 2377 2430 a
2400 2372 2582 2446 priori
2611 2375 2713 2438 est,
2745 2365 3020 2441 quoniam
3047 2362 3108 2437 ly
3133 2368 3214 2426 ut,
3238 2357 3347 2416 de-

1981 2462 2140 2516 notat
2160 2469 2390 2513 causam
2418 2450 2675 2515 finalem,
2707 2464 2833 2522 quae
2853 2446 2918 2501 in
2963 2440 3345 2515 exequutione

1981 2545 2066 2597 est
2112 2536 2393 2610 posterior
2419 2554 2432 2589 :
2500 2533 2561 2606 ly
2625 2534 2817 2586 autem
2858 2529 3010 2604 quia,
3061 2519 3350 2597 significat

1983 2631 2209 2678 causam
2262 2614 2620 2677 efficientem,
2649 2615 2707 2667 et
2762 2606 3179 2680 dispositivam,
3222 2614 3350 2674 quae

1985 2704 2050 2759 in
2069 2697 2451 2773 exequutione
2463 2692 2789 2768 praecedunt
2812 2712 2826 2746 ι
2855 2689 3112 2762 implicat
3128 2689 3344 2746 autem,

1987 2782 2136 2856 quod
2159 2777 2377 2853 aliquid
2398 2777 2462 2832 in
2482 2773 2859 2847 exequutione
2879 2771 2953 2827 sit
2973 2766 3346 2840 simulprius,

1988 2869 2045 2924 et
2066 2862 2365 2939 posterius,
2395 2871 2569 2932 quam
2598 2854 2774 2913 aliud.

2065 2945 2471 3007 confirmatur,
2502 2939 2636 3013 quia
2696 2938 2890 2995 nullus
2942 2938 3132 2991 motus
3168 2945 3359 3006 proce·
3387 2953 3538 2996 m.

1992 3030 2076 3087 dit
2104 3046 2136 3086 a
2161 3043 2264 3085 suo
2291 3024 2547 3083 termino
2574 3022 2638 3079 in
2667 3036 2875 3097 genere
2907 3013 3360 3076 causae.efficien-
3398 3002 3532 3047 “¹¹⁸⁰-

1994 3114 2086 3180 tis,
2134 3110 2233 3168 sed
2274 3108 2462 3183 potius
2519 3105 2584 3161 in
2637 3104 2741 3161 hoc
2778 3116 2988 3177 genere
3035 3096 3360 3156 terminum

1997 3191 2284 3269 praecedit,
2331 3194 2390 3245 ut
2440 3184 2735 3244 inductive
2786 3187 2965 3257 potest
3028 3177 3249 3239 ostendi
3296 3175 3361 3232 in

1998 3272 2369 3333 calefactione
2426 3270 2753 3339 comparata
2817 3262 2889 3320 ad
2957 3261 3229 3325 calorem,
3300 3256 3362 3311 in

2002 3352 2467 3415 deambulatione
2487 3352 2816 3422 comparata
2843 3343 2913 3401 ad
2936 3342 3056 3410 ubi,
3081 3341 3220 3399 etin
3245 3353 3365 3396 om-

2005 3437 2178 3495 nibus
2219 3434 2351 3492 aliis
2378 3430 2629 3490 motibus
2655 3426 2850 3501 :atqui
2879 3428 3035 3482 actus
3063 3419 3365 3480 contritio-

2007 3520 2118 3586 nis,
2163 3518 2259 3575 vel
2303 3513 2599 3572 charitatis
2659 3515 2744 3568 est
2779 3505 3015 3582 quidam
3058 3500 3366 3562 voluntatis

2008 3606 2196 3659 motus
2222 3596 2291 3654 ad
2318 3595 2563 3670 gratiam
2592 3593 2736 3649 sicut
2765 3589 2835 3646 ad
2856 3587 3174 3645 terminum
3201 3597 3370 3656 :ergo

2012 3681 2312 3757 praedictus
2328 3682 2482 3734 actus
2504 3691 2622 3732 non
2643 3672 3009 3746 consequitur
3032 3669 3102 3727 ad
3123 3666 3369 3744 gratiam
3433 3687 3439 3692 ·

2013 3768 2076 3822 in
2102 3777 2312 3839 genere
2338 3775 2520 3818 causae
2547 3756 2866 3814 efficientis.

2089 3846 2175 3902 Ad
2209 3846 2615 3920 argumentum
2655 3839 2792 3895 satis
2829 3843 3049 3897 constat
3081 3850 3148 3892 ex
3176 3832 3375 3888 hacte-
3397 3848 3614 3894 oem-

2019 3944 2128 3986 nus
2178 3926 2390 3992 dictis;
2445 3936 2706 3981 concesso
2745 3920 2903 3976 enim
2998 3904 3604 3977 antecedenti,²⁰r⁸rss⁰·

2021 4023 2298 4083 negamus
2318 4000 2901 4076 consequentiam.Ad
2916 3999 3003 4072 cuj
3014 4015 3076 4053 us
3098 3992 3384 4069 probatio-

2023 4108 2158 4148 nem
2173 4103 2447 4163 negamus
2459 4083 2911 4155 minorem,quia
2935 4081 3052 4136 illae
3066 4074 3388 4152 proportio·

2025 4187 2126 4229 nes
2152 4170 2368 4242 optime
2383 4167 2453 4224 de
2479 4165 2697 4224 eisdem
2712 4162 2987 4221 extremis
3009 4157 3389 4217 verificantur

2027 4255 2091 4311 in
2143 4253 2372 4310 diverso
2419 4265 2630 4325 genere
2676 4261 2899 4314 causae3
2955 4257 3160 4300 verum
3213 4239 3382 4297 enim

2027 4341 2129 4402 est,
2164 4347 2356 4390 aerem
2387 4328 2736 4395 illuminari,
2767 4331 2831 4381 ut
2872 4328 3145 4399 purgetur
3166 4336 3198 4376 a
3225 4325 3398 4376 tene-

2029 4415 2151 4472 bris
2175 4438 2189 4483 ;
2232 4418 2289 4470 et
2329 4411 2561 4486 purgari
2586 4426 2618 4467 a
2655 4406 2929 4473 tenebriS,
2980 4403 3114 4478 quia
3162 4398 3401 4458 illumi—

2032 4500 2205 4553 natur
2237 4518 2251 4551 ι
2319 4493 2578 4549 animam
2643 4487 2804 4547 uniri
2863 4484 3109 4559 corpori,
3186 4485 3248 4536 ut
3323 4479 3404 4535 sit

2032 4576 2387 4651 organicum,
2440 4578 2498 4629 et
2540 4570 2672 4644 quia
2703 4575 2788 4627 est
2826 4566 3182 4642 organicum,
3224 4565 3288 4620 et*
3318 4559 3406 4617 sic

2032 4659 2104 4717 de
2141 4658 2293 4725 aliis,
2358 4660 2625 4727 utsupra
2678 4650 2947 4707 vidimus.
2999 4645 3246 4704 Minoris
3292 4658 3406 4699 au-

2033 4747 2151 4798 tem
2223 4736 2585 4812 probationes
2655 4732 2876 4789 nullius
2950 4728 3171 4787 roboris
3243 4727 3403 4791 sunt,

2034 4823 2171 4897 quia
2197 4822 2261 4878 in
2306 4820 2390 4877 eis
2417 4816 2677 4875 redditur
2717 4830 2836 4872 non
2876 4828 3044 4871 causa
3065 4826 3169 4884 pro
3207 4822 3402 4866 causa.

2037 4903 2197 4971 Quod
2239 4904 2397 4961 enim
2428 4900 2627 4958 lumen
2652 4897 2852 4973 gloriae
2892 4911 3010 4954 non
3051 4894 3238 4961 detur,
3264 4891 3411 4964 quia

2037 4986 2209 5045 homo
2236 4983 2410 5050 videt,
2443 4997 2561 5040 non
2590 4979 2856 5055 provenit
2903 4993 2974 5034 ex
3001 4991 3086 5042 eo,
3119 4972 3271 5048 quod
3298 4971 3413 5029 da-

3281 5058 3408 5124 tur,

3415 3955 3576 3995 mento.
3619 3984 3622 3993 .
