3647 5753
256 2061 408 2107 verior

247 2112 414 2206 amsi·

448 481 558 535 624

449 655 622 713 actuS,
638 664 809 720 quam
831 647 920 703 cul
926 663 1058 720 pam
1079 648 1328 721 expellat
1346 671 1360 716 3
1383 652 1440 703 et
1459 660 1815 719 consequen-

447 735 537 786 ter
564 730 772 786 merito
813 727 1065 803 praedicti
1107 733 1261 785 actus
1288 727 1714 784 constituuntur
1753 731 1815 782 ut

449 812 768 870 mediantes
809 812 963 868 inter
990 811 1342 868 infusionem
1375 810 1593 885 gratiae,
1638 815 1694 867 et
1720 825 1815 868 re-

447 894 787 951 missionem
816 893 1045 966 peccati.
1078 891 1185 949 Sed
1215 909 1397 966 neque
1422 892 1533 949 ista
1575 908 1815 966 respon-

446 979 532 1035 sio
556 976 792 1042 arridet,
819 982 942 1034 tum
971 976 1042 1034 ob
1071 975 1288 1033 motiva
1318 976 1579 1050 proxime
1605 992 1837 1050 propo-

444 1062 583 1127 sita;
614 1077 753 1117 nam
784 1059 1037 1132 praedicti
1067 1066 1222 1116 actus
1249 1064 1383 1115 sunt
1422 1059 1729 1125 meritorii,
1760 1066 1818 1117 et
1863 1069 1868 1073 ’

445 1142 666 1215 proprii
695 1141 1133 1215 hominisjusti,
1167 1145 1228 1196 ut
1260 1141 1436 1214 J'usti;
1480 1146 1648 1212 atque
1687 1139 1816 1198 ideo

442 1239 584 1296 opus
605 1227 707 1289 est,
733 1221 882 1294 quod
908 1227 1236 1295 supponant
1262 1227 1318 1278 et
1342 1221 1611 1296 gratiam,
1637 1226 1692 1279 et
1720 1238 1816 1278 re-

440 1305 780 1362 missionem
823 1305 1024 1377 culpae.
1069 1306 1217 1360 Tum
1244 1305 1441 1372 etiam,
1475 1305 1611 1377 quia
1652 1305 1815 1379 prius

440 1391 545 1453 est,
575 1385 724 1458 quod
752 1385 939 1460 gratia
966 1390 1194 1458 praestet
1221 1384 1450 1444 effectus
1474 1385 1589 1441 sibi
1617 1401 1815 1442 essen-

439 1468 625 1530 tiales,
657 1482 831 1539 quam
859 1465 1023 1530 alios,
1055 1482 1185 1524 cum
1219 1465 1426 1539 quibus
1455 1482 1574 1523 non
1600 1465 1816 1524 habent

441 1547 807 1604 essentialem
834 1546 1284 1603 connexionem:
1312 1546 1601 1620 expellere
1622 1552 1812 1604 autem

440 1633 751 1699 peccatum,
785 1627 1262 1701 praesuppositum
1284 1632 1368 1683 est
1392 1628 1593 1701 gratiae
1614 1643 1814 1684 essen-

440 1710 606 1770 tiale;
635 1724 793 1765 secus
824 1724 959 1766 vero
999 1707 1245 1764 influere
1285 1707 1349 1764 in
1398 1713 1555 1766 actus
1594 1709 1815 1766 contri-

442 1790 633 1854 tionis,
670 1796 727 1846 et
745 1790 1076 1847 charitatis:
1109 1788 1261 1846 unde
1289 1790 1449 1861 prius
1469 1790 1813 1863 simpliciter

441 1876 544 1935 est,
570 1870 719 1944 quod
742 1871 968 1942 culpam
990 1871 1260 1943 expellat,
1286 1886 1457 1944 quam
1485 1870 1635 1943 quod
1659 1888 1812 1944 prae-

443 1952 621 2010 dictos
643 1958 796 2010 actus
815 1953 1027 2009 eliciat.

518 2036 683 2092 Unde
704 2037 811 2102 his,
837 2041 893 2092 et
914 2034 1046 2092 aliis
1072 2032 1526 2107 expositionibus
1572 2034 1805 2100 relictis,

444 2117 747 2175 dicendum
789 2121 892 2181 est,
924 2114 1073 2188 quod
1103 2114 1366 2172 remissio
1395 2116 1600 2189 peccati
1632 2119 1813 2187 potest

443 2201 715 2258 bifariam
746 2197 1097 2256 considerari
1126 2212 1285 2275 :nuno
1306 2197 1475 2254 modo
1494 2198 1809 2255 secundum

441 2284 800 2343 essentialia:
825 2283 1004 2338 altero
1022 2280 1189 2336 modo
1207 2284 1267 2335 ut
1292 2280 1475 2337 libera
1495 2282 1805 2354 supposito,

311 2330 315 2335 ’
362 2379 368 2385 ·
439 2370 496 2424 et
536 2365 681 2420 facta
708 2362 1094 2435 dependenter
1128 2360 1198 2417 ab
1233 2362 1356 2435 ejus
1392 2361 1812 2419 actibuszsicut

223 4596 276 4641 D.
296 4596 398 4642 Tho.

439 2445 613 2502 etiam
637 2444 823 2517 gratia
851 2447 1028 2516 potest
1054 2441 1409 2499 considerari
1443 2447 1503 2498 ut
1527 2443 1806 2510 absolute,

438 2533 495 2584 et
514 2527 896 2584 essentialiter
918 2525 1136 2595 iniusa;
1159 2530 1213 2581 et
1234 2523 1443 2581 deinde
1458 2531 1520 2581 ut
1538 2526 1738 2593 libera,
1755 2532 1811 2584 et

437 2607 893 2663 connaturaliter
913 2610 1277 2677 consequuta.
1312 2607 1482 2660 Actus
1508 2622 1643 2681 ergo
1671 2622 1809 2663 con-

439 2688 696 2745 tritionis
716 2730 728 2752 ,
784 2693 840 2743 et
890 2687 1186 2743 charitatis
1206 2728 1218 2751 ,
1282 2686 1428 2743 sicut
1477 2694 1810 2760 supponunt

437 2770 685 2845 gratiam
703 2768 975 2834 absolute,
1000 2773 1057 2825 et
1076 2768 1460 2826 essentialiter
1483 2775 1766 2842 receptam
1791 2794 1805 2837 3

438 2851 518 2907 ita
544 2856 875 2923 supponunt
902 2849 1128 2921 culpam
1154 2846 1426 2915 absolute,
1458 2855 1514 2905 et
1533 2850 1803 2908 essentia-

435 2931 571 2987 liter
611 2929 996 2986 destructam:
1027 2934 1083 2985 et
1120 2928 1607 2999 quemadmodum
1638 2938 1805 2990 ante-

432 3010 641 3068 cedunt
679 3010 1013 3083 dispositive
1052 3009 1321 3082 gratiam,
1355 3015 1416 3065 ut
1457 3018 1808 3071 connatura-

433 3094 587 3158 liter,
618 3097 675 3148 et
704 3090 886 3148 libere
905 3096 1336 3163 consequutam;
1364 3091 1444 3147 ita
1468 3093 1808 3151 antecedunt

434 3175 839 3232 remissionem
886 3173 1065 3244 culpae
1118 3178 1179 3229 ut
1225 3175 1701 3243 connaturaliter,
1752 3184 1808 3236 et

435 3257 618 3315 libere
643 3258 869 3314 iactam.
900 3255 1066 3312 Unde
1091 3254 1197 3311 sub
1228 3257 1466 3314 nomine
1494 3257 1808 3316 infusionis

433 3340 654 3414 gratiae,
686 3354 856 3411 quam
888 3340 951 3394 D.
978 3339 1182 3394 Thom.
1233 3338 1416 3412 priori
1445 3340 1565 3397 loco
1592 3343 1808 3398 consti-

436 3423 560 3489 t'uit,
591 3422 915 3478 continetur
960 3421 1135 3478 etiam
1182 3421 1445 3479 remissio
1492 3424 1674 3497 culpae
1713 3441 1807 3482 es-

434 3504 757 3584 sentialiter
786 3509 1009 3577 accepta
1038 3525 1049 3559 :
1079 3509 1136 3561 et
1168 3504 1273 3560 sub
1315 3505 1554 3563 nomine
1597 3509 1808 3563 remis-

434 3588 615 3644 sionis
646 3587 872 3659 peccati,
904 3604 1077 3660 quam
1104 3588 1405 3644 collocavit
1432 3589 1637 3646 ultimo
1659 3591 1800 3657 loco,

431 3667 939 3740 comprehenditur
996 3668 1172 3724 etiam
1237 3669 1424 3742 gratia
1490 3675 1551 3724 ut
1626 3670 1806 3729 libere

432 3755 793 3821 consequuta.
845 3748 1034 3814 Adde,
1084 3750 1221 3804 satis
1273 3750 1608 3808 verosimile
1658 3768 1799 3820 esse,

429 3828 582 3903 quod
612 3831 679 3885 D.
709 3829 916 3887 Thom.
947 3831 1186 3887 nomine
1217 3832 1575 3889 remissionis
1602 3835 1799 3908 culpae,

432 3926 606 3982 quam
632 3917 754 3982 post
778 3912 1047 3985 gratiam,
1080 3915 1136 3967 et
1164 3917 1319 3968 actus
1345 3914 1660 3980 constituit,
1687 3932 1804 3972 non

434 3992 849 4068 significaverit
874 3994 1317 4051 destructionem
1348 3996 1643 4070 physicam
1674 4015 1806 4070 pec-

435 4076 565 4143 cati,
590 4074 904 4133 secundum
943 4073 1091 4147 quod
1132 4080 1217 4130 est
1257 4078 1482 4133 macula
1522 4078 1797 4147 hominis,

433 4172 535 4213 seu
563 4157 894 4214 voluntaria
934 4156 1183 4228 privatio
1208 4158 1439 4231 gratiae;
1481 4158 1579 4215 sed
1620 4163 1806 4235 magis

434 4236 877 4294 destructionem
934 4238 1215 4294 moralem
1266 4237 1521 4311 ejusdem
1570 4241 1799 4313 peccati,

433 4318 746 4376 secundum
787 4317 935 4392 quod
964 4318 1240 4391 importat
1279 4318 1554 4377 offensam
1585 4323 1705 4390 Dei,
1749 4327 1805 4379 et

434 4399 659 4456 tollitur
709 4399 1105 4465 satisfactorie,
1153 4400 1285 4457 licet
1321 4399 1658 4473 imperfecte
1704 4418 1805 4476 per

433 4488 588 4538 actus
618 4487 841 4540 nostros
870 4483 932 4539 in
961 4482 1200 4539 instanti
1237 4481 1665 4555 justificationis
1691 4486 1805 4543 eli-

433 4567 592 4624 citos,
621 4568 803 4631 Quam
831 4564 1153 4623 doctrinam
1198 4565 1459 4622 insinuat
1498 4570 1561 4625 D.
1592 4569 1799 4628 Thom.

431 4649 467 4705 3
487 4654 639 4722 part.
673 4654 854 4726 quaest.
886 4648 977 4715 86,
1023 4654 1134 4704 art.
1165 4649 1221 4715 4,
1253 4650 1315 4704 in
1340 4666 1484 4723 resp.
1514 4650 1590 4705 ad
1614 4653 1804 4707 omnia

428 4737 773 4803 aryumenta.
806 4730 1153 4787 Recolantur
1173 4731 1441 4804 superius
1467 4731 1618 4789 dicta
1646 4751 1801 4791 num.

440 4815 635 4945 loli-29.
668 4886 997 4953 Quamlibet
1022 4892 1212 4945 autem
1248 4887 1670 4961 expositionem
1709 4904 1806 4946 se-

430 4986 700 5043 quamur,
750 4968 1139 5026 difficultatem
1186 4969 1373 5026 adhuc
1419 4968 1608 5038 habet,
1653 4969 1803 5043 quod

434 5051 498 5106 D.
531 5051 735 5107 Thom.
770 5048 925 5106 addit
954 5070 967 5105 ε
999 5049 1417 5108 Consummatio
1455 5058 1659 5118 autem,
1689 5052 1804 5108 sive

428 5133 708 5198 perventio
735 5130 809 5184 ad
835 5133 1128 5186 terminum
1149 5132 1317 5203 hujus
1337 5140 1515 5188 motus
1539 5134 1806 5206 importa-

1125 476 1216 529 DE
1257 472 1866 530 DISPOSITIONIBUS
1904 472 2001 527 AD
2039 469 2701 527 JUSTIFICATIONEM.

1945 651 2038 699 tur
2054 660 2156 717 per
2175 644 2544 698 remissionem
2563 641 2756 714 culpan
2777 642 2837 696 in
2856 640 2964 696 hoc
2975 642 3122 695 enim
3138 640 3309 712 justi-
3352 651 3492 710 Quare

1943 727 2128 797 ficatio
2141 730 2573 781 consum-matur.
2594 724 2664 777 Et
2676 725 2736 778 in
2751 739 2892 795 resp.
2915 722 2991 777 ad
3019 723 3038 777 l
3054 766 3066 788 ,
3082 721 3273 794 inquit
3292 742 3306 776 ε
3324 701 3526 804 ξῖῗιρίῗᾱῗ

1945 806 2250 865 Dicendum
2269 852 2281 874 ,
2338 806 2482 884 quod
2513 807 2844 879 justificatio
2893 807 3055 880 impii
3105 805 3313 862 dicitur
3327 802 3528 895 ξιὲιὲῐέἱξᾶ.

1943 908 2052 948 esse
2070 893 2194 964 ipsa
2213 892 2460 947 remissio
2473 897 2840 963 peccatorum,
2857 890 3154 946 secundum
3172 888 3316 963 quod
3350 861 3505 946 nduc-

1945 975 2123 1029 omm's
2143 980 2321 1030 motus
2346 973 2548 1044 accipit
2569 973 2798 1044 speciem
2822 990 2859 1028 a
2885 974 3140 1027 termino.
3169 970 3317 1035 Qui·
3383 951 3466 996 ¹¹¹⁸·

1945 1053 2051 1110 bus
2097 1052 2289 1111 verbis
2332 1050 2661 1128 significare
2716 1051 2975 1121 videtur,
3032 1050 3213 1109 finem
3258 1058 3317 1109 et

1946 1137 2264 1193 terminum
2306 1135 2377 1193 ad
2402 1150 2573 1208 quem
2597 1133 3041 1208 justificationis,
3068 1149 3192 1192 esse
3217 1149 3313 1191 re-

1945 1218 2284 1276 missionem
2331 1218 2527 1291 culpae.
2585 1215 2760 1282 Quod,
2792 1222 2988 1274 tamen
3041 1232 3145 1274 nec
3182 1232 3313 1274 cum

1944 1299 2207 1366 veritate,
2259 1316 2364 1356 nec
2408 1314 2538 1356 cum
2587 1297 2710 1370 ipso
2758 1300 2823 1357 D.
2879 1297 3084 1356 Thom.
3135 1302 3315 1371 potest

1944 1380 2211 1454 componi
2242 1401 2255 1437 ε
2284 1397 2423 1437 nam
2450 1378 2607 1446 finis,
2638 1386 2695 1437 et
2733 1380 3021 1437 terminus
3046 1378 3118 1437 ad
3143 1395 3312 1453 quem

1943 1462 2247 1536 cujuslibet
2267 1467 2475 1527 motuS,
2504 1476 2624 1518 non
2644 1466 2729 1519 est
2748 1460 3056 1519 destructio
3075 1461 3313 1519 termini

1944 1559 1977 1599 a
2003 1559 2132 1615 quo,
2164 1542 2261 1600 sed
2302 1542 2490 1600 forma
2532 1541 2604 1600 de
2644 1559 2794 1600 novo
2834 1541 3125 1616 producta,
3151 1548 3215 1599 ut
3251 1544 3314 1600 in

1945 1622 2309 1682 naturalibus
2349 1629 2528 1697 potest
2562 1624 2857 1681 inductive
2882 1623 3106 1681 ostendi
3133 1646 3146 1682 ε
3177 1622 3313 1682 finis

1943 1707 2167 1782 quippe,
2199 1712 2257 1764 et
2275 1706 2567 1764 terminus
2589 1706 2659 1764 ad
2682 1723 2851 1781 quem
2873 1713 3063 1765 motus
3082 1708 3316 1766 calefac·

1942 1792 2118 1849 tionis
2171 1807 2289 1848 non
2352 1796 2436 1850 est
2485 1791 2747 1864 expulsio
2792 1791 3161 1866 frigiditatis,
3216 1791 3311 1851 sed

1940 1876 2096 1932 calor
2115 1873 2187 1932 de
2208 1891 2358 1932 novo
2388 1873 2691 1949 productus
2718 1895 2731 1930 :
2759 1878 2815 1931 et
2842 1875 2907 1931 in
2945 1875 3313 1949 generatione
3413 1913 3422 1916 ν

1940 1955 2307 2013 substantiali
2334 1954 2491 2022 finis,
2516 1961 2573 2012 et
2594 1955 2881 2015 terminus
2903 1955 2973 2012 ad
2995 1972 3167 2029 quem
3196 1972 3310 2015 non

1940 2042 2024 2094 est
2039 2036 2349 2095 destructio
2377 2038 2577 2094 formae
2607 2039 3107 2111 praeexistentis'in
3130 2044 3314 2096 mate-

1942 2118 2050 2183 ria,
2077 2117 2174 2174 sed
2199 2118 2405 2185 forma,
2431 2134 2557 2191 quae
2576 2118 2856 2189 educitur,
2882 2125 2938 2177 et
2961 2120 3043 2177 sic
3064 2119 3134 2177 de
3155 2120 3308 2176 aliis,

1941 2201 2076 2264 Quae
2099 2200 2323 2257 ratione
2350 2199 2404 2255 S.
2453 2201 2655 2257 Doctor
2693 2209 2805 2257 art.
2853 2202 2872 2256 l
2924 2201 3092 2271 liujus
3124 2209 3306 2279 qimst.

1939 2279 2219 2336 conclusit
2245 2300 2259 2337 ε
2295 2300 2320 2332 α
2351 2279 2498 2343 Quia
2538 2285 2727 2337 motus
2754 2281 2938 2356 magis
2963 2280 3311 2338 denomina-

1947 2383 1973 2415 «
2002 2367 2097 2418 tur
2125 2379 2158 2419 a
2187 2361 2439 2420 termino
2479 2361 2549 2418 ad
2590 2378 2780 2435 quem,
2808 2378 2982 2434 quam
3004 2379 3038 2420 a
3058 2363 3311 2422 termino

1948 2465 1974 2497 «
2005 2461 2038 2501 a
2062 2461 2206 2517 quo;
2238 2443 2367 2500 ideo
2387 2442 2717 2518 hujusmodi
2747 2445 3172 2512 transmutatio,
3198 2461 3311 2519 qua

1947 2548 1973 2580 α
2004 2526 2215 2601 aliquis
2265 2531 2689 2583 transmutatur
2740 2544 2772 2583 a
2818 2533 2968 2586 statu
3016 2527 3311 2599 injustitiae

1946 2629 1972 2662 c<
2004 2625 2104 2681 per
2134 2608 2534 2665 remissionem
2566 2610 2796 2681 peccati,
2821 2609 3065 2666 sortitur
3096 2625 3312 2667 nomen

1943 2709 1969 2743 α
2003 2706 2036 2746 a
2083 2690 2337 2746 termino
2384 2687 2454 2745 ad
2492 2705 2682 2762 quem,
2729 2705 2937 2763 nempe
2970 2691 3212 2765 justitia,
3256 2699 3313 2750 et

1946 2790 1972 2822 α
2003 2775 2238 2827 vocatur
2297 2767 2627 2843 justificatio
2678 2770 2867 2845 impii.
2930 2793 2955 2824 ι)
3013 2772 3311 2837 Quomodo

1937 2867 2073 2927 ergo
2112 2860 2225 2910 art.
2274 2855 2329 2919 6,
2387 2852 2635 2912 affirmat
2682 2854 3082 2912 remissionem
3129 2856 3311 2931 culpae

1937 2950 2060 2992 esse
2110 2937 2667 2993 consummationem
2688 2980 2701 3002 ,
2759 2943 2814 2994 et
2859 2938 3181 2995 terminum
3234 2938 3310 2995 ad

1936 3031 2108 3088 quem
2136 3022 2326 3072 motus
2347 3014 2818 3091 justificationis?

2013 3097 2156 3153 Huic
2194 3096 2511 3154 difficultati
2551 3098 2855 3171 respondet
2870 3098 3106 3156 Medina
3120 3107 3230 3157 art.
3248 3100 3304 3168 6,
3321 3101 3518 3162 Priora}-

1938 3177 2005 3233 D.
2035 3177 2239 3236 Thom.
2285 3179 2494 3236 merito
2533 3180 2862 3246 asseruisse,
2904 3180 3307 3238 remissionem
3339 3151 3499 3246 ἓξὲξ,

1937 3256 2117 3330 culpae
2156 3255 2278 3315 esse
2319 3256 2519 3325 finem,
2550 3265 2607 3316 et
2651 3260 2971 3317 terminum
3018 3260 3090 3316 ad
3136 3278 3304 3334 quem
3340 3251 3500 3295 ¹⁰⁶³&

1931 3339 2382 3414 J‘ustificationis;
2409 3341 2554 3414 quia
2574 3343 2837 3400 remissio
2864 3344 3042 3417 culpae
3060 3349 3146 3401 est
3165 3342 3306 3402 adeo

1937 3421 2106 3489 bona,
2140 3428 2200 3478 ut
2230 3421 2402 3494 possit
2431 3437 2532 3494 per
2556 3438 2616 3479 se
2644 3423 2888 3492 intendi,
2914 3429 2970 3481 et
2995 3425 3303 3497 specialem

1936 3508 2158 3560 motum
2179 3502 2515 3568 terminare,
2536 3503 2699 3577 juxta
2719 3504 2864 3560 illud
2889 3504 3049 3562 isaias
3070 3505 3517 3563 27:1³1e1saieffl·

1933 3594 2011 3641 est
2044 3588 2224 3641 omnis
2267 3586 2503 3657 fructus,
2555 3593 2617 3640 ut
2661 3588 2956 3659 auferatur
2999 3596 3299 3661 peccatum.

1936 3667 2102 3725 Unde
2122 3671 2344 3739 oportet
2364 3666 2532 3722 aliter
2555 3667 2618 3724 in
2645 3667 2750 3725 hoc
2777 3674 2933 3725 motu
2957 3667 3297 3736 discurrere,

1934 3764 2000 3805 ac
2039 3749 2102 3805 in
2130 3747 2262 3804 aliis
2289 3748 2542 3804 motibus
2571 3749 2954 3816 naturalibus,
2989 3757 3048 3806 ut
3081 3750 3303 3823 impor-

1934 3834 2060 3886 tant
2103 3828 2550 3886 destructionem
2606 3830 2848 3886 termini
2902 3847 2936 3887 a
2999 3847 3133 3903 qum
3183 3830 3302 3888 haec

1933 3910 2143 3984 quippe
2171 3926 2471 3983 nunquam
2501 3911 2565 3967 in
2594 3910 2955 3967 naturalibus
2981 3910 3303 3970 intenditur

1936 4009 2036 4066 per
2061 4007 2141 4057 se,
2166 3993 2372 4049 saltem
2401 3991 2472 4048 ab
2501 3998 2703 4065 agente
2729 3992 3090 4064 particulari.

2009 4075 2116 4134 Sed
2140 4075 2256 4131 haec
2275 4073 2537 4132 doctrina
2561 4074 2676 4131 nisi
2695 4075 2946 4147 amplius
2964 4074 3299 4148 explicetur.

1934 4156 2166 4214 videtur
2204 4156 2350 4213 falsa
2364 4180 2377 4223 ;
2423 4155 2698 4228 quoniam
2739 4154 3047 4212 destructio
3093 4155 3303 4227 peccati

1933 4243 2019 4295 est
2032 4237 2262 4294 effectus
2275 4234 2649 4293 secundarius
2657 4237 2857 4310 gratiae
2871 4233 3302 4302 sanctificantia,

1935 4324 1997 4374 ut
2022 4322 2241 4377 constat
2286 4333 2359 4374 ex
2402 4316 2570 4373 dictis
2610 4317 2673 4372 in
2716 4316 2820 4373 hoc
2857 4320 3138 4373 tractatu:
3168 4331 3306 4390 ergo

1933 4398 2088 4465 finis,
2114 4404 2171 4456 et
2191 4397 2478 4455 terminus
2498 4394 2914 4468 specificativus
2936 4402 3125 4452 motus
3140 4395 3307 4470 justi·

1934 4478 2219 4538 ficationis
2248 4479 2446 4551 nequit
2472 4493 2595 4535 esse
2635 4478 2899 4535 remissio
2941 4478 3171 4549 peccati,
3203 4476 3305 4536 sed

1933 4561 2120 4637 gratia
2158 4558 2533 4625 sanctificans,
2565 4574 2664 4616 seu
2687 4557 3007 4633 justificans
3032 4578 3045 4613 ε
3073 4574 3306 4632 semper

1934 4643 2093 4700 enim
2133 4642 2364 4699 effectus
2393 4641 2707 4715 primarius
2747 4640 2949 4697 formae
2988 4644 3073 4697 est
3117 4641 3306 4715 magis

1937 4741 2038 4799 per
2064 4739 2123 4780 se
2144 4724 2418 4790 intentus,
2445 4740 2618 4797 quam
2639 4722 3033 4781 secundarius.
3062 4724 3306 4795 Propter

1936 4807 2041 4863 hoc
2067 4806 2320 4878 vasquez
2358 4807 2420 4861 in
2457 4812 2740 4862 comment.
2770 4811 2882 4861 art.
2925 4806 2982 4868 6,
3026 4808 3083 4861 et
3108 4803 3305 4862 Curiel
3337 4809 3507 4906 effi

1936 4887 2152 4946 ibidem
2174 4888 2301 4946 dub.
2334 4890 2381 4955 l,
2416 4887 2764 4962 respondent
2786 4889 2849 4944 D.
2876 4887 3081 4945 Thom.
3111 4887 3305 4945 solum

1934 4967 2279 5044 significare,
2309 4968 2459 5042 quod
2509 4968 2772 5026 remissio
2816 4967 2999 5040 culpae
3043 4972 3129 5026 est
3172 4983 3308 5026 con·

1933 5050 2264 5116 summatio,
2308 5055 2364 5107 et
2409 5050 2695 5107 terminus
2729 5046 3157 5123 justificationis
3201 5065 3308 5123 per

1936 5130 2176 5190 modum
2204 5131 2445 5190 termini
2468 5129 2815 5197 secundarii,
2837 5129 2900 5186 in
2926 5146 3039 5204 quo
3063 5129 3306 5260 tandeim

3150 5221 3233 5260 sis
3284 5212 3307 5261 t

3611 4150 3614 4161 -
3599 4074 3614 4123 *a
