3647 5753
568 515 575 526 ,
596 444 711 500 870

412 1108 564 1151 Secun-

386 1157 488 1200 dum
506 1167 573 1199 ar-

398 1215 565 1260 gumen-

431 1265 536 1303 tum.

390 2430 587 2475 Diluitur.

596 615 721 671 licet
748 614 928 668 omnis
952 618 1109 668 actus
1126 612 1199 667 sit
1226 610 1415 675 boum,
1441 609 1526 664 vel
1552 608 1734 665 malus
1754 625 1772 660 .·
1791 613 1842 662 et
1862 606 1960 661 hoc

595 695 716 750 dico
735 700 960 766 propter
984 710 1088 760 em,
1130 694 1227 766 qui
1253 692 1579 748 charitatem
1603 707 1714 745 non
1738 687 1954 752 habent,

597 775 695 851 qui
708 775 906 830 mereri
924 790 1034 828 non
1053 770 1627 845 possuntNideantur
1646 768 1822 826 etiam
1847 766 1962 823 alia

597 858 656 911 S.
684 855 939 912 Doctoris
976 852 1326 918 testimonia,
1370 865 1496 924 quae
1537 849 1803 907 dedimus
1843 847 1961 904 dis-

596 942 715 1009 put.
768 938 830 1003 4,
863 935 987 991 dub.
1015 938 1069 1002 5,
1101 938 1132 1005 §
1169 936 1214 1000 l,
1239 939 1294 990 et
1343 931 1587 989 eandem
1637 929 1961 987 doctrinam

600 1015 971 1075 confirmant.

683 1101 804 1156 119.
849 1097 1125 1173 Arguitur
1151 1093 1399 1154 secundo
1433 1115 1446 1151 ε
1481 1111 1619 1151 nam
1654 1098 1808 1150 actus
1829 1090 1962 1148 fidei

602 1180 807 1237 infusae
828 1181 1095 1237 elicitusa
1114 1184 1400 1252 peccatore
1422 1183 1678 1234 meretur
1692 1188 1964 1249 augmen·

601 1268 724 1319 tum
766 1261 993 1318 habitus
1021 1260 1155 1317 fidei
1188 1259 1603 1333 praeexistentis
1630 1279 1643 1314 ε
1674 1272 1810 1330 ergo
1834 1269 1964 1327 pec-r

602 1350 757 1401 cator
807 1360 907 1417 per
953 1359 1128 1418 opera
1172 1342 1474 1414 moraliter
1515 1339 1666 1397 bona
1708 1341 1965 1395 meretur

601 1426 805 1482 saltem
833 1424 983 1481 bona
1011 1424 1353 1496 temporalia
1379 1421 1693 1481 secundum
1715 1435 1793 1476 se.
1821 1419 1965 1474 Con·

600 1505 898 1579 sequentia
926 1505 1244 1578 patet‚quia
1257 1521 1398 1578 opus
1426 1503 1725 1560 moraliter
1746 1498 1963 1556 bonum

605 1603 724 1645 non
746 1588 1034 1644 minorem
1066 1585 1497 1657 proportionem
1525 1582 1696 1641 habet
1717 1581 1788 1638 ad
1817 1579 1967 1636 bona

603 1667 945 1741 temporalia
995 1665 1309 1723 secundum
1355 1681 1415 1722 se
1433 1707 1446 1731 ,
1492 1680 1555 1722 ac
1600 1663 1771 1720 habet
1811 1665 1967 1718 actus

601 1747 734 1804 fidei
763 1748 832 1804 ad
860 1753 1229 1823 augmentum
1275 1745 1500 1802 habitus
1528 1741 1961 1819 praeexistentis.

604 1831 956 1889 Antecedens
977 1837 1167 1889 autem
1197 1829 1470 1886 suadetur
1495 1852 1510 1896 ;
1540 1844 1678 1884 nam
1707 1829 1965 1900 peccator

603 1913 789 1971 fidelis
808 1915 1045 1971 eliciens
1066 1917 1252 1969 actum
1275 1911 1407 1969 fidei
1432 1911 1771 1967 interiorem
1800 1912 1968 1982 auget

602 1995 863 2052 habitum
890 1996 1346 2069 praeexistentem
1375 2014 1387 2048 :
1412 1991 1509 2049 sed
1533 1992 1602 2049 ad
1628 1989 1966 2065 praedictum

602 2083 975 2152 augmentum
989 2092 1106 2132 non
1126 2073 1417 2132 concurrit
1431 2073 1687 2130 effective
1710 2071 1961 2146 physice,

603 2165 664 2213 ut
714 2157 917 2214 docent
978 2157 1363 2214 communiter
1409 2154 1721 2211 Thomistae
1771 2172 1784 2207 ε
1832 2166 1968 2225 ergo

601 2241 895 2298 concurrit
920 2238 1176 2296 effective
1204 2238 1506 2295 moraliter
1532 2261 1546 2304 ς
1576 2235 1674 2309 qui
1721 2249 1968 2291 concur-

604 2321 769 2379 rendi
790 2320 991 2379 modus
1003 2321 1200 2395 nequit
1220 2335 1336 2376 non
1361 2319 1432 2376 ad
1452 2318 1728 2376 meritum
1749 2314 1964 2374 reduci.

677 2405 1074 2477 Respondetur
1135 2402 1397 2477 negando
1457 2400 1817 2458 antecedens.
1879 2394 1967 2451 Ad

603 2486 761 2559 cujus
792 2483 1189 2556 probationem
1220 2480 1479 2556 neganda
1505 2484 1591 2537 est
1614 2492 1968 2550 consequen-

603 2566 711 2628 tia;
745 2581 880 2622 nam
905 2568 1157 2635 peccator
1186 2564 1422 2619 eliciens
1443 2566 1600 2617 actus
1626 2558 1756 2616 fidei
1782 2559 1970 2614 inten-

603 2646 801 2713 siores,
837 2645 1000 2701 nullo
1029 2642 1200 2700 modo
1246 2642 1503 2700 effective
1557 2640 1787 2712 attingit
1834 2636 1968 2694 fidei

604 2733 979 2801 augmentum
1015 2746 1026 2780 :
1056 2723 1154 2780 sed
1182 2724 1461 2780 duntaxat
1507 2722 1670 2795 ponit
1717 2719 1968 2791 disposi-

604 2808 822 2864 tionem
855 2805 1170 2880 physicam,
1216 2805 1308 2859 cui
1336 2806 1484 2859 Deus
1512 2799 1969 2873 independenter

605 2907 639 2946 a
665 2889 892 2946 meritis
927 2886 1120 2959 adjicit
1162 2891 1532 2958 augmentum
1563 2882 1731 2940 illud.
1779 2885 1968 2939 Potest

602 2971 780 3029 etiam
819 2968 949 3032 dici,
986 2972 1333 3039 peccatorem
1377 2966 1439 3022 in
1469 2967 1569 3023 tali
1592 2982 1723 3023 casu
1765 2980 1967 3021 conse-

604 3053 703 3127 qui
732 3050 1032 3108 moraliter
1057 3047 1391 3121 praedictum
1419 3052 1813 3123 augmentum,
1848 3064 1968 3105 non

605 3134 837 3209 quidem
875 3151 977 3206 per
1005 3132 1162 3188 viam
1194 3131 1409 3197 meriti,
1442 3133 1534 3189 vel
1562 3130 1633 3187 de
1659 3130 1962 3204 condigno,

607 3217 700 3273 vel
717 3215 785 3272 de
807 3229 1058 3287 congruo
1082 3211 1310 3285 proprie
1337 3210 1473 3267 dicti
1507 3241 1521 3278 -,
1558 3211 1655 3266 sed
1681 3227 1781 3283 per
1808 3210 1966 3267 viam

610 3294 1054 3368 impetrationiS,
1081 3308 1205 3367 quae
1231 3292 1550 3365 improprie
1576 3293 1969 3364 meritumap·

610 3377 875 3449 pellatur.

399 3471 595 3516 Tertium
692 3461 809 3515 120.
840 3457 1118 3531 Arguitur
1140 3455 1326 3520 tertio,
1352 3452 1485 3527 quia
1510 3454 1763 3528 ejusdem
1788 3455 1967 3512 ratio-

422 3531 540 3574 argu·

398 3577 577 3616 mentum
584 3602 592 3612 .

612 3540 703 3597 nis
724 3550 807 3597 est
828 3538 1043 3596 mereri
1086 3536 1430 3609 temporalia
1457 3534 1628 3602 bona,
1657 3540 1713 3591 et
1752 3536 1966 3593 mereri

610 3620 1113 3694 praeservationem
1143 3634 1175 3674 a
1198 3616 1369 3673 malis
1398 3615 1846 3687 temporalibus:
1870 3615 1965 3674 sed

611 3708 929 3777 peccatores
950 3698 1240 3774 operando
1261 3698 1406 3756 bene
1422 3699 1719 3756 moraliter
1741 3715 1967 3756 meren-

608 3791 704 3841 tur
727 3783 1230 3859 praeservationem
1259 3797 1290 3837 a
1312 3780 1484 3835 malis
1509 3781 1923 3855 temporalibus
1950 3803 1963 3840 ε

606 3882 744 3941 ergo
768 3872 1002 3940 possunt
1029 3864 1178 3920 bona
1198 3861 1539 3933 temporalia
1559 3864 1796 3919 mereri.
1820 3865 1966 3919 Sua-

606 3947 775 4004 detur
797 3948 992 4003 minor
1023 3968 1034 4001 :
1059 3950 1180 4000 tum
1216 3943 1351 4015 quia
1378 3945 1524 3999 Deus
1551 3941 1774 3999 distulit
1801 3943 1966 4000 infli-

605 4043 739 4102 gere
787 4027 905 4100 regi
934 4023 1123 4081 Achab
1147 4037 1394 4095 poenam,
1425 4037 1597 4094 quam
1626 4021 1697 4079 ob
1718 4029 1964 4079 mortem

607 4107 830 4165 Naboth
858 4105 1240 4164 comminatus
1286 4102 1491 4175 fuerat,
1514 4103 1649 4175 quia
1676 4104 1867 4161 Achab
1906 4121 1965 4162 se

606 4189 944 4245 humiliavit
992 4201 1184 4243 coram
1238 4187 1371 4247 Deo,
1418 4188 1478 4238 ut
1528 4184 1737 4257 legitur
1765 4186 1799 4240 3
1834 4185 1961 4255 Res).

604 4287 725 4342 cap.
752 4270 847 4323 21.
878 4267 1145 4339 Idemque
1174 4264 1374 4321 accidit
1414 4263 1694 4319 Ninivitis
1718 4264 1789 4321 ob
1811 4264 1964 4339 jeju-

608 4351 750 4416 nia,
804 4354 866 4404 ut
917 4352 1133 4403 constat
1161 4361 1232 4401 ex
1270 4347 1428 4401 Jonae
1469 4345 1728 4402 historia.
1772 4347 1841 4400 Et
1876 4352 1964 4401 ta-

605 4446 743 4488 men
786 4427 993 4495 Achab,
1037 4432 1093 4483 et
1119 4426 1394 4482 Ninivitoe
1439 4441 1556 4482 non
1582 4425 1772 4481 solum
1795 4431 1966 4482 erant

605 4505 942 4587 peccatores,
968 4509 1066 4567 sed
1094 4509 1430 4565 idololatrae.
1456 4510 1602 4564 Tum
1625 4508 1963 4580 etiamquia

604 4602 923 4669 peccatores
952 4609 1051 4666 per
1102 4607 1273 4663 opera
1314 4590 1617 4648 moraliter
1664 4589 1811 4647 bona
1837 4605 1966 4647 me-

594 4672 813 4735 rentur
865 4673 1313 4730 diminutionem
1364 4686 1544 4745 poenae
1566 4670 1860 4728 sensibilis
1901 4670 1964 4726 in

609 4758 859 4825 infern0,
890 4761 950 4811 ut
969 4754 1169 4811 docent
1189 4755 1253 4808 D.
1281 4756 1513 4826 August.
1542 4752 1638 4807 lib.
1662 4752 1726 4806 de
1744 4754 1964 4824 patien-

607 4842 711 4903 tia,
761 4855 882 4911 cap.
932 4837 1025 4902 26,
1058 4840 1112 4891 et
1159 4836 1222 4890 D.
1273 4834 1521 4891 Thomas
1549 4835 1584 4889 3
1602 4841 1750 4907 part.
1777 4847 1958 4911 quaest.

605 4922 699 4989 89,
731 4927 839 4976 art.
873 4920 907 4973 6
934 4918 1009 4972 ad
1047 4917 1100 4983 3,
1144 4931 1267 4989 quae
1293 4914 1601 4971 diminutio
1630 4915 1816 4988 pluris
1857 4915 1964 4971 ha-

606 5001 793 5060 benda
817 5005 919 5069 est,
964 5014 1136 5072 quam
1168 4997 1535 5071 praeservatio
1556 5013 1588 5054 a
1615 4997 1784 5054 malis
1814 5002 1964 5056 tem-

606 5081 919 5156 poralibus.

1644 437 1737 493 DE
1778 435 2084 492 PRAEMIO
2123 434 2404 492 MERrrr.

2165 603 2558 663 confirmatur
2602 605 2918 680 urgentius,
2955 605 3089 678 quia
3133 612 3397 678 peccatores
3416 621 3488 677 coss

2093 700 2195 759 per
2234 701 2406 758 opera
2445 702 2516 743 ex
2563 688 2754 760 aliqua
2779 687 3200 745 circumstantia
3234 689 3397 745 vitiata
3424 678 3490 712 Μ’

2092 772 2438 826 meruerunt
2491 784 2609 825 non
2659 770 2840 825 semel
2887 770 3213 841 temporalia
3236 768 3395 827 bona:

2091 865 2229 924 ergo
2257 866 2287 906 a
2311 849 2539 908 fortiori
2575 851 2681 907 illa
2700 850 2917 907 mereri
2939 853 3126 908 valent
3147 868 3239 925 per
3262 867 3398 926 opera

2093 932 2393 989 moraliter
2421 929 2584 996 bona,
2615 937 2670 987 et
2697 932 2862 988 nulla
2901 933 3305 990 circumstantia
3328 936 3397 990 vi-

2093 1012 2252 1067 tiata.
2317 1011 2600 1069 Suadetur
2652 1013 2994 1071 antecedens
3058 1015 3253 1080 Primo,
3295 1016 3400 1086 quia

2094 1092 2423 1149 obstetrices
2479 1094 2710 1167 AEgypti
2760 1094 3058 1152 liberando
3102 1111 3288 1167 pueros
3311 1096 3399 1150 He-

2094 1173 2384 1231 braeorum
2411 1181 2751 1231 meruerunt
2781 1176 2998 1249 aliquid
3025 1178 3326 1249 temporale,
3353 1183 3399 1231 ut

2093 1259 2311 1311 constat
2335 1255 2528 1313 Emoda·
2561 1259 2610 1313 1.
2633 1258 2702 1310 Et
2739 1262 2936 1313 tamen
2983 1258 3247 1314 vitiarunt
3285 1273 3400 1331 prae-

2095 1334 2309 1391 dictum
2337 1352 2480 1409 opus
2508 1337 2844 1394 mentiendo
2870 1380 2882 1402 ,
2932 1345 2989 1394 et
3030 1337 3286 1410 peccando
3306 1381 3318 1402 ‚
3354 1343 3400 1393 ut
3509 1347 3510 1362 ¹

2095 1414 2255 1473 docet
2301 1419 2364 1474 D.
2413 1419 2714 1492 Augustin.
2744 1420 2842 1476 lib.
2868 1429 3057 1476 contra
3081 1421 3392 1483 mendacium.

2095 1515 2217 1571 cap.
2270 1501 2351 1555 15.
2387 1500 2664 1566 Secundo,
2699 1501 2839 1574 quia
2889 1517 2990 1558 rex
3015 1501 3299 1575 Babylonis
3319 1518 3400 1559 ex·

2098 1581 2403 1656 pugnando
2423 1584 2642 1656 Tyrum
2673 1584 2891 1640 meruit
2925 1583 3200 1657 possidere
3224 1587 3397 1659 AEgyp·

2096 1670 2241 1729 tum,
2279 1670 2334 1720 ut
2360 1666 2496 1721 satis
2523 1671 2716 1738 aperte
2742 1673 2963 1724 constat
3013 1667 3265 1724 Ezechiel.
3301 1686 3394 1741 cap.

2096 1745 2189 1811 29,
2208 1749 2265 1802 et
2279 1744 2664 1802 nihilominus
2702 1747 2803 1804 ille
2827 1763 2930 1803 rex
2952 1748 3013 1802 in
3032 1749 3397 1823 expugnatione

2096 1825 2238 1899 Tyri
2287 1827 2566 1897 peccavit;
2597 1842 2715 1884 non
2767 1830 2931 1884 enim
2962 1829 3272 1886 intendebat
3293 1844 3392 1902 pec-

2096 1912 2219 1964 cata
2245 1913 2443 1964 contra
2471 1912 2650 1966 Deum
2681 1911 2901 1968 ibidem
2929 1913 3072 1970 sacta
3108 1912 3301 1985 puniri,
3325 1909 3397 1970 sed

2097 1987 2423 2044 dominium
2447 1993 2764 2062 temporale
2787 2010 3085 2066 usurpare.
3102 1991 3398 2063 Tertio,quia

2099 2076 2161 2126 ut
2180 2070 2419 2127 tradunt
2442 2073 2505 2127 D.
2532 2073 2836 2145 Augustin.
2869 2077 2966 2132 lib.
3001 2079 3052 2141 5,
3076 2077 3135 2131 de
3159 2076 3291 2130 civit.
3325 2073 3398 2129 Dei

2097 2171 2219 2227 cap.
2257 2156 2339 2220 12,
2370 2160 2425 2211 et
2447 2157 2513 2209 D.
2545 2156 2754 2212 Thom.
2788 2158 2883 2213 lib.
2917 2160 2966 2226 3,
2991 2159 3240 2228 dereyim.
3265 2156 3395 2213 Prin·

2098 2236 2202 2307 cip.
2233 2251 2361 2307 cap.
2388 2238 2422 2290 4
2450 2243 2499 2291 et
2527 2237 2581 2294 5.
2615 2239 2866 2295 Romani
2891 2239 2964 2295 ob
2990 2238 3231 2312 quaedam
3251 2237 3396 2294 virtu-

2098 2322 2220 2372 tum
2248 2331 2421 2390 opera
2456 2328 2798 2376 meruerunt
2836 2322 3142 2394 temporale
3176 2318 3308 2376 orbis
3326 2316 3394 2373 do-

2100 2397 2394 2465 minium;
2435 2399 2535 2470 qui
2582 2400 2834 2472 profecto
2864 2403 3123 2475 praedicta
3166 2402 3392 2457 virtutum

2098 2495 2273 2552 opera
2319 2478 2610 2535 foedabant
2671 2497 2854 2552 prava
2900 2483 3205 2539 intentione
3243 2480 3391 2537 inanis

2098 2559 2300 2633 gloriae
2332 2565 2388 2616 et
2408 2559 2751 2616 dominandi
2783 2564 3058 2635 appetitu.

2182 2642 2306 2696 121.
2348 2640 2432 2696 Ad
2473 2649 2885 2715 argumentum
2930 2661 3190 2720 negamus
3240 2643 3388 2698 mino·
3412 2637 3483 2728 ἐὲξζ

2102 2738 2243 2780 rem.
2281 2725 2349 2778 Et
2377 2721 2445 2778 ad
2466 2727 2710 2796 primam
2733 2728 3124 2798 probationem
3146 2724 3384 2783 dicendum
3394 2732 3484 2777 mss

2098 2811 2201 2872 est,
2249 2805 2444 2862 Achab
2471 2811 2527 2862 et
2551 2807 2848 2865 Ninivitas
2895 2827 3011 2868 non
3057 2811 3300 2867 meruisse
3319 2819 3380 2861 re·

2101 2887 2471 2953 laxationem,
2494 2894 2589 2943 aut
2612 2889 2956 2949 dilationem
2979 2908 3150 2965 poenae
3170 2897 3384 2962 tempora·

2101 2967 2173 3022 lis
2200 2968 2582 3035 imminentiS,
2614 2970 2710 3027 sed
2735 2972 2806 3029 ad
2850 2990 3137 3030 summum
3160 2987 3264 3028 eam
3301 2970 3384 3024 im·

2102 3055 2369 3122 petresse,
2413 3048 2563 3122 quod
2602 3058 2685 3108 est
2721 3070 2909 3127 genus
2930 3056 3118 3112 meriti
3143 3049 3381 3110 secundum

2099 3129 2256 3202 quid.
2291 3131 2361 3185 Et
2381 3131 2703 3202 oppositum
2727 3150 2847 3205 non
2879 3137 3159 3210 colligitur
3176 3150 3233 3189 ex
3248 3128 3382 3199 Scrip-

2099 3216 2248 3267 tura.
2284 3211 2367 3289 Ad
2414 3213 2708 3269 secundam
2757 3217 3177 3290 respondemus
3201 3214 3376 3286 peccalo·

2101 3308 2192 3349 res
2239 3294 2532 3365 operando
2575 3295 2722 3352 bene
2784 3300 3092 3357 moraliter
3133 3295 3375 3355 diminuere

2101 3388 2333 3446 poenam
2374 3375 2710 3432 sensibilem
2740 3378 2969 3436 inferni
2989 3381 3143 3453 quasi
3169 3373 3378 3450 negative.

2098 3458 2381 3527 quatenus
2428 3457 2507 3513 ita
2551 3459 2848 3529 operando
2904 3478 3020 3519 non
3067 3462 3277 3535 peccant,
3314 3447 3385 3508 Sed

2099 3536 2290 3609 potius
2318 3554 2349 3593 a
2378 3538 2646 3610 peccandi
2673 3543 2953 3600 exercitio
2997 3543 3290 3604 divertunt5
3323 3538 3385 3590 ³¹·

2097 3632 2207 3689 que
2233 3615 2364 3674 ideo
2405 3634 2524 3674 non
2552 3626 2758 3694 augent
2805 3625 3084 3681 meritum
3127 3620 3189 3679 ad
3212 3628 3385 3692 poenam

2097 3698 2455 3764 sensibilem,
2475 3717 2647 3772 quam
2670 3701 2740 3758 ob
2764 3720 2919 3763 nova
2941 3712 3151 3780 peccata
3167 3698 3382 3757 subirent.

2098 3784 2233 3846 Quae
2262 3798 2441 3854 poenae
2468 3783 2797 3852 subtractiO,
2850 3796 2951 3846 aut
2998 3783 3292 3845 imminutio
3314 3793 3388 3851 po-

2099 3870 2224 3931 test,
2273 3865 2404 3921 licet
2448 3866 2721 3936 abusive,
2769 3875 2823 3926 et
2873 3870 3210 3945 improprie,
3244 3858 3387 3921 vocari

2099 3948 2403 4020 praemium
2423 3948 2706 4007 bonorum
2722 3968 2985 4023 operum.
3005 3955 3070 4008 Et
3091 3953 3147 4008 in
3160 3952 3249 4006 hoc
3261 3956 3388 4001 sensu

2098 4030 2412 4105 loquuntur
2454 4033 2520 4085 D.
2563 4034 2865 4106 Augustin.
2919 4042 2975 4092 et
3003 4038 3066 4090 D.
3094 4033 3319 4091 Thomas,
3345 4026 3388 4076 ¹²²

2096 4117 2317 4167 constat
2362 4127 2433 4167 ex
2478 4126 2679 4167 eorum
2730 4114 2950 4184 verbis,
2994 4132 3111 4188 quae
3135 4112 3188 4170 id
3211 4111 3386 4165 tantum

2098 4192 2355 4250 indicant
2384 4214 2397 4248 ι
2443 4215 2468 4245 «
2496 4193 2827 4261 Dicendum,
2858 4200 2945 4253 ait
2984 4197 3052 4254 D.
3089 4195 3253 4252 Thom.
3275 4180 3387 4261 quod

2101 4295 2127 4326 α
2170 4277 2316 4330 Deus
2392 4274 2721 4331 recordatur
2794 4275 3093 4343 bonorum,
3146 4289 3252 4348 quae
3292 4265 3387 4342 quis

2101 4378 2126 4409 (ι
2173 4356 2304 4413 fecit
2388 4358 2451 4413 in
2511 4365 2661 4415 statu
2730 4362 2937 4431 peccati
2965 4406 2976 4426 ,
3051 4375 3159 4416 non
3220 4360 3270 4410 ut
3325 4364 3387 4405 ΓΘ·

2103 4457 2130 4489 α
2173 4444 2441 4493 muneret
2478 4453 2545 4494 ea
2571 4438 2635 4494 in
2665 4440 2781 4496 vita
2807 4445 3036 4507 aeterna,
3062 4455 3177 4514 quae
3202 4432 3390 4491 debetur

2103 4537 2128 4569 α
2169 4517 2311 4573 solis
2337 4517 2607 4590 operibus
2648 4519 2817 4588 vivis,
2864 4521 3023 4589 idest,
3066 4538 3130 4577 ex
3168 4512 3390 4575 charitate

2101 4617 2126 4649 α
2171 4596 2334 4653 factis
2363 4614 2376 4649 ε
2411 4598 2508 4655 sed
2559 4607 2889 4656 remunerat
2913 4618 2976 4658 ea
3005 4594 3280 4673 temporali
3319 4602 3391 4646 re-

2101 4697 2126 4729 «
2170 4679 2592 4745 muneratione,
2618 4679 2765 4735 sicut
2798 4684 3029 4757 Gregor.
3058 4680 3184 4737 dicit
3223 4676 3277 4731 in
3307 4670 3390 4727 ho-

2102 4778 2128 4810 «
2172 4758 2298 4814 mil.
2330 4756 2401 4815 de
2421 4759 2628 4826 Divite,
2654 4766 2708 4818 et
2730 4763 2959 4827 Lazaro,
2978 4760 3120 4836 quod
3145 4756 3241 4814 nisi
3265 4751 3390 4836 dives

2100 4862 2126 4892 ι
2170 4841 2273 4896 ille
2296 4840 2525 4914 aliquod
2548 4842 2763 4900 bonum
2783 4844 3003 4918 egisset,
3023 4848 3077 4901 et
3097 4843 3154 4899 in
3174 4834 3389 4913 praesenti

2100 4941 2124 4973 α
2170 4922 2376 4978 saeculo
2423 4925 2952 4983 remunerationem
2991 4923 3291 4996 accepisset,
3317 4924 3390 4997 1¹91

2101 5022 2128 5055 α
2167 5019 2456 5078 quaquam
2478 5009 2531 5064 ei
2559 5006 2851 5066 Abraham
2879 5010 3119 5067 diceret:
3160 4995 3388 5069 Recepisu

2107 5103 2134 5136 α
2177 5082 2327 5142 bona
2349 5085 2411 5143 in
2440 5087 2556 5145 vita
2585 5093 2700 5147 tua.
2736 5091 2840 5148 Vel
2865 5093 3037 5150 etiam
3069 5084 3390 5217 (assiyffiw

3198 5180 3224 5219 ο
3319 5168 3390 5211 um
