3647 5753
117 1625 158 1656 2.

116 3059 167 3099 ti·

1342 361 1519 416 mSP.
1564 358 1685 422 vn,
1732 356 1900 411 nus.
1943 355 2036 437 ιν.

289 533 460 597 Quod
493 534 777 593 verificari
810 538 1028 610 nequit,
1070 537 1181 594 nisi
1213 539 1356 593 Deus
1383 533 1587 591 habeat

207 628 567 685 supremum
611 616 938 673 dominium
985 634 1161 691 supra
1196 615 1450 674 hominis
1488 628 1587 669 vo-

212 692 532 752 luntatem.
581 697 650 751 Et
678 697 912 770 insuper
951 697 1272 756 ostenditur
1319 695 1582 759 ratione;

212 791 359 831 nam
404 778 521 833 Deo
565 780 830 835 convenit
869 796 1207 853 supremum
1257 778 1583 837 dominium

212 874 398 930 supra
424 875 628 916 omnes
653 860 800 916 alias
845 876 950 928 res,
975 862 1112 935 quia
1131 867 1214 918 est
1242 861 1430 934 prima
1458 858 1584 914 illa-

217 956 356 995 rum
377 957 568 1007 causa,
600 944 1035 999 communicans
1063 943 1201 1016 ipsis
1225 946 1400 999 totam
1428 940 1584 997 enti-

214 1026 418 1086 tatem,
473 1026 532 1077 et
558 1022 1010 1099 perfectionem:
1064 1021 1161 1080 sed
1207 1023 1381 1079 etiam
1436 1022 1585 1077 Deus

212 1105 301 1156 est
352 1100 543 1173 prima
588 1117 755 1157 causa
783 1103 1096 1159 voluntatis
1145 1108 1368 1169 creatae,
1414 1106 1470 1158 et
1491 1099 1582 1155 illi

215 1182 557 1254 impertitur
593 1188 766 1239 totam
814 1185 1132 1249 entitatem,
1177 1191 1234 1241 et
1280 1182 1583 1256 perfectio-

214 1277 356 1318 nem
394 1287 408 1325 ς
450 1262 598 1336 quod
625 1264 750 1320 sine
784 1280 982 1321 errore
1021 1266 1082 1320 in
1111 1264 1222 1321 fide
1250 1262 1446 1337 negari
1477 1278 1582 1318 ne-

211 1342 373 1415 quit:
390 1358 528 1417 ergo
545 1345 687 1399 Deus
709 1343 1228 1417 habetsupremum
1253 1343 1580 1402 dominium

211 1438 396 1495 supra
415 1424 769 1481 voluntatem
798 1432 1072 1482 creatam.

303 1504 424 1558 154.
474 1505 614 1561 Huic
660 1511 1015 1579 argumento,
1045 1504 1192 1577 quod
1221 1504 1359 1560 satis
1385 1502 1580 1560 efficax

210 1587 318 1647 est,
356 1584 700 1656 respondent
729 1586 919 1658 primo
940 1586 1174 1658 quidam
1196 1601 1268 1641 ex
1290 1584 1581 1640 Adversa-

213 1664 343 1731 riiS‚
397 1667 578 1720 Deum
620 1665 828 1723 habere
874 1682 1210 1738 supremum
1247 1664 1578 1723 dominium

207 1760 393 1817 supra
449 1748 803 1802 volantatem
851 1752 1123 1812 creatam,
1176 1762 1295 1803 non
1342 1743 1578 1817 quidem

204 1823 563 1890 absolutum,
614 1830 669 1881 et
696 1826 1067 1900 despoticum,
1093 1829 1262 1900 quale
1285 1825 1455 1882 habet
1479 1841 1579 1880 su-

206 1921 317 1977 pra
370 1922 567 1961 causas
615 1908 903 1963 naturales
929 1907 1065 1975 ;sed
1106 1914 1332 1965 tantum
1380 1904 1579 1979 politi-

200 2001 365 2051 cum,
418 1992 476 2042 et
513 1987 699 2043 civile.
738 1988 899 2044 Unde
944 2004 1061 2044 non
1108 1988 1385 2061 sequitur,
1426 1984 1578 2059 quod

202 2068 390 2142 possit
452 2069 804 2125 voluntatem
856 2077 1107 2127 creatam
1154 2070 1472 2134 efficaciter,
1521 2072 1580 2124 et

203 2147 615 2204 antecedenter
643 2150 930 2221 applicare
953 2150 1022 2206 ad
1057 2150 1237 2207 libere
1263 2149 1570 2223 agendum,

200 2227 308 2284 sed
339 2229 530 2284 solum
572 2229 720 2302 quod
753 2231 923 2303 possit
961 2232 1125 2288 illam
1157 2232 1458 2288 moraliter
1480 2246 1577 2287 rc-

199 2324 367 2383 gere,
393 2308 924 2384 dirigere,allicere,
951 2317 1055 2369 etc.
1085 2312 1166 2367 uti
1191 2314 1310 2368 Rex
1331 2310 1577 2368 sehabet

202 2387 278 2444 ad
299 2388 416 2444 sibi
459 2390 736 2447 subditos
770 2395 916 2447 Nam
945 2393 993 2447 si
1038 2396 1186 2450 Deus
1207 2391 1443 2448 haberet
1469 2389 1576 2447 do-

198 2469 466 2525 minium
488 2487 665 2543 supra
680 2473 1060 2539 voluntatem,
1087 2474 1235 2531 sicut
1254 2489 1426 2545 supra
1448 2488 1576 2528 cau-

197 2565 297 2605 sas
329 2551 642 2618 naturales,
693 2558 951 2609 moveret
997 2554 1179 2626 ipsam
1219 2568 1574 2627 quocumque

198 2630 386 2686 veliet
408 2630 619 2704 absque
648 2633 827 2705 ipsius
857 2633 1139 2698 libertate,
1172 2639 1227 2690 et
1266 2648 1567 2697 consensu,
1595 2682 1598 2685 .

195 2710 354 2765 sicut
394 2717 586 2767 movet
626 2714 767 2768 alias
807 2730 1002 2770 causas
1038 2713 1368 2770 naturales:
1423 2711 1572 2786 quod

195 2794 292 2846 est
313 2789 655 2847 absurdum.
707 2794 796 2849 Sic
820 2795 939 2867 jam
982 2794 1125 2851 olim
1156 2792 1573 2866 respondebant

195 2872 438 2929 Bastida
468 2873 530 2930 in
556 2876 995 2950 congregatione
1016 2876 1107 2942 38,
1134 2874 1205 2934 de
1231 2876 1484 2943 auxiliis,
1516 2882 1572 2933 et

196 2956 332 3012 alii.

274 3035 391 3092 Sed
415 3035 532 3093 haec
563 3039 857 3110 responsio
885 3056 1002 3096 non
1029 3039 1323 3096 satisfacit.
1356 3039 1565 3107 Primo,

196 3118 482 3190 qnoniam
516 3119 660 3176 ratio
682 3120 947 3191 superius
976 3120 1121 3177 facta
1144 3119 1362 3193 probat,
1391 3122 1569 3177 Deum

199 3199 421 3256 habere
447 3198 775 3256 dominium
803 3218 864 3256 su
877 3218 979 3273 pra
1022 3204 1377 3259 voluntatem
1408 3217 1571 3258 crea-

198 3285 350 3349 tam,
400 3297 517 3338 non
560 3282 748 3337 solum
794 3283 964 3340 civile
1009 3289 1066 3341 et
1112 3284 1427 3356 politicum,
1470 3282 1569 3340 sed

197 3363 384 3418 etiam
427 3361 772 3430 absolutum,
803 3369 857 3420 et
883 3380 1238 3437 supremum.
1286 3364 1445 3430 Quod
1489 3365 1572 3421 sic

200 3442 420 3498 iterum
463 3443 824 3510 ostenditur;
875 3461 1011 3501 nam
1060 3444 1186 3502 ideo
1227 3448 1372 3501 Deus
1399 3444 1570 3501 habet

196 3540 544 3597 supremum
572 3523 899 3582 dominium
927 3543 1100 3599 supra
1140 3543 1341 3584 omnes
1372 3543 1568 3583 causas

203 3606 522 3671 naturales,
568 3605 705 3677 quia
731 3610 816 3661 est
862 3607 1051 3677 prima
1087 3622 1254 3663 causa
1300 3607 1561 3672 illarum,

202 3687 260 3740 et
323 3685 593 3740 omnium
661 3686 1064 3758 operationum
1130 3686 1270 3759 ipsis
1343 3703 1567 3744 corres-

201 3763 619 3835 pondeniium,
688 3781 806 3822 non
872 3767 1059 3822 solum
1128 3773 1415 3840 quantum
1495 3767 1565 3823 ad

200 3841 725 3910 substantiam,sed
748 3844 923 3901 etiam
952 3851 1234 3918 quantum
1264 3847 1331 3903 ad
1364 3863 1567 3904 omnes

209 3922 406 3979 modos
448 3940 651 3980 earum
706 3926 969 3997 proprios
1002 3947 1016 3981 :
1057 3925 1153 3981 sed
1193 3928 1369 3983 etiam
1420 3929 1566 3982 Deus

202 4006 286 4057 est
333 4005 525 4075 prima
556 4020 721 4060 causa
762 4006 1077 4062 voluntatis
1105 4013 1322 4071 creatae,
1355 4012 1410 4063 et
1436 4022 1565 4063 om—

205 4080 372 4137 nium
436 4084 835 4155 operationum
898 4086 1038 4158 ipsis
1098 4085 1564 4159 corresponden-

208 4162 372 4230 tium,
422 4181 541 4220 non
566 4166 754 4221 solum
794 4166 976 4239 quoad
1011 4166 1415 4231 substantiam,
1464 4167 1563 4224 sed

206 4243 377 4299 etiam
401 4245 587 4317 quoad
628 4263 826 4304 omnes
872 4248 1091 4314 modae,
1122 4251 1219 4321 qui
1249 4249 1558 4317 malitiam,

209 4326 261 4378 et
285 4322 569 4381 desectum
613 4342 727 4382 non
755 4329 1094 4401 exprimunt
1124 4351 1136 4385 ε
1184 4330 1396 4402 quippe
1431 4346 1561 4385 cum

208 4402 321 4459 haec
372 4406 574 4462 omnia
601 4407 718 4462 sint
754 4409 908 4465 entia
954 4408 1220 4475 secunda,
1252 4415 1308 4466 et
1347 4408 1563 4482 depen-

209 4483 378 4540 deant
405 4502 440 4541 a
466 4488 581 4543 Deo
629 4492 895 4560 tanquam
938 4508 972 4547 a
1017 4491 1208 4563 primo
1234 4496 1383 4556 ente,
1413 4491 1562 4564 quod

211 4564 320 4620 nisi
364 4564 588 4639 agendo
639 4576 829 4625 contra
858 4570 1056 4627 Fidem
1086 4571 1283 4644 negari
1315 4587 1430 4626 non
1457 4588 1561 4628 va-

213 4643 286 4700 let
317 4666 330 4701 :
361 4661 503 4719 ergo
546 4647 691 4701 Deus
718 4647 880 4704 habet
922 4666 1280 4723 supremum,
1311 4659 1367 4707 et
1395 4650 1562 4707 abso-

213 4722 394 4780 lutum
413 4725 744 4782 dominium
761 4746 929 4801 supra
945 4732 1299 4787 voluntatem
1311 4736 1560 4787 creatam

213 4802 272 4859 in
316 4804 534 4861 ordine
557 4803 629 4859 ad
669 4805 873 4865 liberas
898 4809 1020 4882 ejus
1045 4811 1417 4884 operationes
1450 4814 1563 4868 Nec

212 4883 341 4942 binc
375 4886 669 4960 sequitur,
698 4895 755 4942 ut
781 4905 1076 4963 perperam
1118 4892 1293 4948 infert
1323 4907 1562 4964 respon-

210 4962 362 5033 dens,
389 4965 554 5041 quod
593 4966 732 5023 sicut
760 4972 898 5027 Deus
938 4972 1021 5027 ita·
1041 4971 1206 5030 habet
1227 4972 1560 5030 dominium

2980 354 3081 409 103

1714 546 1892 603 supra
1930 546 2128 587 causas
2174 530 2486 589 naturales.
2524 526 2674 600 quod
2725 541 2819 583 eas
2849 530 3077 582 moveat

1716 611 1787 668 ad
1840 611 2124 686 agendum
2151 611 2279 669 sine
2320 609 2600 675 libertate,
2631 608 2711 665 sic
2748 607 2923 664 etiarn
2947 624 3076 665 mo·

1713 700 1846 751 veat
1870 695 2227 751 voluntatem
2250 698 2500 750 creatam
2530 712 2543 746 :
2571 688 2669 747 sed
2699 690 2883 763 potius
2904 690 3073 747 colli-

1713 774 1869 848 gitur
1895 774 2236 849 oppositum.
2262 777 2409 830 Nam
2436 788 2507 829 ex
2527 786 2796 844 supremo
2812 769 3073 829 dominio

1717 855 1813 911 Dei
1844 854 2275 927 infertur,qu0d
2301 854 2475 926 possit
2491 868 2690 909 omnes
2712 867 2906 907 causas
2920 867 3074 908 crea·

1712 943 1799 994 tas
1823 938 2120 995 efficaciter
2149 937 2436 1010 applicare
2481 935 2550 992 ad
2572 933 2930 1007 operationes
2952 934 3072 990 illis

1712 1017 2235 1091 correspondente-«3,
2297 1015 2440 1089 quin
2480 1016 2602 1071 ulla
2641 1014 2916 1087 operatio,
2976 1016 3068 1070 vel

1712 1102 2062 1173 operationis
2106 1098 2309 1156 modus
2359 1096 2739 1171 subterfugiat
2796 1095 3068 1154 divinum

1712 1179 2038 1238 dominium
2075 1202 2087 1236 :
2112 1179 2263 1236 unde
2288 1178 2435 1234 sicut
2454 1178 2588 1250 quia
2612 1192 2777 1251 agere
2805 1191 3065 1233 necessa-

1715 1261 1801 1318 rio
1839 1267 1924 1318 est
1962 1260 2166 1319 modus
2193 1258 2461 1332 proprius
2492 1273 2794 1315 causarum
2825 1261 3065 1315 natura-

1713 1343 1878 1411 lium,
1914 1346 2057 1400 Deus
2080 1341 2247 1399 habet
2273 1356 2608 1413 supremum
2631 1339 2977 1408 dominium,
3006 1348 3068 1397 ut

1713 1429 1938 1479 moveat
1987 1422 2284 1479 efficaciter
2335 1436 2530 1476 causas
2575 1420 2898 1485 naturaleS,
2950 1437 3068 1479 non

1710 1503 1898 1558 solum
1923 1503 1991 1559 ad
2033 1501 2336 1577 agendum,
2369 1500 2466 1557 sed
2486 1501 2661 1557 etiam
2685 1499 2753 1556 ad
2783 1499 3067 1575 agendum

1712 1584 2031 1641 necessario
2059 1605 2071 1640 :
2103 1583 2182 1638 ita
2206 1583 2342 1655 quia
2371 1598 2537 1655 agere
2560 1581 2738 1639 libere
2758 1588 2843 1639 est
2865 1583 3070 1640 modus

1711 1666 1979 1739 proprius
2016 1666 2333 1721 voluntatis
2359 1670 2576 1729 creatae,
2604 1667 2751 1720 Deus
2779 1665 2947 1722 habet
2968 1683 3071 1721 su-

1712 1761 1975 1818 premum
1997 1744 2324 1802 dominium
2349 1744 2418 1800 ad
2435 1743 2785 1801 movendum
2808 1745 3070 1803 volunta-

1709 1831 1823 1882 tem
1846 1832 2114 1892 creatam,
2148 1842 2264 1882 non
2286 1826 2475 1881 solum
2506 1830 2566 1880 ut
2587 1829 2733 1898 agat,
2764 1825 2862 1882 sed
2889 1827 3066 1883 etiam

1709 1912 1771 1961 ut
1809 1913 1937 1981 agat
1964 1906 2160 1963 libere.
2194 1907 2379 1961 Immo
2423 1920 2561 1962 vero
2612 1906 2661 1960 si
2692 1906 2771 1961 ita
2812 1914 3069 1965 moveret

1706 1988 2087 2055 voluntatem,
2112 1992 2173 2041 ut
2218 2001 2346 2042 eam
2376 2000 2492 2042 non
2517 1986 2876 2057 permitteret
2897 2003 3068 2062 agere

1709 2068 1909 2133 libere,
1945 2070 2035 2125 vel
2082 2068 2129 2124 si
2161 2067 2340 2124 motio
2381 2067 2480 2123 Dei
2511 2083 2627 2123 non
2647 2083 2708 2124 se
2733 2068 3067 2127 extenderet

1707 2150 1778 2206 ad
1803 2149 2042 2206 modum
2066 2148 2370 2212 libertatis,
2403 2162 2520 2203 non
2545 2147 2624 2202 ita
2648 2147 2891 2219 perfecte
2918 2152 3068 2207 Deus

1706 2230 2109 2287 dominaretur
2152 2227 2473 2294 voluntati;
2520 2225 2805 2299 siquidem
2859 2230 3067 2303 aliquis

1707 2311 1909 2369 modus
1954 2310 2243 2375 divinum,
2293 2314 2349 2366 et
2375 2325 2709 2381 supremum
2736 2308 3063 2368 dominium

1703 2393 2143 2468 subterfugeret,
2192 2398 2248 2449 et
2275 2392 2494 2447 nonita
2532 2407 2592 2447 se
2643 2390 2971 2450 extenderet
2999 2394 3062 2450 in

1706 2473 2083 2549 producendis
2147 2471 2332 2529 modis
2398 2471 2646 2544 propriis
2709 2472 3060 2546 operationis

1704 2556 1923 2622 liberae,
1956 2572 2019 2612 ac
2069 2571 2130 2613 se
2155 2552 2412 2611 extendit
2438 2552 2502 2608 in
2532 2551 2908 2625 producendis
2930 2572 3061 2612 mo-

1702 2637 1792 2694 dis
1846 2637 2095 2711 propriis
2158 2634 2509 2708 operationis
2566 2635 2915 2692 necessariae.
2991 2640 3060 2694 Et

1704 2719 1851 2776 hanc
1902 2719 2023 2773 vim
2052 2716 2222 2773 habet
2270 2717 2332 2772 in
2356 2714 2619 2789 praesenti
2666 2714 2814 2771 illud
2848 2716 3059 2776 adver-

1704 2798 1864 2855 bium
1887 2798 2063 2863 Sicut,
2087 2813 2199 2870 quo
2242 2812 2438 2853 causas
2489 2796 2800 2860 naturales,
2825 2802 2881 2852 et
2909 2798 3060 2856 libe-

1704 2896 1796 2937 ras
1837 2881 1899 2937 in
1921 2879 2124 2937 ordine
2150 2878 2218 2935 ad
2242 2893 2576 2951 supremum
2606 2876 2703 2933 Dei
2726 2875 3056 2937 dominium

1701 2978 2119 3035 comparamus.
2154 2964 2290 3027 Quae
2316 2959 2667 3032 comparatio
2688 2958 2931 3016 habetur
2952 2979 3057 3020 ex-

1704 3059 1894 3115 presse
1938 3045 2001 3100 in
2052 3059 2212 3099 sacra
2263 3040 2576 3112 Scriptura,
2635 3040 2912 3097 Proverb.
2941 3046 3005 3100 21
3041 3066 3255 3132 ‘Provern

1701 3123 1864 3180 Sicut
1904 3126 2202 3180 divisiones
2251 3139 2545 3199 aquarum,
2577 3123 2659 3176 ita
2685 3139 2777 3176 cor
2819 3121 2977 3194 Reqis
2997 3129 3058 3182 in
3136 3139 3199 3180 21.
3260 3122 3270 3131 “

1701 3221 1874 3261 manu
1894 3205 1997 3262 Dei
2023 3224 2041 3258 .·
2066 3221 2397 3283 quocumque
2417 3204 2666 3269 voluerit,
2698 3209 2863 3257 vertet
2892 3206 3052 3265 illud.

1701 3287 1786 3340 Ex
1811 3302 1923 3357 quo
1969 3286 2165 3342 nullus
2210 3300 2365 3340 sanae
2390 3281 2603 3339 mentis
2627 3282 2873 3356 collegit,
2907 3286 3058 3357 quod

1698 3368 1843 3425 sicut
1889 3384 2048 3441 aquae
2087 3365 2293 3423 cedunt
2322 3364 2530 3437 absque
2558 3362 2822 3420 libertate
2859 3363 3060 3425 divino

1700 3449 1966 3522 imperio,
1993 3448 2072 3503 ita
2097 3461 2194 3502 cor
2215 3444 2384 3517 Regis
2407 3444 2514 3514 ipsi
2546 3442 2754 3515 absque
2796 3444 3059 3504 libertate

1698 3529 1925 3586 obediat
1952 3549 1964 3583 :
2018 3525 2115 3583 sed
2174 3523 2489 3597 parificatio
2515 3528 2625 3578 stat
2652 3524 2716 3578 in
2758 3523 2881 3588 hoc.
2908 3525 3058 3596 quod

1696 3613 1815 3665 tam
1834 3623 2013 3680 aquai,
2044 3621 2216 3677 quam
2246 3619 2342 3660 cor
2366 3603 2534 3675 Regis
2559 3601 2800 3658 subsunt
2829 3604 2927 3660 Dei
2953 3605 3059 3663 do-

1698 3690 1901 3754 minio,
1948 3686 2018 3743 ab
2063 3701 2242 3758 eoque
2287 3683 2584 3740 efficaciter
2624 3689 2935 3741 moventur
2983 3686 3054 3743 ad

1695 3769 2075 3844 operationeS,
2107 3774 2163 3823 et
2190 3764 2387 3822 modos
2413 3764 2522 3821 sibi
2550 3765 2808 3837 proprios
2834 3789 2848 3833 ;
2874 3783 3050 3839 aquae,

1695 3857 1758 3905 ut
1802 3847 2138 3906 dividantur
2164 3844 2373 3916 absque
2414 3843 2678 3901 libertate
2709 3867 2723 3910 ;
2762 3861 2860 3901 cor
2889 3862 3047 3915 ver0,

1697 3934 1831 3986 utse
1852 3927 2032 3984 libere
2060 3926 2319 3982 inclinet.

1776 4011 1898 4065 155.
1930 4005 2185 4064 Secundo
2209 4005 2492 4063 refellitur
2512 4004 2711 4082 eadem
2737 4009 3046 4078 responsi0‚
3088 4041 3248 4094 Impun-

1693 4090 1828 4164 quia
1856 4088 1993 4144 dum
2024 4085 2237 4143 limitat
2263 4084 2587 4141 dominium
2612 4086 2709 4142 Dei
2741 4085 2810 4141 ad
2840 4087 2961 4153 hoc,
2993 4094 3049 4144 ut
3065 4073 3257 4184 ”muz-<¹2³-

1693 4171 1881 4227 solum
1928 4172 2153 4225 moveat
2199 4168 2554 4224 voluntatem
2600 4172 2849 4221 creatam
2899 4168 3051 4240 poli-
3086 4150 3165 4184 ⁰⁰¹¹
3198 4153 3238 4185 ⁰·

1693 4250 1819 4315 tice,
1846 4256 1902 4306 et
1928 4249 2195 4314 civiliter,
2220 4262 2288 4304 eo
2309 4245 2479 4303 modo
2503 4262 2614 4318 quo
2636 4247 2911 4319 Princeps
2932 4248 3049 4304 im-

1696 4336 1855 4403 perat
1879 4329 2141 4394 subditis,
2172 4329 2269 4400 qui
2319 4327 2609 4383 multoties
2636 4327 2893 4400 Principi
2936 4329 3050 4384 ali-

1691 4410 1827 4484 quid
1855 4409 2150 4466 efficaciter
2179 4406 2501 4464 intendenti
2528 4408 2818 4472 resistunt,
2845 4413 2901 4464 et
2927 4424 3050 4468 sese

1692 4496 1989 4565 opponunt
2020 4515 2035 4558 ;
2064 4489 2397 4558 contradicit
2425 4494 2617 4562 aperte
2643 4490 2698 4545 S.
2730 4491 3050 4564 Augustino
3080 4521 3242 4574 naug.

1691 4589 1813 4645 cap.
1844 4573 1917 4626 95
1947 4570 2281 4637 Euchiridii,
2307 4567 2403 4624 ubi
2441 4569 2519 4624 ait
2549 4589 2561 4623 ι
2602 4590 2628 4622 α
2661 4570 2847 4633 Tunc„
2863 4587 3048 4644 nempe

1699 4677 1724 4706 «
1754 4656 1814 4708 in
1859 4659 2009 4707 statu
2048 4652 2301 4720 ρὶονίοεο,
2334 4649 2627 4706 videbitur
2669 4666 2840 4722 quam
2869 4659 3040 4722 certa,

1699 4758 1724 4790 «
1755 4732 2157 4798 immutabilis,
2189 4737 2247 4789 et
2270 4731 2657 4789 efficacissima
2681 4732 2756 4787 sit
2782 4734 3050 4793 voluntas

1699 4839 1724 4868 α
1753 4815 1885 4882 Dei,
1908 4829 2079 4886 quam
2109 4815 2292 4868 multa
2313 4813 2507 4885 possit,
2533 4817 2589 4870 et
2609 4828 2726 4869 non
2747 4813 2887 4868 velit
2912 4836 2927 4880 ;
2953 4817 3050 4871 ni-

1698 4917 1723 4949 «
1754 4893 1840 4950 hil
1881 4896 2072 4949 autem
2103 4892 2258 4958 velit,
2289 4891 2437 4964 quod
2466 4907 2584 4948 non
2614 4892 2787 4964 possit
2807 4916 2820 4956 ;
2842 4908 3049 4964 quam-

1699 4997 1724 5028 «
1752 4989 1862 5047 que
1887 4972 1962 5028 sit
1986 4987 2211 5039 verum,
2241 4972 2390 5043 quod
2431 4972 2494 5028 in
2524 4972 2741 5044 psalmo
2767 4972 3000 5030 canitur
3032 4998 3045 5033 :
3090 4991 3093 4992 ’
