3647 5753
1381 423 1558 479 DISP.
1604 423 1675 487 11,
1720 421 1886 478 DUB.
1933 422 1975 477 1.
2602 468 2605 471 ,
3015 424 3116 480 331

58 608 155 651 ¹⁵³1-
176 608 225 650 6⁴
263 602 425 658 lsaiae
445 603 519 657 64
540 619 553 655 :
584 599 745 657 Facti
763 617 954 656 sumus
972 607 1033 654 ut
1057 598 1331 654 immundi
1348 614 1548 664 omnes,
1573 605 1623 652 et

261 687 423 763 quasi
446 700 669 757 ponnus
706 688 1052 737 menstruata
1094 683 1359 736 universa
1392 681 1626 753 justitia!

259 772 470 822 nostra.
494 765 641 819 Tum
663 762 802 836 quia
828 762 919 818 lex
940 760 1144 817 divina
1189 760 1444 833 praecipit
1471 763 1623 815 inter

58 833 246 875 ¹²²²·22·
260 844 394 913 alia,
440 843 646 901 Matth.
694 845 812 900 222
850 841 1061 913 Diliqes
1095 841 1394 898 Dominum
1445 839 1622 896 Deum

259 934 417 982 tuum
436 943 509 981 ex
527 933 637 981 toto
657 925 814 980 corde
831 930 944 988 tuo,
968 930 1019 979 et
1042 939 1115 979 ex
1139 929 1253 977 tota
1278 926 1453 976 mente
1477 928 1576 976 tua
1600 938 1618 972 .·

256 1005 407 1079 quod
436 1011 630 1063 tamen
658 1020 775 1061 non
803 1006 1065 1061 valemus
1102 1002 1440 1074 adimplere,
1489 1015 1620 1056 cum

235 1086 587 1144 ‘innumeris
621 1085 794 1158 huJ'us
810 1083 1075 1141 mortalis
1096 1083 1226 1139 vitae
1266 1079 1621 1138 necessitati-

260 1168 365 1225 bus
389 1168 801 1225 distrahamur.

333 1248 730 1321 Respondetur
782 1245 1071 1319 duplicem
1134 1260 1256 1302 esse
1299 1241 1618 1300 carentiam

257 1330 774 1404 correspondentiae
794 1327 864 1385 ad
891 1328 1154 1384 divinam
1184 1327 1366 1400 legem
1399 1346 1412 1382 ε
1439 1324 1617 1381 aliam

258 1411 517 1484 rigorose
555 1411 746 1476 talem,
771 1398 882 1482 qu‘a
907 1405 1173 1463 videlicet
1199 1404 1519 1463 avertimur
1545 1404 1618 1461 ab

257 1492 383 1563 ipsa
410 1492 549 1564 lege.
579 1495 636 1546 et
656 1491 769 1546 Deo
791 1487 997 1545 ultimo
1016 1484 1134 1542 fine
1159 1506 1173 1541 ε
1201 1484 1352 1558 quod
1391 1490 1616 1541 tantum

254 1570 323 1626 fit
343 1586 442 1643 per
463 1575 750 1643 peccatum
775 1568 1020 1624 mortale
1049 1588 1063 1633 ;
1087 1565 1265 1622 aliam
1300 1563 1615 1621 secundum

250 1651 393 1726 quid
421 1654 615 1719 talem,
648 1667 760 1724 qua
786 1648 1073 1706 nimirum
1107 1647 1328 1721 aliquid
1373 1646 1616 1703 facimus

255 1741 467 1806 praeter
488 1735 691 1809 legem,
724 1730 794 1788 ab
814 1748 883 1787 ea
920 1736 1135 1796 tamen,
1160 1735 1217 1786 et
1268 1731 1388 1786 Deo
1407 1728 1615 1785 ultimo

254 1812 372 1871 fine
409 1830 527 1872 non
574 1812 935 1870 avertimur:
976 1809 1125 1884 quod
1162 1809 1445 1883 contingit
1483 1825 1612 1866 cum

255 1894 564 1951 venialiter
600 1899 827 1950 tantum
863 1907 1177 1964 peccamus,
1227 1888 1393 1946 Unde
1437 1889 1613 1946 etiam

250 1981 340 2033 est
358 1976 569 2049 duplex
593 1972 1098 2047 correspondentia
1124 1971 1195 2028 ad
1235 1970 1498 2028 divinam
1527 1972 1614 2028 le-

250 2074 384 2132 gem
411 2079 424 2114 :
449 2073 566 2113 una
585 2054 840 2113 absolute
867 2054 1018 2119 talis,
1060 2068 1184 2125 quae
1211 2051 1454 2109 habetur
1473 2050 1612 2108 dum

153 2152 162 2160 ·
257 2141 427 2197 homo
449 2154 565 2195 non
588 2142 775 2211 peccat
803 2135 1127 2193 mortaliter
1153 2156 1166 2191 :
1208 2136 1391 2191 altera
1416 2133 1613 2189 omni-

151 2218 154 2219 ’
257 2222 361 2278 bus
387 2221 573 2278 modis
617 2220 766 2287 talis,
815 2235 940 2292 quae
981 2216 1223 2274 habetur
1260 2216 1399 2272 dum
1440 2215 1611 2272 homo

259 2318 361 2358 nec
396 2301 702 2358 venialiter
722 2304 926 2372 peccat.
974 2300 1225 2370 Utraque
1265 2303 1454 2353 autem
1483 2312 1612 2353 cor-

260 2380 661 2455 respondentia
705 2386 917 2447 exacta,
961 2383 1017 2436 et
1056 2378 1302 2452 perfecta
1339 2382 1469 2434 est:
1511 2374 1610 2433 sed

256 2461 504 2533 secunda
548 2461 815 2526 exactior,
857 2466 915 2516 et
973 2457 1404 2532 perfectissima.
1461 2460 1608 2513 Nam

257 2542 361 2615 qui
408 2541 706 2599 moraliter
740 2556 855 2597 non
897 2547 1102 2614 peccat,
1151 2537 1452 2612 subjicitur
1498 2538 1609 2612 legi

260 2620 538 2686 absolute,
586 2626 641 2677 et
682 2621 990 2694 rigorosam
1031 2619 1347 2676 carentiam
1388 2633 1611 2675 corres-

262 2703 583 2776 pondentiae
610 2701 679 2759 ad
719 2704 879 2761 illam
933 2718 1049 2759 non
1076 2700 1322 2757 incurrit
1367 2721 1380 2756 ε
1409 2717 1520 2773 qua
1540 2700 1611 2757 de

258 2800 427 2841 causa
449 2784 656 2840 dicitur
697 2783 951 2840 absolute
991 2782 1407 2848 immaculatuS‚
1446 2782 1610 2855 juxta

20 2871 181 2917 psalm
205 2873 238 2914 1.
259 2864 403 2922 illud
426 2866 630 2940 psalm.
664 2866 712 2921 l:
740 2862 905 2920 Beati
925 2864 1273 2920 immaculati
1294 2864 1353 2918 in
1377 2864 1493 2928 via,
1513 2863 1611 2939 qui

253 2947 540 3002 ambulant
572 2948 630 3001 in
679 2946 785 3014 Icye
829 2944 1074 3002 Domini.
1124 2944 1231 3009 Qui
1274 2948 1466 3000 autem
1508 2958 1611 2999 nec

255 3027 561 3083 venialiter
590 3029 798 3099 peccat,
845 3024 1147 3099 subjicitur
1186 3025 1296 3100 legi
1337 3023 1609 3081 omnibus

254 3106 457 3174 modiS,
489 3113 544 3164 et
591 3107 834 3172 nullam,
863 3110 957 3164 vel
1006 3106 1317 3162 minimam
1364 3106 1610 3161 incurrit

250 3186 768 3260 correspondentiae
794 3188 1131 3245 carentiam.
1161 3184 1269 3243 Sed
1295 3186 1400 3243 hoc
1423 3190 1611 3258 poste-

255 3270 374 3324 rius
390 3274 475 3325 est
498 3268 799 3340 proprium
823 3270 1149 3331 Raetorum,
1192 3282 1263 3323 ex
1291 3265 1609 3322 viatoribus

253 3364 389 3406 vero
427 3348 638 3405 adultis
666 3350 728 3405 in
755 3351 876 3406 sola
909 3350 972 3403 B.
1017 3348 1258 3422 Virgine
1304 3346 1608 3404 inventum

249 3435 355 3487 cst.
505 3486 509 3490 ⁴
1059 3476 1064 3481 .

328 3511 476 3567 Hinc
502 3510 573 3568 ad
600 3515 1003 3587 argumentum
1029 3510 1335 3569 dicendum
1362 3514 1464 3577 est,
1485 3510 1611 3583 jus-

254 3593 440 3649 titiam
480 3609 590 3666 qua
617 3591 817 3650 sumus
838 3593 973 3666 justi
1003 3610 1195 3651 coram
1225 3596 1353 3657 Deo,
1384 3594 1612 3666 impor-

239 3679 373 3754 5tare
410 3674 977 3747 correspondentiam
1023 3676 1277 3733 absolute
1323 3677 1495 3732 talem
1540 3674 1611 3731 ad

252 3757 436 3831 legem
455 3754 739 3821 divinam,
771 3771 895 3828 quae
917 3755 1179 3813 videlicet
1203 3754 1468 3814 excludat
1490 3770 1612 3828 pec-

246 3843 437 3894 catum
486 3839 751 3906 mortale,
787 3843 843 3895 et
878 3838 1238 3896 aversionem
1267 3855 1298 3894 a
1345 3836 1613 3910 praedicta

252 3919 373 3992 lege
399 3918 576 3974 :etin
603 3919 708 3975 hoc
726 3934 898 3976 sensu
923 3918 1235 3992 procedunt
1256 3917 1606 3984 testimonia,

246 4013 376 4071 quae
414 3996 484 4053 ad
526 3997 921 4071 probationem
968 4000 1205 4073 majoris
1234 3998 1604 4056 inducuntur.

253 4081 382 4135 Non
403 4082 593 4135 autem
623 4079 762 4151 petit
789 4077 1316 4151 indispensabiliter
1345 4078 1611 4153 praedicta

247 4158 475 4230 justitia
515 4159 1079 4231 correspondentiam
1128 4160 1196 4217 ad
1224 4161 1487 4217 divinam
1526 4161 1614 4216 le-

253 4243 546 4311 gem,quae
563 4238 637 4293 sit
660 4239 1090 4311 perfectissima,
1110 4247 1166 4297 et
1185 4240 1457 4298 omnibus
1485 4256 1614 4297 mo-

61 1240 236 1298 &spou-

94 1300 164 1335 sio

255 4317 346 4373 dis
364 4319 515 4383 talis,
536 4334 659 4390 quae
684 4319 964 4377 nimirum
984 4320 1248 4378 excludat
1269 4322 1467 4379 omnia
1495 4335 1615 4393 pec·

252 4402 378 4454 cata
422 4398 694 4456 venialia.
727 4401 896 4457 Recte
939 4403 1147 4475 quippe
1172 4402 1432 4469 cohaeret,
1464 4398 1615 4474 quod

253 4480 465 4553 aliquis
490 4480 567 4536 sit
602 4480 857 4539 absolute
888 4483 1091 4556 justus
1122 4490 1179 4540 et
1217 4484 1440 4541 dicatur
1480 4498 1616 4557 per-

253 4561 431 4616 fectus
458 4576 651 4617 coram
683 4564 828 4628 Deo;
854 4567 912 4618 et
935 4562 1084 4636 quod
1113 4563 1500 4620 nihilominus
1529 4564 1615 4619 le-

254 4641 423 4708 viter,
466 4658 565 4699 seu
606 4642 915 4700 venialiter
955 4650 1159 4718 peccet.
1182 4645 1271 4702 Sic
1303 4645 1463 4703 enim
1507 4642 1617 4702 Ge-

15 4739 366 4799 &nesam-³·
410 4725 466 4789 6,
492 4722 699 4779 dicitur
728 4744 740 4778 ε
769 4722 887 4779 Noe
926 4727 1016 4780 vir
1050 4728 1257 4797 justus,
1284 4734 1447 4800 atque
1483 4743 1617 4798 per-

43 4806 235 4895 ngoer-
256 4802 447 4870 fectus.
481 4803 551 4857 Et
579 4805 740 4859 Deut.
781 4805 844 4858 18
866 4803 981 4861 :Tu
1004 4813 1187 4860 autem
1208 4808 1482 4879 perfectus
1507 4807 1618 4860 eris

41 4885 211 4944 untia.
250 4899 439 4938 coram
460 4881 692 4939 Domino
707 4882 819 4939 Deo
839 4891 953 4940 tuo.
972 4887 1041 4941 Et
1061 4887 1261 4943 Matth.
1287 4885 1474 4942 Estote
1489 4902 1620 4958 per-

11 4950 76 4994 “1
93 4951 218 5042 ¹:3¹⁰*
252 4963 405 5034 secti:
421 4963 491 5017 Et
510 4961 582 5018 ad
606 4963 820 5035 Philip.
846 4965 879 5021 3
897 4987 910 5019 ε
927 4964 1265 5044 Quicumque
1278 4969 1508 5040 perfecti
1529 4988 1622 5026 su-

253 5059 400 5109 mus,
443 5042 544 5098 hoc
587 5044 908 5101 sentiamus.
941 5046 1011 5100 Et
1050 5049 1242 5103 tamen
1289 5051 1510 5105 certum
1534 5055 1620 5106 est

1759 595 2027 654 homines
2054 595 2301 653 viatores
2339 597 2416 666 (S.
2448 596 2688 671 Virgine
2712 600 2966 671 excepta)
2994 612 3127 670 pec-

1756 693 1914 735 casse
1951 678 2279 743 venialiter‚
2311 683 2372 734 ut
2416 678 2671 735 diximus
2708 686 2872 736 tract.
2897 682 3118 753 praeoed.

1756 759 1899 832 disp.
1931 760 1985 826 2,
2016 759 2142 816 dub.
2173 762 2229 815 7.
2277 758 2440 815 Unde
2477 762 2715 833 August.
2755 762 2911 832 epist.
2943 763 3013 815 54
3049 761 3297 845 “daucum

1757 840 2170 907 Macedonium,
2242 841 2480 913 exponit
2544 841 2648 896 hoc
2712 842 2881 900 modo
2943 842 3121 900 verba

1756 922 1969 980 Christi
1992 922 2223 979 Domini
2247 922 2345 979 :Si
2364 940 2459 978 vos
2484 941 2606 978 cum
2627 923 2750 978 sitis
2770 927 2926 990 mali,
2950 928 3123 983 nostis

1755 1002 1896 1058 bona
1916 1003 2067 1068 dare,
2097 1008 2155 1060 et
2179 1003 2367 1075 inquit
2395 1002 2604 1060 :Illum
2631 1006 2867 1062 dicimus
2892 1006 3111 1072 bonum,

1753 1084 1912 1154 cujus
1940 1084 2229 1152 praevalent
2256 1083 2396 1139 bona
2421 1100 2684 1157 ‚·eumque
2704 1088 2988 1159 optimum,
3022 1089 3119 1163 qui

1751 1170 1936 1235 peccat
1961 1166 2255 1219 minimum
2281 1164 2537 1242 :ideoque
2563 1164 2852 1232 Dominus,
2879 1184 3012 1242 quos
3036 1167 3122 1222 di·-

1752 1247 1826 1300 cit
1852 1245 2014 1301 bonos
2036 1252 2256 1319 propter
2291 1248 2771 1319 participationem
2794 1251 2987 1319 ρναιίω
3024 1249 3118 1304 di-

1752 1327 1910 1395 vinae,
1934 1328 2144 1383 eosdem
2176 1329 2346 1381 etiam
2373 1328 2547 1383 malos
2573 1329 2705 1384 dicit
2728 1336 2948 1402 propter
2972 1332 3115 1386 vitia

1753 1408 2097 1479 infirmitatis
2134 1407 2404 1464 humanm.
2455 1409 2673 1473 Quibus
2700 1410 2894 1467 verbis
2921 1396 3141 1484 aperte.

1751 1486 1912 1544 docet
1926 1488 2193 1546 homines
2217 1503 2339 1545 esse
2361 1487 2615 1547 absolute
2635 1490 2833 1564 justos,
2860 1495 2914 1547 et
2936 1491 3116 1548 bonos

1752 1574 1984 1642 propter
2026 1569 2273 1643 gratiam
2321 1567 2432 1624 sibi
2472 1571 2957 1627 communicatam
3002 1593 3015 1627 ε
3059 1577 3117 1629 et

1749 1663 1873 1705 esse
1898 1650 2081 1706 malos
2107 1648 2418 1707 secundum
2459 1650 2597 1723 quid
2635 1656 2865 1724 propter
2891 1657 3116 1726 peccata

1751 1729 2026 1797 venialia,
2068 1747 2193 1803 quae
2236 1731 2621 1796 committunt,
2666 1737 2723 1788 et
2761 1732 2939 1789 simul
2979 1750 3109 1809 cum

1748 1810 1934 1884 gratia
1958 1810 2330 1885 conjungunt.
2366 1813 2430 1867 In
2470 1811 2577 1868 hoc
2600 1827 2736 1886 ergo
2760 1829 2928 1870 sensu
2965 1830 3111 1871 con-

1748 1904 1905 1946 cessa
1953 1890 2195 1965 majori,
2246 1907 2521 1967 negamus
2571 1892 2879 1950 minorem.
2938 1896 3111 1969 Cujus

1750 1969 1941 2041 prima
1981 1969 2238 2043 probatio
2284 1987 2402 2027 non
2450 1978 2641 2046 urget;
2673 1989 2808 2029 nam
2852 1975 3106 2047 primum

1748 2052 2146 2109 testimonium
2176 2053 2427 2127 procedit
2472 2052 2543 2110 de
2571 2055 2808 2125 peccatis
2853 2057 3109 2115 veniali-

1749 2132 1872 2199 bus,
1904 2149 2030 2206 quae
2074 2133 2287 2190 divinae
2315 2134 2426 2207 legi
2466 2131 2721 2189 absolute
2763 2151 2879 2192 non
2931 2154 3106 2212 repu—

1746 2218 1945 2288 gnant,
1990 2228 2091 2271 nec
2118 2212 2189 2270 ab
2234 2230 2302 2270 ea
2347 2213 2646 2270 hominem
2692 2222 2978 2282 avertunt,
3007 2218 3107 2275 sed

1746 2299 1970 2350 tantum
1993 2293 2308 2359 divertunt,
2339 2299 2398 2350 et
2421 2299 2556 2349 sunt
2579 2300 2782 2367 praeter
2811 2297 3015 2371 legem,
3047 2305 3109 2355 ut

1745 2374 2126 2447 explicuimus
2171 2382 2332 2431 tract.
2382 2374 2450 2429 de
2491 2377 2746 2447 peccatis,
2803 2377 2943 2450 disp.
3005 2380 3106 2445 19,

1745 2455 1872 2511 dub.
1908 2457 1952 2511 l.
1978 2453 2298 2511 Secundum
2327 2469 2462 2512 vero
2497 2456 2889 2513 testimonium
2932 2474 3114 2532 expo-

1747 2535 2002 2593 nendum
2050 2542 2133 2593 est
2179 2535 2248 2592 ad
2295 2536 2569 2601 litteram,
2621 2553 2738 2595 non
2783 2538 2854 2595 de
2886 2539 3112 2612 justitia

1747 2616 2106 2691 Evangelica,
2130 2633 2256 2690 quae
2277 2615 2338 2672 fit
2379 2632 2478 2689 per
2501 2618 2791 2675 internam
2812 2622 3061 2694 gratiam
3078 2640 3111 2680 a

1745 2698 1962 2771 Spiritu
1984 2703 2178 2755 sancto
2198 2699 2261 2753 in
2285 2698 2496 2753 nostris
2521 2699 2785 2756 cordibus
2806 2700 3107 2771 diffusam;

1743 2778 1843 2837 sed
1886 2778 1957 2836 de
1997 2779 2219 2853 justitia
2266 2779 2458 2853 legali,
2508 2796 2634 2852 quae
2662 2781 3001 2840 consistebat
3043 2784 3107 2841 in

1745 2860 2144 2920 observatione
2170 2860 2647 2919 caeremoniarum
2677 2863 2826 2937 apud
2853 2865 3098 2934 Judaeos,

1747 2947 1807 2998 ut
1828 2947 2124 3014 exponunt
2154 2944 2215 2999 D.
2254 2943 2591 3016 Hieronym.
2624 2943 2720 3008 ibi,
2745 2950 2802 3000 et
2824 2946 2886 3002 D.
2910 2946 3104 3020 Cyril-
3119 2966 3303 3010 omer.

1747 3022 1957 3080 lustib.
1983 3024 2036 3086 5.
2062 3025 2124 3078 in
2151 3022 2366 3080 Isaiam
2388 3029 2516 3077 tom.
2541 3025 2595 3079 6.
2624 3024 2691 3077 Et
2711 3023 2893 3082 adhuc
2916 3027 2979 3082 in
2999 3028 3104 3084 hoc
3118 3017 3311 3070 ”⁰5⁸¹

1744 3118 1912 3161 sensu
1942 3101 2337 3176 accipiendum
2374 3107 2490 3158 non
2511 3108 2612 3170 est,
2649 3109 2707 3159 ut
2731 3105 3014 3177 prolatum
3040 3108 3104 3164 in

1747 3199 1992 3258 persona
2037 3184 2216 3247 Isaiae,
2248 3188 2303 3239 et
2343 3183 2592 3241 aliorum
2629 3185 2913 3258 justorum
2956 3194 3106 3246 tem-

1747 3282 1884 3339 pore
1930 3265 2070 3340 legis
2107 3259 2415 3321 Mosaicae':
2463 3264 2561 3321 sed
2608 3271 2667 3320 ut
2708 3270 2994 3339 prolatum
3041 3272 3105 3328 in

1747 3361 1989 3419 persona
2028 3345 2361 3418 impiorum,
2411 3349 2466 3400 et
2510 3351 2864 3417 peccatorum
2913 3350 3107 3408 homi-

1747 3441 1909 3490 num,
1935 3424 2031 3498 qui
2048 3424 2315 3498 quamvis
2344 3424 2407 3478 in
2428 3424 3106 3502 observatione'quarun-

1744 3504 1879 3562 dam
1901 3506 2090 3580 legum
2114 3504 2252 3577 justi
2277 3503 2628 3569 viderentur.
2650 3505 2987 3566 deficiebant
3017 3516 3108 3567 ta-

1747 3603 1884 3644 men
1926 3586 2270 3660 simpliciter
2317 3586 2379 3642 in
2425 3586 2555 3642 aliis
2601 3587 3002 3656 observantiis,
3051 3598 3107 3650 et

1746 3673 1914 3728 erant
1934 3667 2189 3724 absolute
2210 3668 2411 3740 polluti
2432 3668 2500 3724 ad
2519 3669 2702 3726 instar
2718 3674 2893 3744 panni
2919 3690 3108 3732 mens-

1748 3756 1966 3806 truatae.
1993 3747 2183 3812 Addit,
2208 3752 2263 3804 et
2287 3746 2433 3804 bene
2453 3750 2792 3808 Bellarmin.
2814 3746 2909 3809 ubi
2932 3772 3106 3828 supra
3122 3769 3319 3813 uellam.

1747 3850 1867 3905 cap.
1903 3832 1985 3896 14,
2014 3846 2115 3887 nos
2138 3831 2201 3885 in
2244 3831 2512 3903 praesenti
2541 3847 2658 3889 non
2686 3850 2851 3909 agere
2881 3835 2951 3894 de
2980 3838 3108 3912 jus-

1746 3915 1874 3970 titia
1900 3912 2126 3976 actuali,
2151 3928 2275 3985 quae
2300 3913 2561 3970 consistit
2583 3915 2644 3971 in
2666 3918 2933 3990 operibus
2958 3936 2989 3976 a
3012 3937 3112 3979 no-

1748 3993 1836 4050 bis
1865 3992 2044 4056 factis,
2076 3998 2129 4048 et
2150 4008 2275 4066 quae
2298 3993 2539 4066 proinde
2563 4011 2755 4052 secum
2783 3998 2952 4057 habet
2979 4003 3113 4075 plu-

1751 4091 1841 4133 res
1868 4074 2148 4141 del'ectus3
2176 4075 2275 4132 sed
2315 4074 2385 4132 de
2407 4076 2627 4150 justitia
2656 4078 2954 4151 habituali,
2986 4100 3114 4157 quae

1748 4163 1834 4216 est
1859 4173 1999 4230 opus
2020 4157 2197 4214 solius
2214 4157 2333 4226 Dei,
2359 4174 2533 4230 quam
2557 4160 2759 4233 ipsein
2784 4163 2947 4221 nobis
2975 4183 3112 4239 pro-

1749 4239 1904 4297 ducit
1931 4259 1944 4294 :
1979 4237 2079 4295 Dei
2104 4247 2288 4296 autem
2307 4242 2551 4313 perfecta
2578 4252 2703 4298 sunt
2731 4245 2913 4318 (mera,
2947 4254 3009 4304 ut
3028 4248 3115 4305 di-

1749 4323 1900 4380 citur
1925 4339 2045 4395 cap.
2077 4322 2169 4385 32,
2221 4321 2513 4380 Denter-on.
2546 4325 2710 4383 Unde
2734 4330 2919 4401 gratia
2943 4348 3113 4389 sanc·
3128 4361 3300 4405 nemer.

1752 4401 1977 4461 tificans
1995 4402 2403 4471 sufficiensest,
2435 4409 2494 4460 ut
2517 4407 2759 4477 perfecte
2778 4410 2959 4468 simus
2974 4430 3112 4471 con—
3192 4413 3259 4453 ³²·

1751 4485 1966 4543 formes
2005 4484 2377 4543 habitualiter
2403 4485 2617 4545 divina:
2657 4490 2786 4565 legi,
2831 4499 2889 4550 et
2928 4498 3113 4568 parati

1752 4564 1821 4622 ad
1851 4564 2154 4621 vitandum
2182 4570 2402 4633 cuncta,
2427 4583 2551 4639 quae
2578 4572 2690 4627 Deo
2705 4569 3025 4645 displicent,
3056 4583 3116 4635 et

1753 4647 1879 4720 ipsa
1915 4645 2091 4703 etiam
2141 4653 2363 4719 peccata
2414 4650 2696 4718 venialia,
2728 4642 2797 4710 'si
2847 4671 2946 4728 per
2992 4658 3114 4732 ipsa

1752 4731 2155 4783 averteremur
2176 4725 2247 4783 ab
2275 4727 2399 4785 illo.

1827 4810 1923 4864 44.
1960 4807 2045 4863 Ad
2072 4808 2382 4866 secundam
2421 4811 2964 4885 ejusdem‘minoris
2995 4837 3123 4894 pro-

1753 4888 2046 4948 bationem
2069 4888 2375 4947 dicendum
2396 4897 2496 4960 est,
2522 4895 2581 4968 ly
2602 4913 2672 4951 eae
2693 4905 2800 4955 toto
2819 4907 2975 4961 corde
3002 4914 3117 4974 tuo,

1752 4977 1802 5025 et
1849 4988 1923 5026 ex
1956 4978 2072 5026 tota
2118 4979 2291 5026 mente
2336 4979 2464 5040 tua,
2515 4972 2819 5048 dupliciter
2864 4984 3116 5063 intelligi

1756 5067 1918 5124 posse
1949 5073 1962 5109 :
1987 5068 2102 5110 uno
2119 5052 2309 5121 modo,
2336 5058 2398 5109 ut
2418 5053 2570 5112 idem
2597 5057 2687 5126 sit,
2713 5077 2776 5118 ac
2794 5079 2970 5138 super
2991 5084 3115 5126 om-
