3647 5753
1450 422 1626 479 le'l’.
1672 428 1741 492 11,
1784 431 1950 488 DUB.
1998 436 2086 493 Vl.

290 584 392 639 per
422 577 610 642 actum
639 584 1141 649 supernaturalem
1184 590 1400 645 amoris
1430 592 1529 648 Dei
1557 611 1657 649 su-

290 666 391 722 per
437 657 657 723 omnia,
709 667 989 732 quatenus
1041 672 1310 727 retractat
1358 672 1657 733 efficaciter

287 737 476 790 actum
508 742 982 814 peccaminosum,
1018 764 1049 803 a
1092 765 1204 821 quo
1252 753 1498 824 privatio
1521 773 1657 830 gra-

288 813 382 869 tiae
410 815 472 874 in
500 834 624 876 esse
646 823 991 884 voluntariae
1009 827 1291 902 dependet
1314 837 1341 889 Ρ

937 1014 1059 1080 §IL

571 1147 863 1203 Statuitur
876 1151 1069 1222 prima
1089 1155 1379 1212 conclusio,

105 1301 241 1392 2¹⁶⁰?
379 1306 489 1358 181.
535 1306 850 1364 Dicendum
882 1316 967 1365 est
991 1311 1201 1381 primo,
1235 1320 1422 1371 actum
1451 1334 1657 1390 super-

137 1363 257 1444 §ninga-
296 1386 622 1442 naturalem
659 1390 876 1445 amoris
914 1392 1010 1447 Dei
1067 1410 1241 1465 super
1286 1397 1485 1453 omnia
1532 1415 1655 1456 esse

293 1464 666 1523 sufficientem
692 1467 762 1524 ad
791 1468 1203 1528 destruendum
1227 1474 1503 1533 indirecte
1523 1495 1656 1550 pec-

295 1550 479 1603 catum
512 1548 806 1606 habituale
837 1551 1094 1612 hominis
1121 1556 1329 1611 elevati
1382 1557 1451 1613 ad
1495 1560 1657 1616 ordi-

296 1645 425 1684 nem
448 1634 947 1702 supernaturalem
970 1658 983 1702 ;
1004 1642 1169 1708 atque
1184 1637 1311 1694 ideo
1323 1639 1651 1710 praedictum

294 1714 496 1773 actum,
530 1711 578 1764 si
610 1718 917 1782 poneretur
940 1721 1233 1787 separatus
1256 1733 1285 1773 a
1302 1721 1485 1793 gratia
1498 1738 1657 1779 sanc-

294 1787 561 1856 tificante,
594 1792 965 1850 exclusurum
1019 1795 1141 1852 fore
1186 1799 1299 1853 tale
1342 1805 1648 1870 peccatum.

297 1870 449 1925 Hanc
475 1873 900 1929 conclusionem
947 1877 1254 1932 statuimus
1296 1886 1495 1937 contra
1541 1883 1653 1938 ali-

293 1965 431 2020 quos
462 1952 764 2009 Authores.
795 1955 891 2026 qui
936 1970 1008 2010 ex
1036 1971 1151 2012 una
1179 1964 1340 2029 parte
1368 1969 1648 2029 asserunt,

296 2046 554 2086 amorem
584 2037 1087 2104 supernaturalem
1132 2039 1230 2095 Dei
1259 2056 1430 2112 super
1457 2044 1655 2100 omnia

294 2124 410 2165 non
435 2109 755 2183 dependere
800 2115 1189 2173 essentialiter
1217 2135 1248 2173 a
1274 2122 1461 2193 gratia
1486 2139 1654 2178 sanc-

295 2187 537 2247 tificante
613 2191 913 2259 habituali,
960 2195 1059 2251 sed
1112 2214 1272 2268 posse
1328 2199 1398 2255 de
1451 2208 1653 2274 poten-

295 2271 373 2326 tia
401 2271 655 2330 absoluta
678 2272 803 2330 fieri
826 2276 1018 2333 medio
1046 2279 1265 2335 auxilio
1288 2286 1649 2351 transeunti;

295 2356 349 2406 et
387 2368 456 2406 ex
485 2354 597 2409 alia
622 2360 780 2426 parte
798 2354 1020 2421 docent,
1056 2366 1341 2430 peccatum
1363 2363 1654 2422 habituale

298 2429 465 2503 hujus
491 2439 666 2489 status
693 2437 857 2491 nullo
879 2438 1066 2504 modo,
1093 2445 1149 2496 et
1174 2457 1275 2512 per
1293 2444 1518 2501 nullam
1552 2462 1653 2519 po-

302 2512 538 2568 tentiam
604 2530 765 2586 posse
830 2516 1042 2574 destrui
1099 2518 1309 2594 absque
1363 2524 1651 2584 infusione

300 2592 499 2662 gratia}
521 2596 924 2652 sanctificantis
945 2599 1271 2659 habitualis,
1303 2606 1380 2661 De
1406 2623 1650 2677 quorum

108 2690 245 2731 eoum
305 2686 545 2730 numero
582 2681 662 2731 est
704 2681 979 2745 Gonetus;
1033 2698 1168 2737 nam
1218 2685 1476 2756 primum
1507 2689 1651 2744 illud

301 2753 503 2807 asserit
527 2757 587 2810 in
638 2765 799 2813 tract.
830 2759 892 2812 de
916 2761 1208 2818 Incarnat.
1240 2765 1382 2837 disp.
1424 2769 1505 2830 10,
1536 2776 1644 2824 art.

296 2833 349 2896 2,
376 2849 430 2889 n.
457 2836 545 2901 46,
597 2855 719 2893 cum
746 2847 982 2915 sequent.
1013 2846 1069 2896 et
1097 2842 1199 2898 hoc
1229 2846 1511 2916 posterius
1544 2847 1650 2905 do-

293 2920 377 2968 cet
418 2915 480 2970 in
528 2919 812 2988 praesenti,
856 2921 998 2991 disp.
1045 2924 1090 2986 l,
1122 2932 1230 2980 art.
1263 2927 1317 2989 4,
1347 2928 1453 2994 §42
1492 2947 1643 2985 num.

104 3003 259 3046 Valent.
292 2994 381 3058 88,
410 3003 461 3050 et
486 3014 636 3054 num.
684 3001 817 3065 2101,
849 3005 905 3056 et
922 3003 1243 3075 Gregorius
1272 3005 1341 3062 de
1385 3009 1648 3066 Valentia

292 3083 417 3132 tom.
449 3080 503 3141 2.
556 3081 703 3153 disp.
745 3084 799 3145 8,
845 3091 1030 3158 quoest.
1075 3086 1129 3150 5,
1171 3095 1360 3158 punct.
1412 3092 1466 3152 5,
1499 3093 1560 3145 in
1587 3094 1644 3158 2,

288 3158 404 3228 ejus
424 3166 597 3230 parte,
639 3160 735 3216 ubi
785 3163 1053 3228 affirmat,
1097 3165 1246 3237 quod
1275 3168 1502 3226 etiamsi
1551 3171 1647 3228 da-

291 3244 448 3295 retur
480 3242 768 3314 contritio,
801 3243 984 3301 adhuc
1013 3246 1260 3318 privatio
1285 3252 1483 3322 gratiae
1503 3259 1647 3310 esset

286 3323 695 3392 peccaminosa,
727 3329 784 3380 et
832 3325 1003 3382 homo
1026 3337 1393 3398 permaneret
1439 3333 1500 3389 in
1527 3349 1646 3405 pec-

285 3409 423 3459 cato.
469 3405 572 3459 Cui
601 3403 874 3463 doctrinae
899 3407 1204 3483 suffragari
1248 3412 1516 3470 videntur
1537 3419 1645 3472 Ca-

82 3479 258 3529 cam-001.
287 3485 512 3556 preolus
560 3487 620 3539 in
664 3488 720 3550 4,
752 3488 879 3544 dist.
920 3491 965 3556 l,
999 3499 1181 3567 quoest.
1212 3495 1267 3558 2,
1315 3502 1426 3550 art.
1473 3498 1527 3562 3,
1571 3498 1645 3552 ad

92 3552 241 3607 ¹¹¹⁵?st
280 3572 605 3632 arymnenta
630 3564 865 3636 Scoti,et
894 3570 1244 3643 Hispalensis
1273 3573 1486 3631 ibidem
1527 3586 1639 3635 art.

279 3647 333 3704 3.
364 3647 471 3703 Sed
519 3654 778 3705 nostram
807 3653 1178 3710 assertionem
1222 3661 1456 3713 tuentur
1483 3669 1641 3715 com-

280 3728 541 3784 muniter
587 3732 849 3787 Doctores
876 3755 889 3798 ς
922 3747 1057 3789 nam
1088 3742 1292 3807 praeter
1319 3737 1469 3802 illos,
1502 3757 1640 3812 quos

278 3805 545 3863 dedimus
590 3808 718 3865 dub.
765 3813 984 3882 praec-ed.
1044 3833 1198 3871 num.
1264 3818 1384 3882 144,
1447 3819 1543 3889 qui
1608 3836 1639 3876 a

278 3887 505 3947 fortiori
539 3891 688 3948 hanc
717 3895 1129 3953 resolutionem
1156 3897 1493 3966 defendunt,
1528 3902 1636 3974 ipsi

75 3962 249 4056 Fgglm?
272 3970 645 4027 subscribunt
698 3976 940 4031 Ferrara
967 3977 1020 4042 3,
1066 3986 1255 4033 contra
1280 3988 1478 4049 ycnteS,
1511 4001 1630 4055 cap.

173 4025 232 4057 ¹¹⁵·
279 4053 379 4107 157
412 4077 425 4118 ;
450 4056 620 4111 sotus
639 4056 701 4108 in
719 4056 1199 4135 4,disc.15,quaest.
1224 4064 1269 4125 1,
1298 4070 1408 4118 arc.
1427 4067 1481 4128 2,
1502 4066 1637 4121 Gre-

75 4160 229 4204 Μῧηίῃ,
269 4135 466 4207 gorius
496 4135 781 4192 Martinez
810 4139 870 4192 in
890 4144 1156 4212 praesenti,
1183 4143 1548 4210 club.3‚concl,
1575 4148 1628 4211 3,

73 4211 210 4300 3³3*
232 4224 255 4255 ἃ
273 4212 367 4268 ubi
390 4217 563 4270 Joan.
589 4230 622 4271 a
648 4216 702 4271 S.
723 4216 924 4274 Thom.
952 4220 1094 4292 disp.
1121 4222 1210 4288 27,
1238 4229 1346 4278 art.
1372 4226 1427 4288 2,
1454 4228 1485 4293 ξ
1525 4225 1636 4282 Sed

74 4262 448 4354 i‘rasslllff'adlmc
468 4300 736 4374 inquires,
776 4301 1008 4359 Arauxo
1051 4304 1177 4359 dub.
1209 4305 1262 4372 3,
1289 4323 1325 4360 α
1354 4323 1511 4363 niam.
1536 4310 1627 4373 26,

74 4361 627 4464 M,}³3¹¹1¹,}⁵·Monte-sinos
664 4381 868 4454 disput.
912 4385 1001 4453 33,
1031 4393 1214 4460 qtcoest.
1252 4389 1306 4451 6,
1338 4391 1443 4457 ς2,
1488 4391 1630 4446 Vas-

267 4476 405 4532 quez
424 4461 560 4516 dub.
584 4463 804 4532 praeeed.
830 4465 1032 4521 citatus
1058 4472 1113 4522 et
1133 4468 1168 4521 3
1221 4479 1366 4541 part.
1397 4472 1539 4544 disp.
1571 4475 1625 4539 2,

266 4540 392 4596 dub.
422 4543 478 4607 4,
524 4545 584 4595 et
622 4540 1133 4617 aliiquamplures.

74 4619 240 4681 Primum
302 4651 305 4654 -
342 4621 633 4678 Probatur
661 4624 851 4693 primo
880 4627 1141 4684 ratione:
1179 4632 1455 4701 quoniam
1499 4650 1631 4705 pec-

107 4677 225 4767 νυᾶἷῖξΙ
260 4706 456 4760 ,catum
514 4700 807 4759 habituale
836 4706 1089 4763 hominis
1142 4709 1347 4765 elevati
1371 4711 1441 4766 ad
1470 4712 1635 4769 ordi-·

268 4799 402 4841 nem
423 4788 929 4856 supernaturalem
958 4789 1289 4847 consistitin
1307 4793 1629 4864 privatione

260 4866 483 4939 gratiae,
534 4881 652 4922 non
678 4867 909 4938 quidem
957 4872 1336 4929 materialiter
1383 4879 1623 4946 accepta,

259 4946 360 5006 sed
381 4951 443 5001 ut
467 4946 799 5003 voluntaria
827 4969 840 5002 ε
868 4948 967 5005 sed
1005 4966 1073 5007 eo
1113 4952 1254 5023 ipso,
1281 4951 1431 5025 quod
1459 4952 1629 5012 dare-

261 5035 356 5085 tur
382 5031 542 5085 actus
568 5032 1028 5101 supernaturalis
1079 5034 1295 5091 amoris
1336 5034 1436 5090 Dei
1459 5051 1629 5108 super

3040 458 3154 514 427

1792 603 2006 668 omnia,
2063 610 2330 678 praedicta
2397 617 2641 688 privatio
2703 621 2987 682 desineret
3031 643 3153 685 esse

1791 685 2154 761 voluntaria;
2225 711 2361 769 ergo
2428 698 2715 759 desineret
2766 721 2887 762 esse
2954 726 3151 781 pecca-

1792 767 1912 820 tum
1969 768 2261 831 habituale
2296 796 2309 830 τ
2380 794 2516 853 ergo
2563 784 2856 854 possibilis
2906 795 2990 845 est
3053 791 3150 847 in-

1790 842 2004 903 directa
2039 849 2207 925 hujus
2234 854 2560 925 destructio,
2586 863 2636 918 si
2658 867 2834 921 semel
2868 873 3025 925 actus
3050 887 3148 927 su-

1792 934 2177 998 pernaturalis
2206 941 2422 996 amoris
2453 943 2549 998 Dei
2604 961 2777 1017 super
2803 951 3000 1006 omnia
3032 968 3150 1009 non

1790 1007 2068 1085 dependet
2141 1021 2526 1079 essentialiter
2575 1042 2606 1082 a
2644 1029 2828 1100 gratia
2871 1030 3150 1090 habituali

1788 1088 2197 1152 sanctificante.
2252 1102 2379 1157 Haec
2440 1106 2691 1184 secunda
2751 1113 3154 1184 consequentia

1791 1176 1941 1243 patet
1985 1189 2056 1228 ex
2099 1179 2306 1247 prima,
2338 1189 2394 1238 et
2438 1200 2510 1240 ex
2563 1186 2653 1242 his
2680 1206 2804 1261 quae
2848 1196 2879 1260 ς
2928 1196 3146 1265 praeced.

1792 1257 2255 1325 praenotavimus.
2308 1266 2507 1322 Prima
2554 1269 2729 1325 etiam
2761 1273 3020 1347 legitime
3056 1277 3152 1333 in-

1790 1333 1971 1389 fertur
1987 1351 2056 1390 ex
2083 1344 2605 1420 praemissisMajor
2622 1357 2810 1408 autem
2828 1357 2964 1411 satis
2984 1373 3152 1413 cons-

1788 1419 1899 1470 stat
1924 1432 1993 1472 ex
2025 1422 2194 1477 dictis
2215 1424 2358 1496 disp.
2397 1427 2442 1489 l,
2467 1427 2593 1484 dub.
2636 1431 2681 1495 l,
2714 1430 2809 1487 ubi
2841 1438 3148 1494 essentiam

1790 1502 1995 1566 peccati
2017 1501 2779 1580 habitualisdescripsimus;
2804 1514 2900 1568 sed
2915 1516 3151 1590 insuper

1789 1577 2136 1650 probatur,et
2172 1583 2493 1643 declaratur
2521 1609 2533 1643 ε
2565 1595 2686 1645 tum
2716 1593 2849 1664 quia
2877 1594 2945 1651 de
2974 1601 3154 1656 ratio-

1789 1672 1862 1713 ne
1881 1661 2284 1735 cujuscumque
2313 1668 2522 1738 peccati
2550 1673 2807 1744 est,quod
2839 1675 2912 1730 sit
2940 1680 3153 1736 volun-

1788 1738 2034 1808 tarium;
2057 1742 2343 1815 siquidem
2373 1748 2600 1805 malitia
2623 1758 2706 1806 est
2733 1754 2990 1824 quaedam
3019 1775 3152 1832 spe—

1787 1818 1899 1874 cies
1920 1823 2280 1890 moralitatiS,
2309 1842 2433 1897 quae
2457 1829 2563 1885 sub
2588 1848 2796 1905 genere
2831 1839 3150 1896 voluntarii

1787 1901 2159 1958 constituitur
2192 1921 2363 1978 :ergo
2384 1909 2505 1965 sola
2532 1915 2786 1970 carentia
2810 1912 3010 1989 gratim
3047 1937 3152 1977 ne-

1787 1979 1912 2050 quit
1962 1983 2271 2041 essentiam
2320 1990 2528 2057 peccati
2575 1992 2887 2050 habitualis
2935 2000 3154 2057 consti-

1788 2066 1950 2119 tuere
1980 2088 1993 2130 ;
2037 2065 2135 2121 sed
2168 2068 2504 2139 requiritur,
2529 2074 2675 2144 quod
2697 2076 2771 2131 sit
2799 2079 3149 2148 voluntaria,

1786 2142 1911 2199 sive
1933 2160 2032 2216 per
2055 2152 2240 2202 actum
2282 2150 2678 2209 voluntarium
2724 2156 2973 2224 inducta,
3005 2168 3061 2217 et
3082 2163 3153 2219 ab

1786 2237 1854 2278 eo
1882 2223 2075 2279 tamin
2105 2224 2245 2293 fieri,
2276 2245 2445 2300 quam
2489 2231 2550 2287 in
2571 2239 2897 2293 conservari
2934 2239 3152 2313 depen-

1786 2301 1949 2358 denS.
1993 2306 2138 2361 Tum
2163 2309 2358 2377 eliam,
2399 2313 2534 2384 quia
2577 2313 2636 2368 in
2678 2321 2823 2372 statu
2869 2336 3145 2390 purorum

1786 2381 2021 2439 daretur
2074 2390 2329 2445 carentia
2382 2392 2604 2463 gratiae,
2647 2401 2701 2450 et
2763 2397 3148 2458 nihilominus

1785 2464 1922 2535 quia
1951 2481 2068 2522 non
2090 2476 2234 2526 esset
2261 2473 2609 2539 voluntaria,
2645 2492 2760 2532 non
2792 2479 3024 2539 haberet
3051 2501 3149 2542 ra-

1788 2544 2002 2601 tionem
2043 2550 2407 2620 privationiS,
2458 2560 2552 2609 aut
2590 2559 2794 2627 peccati
2830 2581 2843 2614 ε
2887 2560 3152 2637 idemque

1787 2624 2069 2682 accideret
2092 2629 2153 2683 in
2180 2633 2441 2700 praesenti
2463 2639 2632 2700 statu,
2658 2638 2705 2692 si
2730 2638 2939 2713 absque
2960 2645 3151 2717 aliquo

1787 2703 2044 2761 hominis
2084 2717 2304 2780 peccato
2332 2714 2495 2781 DeuS,
2525 2720 2587 2769 ut
2614 2724 2809 2787 potest,
2841 2738 3149 2783 conserva-

1787 2785 2001 2843 tionem
2012 2791 2210 2862 gratiae
2229 2793 2599 2866 suspenderet
2627 2819 2638 2853 :
2656 2815 2792 2873 ergo
2821 2808 2880 2857 ut
2895 2809 3146 2866 carentia

1782 2870 1982 2942 gratize
2027 2873 2106 2927 sit
2155 2883 2438 2946 peccatum
2480 2878 2790 2950 habituale,
2823 2884 2988 2944 debet
3026 2906 3148 2949 esse

1786 2952 2148 3009 voluntaria.
2219 2957 2414 3014 Minor
2485 2959 2732 3033 denique
2801 2969 3142 3040 ostenditur,

1783 3034 2056 3103 quoniam
2108 3035 2354 3105 privatio
2391 3040 2590 3111 gratim
2619 3058 2720 3098 nec
2747 3043 2827 3112 fit,
2874 3064 2976 3106 nec
3020 3068 3150 3109 con-

1782 3121 2048 3170 servatur
2094 3120 2423 3175 voluntarie
2463 3120 2798 3183 immediate
2847 3146 2948 3201 per
2992 3133 3149 3206 seip-

1780 3208 1922 3260 sam,
1953 3193 2050 3250 sed
2080 3196 2469 3268 dependenter
2498 3200 2567 3256 ab
2583 3210 2706 3258 actu
2730 3212 3142 3279 peccaminoso,

1781 3277 1982 3330 utnon
2013 3281 2334 3344 retractato,
2357 3278 2479 3336 sive
2507 3287 2570 3336 ut
2590 3287 2889 3344 moraliter
2911 3306 3145 3362 perma—

1780 3357 1942 3411 nenti
1980 3377 1992 3411 :
2025 3359 2179 3430 atqui
2211 3358 2510 3430 praedictus
2557 3370 2712 3428 aetus
2739 3365 3037 3430 efficaciter
3060 3369 3147 3434 ress

1778 3441 2060 3493 tractatur
2084 3455 2183 3508 per
2222 3445 2409 3496 actum
2436 3451 2936 3514 supernaturalem
2978 3470 3144 3513 amo-

1779 3516 1860 3569 ris
1893 3517 1986 3572 Dei
2008 3534 2179 3590 super
2222 3522 2421 3577 omnia
2450 3546 2461 3586 ;
2487 3524 2770 3595 siquidem
2806 3530 3139 3605 huJ‘usmodi

1776 3607 1940 3651 amor
1982 3598 2364 3656 essentialiter
2415 3606 2696 3660 convertit
2743 3608 3040 3671 hominem
3071 3618 3141 3674 ad

1779 3680 1977 3744 Deum,
2012 3696 2042 3735 a
2065 3696 2176 3752 quo
2199 3682 2407 3738 avertit
2435 3689 2589 3740 actus
2608 3691 2813 3759 peccati
2832 3715 2847 3758 ;
2865 3699 2920 3749 et
2940 3710 3139 3757 essen-

1775 3758 1991 3813 tialiter
2012 3762 2221 3821 avertit
2252 3762 2548 3820 hominem
2579 3783 2612 3822 a
2639 3766 2787 3825 bono
2809 3784 3134 3838 commuta-

1774 3835 1899 3903 bili,
1933 3839 2001 3894 ad
2047 3841 2193 3912 quod
2225 3859 2325 3914 per
2365 3838 2551 3901 act’um
2582 3851 2788 3919 peccati
2825 3868 3135 3917 conversus

1771 3919 1998 3977 fuerat:
2041 3937 2176 3996 ergo
2228 3941 2294 3981 eo
2323 3926 2463 3998 ipsc,
2509 3930 2655 4002 quod
2699 3931 2934 3993 daretur
2973 3956 3137 4001 amor

1769 4003 2232 4074 supernaturalis
2261 4008 2360 4064 Dei
2408 4025 2580 4081 super
2626 4015 2840 4082 omnia,
2887 4020 3134 4091 privatio

1767 4083 1969 4156 gratim
2004 4084 2290 4144 desineret
2316 4104 2438 4146 esse
2464 4093 2809 4154 voluntaria.

1844 4163 2231 4223 confirmatur
2251 4191 2264 4236 ;
2288 4164 2425 4226 nam
2448 4171 2518 4228 de
2538 4178 2782 4233 essentia
2801 4184 3007 4252 peccati
3025 4186 3129 4243 ha-

1768 4242 2001 4302 bitualis
2028 4253 2109 4303 est
2138 4250 2449 4309 habitualis
2478 4259 2704 4316 aversio
2729 4277 2760 4317 a
2783 4263 2894 4320 Deo
2922 4267 3129 4327 ultimo

1766 4323 1882 4381 fine
1908 4350 1921 4392 3
1963 4327 2060 4382 sed
2091 4327 2364 4402 implicat,
2390 4332 2538 4405 quod
2576 4344 2822 4408 ponatur
2851 4359 3014 4402 amor
3037 4365 3129 4404 su·

1768 4408 2152 4476 pernaturalis
2182 4412 2280 4467 Dei
2308 4429 2479 4483 super
2501 4416 2721 4483 emula,
2753 4426 2807 4475 et
2828 4426 2977 4495 quod
3006 4443 3124 4486 non

1765 4486 2092 4544 destruatur
2121 4491 2345 4547 aversio
2369 4493 2681 4550 habitualis
2709 4514 2742 4553 a
2763 4502 2876 4560 Deo
2918 4508 3126 4567 ultimo

1765 4566 1915 4634 fine;
1944 4583 2079 4640 ergo
2099 4585 2167 4625 eo
2213 4571 2356 4642 ipso,
2382 4572 2529 4642 quod
2554 4585 2864 4646 poneretur
2886 4587 3128 4655 praedic-

1763 4652 1855 4702 tus
1882 4663 2060 4711 amor,
2091 4647 2482 4708 destrueretur
2526 4657 2770 4713 essentia
2817 4661 3130 4726 habitualis

1765 4722 1992 4792 peceati.
2027 4724 2208 4795 Major
2233 4729 2318 4780 est
2344 4731 2514 4789 certa,
2540 4730 2812 4798 quoniam
2839 4745 3127 4806 peccatum

1765 4799 1959 4855 habitu
1968 4801 2056 4857 aie
2069 4803 2327 4859 consistit
2345 4803 2406 4858 in
2422 4807 2744 4876 privatione
2758 4815 2977 4884 gratiae:
2996 4834 3132 4895 ergo

1762 4878 1986 4935 sicutde
2007 4881 2253 4938 essentia
2278 4883 2480 4956 gratiae
2501 4888 2761 4959 est,qu0d
2784 4892 2858 4948 sit
2884 4912 3130 4957 conver-

1761 4960 1848 5017 sio
1875 4958 2184 5016 habitualis
2224 4962 2481 5020 hominis
2527 4964 2596 5021 ad
2626 4968 2804 5026 Deum
2855 4978 3128 5050 tanquam

1764 5040 1836 5098 ad
1865 5039 2138 5099 ultimum
2180 5041 2377 5111 finem,
2424 5044 2505 5101 ita
2531 5044 2601 5103 de
2640 5052 2888 5111 essentia
2917 5063 3127 5129 peccati

3160 4205 3326 4263 contir-

3169 4261 3314 4299 mauu.
