3647 5753
91 1903 245 1948 Altera

1415 410 1595 468 DISP.
1647 412 1744 480 111,
1789 412 1957 468 DUB.
2000 414 2042 471 Ι.

289 605 315 636 α
361 597 487 641 rem
530 582 838 640 hominum
861 598 964 656 per
984 582 1588 658 mysterium‘Christi.
1620 604 1646 635 »

285 669 355 722 Et
393 673 574 743 quaest.
632 668 724 730 28,
769 666 833 721 de
891 665 1052 723 Verit.
1097 673 1207 723 art.
1258 668 1293 721 4
1334 667 1409 721 ad
1448 668 1502 732 9,
1554 666 1652 722 in·-

285 747 447 822 quit:
487 768 512 801 «
556 746 710 802 Licet
730 745 851 801 sint
876 747 1047 802 multi
1076 748 1304 803 articuli
1345 745 1499 814 fidei,
1533 761 1652 803 non

288 851 314 882 «
360 833 557 885 tamen
585 830 825 898 oportet,
855 825 1006 899 quod
1027 842 1228 883 omnes
1251 832 1375 884 actu
1396 826 1653 901 cogiten-

292 931 317 964 α
359 914 455 965 tur
495 908 561 965 in
606 907 730 979 ipso
776 907 1018 964 instanti
1054 906 1513 982 justificationis3
1552 906 1652 964 sed

292 1013 318 1043 α
358 989 548 1046 solum
599 986 752 1061 quod
802 987 1084 1063 cogitetur
1135 991 1283 1047 Deus
1334 987 1650 1045 secundum

291 1094 318 1126 α
360 1071 514 1127 hunc
558 1070 890 1138 articulum,
939 1071 1039 1143 qui
1085 1078 1170 1129 est
1213 1069 1551 1148 justificans,
1595 1073 1652 1126 et

290 1175 317 1206 α
360 1158 584 1226 peccata
612 1153 912 1210 remittens
939 1175 952 1209 :
982 1152 1046 1208 in
1065 1169 1177 1226 quo
1202 1151 1521 1210 includitur
1544 1150 1651 1206 im-

289 1254 315 1287 «
357 1235 552 1307 plicite
598 1234 877 1291 articulus
924 1232 1364 1302 Incarnationis,
1411 1238 1467 1291 et
1519 1246 1650 1305 pas-

289 1336 314 1369 α
350 1315 534 1371 sionis
580 1313 809 1383 Christi,
842 1320 900 1371 et
940 1315 1212 1381 aliorum,
1246 1331 1372 1388 quae
1414 1313 1485 1370 ad
1514 1328 1650 1369 nos-

290 1415 317 1448 «
358 1399 509 1451 tram
533 1394 1000 1468 justificationem
1038 1395 1438 1470 requiruntur.
1484 1414 1510 1445 »
1543 1393 1652 1448 Vi·-

285 1475 489 1534 deatur
521 1478 578 1532 S.
608 1479 758 1536 Doct.
791 1481 845 1545 2,
896 1480 951 1546 2,
995 1487 1176 1557 quaest.
1209 1482 1264 1546 2,
1295 1485 1409 1533 art.
1438 1478 1493 1543 5,
1526 1494 1651 1533 cum

286 1557 464 1614 tribus
500 1567 736 1632 sequent.
769 1559 868 1615 ubi
896 1559 1017 1634 ejus
1045 1561 1392 1633 Interpretes
1417 1562 1651 1615 contro-

287 1646 541 1706 vertunt,
562 1643 657 1715 qui
677 1647 830 1699 actus
846 1640 998 1708 fidei,
1019 1647 1073 1697 et
1098 1642 1248 1699 circa
1267 1657 1391 1714 quae
1412 1639 1644 1714 objecta,

287 1727 343 1779 et
356 1737 469 1795 quo
487 1723 1067 1795 expressionismodo
1088 1722 1157 1780 ad
1175 1722 1195 1797 j
1206 1721 1649 1779 ustificationem

288 1802 713 1860 desiderantur.

360 1879 414 1933 8.
459 1877 716 1934 Secunda
742 1878 917 1934 etiam
944 1877 1277 1934 assertionis
1304 1894 1436 1950 pars
1471 1877 1651 1934 habe-

62 1953 378 2013 assertio-tur
404 1958 711 2015 manifeste
750 1959 811 2014 in
852 1957 1029 2015 sacris
1072 1959 1320 2025 Literis;
1364 1975 1503 2015 nam
1542 1958 1652 2015 Ja-

62 2003 141 2048 nis

103 2158 215 2198 lura.

55 2963 243 3053 aaa·

77 3059 250 3103 concil.

54 3108 261 3154 Trident.

71 3353 244 3401 EcclcS.

59 3407 244 3451 SJoan.

84 3456 240 3558 Δῒῧξι.

82 4439 243 4482 chn.

58 2013 267 2157 ἓξοεὶΞζιΞι·
282 2038 399 2094 cobi
424 2041 478 2105 2,
524 2040 771 2096 dicitur:
808 2038 957 2113 Quid
990 2041 1230 2113 prodest,
1269 2041 1477 2114 fratres
1517 2042 1645 2107 mei,

283 2123 332 2177 si
356 2121 515 2195 fidem
556 2125 682 2200 quis
719 2124 868 2177 dicat
906 2140 961 2178 se
996 2124 1211 2189 habere,
1256 2134 1420 2200 ope-ra
1466 2129 1652 2179 autem

285 2220 394 2259 non
436 2203 676 2259 habeat?
703 2202 976 2280 Nunquid
1012 2204 1144 2275 fides
1177 2207 1382 2281 poterit
1427 2202 1651 2259 salvare

285 2284 452 2340 eum?
479 2285 548 2339 Et
575 2283 768 2341 addit:
820 2283 1042 2352 Videtis,
1075 2287 1339 2363 quoniam
1366 2303 1437 2341 ecc
1476 2287 1652 2358 operi-

286 2366 739 2440 busjustificatur
765 2370 936 2428 homo.
968 2375 1019 2423 et
1058 2387 1167 2424 non
1186 2387 1259 2424 em
1276 2369 1379 2441 fide
1406 2376 1647 2424 tantum.

288 2450 358 2503 Et
401 2447 635 2505 tandem
677 2451 999 2507 concludit:
1044 2449 1204 2508 Sicut
1255 2454 1401 2507 enim
1454 2468 1651 2523 corpus

288 2532 404 2586 sine
449 2532 654 2602 spiritu
691 2540 968 2588 mortuum
1015 2540 1108 2602 est,
1144 2536 1223 2590 ila
1268 2541 1318 2590 ct
1363 2533 1497 2599 fides
1533 2535 1650 2589 sine

287 2612 537 2684 operibus
580 2620 797 2668 mortua
836 2622 930 2671 est.
964 2617 1098 2679 Qum
1141 2615 1470 2672 testimonia
1516 2620 1651 2672 sunt

290 2692 432 2750 adeo
454 2693 765 2766 perspicua,
793 2700 853 2749 ut
874 2696 1187 2752 Lutherani
1210 2711 1278 2751 ea
1306 2695 1650 2753 labefactare

288 2791 407 2833 non
438 2777 709 2840 valenteS,
739 2778 1076 2850 negaverint
1101 2777 1472 2851 impudenter
1494 2779 1652 2852 epis-

287 2857 463 2916 tolam
510 2859 571 2913 l).
602 2854 794 2914 Jacobi
821 2871 942 2914 esse
982 2859 1337 2925 canonicam,
1370 2863 1432 2915 ut
1476 2860 1650 2917 refert

284 2942 499 3014 Xystus
537 2940 807 2997 Senensis
850 2941 942 2996 lib.
976 2945 1031 3008 7,
1075 2942 1256 2998 haeres,
1288 2944 1341 2998 9.
1374 2941 1479 2999 Sed
1521 2960 1650 3000 eam

285 3037 408 3077 esse
457 3036 681 3077 sacram
746 3019 1061 3077 declaravit
1115 3023 1330 3079 Concil.
1386 3022 1644 3080 Trident.

288 3121 414 3160 sess.
439 3105 495 3169 4,
527 3109 584 3160 et
608 3103 809 3160 docent
840 3104 1197 3161 unanimiter
1219 3121 1420 3162 omnes
1448 3109 1651 3165 Docto-

291 3200 381 3242 res
428 3185 723 3242 Catholici.
768 3187 882 3241 Nec
925 3183 1130 3241 desunt
1179 3186 1296 3242 alia
1344 3187 1652 3260 Scripturae

288 3266 638 3332 testimonia,
687 3281 814 3338 quaa·
859 3264 1103 3322 eandem
1150 3267 1453 3324 veritatem
1499 3270 1652 3326 clare

288 3348 652 3417 confirmant,
674 3355 736 3405 ut
755 3348 1078 3406 Ecclesiast.
1111 3351 1129 3405 l
1153 3371 1166 3407 ε
1193 3350 1305 3424 Qui
1323 3352 1439 3405 sine
1460 3352 1652 3407 timore

287 3438 380 3499 est,
403 3449 512 3487 non
530 3433 725 3505 poterit
740 3432 1060 3502 justificari.
1088 3432 1163 3486 Et
1185 3433 1231 3498 l,
1256 3433 1422 3488 Joan.
1450 3432 1514 3488 3:
1541 3432 1653 3505 Qui

289 3527 400 3565 non
422 3513 622 3582 diliyit,
652 3518 836 3574 manet
862 3513 923 3566 in
948 3517 1138 3566 morte.
1168 3513 1354 3568 Actor.
1383 3513 1448 3567 3:
1473 3513 1654 3570 Poeni·

290 3594 499 3659 temini,
525 3599 573 3646 et
599 3593 1000 3660 convertimini,
1033 3599 1094 3648 ut
1118 3593 1405 3649 deleantur
1423 3601 1652 3668 peccata

288 3679 487 3728 vestra.
533 3674 603 3727 Et
647 3673 762 3729 alia
807 3674 1019 3745 passim
1047 3681 1378 3740 occurrunt,
1405 3692 1652 3749 quorum

287 3756 480 3829 aliqua
525 3761 557 3827 g
602 3773 709 3833 seq.
761 3756 1171 3828 expendemus,
1220 3760 1465 3815 Econtra
1512 3774 1653 3815 vero

286 3840 484 3896 nullus
521 3840 583 3896 in
604 3840 898 3912 Scriptura
928 3839 1213 3911 reperitur
1243 3842 1414 3906 locus,
1451 3841 1512 3897 in
1540 3856 1652 3914 quo

286 3921 529 3986 dicatur,
554 3921 689 3979 Sola
727 3922 857 3993 fides
886 3922 1180 3993 justificat,
1213 3923 1305 3977 vel
1345 3921 1480 3978 Sola
1518 3922 1653 3987 fides

284 4006 510 4078 sufficit.
542 4003 649 4060 Sed
672 4004 969 4071 Lutherus‚
1002 4021 1134 4061 cum
1155 4020 1283 4061 eam
1308 4005 1651 4077 particulam

285 4087 422 4153 sola,
455 4100 574 4141 non
601 4092 785 4157 posset
813 4085 875 4141 in
904 4085 1200 4158 Scriptura
1222 4085 1512 4149 invenire,
1547 4101 1654 4141 au-

286 4183 385 4223 sus
411 4172 496 4223 est
515 4167 679 4223 illam
709 4164 917 4224 addere
936 4168 997 4222 in
1016 4185 1136 4240 cap.
1172 4167 1225 4235 3,
1256 4168 1412 4238 epist.
1445 4167 1519 4221 ad
1545 4166 1654 4224 Ro-

287 4265 443 4304 man.
474 4250 589 4304 Nec
627 4246 955 4305 admonitus
994 4249 1171 4304 aliam
1215 4246 1650 4320 responsionem

291 4327 575 4394 adhibuit,
601 4345 773 4402 quam
795 4328 865 4388 Si
889 4330 1025 4396 vole,
1050 4331 1131 4385 sic
1141 4329 1323 4401 jubae,
1349 4333 1423 4385 sit
1441 4347 1540 4403 pro
1562 4347 1655 4385 ra·

291 4413 436 4468 tione
463 4412 738 4478 voluntem,
770 4416 832 4467 ut
860 4411 1035 4468 refert
1069 4413 1322 4468 Becanus
1348 4429 1472 4484 cap.
1503 4414 1557 4480 2,
1591 4411 1656 4466 de

291 4493 591 4567 Justificat.
644 4493 969 4552 Calvinian.
1015 4500 1194 4572 quaest.
1237 4496 1296 4550 6.
1338 4495 1653 4551 Lutherum

291 4581 503 4652 autem,
532 4582 588 4633 et
612 4593 877 4650 sequaces
897 4576 1135 4634 damnat
1155 4577 1368 4634 Concil.
1389 4575 1652 4633 Trident.

290 4673 422 4714 sess
450 4660 505 4727 6,
537 4676 661 4715 can.
694 4659 748 4726 9,
781 4659 872 4714 his
911 4656 1105 4714 verbis
1131 4679 1145 4713 ε
1176 4655 1245 4715 Si
1272 4660 1395 4735 quis
1421 4658 1650 4723 dixerit,

291 4739 408 4794 sola
434 4740 537 4809 fide
563 4741 800 4813 impium
809 4739 1136 4811 justificari,
1169 4740 1251 4794 ita
1292 4746 1351 4793 ut
1387 4737 1655 4807 inteltiyat

293 4823 436 4879 nihil
474 4822 633 4878 atiud
670 4824 902 4899 requiri,
949 4822 1091 4899 quod
1129 4822 1204 4877 acl
1232 4821 1658 4894 justificationis

289 4906 536 4976 qratiam
575 4904 1003 4982 consequendam
1048 4911 1376 4977 cooperetur,
1407 4911 1457 4959 et
1502 4902 1657 4958 nulla

292 5002 366 5042 ecc
380 4994 540 5061 parte
562 5003 764 5042 necesse
783 5002 893 5041 esse
913 5002 1038 5041 eum
1057 5003 1164 5041 susc
1186 4983 1490 5040 voluntatis
1508 4990 1659 5041 motu

290 5071 619 5144 praeparari,
651 5075 815 5147 atque
840 5070 1079 5143 disponi,
1109 5069 1407 5125 anathema
1432 5069 1525 5123 sit.

3040 419 3151 476 543

1862 587 1916 644 9.
1949 587 2168 645 Deinde
2210 588 2484 662 probatur
2525 591 2765 659 ratione,
2798 592 2933 666 quia
2977 591 3152 648 homo
3197 611 3338 660 Ratio.

1788 682 1906 722 non
1954 667 2205 725 incurrit
2247 677 2533 743 peccatum
2581 675 2847 741 mortale,
2889 673 3001 729 nisi
3051 689 3152 746 per

1788 753 1977 804 actum
2005 752 2318 807 voluntatis
2346 759 2639 811 avertatur
2681 771 2713 810 a
2755 758 2882 821 Dec,
2914 761 2970 812 et
3009 772 3151 812 con-

1785 836 2046 891 vertatur
2074 833 2145 890 ad
2172 841 2494 894 creaturam
2523 859 2536 894 ε
2566 854 2702 913 ergo
2731 838 2903 896 homo
2932 854 3050 896 non
3076 836 3153 893 li-

1786 911 2021 970 beratur
2048 932 2082 971 a
2123 922 2347 988 peccato
2389 921 2642 986 mortali,
2677 920 2791 976 nisi
2820 937 2922 993 per
2966 925 3155 976 actum

1785 996 2103 1053 voluntatis
2125 1005 2422 1057 avertatur
2448 1018 2481 1057 a
2521 1007 2802 1068 creatura,
2833 1008 2890 1059 et
2914 1016 3158 1059 conver-

1784 1081 1940 1135 tatur
2001 1080 2341 1144 adDeum:
2395 1100 2530 1158 ergo
2577 1083 2647 1140 ad
2688 1083 3158 1158 justificationem

1785 1159 1958 1233 impii
1999 1177 2115 1220 non
2155 1164 2360 1221 sufficit
2406 1170 2595 1222 motus
2633 1164 2786 1233 fidei,
2832 1167 2928 1239 qui
2967 1167 3157 1223 solum

1785 1241 2060 1299 immutat
2087 1243 2459 1312 intellectum,
2488 1246 2550 1302 in
2578 1262 2690 1318 quo
2718 1252 3006 1319 peccatum
3038 1262 3156 1303 non

1784 1331 2254 1394 consummatum
2286 1326 2384 1382 sed
2410 1327 2725 1399 requiritur
2747 1329 2922 1385 etiam
2946 1327 3159 1400 aliquis

1785 1409 1941 1460 actus
1979 1421 2050 1462 ex
2077 1412 2237 1479 parte
2265 1408 2601 1478 voluntatiS,
2635 1408 2699 1465 in
2740 1426 2851 1483 qua
2891 1424 3158 1467 consum-

1785 1490 1980 1542 matur
2008 1493 2323 1559 peccatum.
2353 1492 2538 1554 Quam
2569 1490 2854 1547 rationem
2885 1488 3156 1563 proponit

1786 1570 1851 1626 D.
1873 1569 2079 1627 Thom.
2105 1572 2164 1625 in
2181 1588 2336 1643 prais.
2363 1580 2474 1629 art.
2500 1574 2554 1639 5,
2584 1573 2674 1629 his
2696 1572 2887 1632 verbis
2914 1594 2927 1629 ε
2964 1594 2991 1625 α
3019 1573 3154 1626 Jus-

1791 1674 1818 1706 «
1860 1651 2093 1711 tificatio
2143 1654 2311 1729 impii
2364 1662 2448 1713 est
2499 1656 2735 1729 quidam
2783 1662 2990 1721 motuS,
3041 1671 3154 1728 quo

1792 1756 1817 1787 ιι
1861 1733 2118 1791 humana
2169 1753 2334 1793 mens
2373 1743 2638 1795 movetur
2680 1755 2713 1795 a
2760 1740 2873 1795 Deo
2924 1754 2957 1794 a
3001 1742 3152 1793 statu

1789 1837 1815 1870 α
1863 1817 2069 1888 peccati
2093 1818 2155 1873 in
2182 1824 2393 1875 statum
2410 1820 2667 1893 justitiae.
2696 1823 2929 1893 Oportet
2951 1820 3150 1894 igitur,

1792 1920 1817 1952 «
1859 1899 2008 1972 quod
2037 1900 2293 1958 humana
2320 1917 2483 1959 mens
2510 1918 2569 1958 se
2596 1901 2801 1959 habeat
2827 1902 2897 1959 ad
2922 1909 3153 1958 utrum·
3226 1917 3240 1927 ·

1792 2002 1817 2033 α
1858 1997 1968 2053 que
2005 1988 2331 2039 extremum
2370 1983 2684 2040 secundum
2727 1991 2945 2041 motum
2978 1983 3148 2040 liberi

1791 2082 1816 2113 «
1861 2060 2091 2118 arbitrii
2121 2083 2135 2118 ε
2164 2063 2310 2119 sicut
2346 2079 2406 2120 se
2446 2062 2615 2120 habet
2645 2080 2849 2136 corpus
2889 2064 3148 2120 localiter

1789 2162 1814 2193 α
1862 2147 2083 2199 motum
2125 2141 2196 2198 ab
2236 2143 2429 2216 aliquo
2467 2148 2735 2200 movente
2763 2142 2833 2199 ad
2861 2142 3000 2199 duos
3026 2150 3148 2200 ter-

1788 2243 1814 2274 «
1859 2223 2051 2280 minos
2078 2231 2283 2282 motus,
2316 2226 2688 2283 Manifestum
2715 2232 2799 2282 est
2843 2231 3055 2292 autem,
3082 2227 3147 2283 in

1790 2324 1815 2357 α
1859 2311 2015 2360 motu
2047 2305 2215 2362 locali
2243 2323 2568 2379 corporum,
2613 2306 2762 2379 quod
2789 2323 2991 2378 corpus
3020 2324 3150 2365 mo-

1790 2405 1815 2436 «
1860 2388 1981 2439 tum
2007 2386 2217 2442 recedit
2238 2403 2271 2443 a
2291 2387 2543 2444 termino
2565 2403 2597 2443 a
2618 2403 2747 2459 quo,
2768 2391 2823 2442 et
2848 2387 3058 2444 accedit
3080 2388 3152 2445 ad

1790 2486 1815 2517 α
1859 2466 2177 2522 terminum
2207 2467 2276 2524 ad
2304 2483 2500 2542 quem.
2531 2467 2696 2524 Unde
2722 2474 2962 2540 oportet,
3002 2469 3153 2541 quod

1790 2567 1816 2599 α
1858 2561 2023 2602 mens
2052 2547 2326 2614 humana,
2352 2549 2492 2605 dum
2514 2548 2878 2622 justificatur,
2909 2567 3009 2623 per
3034 2566 3153 2607 mo-

1790 2648 1815 2678 «
1860 2631 1979 2681 tum
2011 2626 2180 2683 liberi
2227 2628 2459 2685 arbitrii
2501 2629 2723 2686 recedat
2750 2646 2783 2686 a
2827 2636 3067 2702 peccato,
3098 2637 3156 2687 et

1791 2730 1816 2762 «
1858 2708 2084 2765 accedat
2128 2709 2199 2766 ad
2239 2711 2546 2784 Justitiam,
2594 2718 2697 2768 etc.
2739 2732 2764 2763 »
2813 2713 2882 2767 Et
2920 2714 2955 2767 3
2999 2721 3153 2785 part.

1783 2799 1968 2869 quoest.
1998 2793 2092 2859 85,
2141 2800 2249 2849 art.
2295 2797 2349 2860 2,
2398 2793 2593 2848 addit.-
2628 2794 2903 2851 «Offensa
2947 2797 3155 2867 peccati

1791 2894 1817 2925 «
1867 2873 2131 2930 mortalis
2176 2873 2429 2946 procedit
2467 2892 2538 2932 ex
2577 2891 2662 2942 eo,
2694 2875 2845 2949 quod
2884 2879 3154 2934 voluntas

1792 2975 1818 3006 α
1866 2954 2122 3011 hominis
2173 2961 2258 3011 est
2301 2972 2504 3013 aversa
2545 2973 2577 3012 a
2605 2958 2718 3014 Deo
2767 2975 2866 3031 per
2908 2959 3153 3015 conver-

1792 3057 1817 3088 «
1860 3035 2082 3092 sionem
2149 3036 2219 3092 ad
2279 3038 2509 3111 aliquod
2560 3038 2776 3096 bonum
2827 3046 3152 3097 commuta-

1792 3139 1818 3171 α
1861 3117 1994 3175 bile.
2043 3118 2206 3176 Unde
2254 3122 2571 3194 requiritur
2620 3121 2689 3177 ad
2742 3122 3150 3179 remissionem

1790 3219 1815 3251 «
1859 3199 2077 3257 divinae
2141 3200 2388 3267 offensae,
2445 3201 2593 3275 quod
2638 3204 2907 3259 voluntas
2955 3202 3151 3259 homi-

1792 3301 1817 3332 «
1862 3279 1953 3334 nis
1989 3279 2071 3336 sic
2123 3280 2482 3349 immutetur,
2530 3287 2591 3336 ut
2650 3286 3026 3339 convertatur
3077 3282 3149 3338 ad

1793 3382 1818 3414 α
1862 3363 2040 3417 Deum
2109 3377 2238 3417 cum
2302 3361 2679 3421 detestatione
2755 3363 3151 3421 conversionis

1792 3462 1818 3493 α
1861 3438 2160 3512 praedictae.
2190 3460 2215 3492 ι)

1869 3524 1953 3578 10.
1978 3520 2086 3579 Sed
2113 3537 2362 3594 oppones
2386 3524 2574 3596 primo
2608 3545 2621 3579 ε
2661 3524 2795 3597 quia
2824 3540 3007 3580 unum
3033 3541 3152 3598 pec·
3192 3549 3339 3602 omo.

1787 3608 1974 3661 catum
2022 3603 2265 3660 mortale
2291 3603 2418 3661 sine
2463 3603 2578 3660 alio
2620 3620 2735 3662 non
2786 3606 3101 3663 remittitur
3136 3628 3148 3664 ι
3183 3604 3338 3645 ²¹⁰⁰&-

1787 3703 1922 3762 ergo
1959 3685 2010 3741 si
2056 3685 2127 3742 ad
2170 3687 2572 3744 remissionem
2621 3689 2828 3760 peccati
2888 3690 3153 3747 mortalis

1789 3768 2179 3841 requireretur
2207 3772 2396 3826 motus
2423 3767 2593 3824 liberi
2626 3768 2856 3824 arbitrii
2888 3769 3034 3825 illud
3061 3769 3154 3827 de·

1786 3848 2067 3913 testantis,
2101 3864 2241 3920 opus
2268 3853 2414 3905 esset
2434 3849 2662 3923 singula
2685 3856 2907 3921 peccata
2934 3855 3153 3906 morta-

1788 3931 1869 3987 lia
1923 3930 1985 3985 in
2051 3930 2293 3987 instanti
2340 3930 2765 4005 justificationis
2806 3932 3117 4005 recogitare
3136 3956 3151 3999 ;

1788 4010 1988 4084 nequit
2008 4011 2166 4067 enim
2196 4012 2461 4069 voluntas
2484 4011 2626 4067 ferri
2657 4011 2718 4067 in
2742 4027 2856 4068 non
2885 4012 3110 4086 cognita
3138 4032 3151 4067 ε

1787 4094 1885 4150 sed
1904 4093 2018 4150 hoc
2047 4109 2165 4151 non
2206 4099 2441 4167 apparet
2490 4093 2780 4166 possibile,
2834 4094 3152 4167 praesertim

1789 4173 1852 4230 in
1880 4173 2155 4230 maximis
2190 4174 2577 4248 peccatoribus
2612 4196 2624 4231 :
2654 4191 2788 4249 ergo
2810 4191 2928 4232 non
2960 4177 3156 4249 requi-

1789 4256 1941 4311 ritur
1974 4260 2163 4313 motus
2193 4255 2362 4312 liberi
2392 4255 2621 4312 arbitrii
2653 4255 2722 4312 ad
2751 4256 3153 4313 remissionem

1790 4335 2018 4408 peccati.
2062 4334 2354 4403 secundm
2410 4351 2546 4393 nam
2588 4336 2773 4410 maj0r
2808 4342 2891 4392 est
2919 4336 3155 4393 miseri-

1787 4415 1984 4472 cordia
2031 4415 2151 4483 Dei,
2192 4431 2365 4487 quam
2414 4413 2809 4472 misericordia
2856 4410 3150 4474 hominis:

1788 4494 1887 4553 sed
1945 4497 2117 4554 homo
2170 4496 2415 4553 remittit
2477 4495 2754 4553 offensam
2818 4495 3151 4564 offendenti,

1790 4577 1923 4634 licet
1948 4577 2040 4634 hic
2068 4594 2185 4635 non
2214 4576 2418 4635 habeat
2446 4593 2663 4634 novum
2692 4583 2914 4634 motum
2944 4581 3153 4636 volun-

1790 4657 1926 4713 tatis
1956 4672 2128 4731 :ergo
2155 4663 2211 4713 et
2234 4658 2399 4714 Deus,
2446 4657 2660 4723 Tertio,
2697 4658 2972 4729 quoniam
3010 4662 3156 4715 Deus

1792 4756 1911 4798 non
1938 4738 2109 4797 habet
2132 4740 2421 4798 minorem
2437 4742 2733 4806 virtutem,
2753 4747 2810 4798 et
2829 4741 3155 4800 misericor·

1792 4822 1951 4879 diam
1977 4838 2114 4896 erga
2160 4820 2402 4889 adultoS,
2439 4839 2613 4896 quam
2640 4822 2792 4879 circa
2840 4825 3106 4895 parvulos
3145 4849 3157 4862 ·

1790 4903 1888 4960 sed
1912 4905 2058 4959 Deus
2088 4902 2331 4959 remittit
2355 4904 2612 4975 parvulis
2639 4909 2928 4977 peccatum
2950 4904 3158 4978 absque

1793 4987 1916 5043 ullo
1973 4984 2288 5042 voluntatis
2334 4985 2591 5059 ipsorum
2646 4990 2803 5043 motu
2857 5007 2869 5042 :
2918 5002 3052 5061 ergo
3104 4994 3162 5045 et

1793 5065 2026 5124 adultis.
2056 5067 2264 5122 Nullus
2296 5066 2473 5142 igitur
2500 5066 2815 5124 voluntatis
2842 5071 3029 5124 motus
3056 5067 3161 5126 de-
