3647 5753
1515 491 1692 549 msP.
1736 493 1833 562 ιν,
1876 495 2042 553 nun.
2074 498 2119 555 1.
3069 500 3185 554 717

321 652 780 722 propriammercedem
798 658 976 712 accipiet
1004 664 1227 709 secundum
1258 666 1468 720 proprium
1487 667 1689 714 laborem.

319 710 406 755 Sed
436 711 616 756 charitas
647 715 777 767 magis
794 716 988 762 diminuit
1022 722 1219 774 laborem,
1245 735 1366 778 qnam
1392 732 1568 779 augeam
1595 728 1692 781 quia

319 766 429 833 sicut
447 771 619 835 August.
643 771 747 836 dicit
768 772 809 815 in
828 775 903 818 lib.
924 775 977 819 de
1003 778 1145 822 verbis
1172 782 1339 825 Domini
1364 801 1375 825 =
1403 783 1546 826 Omnia
1565 794 1690 837 saeva,

318 828 363 889 et
388 836 597 880 intumum,
626 828 785 894 facilia..
807 836 849 874 et
875 842 1001 885 prope
1029 836 1139 879 nulla
1171 837 1267 880 facit
1293 848 1422 882 amor.
1460 843 1571 893 Ergo
1598 841 1693 885 clia·

321 885 424 980 ¹¹5³?
451 893 533 926 non
560 890 623 928 est
655 887 923 939 principalius
952 890 1199 945 principium
1225 894 1458 951 merendi.q
1475 907 1570 940 uam
1609 897 1692 941 alia

319 947 390 982 vir
408 948 472 982 us.

367 997 575 1042 Praeterea
603 1016 614 1042 ι
647 999 727 1044 Illa
755 1002 888 1045 virtus
916 1003 1081 1047 videtur
1115 1006 1387 1060 principalius
1415 1018 1511 1054 esse
1538 1009 1693 1062 princi-

235 1076 238 1079 ·
320 1052 430 1107 pium
470 1056 675 1108 merendi,
701 1059 819 1111 cujus
854 1066 969 1104 actus
1006 1068 1100 1105 sunt
1139 1065 1315 1109 maxime
1349 1066 1568 1111 meritorii.
1606 1065 1693 1111 Sed

320 1109 497 1155 maxime
521 1112 725 1158 meritorii
762 1115 956 1159 videntur
982 1127 1075 1161 esse
1105 1126 1222 1162 actus
1255 1120 1368 1173 ndei,
1388 1127 1431 1165 et
1461 1121 1689 1175 patientiae,

318 1175 409 1232 sive
438 1168 712 1221 tortitudinis,
740 1172 848 1215 sicut
872 1179 984 1225 patet
1019 1175 1063 1218 in
1089 1178 1356 1230 martyribus,
1388 1178 1457 1231 qui
1494 1189 1568 1231 pro
1609 1178 1692 1221 ilde

319 1229 539 1285 pattenter,
578 1232 620 1270 et
650 1227 813 1272 sortiter
838 1239 965 1283 usque
989 1231 1043 1273 ad
1073 1239 1244 1276 mortem
1280 1239 1557 1277 certaverunt.
1578 1235 1691 1286 Ergo

317 1278 618 1379 {magnates
653 1283 922 1337 principalius
955 1292 1051 1329 suut
1068 1287 1316 1341 principium
1342 1288 1548 1340 merendi,
1567 1299 1691 1342 quam

402 1346 421 1378 r
481 1347 515 1379 s.

371 1395 455 1441 Sed
473 1400 613 1438 centra
630 1401 709 1448 est,
727 1398 834 1451 quod
852 1399 1056 1442 Dominus
1071 1402 1196 1443 Joan.
1221 1403 1281 1451 14,
1306 1400 1436 1445 dicit:
1457 1401 1500 1444 Si
1515 1401 1609 1454 quis
1628 1399 1690 1445 di·

321 1451 415 1506 ligii
449 1461 528 1503 me,
560 1451 758 1504 diligetur
786 1465 809 1497 a
839 1456 962 1500 Patre
990 1466 1082 1500 meo
1106 1475 1117 1499 :
1149 1463 1190 1501 ot
1218 1467 1297 1510 ego
1331 1457 1501 1510 diligam
1519 1467 1629 1509 curn.
1648 1464 1691 1502 et

322 1510 593 1555 manifestabo
623 1511 662 1554 ei
694 1512 908 1564 meipsum.
941 1515 1025 1558 Sed
1057 1517 1098 1557 ln
1119 1516 1335 1560 manifesta
1352 1515 1433 1560 Dei
1452 1515 1690 1566 cognitione

319 1566 511 1613 consistit
536 1566 617 1610 vita
646 1573 816 1620 aeterna.
845 1570 1071 1614 secundum
1099 1571 1203 1614 illud
1235 1573 1356 1616 Joan.
1393 1574 1437 1614 17
1460 1574 1589 1615 :Haec
1626 1578 1691 1616 est

320 1625 403 1670 vita
424 1629 594 1676 aeterna.
616 1630 659 1668 ιιι
678 1632 926 1678 cognoscant
945 1632 986 1672 tc
1004 1629 1134 1672 solum
1161 1631 1296 1673 Deum
1315 1639 1455 1673 verum
1474 1634 1517 1672 et
1534 1629 1686 1673 vivum.

316 1683 431 1734 Ergo
461 1681 650 1726 meritum
684 1682 782 1725 vita:
818 1691 988 1727 aeternae
1018 1686 1195 1729 maxime
1223 1684 1379 1730 residet
1405 1696 1534 1739 penes
1558 1684 1690 1729 chari-

318 1741 458 1781 tutem.

366 1797 618 1847 Respondeo
638 1798 873 1850 dicendum,
894 1800 1002 1853 quod
1035 1799 1141 1843 sicut
1160 1809 1212 1844 cx
1232 1799 1358 1843 dictis
1387 1799 1519 1854 accipi
1539 1805 1687 1853 potest,

319 1852 516 1898 humanus
545 1863 661 1899 actus
691 1858 813 1902 habel
848 1858 1051 1905 rationem
1071 1860 1260 1904 merendi
1282 1869 1333 1903 ex
1353 1859 1527 1903 duobus.
1548 1859 1688 1904 Primo

317 1911 500 1964 quidem,
531 1919 572 1958 et
608 1915 898 1969 principaliter
931 1927 982 1960 ex
1002 1917 1143 1960 divina
1166 1917 1445 1967 ordinatione.
1463 1917 1688 1962 secundum

317 1970 425 2023 quod
445 1977 560 2014 actus
579 1972 732 2017 (licitur
751 1985 844 2018 csse
863 1975 1099 2020 meritorius
1113 1975 1227 2020 illius
1244 1976 1358 2022 boni.
1372 1976 1425 2019 ad
1438 1976 1547 2029 quod
1566 1977 1687 2020 homo

317 2029 522 2073 divinitus
544 2031 773 2076 ordinatur.
796 2035 986 2078 Secundo
1017 2046 1116 2079 vero
1133 2046 1185 2079 ex
1216 2040 1329 2089 parte
1356 2034 1475 2079 liberi
1503 2033 1685 2086 arbitrii,

316 2085 360 2129 in
390 2092 583 2139 quantum
617 2088 814 2132 videlicet
832 2090 952 2134 homo
978 2090 1099 2134 habet
1116 2103 1202 2143 pra:
1219 2091 1384 2135 caeterls
1407 2090 1623 2140 creaturis,
1643 2095 1687 2134 ut

314 2150 390 2194 per
406 2152 452 2185 se
469 2149 562 2193 agat
580 2144 791 2188 voluntate
808 2157 949 2199 agens.
972 2150 1025 2189 Et
1043 2153 1236 2201 quaiitum
1255 2147 1307 2189 ad
1336 2152 1549 2199 utrumque
1576 2146 1685 2200 prin·

315 2198 505 2250 cipalitas
525 2201 661 2244 meriti
676 2213 801 2254 penes
820 2203 1062 2247 charitatem
1082 2204 1284 2247 consistit.
1304 2204 1445 2246 Primo
1461 2204 1572 2247 enim
1592 2214 1686 2247 con·

312 2254 583 2300 siderandum
600 2261 803 2313 est,11uod
824 2261 907 2304 vita
927 2266 1136 2304 aeternam
1152 2261 1231 2305 Dei
1252 2260 1450 2305 fruitione
1468 2261 1684 2314 consistit;

318 2319 450 2356 ntotus
466 2322 601 2358 autem
622 2316 807 2361 hunnunae
827 2319 977 2362 mentis
1004 2318 1057 2361 ad
1077 2318 1315 2362 fruitionem
1343 2317 1477 2361 divini
1505 2319 1602 2363 boui
1621 2326 1686 2364 est

312 2368 505 2422 proprius
518 2377 632 2413 artus
651 2373 879 2423 charitatis
895 2384 967 2426 per
985 2383 1107 2427 quem
1119 2384 1261 2417 omnes
1279 2379 1393 2417 actus
1409 2374 1584 2419 aliarum
1603 2375 1685 2419 vir-

316 2428 444 2468 tuturu
463 2427 706 2471 ordinantur
726 2427 768 2471 in
785 2430 891 2472 hunc
911 2431 1047 2480 tinem,
1066 2430 1292 2474 secundum
1311 2429 1419 2483 quod
1439 2429 1534 2474 aliae
1560 2432 1685 2475 virtu·

317 2485 382 2523 tes
403 2481 664 2533 imperantur
693 2496 715 2527 a
743 2485 953 2530 charitate.
976 2487 1029 2528 Et
1060 2484 1156 2528 ideo
1184 2484 1375 2529 meritum
1401 2485 1498 2528 vitae
1517 2493 1685 2532 aeternae

317 2536 451 2588 primo
471 2540 648 2590 pertinet
664 2540 717 2583 ad
735 2542 992 2593 charitatem.
1007 2542 1060 2585 ad
1078 2543 1183 2585 alias
1194 2548 1331 2586 autem
1349 2543 1524 2585 virtutes
1541 2553 1684 2588 secun-

318 2593 452 2642 dario.
484 2595 709 2640 secundum
736 2598 844 2650 quod
864 2608 1002 2642 earum
1021 2603 1135 2642 actus
1153 2611 1175 2641 a
1197 2600 1397 2642 charitate
1414 2599 1681 2652 imperantur.

310 2651 524 2695 Similiter
540 2653 665 2696 eliam
684 2654 942 2698 manifestum
961 2662 1038 2706 est.
1053 2656 1162 2710 quod
1177 2656 1220 2699 id
1238 2655 1348 2709 quod
1365 2665 1417 2699 ex
1429 2666 1570 2702 amore
1588 2657 1685 2702 faei-

317 2718 421 2756 mus,
454 2709 630 2752 maxime
666 2711 897 2756 voluntarie
931 2711 1126 2763 iacimus;
1164 2714 1273 2758 unde
1302 2712 1427 2757 etiam
1458 2714 1683 2759 secundum

310 2764 425 2818 quod
450 2764 503 2807 ad
533 2765 731 2809 rationem
758 2768 895 2811 meriti
925 2769 1160 2822 requiritur,
1180 2770 1287 2824 quod
1307 2770 1361 2814 sit
1391 2771 1679 2825 voluntarium,

314 2820 601 2874 principaliter
621 2823 808 2866 meritum
828 2825 1015 2869 charitati
1035 2827 1291 2870 attribuitur.

363 2880 429 2922 Ad
451 2880 624 2932 primum
641 2891 741 2935 ergo
759 2882 996 2935 dicendum,
1016 2887 1125 2938 quod
1143 2887 1323 2930 charitas
1340 2886 1384 2930 in
1402 2893 1594 2941 quantum
1614 2886 1681 2930 ha·

312 2936 385 2980 bct
405 2936 587 2980 ultimum
610 2938 730 2981 linem
752 2950 823 2991 pro
842 2940 1023 2993 objecto,
1043 2948 1179 2986 movet
1203 2944 1309 2987 alias
1328 2944 1501 2988 virtutes
1517 2944 1571 2987 ad
1586 2953 1680 2996 ope-

315 2993 485 3037 randum
506 3014 518 3045 ;
548 3005 712 3047 semper
735 3000 845 3041 enim
867 2999 1030 3041 habitus
1055 3000 1108 3042 ad
1128 3011 1246 3053 quem
1278 3000 1456 3055 pertinet
1476 3001 1586 3052 ilniS,
1607 3000 1680 3044 im-

315 3056 428 3102 perat
456 3051 635 3102 habitus,
652 3054 705 3095 ad
733 3063 835 3107 quos
855 3056 1065 3108 pertinent
1093 3067 1158 3109 ea,
1179 3068 1269 3111 quae
1295 3058 1462 3102 suntad
1480 3059 1617 3110 linem,
1638 3063 1681 3101 ut

308 3117 365 3151 ex
383 3119 503 3161 supra
522 3109 648 3152 dictis
668 3115 792 3163 patet.

361 3164 429 3207 Ad
457 3166 680 3209 secundum
713 3167 949 3219 dicendum,
982 3169 1088 3224 quod
1121 3180 1223 3223 opus
1239 3170 1408 3224 aliquod
1426 3174 1560 3223 potest
1585 3172 1702 3214 esse·

314 3220 580 3271 laboriosum,
610 3229 652 3267 et
684 3224 854 3269 difficile
883 3226 1121 3279 dupliciter.
1142 3229 1237 3272 Uno
1268 3227 1391 3271 modo
1407 3236 1460 3270 ex
1480 3226 1680 3278 magnitu-

305 3276 413 3321 dine
445 3278 598 3331 operis„
630 3287 673 3323 et
701 3282 763 3324 sic
780 3282 1019 3335 magnitudo
1046 3283 1204 3326 laboris
1223 3283 1401 3337 pertinet
1418 3282 1470 3326 ad
1488 3291 1681 3334 augmen·

314 3340 399 3379 tum
422 3336 559 3380 meriti
580 3357 589 3388 ;
611 3344 652 3382 et
676 3339 738 3382 sic
757 3340 933 3384 charitas
950 3352 1033 3384 non
1051 3342 1247 3385 diminuit
1267 3342 1463 3392 laborem.
1483 3340 1567 3384 imo
1583 3338 1680 3382 iacit

305 3393 484 3446 aggredi
515 3405 638 3448 opera
670 3398 867 3447 maxima;
896 3410 1041 3452 magna
1071 3398 1183 3443 enim
1214 3403 1419 3452 operatur,
1446 3397 1482 3442 si
1522 3403 1600 3447 est.
1637 3401 1681 3440 ut

306 3452 541 3504 Gregorius
570 3452 673 3495 dicit
698 3456 741 3497 in
772 3455 944 3507 quadam
975 3457 1145 3500 homilia
1180 3458 1278 3501 Alio
1299 3456 1420 3500 modo
1437 3466 1488 3500 ex
1514 3455 1680 3499 defectu

317 3505 447 3558 ipsius
474 3509 710 3561 operantis;
740 3511 958 3565 unicuique
984 3513 1096 3556 enim
1127 3519 1190 3558 est
1221 3513 1486 3563 laboriosum,
1516 3515 1559 3555 et
1576 3510 1679 3554 dissi-

318 3564 416 3612 cile.
432 3565 540 3617 quod
561 3576 641 3608 non
660 3574 841 3620 prompta
860 3570 1071 3613 voluntate
1091 3570 1185 3614 iacit
1206 3589 1217 3614 :
1240 3576 1285 3615 et
1308 3570 1405 3614 talis
1422 3569 1540 3613 labor
1558 3568 1679 3612 dimi-

322 3624 412 3662 nuit
430 3621 633 3669 meritum.
652 3628 695 3666 et
709 3634 731 3666 a
751 3624 949 3668 charitate
968 3626 1139 3670 tollitur.

369 3676 435 3719 Ad
453 3677 618 3722 tertium
632 3679 866 3733 dicendum,
879 3683 986 3735 qnod
1002 3683 1097 3727 litlei
1115 3687 1231 3727 actus
1247 3693 1330 3727 non
1348 3686 1413 3726 est
1426 3679 1676 3732 meritorius.

318 3730 401 3774 nisi
422 3732 526 3775 tides
539 3733 804 3779 ‹illectione-1
825 3745 1029 3789 operetur,
1052 3744 1091 3781 nt
1111 3739 1264 3785 dicitur
1277 3739 1329 3782 ad
1347 3737 1483 3781 Galat.
1503 3739 1542 3779 5.
1558 3736 1678 3780 Simi-

316 3788 415 3831 liter
443 3789 568 3832 etiam
591 3797 707 3835 actus
736 3793 956 3846 mitentiae.
976 3801 1020 3839 et
1054 3795 1315 3839 fortitudinis
1332 3805 1412 3839 non
1431 3799 1496 3838 est
1514 3792 1679 3837 merito·

314 3856 416 3894 tuus.
438 3844 518 3888 nisi
535 3847 687 3901 aliquis
703 3860 756 3894 ex
774 3850 971 3895 citarimte
998 3852 1085 3895 haec
1102 3858 1307 3905 operetur,
1326 3850 1551 3895 secuudum
1571 3848 1679 3893 illud

317 3904 331 3941 l
354 3899 408 3942 ad
427 3901 598 3945 Corinth
635 3907 706 3948 13:
728 3903 772 3947 Si
794 3906 1007 3950 tradidero
1026 3917 1173 3959 corpus
1191 3917 1339 3958 meum,
1361 3909 1418 3950 ita
1434 3912 1478 3949 ιιι
1493 3904 1676 3956 ardeam.

304 3958 550 4004 charitatem
568 3969 703 4008 autem
724 3975 805 4009 non
825 3965 1020 4018 habuero,
1041 3965 1145 4009 nihil
1164 3966 1263 4009 milii
1291 3966 1476 4021 prodest.

387 4060 722 4120 Conclusio:
747 4065 1022 4121 Meritum
1043 4065 1176 4122 vitas
1205 4071 1452 4131 aeternae,
1487 4063 1677 4138 primo

318 4143 567 4216 pertinet
603 4144 674 4202 ad
715 4147 1076 4214 charitatem,
1127 4146 1197 4203 ad
1244 4148 1388 4204 alias
1435 4146 1678 4203 virtutes

308 4225 668 4295 secundario,
699 4228 1016 4286 secundum
1037 4228 1188 4301 quod
1225 4245 1429 4287 earum
1459 4233 1616 4284 aetus
1645 4243 1678 4283 a

310 4306 593 4365 charitate
618 4309 1003 4382 imperantur.

606 4514 1205 4588 DISPUTATIO
1267 4516 1392 4587 IV.

319 4692 421 4756 De
449 4693 717 4761 actibus·
742 4693 905 4758 vitae
932 4698 1219 4759 aeternae
1246 4692 1668 4773 meritorii-3,

378 4808 443 4868 el
478 4802 565 4868 de
611 4802 905 4886 influoeu
933 4798 1303 4865 char-itatis
1341 4799 1419 4863 in
1452 4800 1638 4866 illo-9.

388 4952 782 5028 Explicuimus
812 4953 934 5027 J‘am
979 4950 1393 5016 necessitatem,
1423 4954 1478 5005 et
1516 4948 1676 5005 suffi-

315 5034 587 5091 cientiam
641 5034 843 5109 gratiae
912 5034 975 5090 in
1023 5032 1230 5091 ordine
1275 5031 1345 5089 ad
1393 5031 1672 5088 meritum

314 5115 446 5172 vitae
471 5121 730 5174 aeternae:
765 5120 915 5174 recto
956 5114 1161 5172 ordine
1187 5112 1460 5185 sequitur,
1506 5116 1568 5167 ut
1594 5111 1664 5169 de

1823 666 1964 740 ipsis
1991 669 2207 728 actibus
2245 677 2475 729 aeternae
2522 670 2655 727 vitae
2701 667 3018 725 meritoriis
3050 680 3182 722 cum

1823 750 1969 824 Aug.
2003 753 2238 811 Doctore
2269 753 2639 810 disseramus,
2686 753 2934 823 Agemus
2986 753 3180 803 autem

1825 828 1889 884 in
1910 835 2025 888 tota
2064 833 2169 890 hac
2208 833 2594 906 disputatione
2621 829 2691 886 de
2717 829 2925 886 merito
2953 826 3022 883 de
3042 841 3184 884 eon—

1823 907 2032 985 digno;
2080 929 2216 970 nam
2266 914 2541 970 meritum
2593 911 2782 968 solum
2823 907 2894 966 de
2929 923 3184 982 congruo

1823 1008 1943 1049 non
1970 993 2140 1053 habet
2167 997 2354 1053 locum
2379 996 2442 1052 in
2464 994 2669 1053 ordine
2696 990 2767 1048 ad
2807 991 2989 1047 vitam
3013 995 3184 1046 aeter-

1823 1088 1961 1130 nam
1983 1075 2318 1134 immediate
2334 1072 2816 1149 promerendam;
2861 1072 2981 1127 haec
3019 1070 3180 1126 enim

1823 1157 1973 1213 nulli
2002 1156 2173 1215 datur
2200 1158 2533 1217 immediate
2556 1161 2788 1230 propter
2810 1154 3089 1210 meritum
3114 1152 3185 1209 de

1820 1239 1943 1296 solo
1968 1256 2239 1315 congruo,
2272 1241 2391 1301 imo
2433 1258 2550 1299 non
2589 1239 2872 1314 congruit,
2906 1242 2967 1294 ut
3008 1235 3184 1292 alicui

1819 1320 2007 1394 gloria
2052 1322 2410 1392 concedatur,
2445 1322 2558 1379 nisi
2598 1326 2830 1393 propter
2866 1317 3076 1374 merita
3114 1315 3185 1374 de

1820 1400 2122 1478 condigno,
2153 1409 2209 1461 et
2231 1405 2661 1477 proportionale
2689 1399 2759 1456 ad
2781 1401 2921 1456 talia
2948 1397 3178 1464 merita,

1820 1485 2069 1556 exceptis
2121 1485 2261 1551 illis,
2311 1485 2519 1558 quibus
2570 1482 2742 1539 datur
2788 1480 2997 1553 absque
3044 1479 3184 1535 ullis

1823 1568 2073 1640 propriis
2100 1568 2325 1626 meritis
2352 1569 2540 1626 solum
2590 1583 2692 1640 per
2727 1562 2964 1621 modum
2994 1564 3181 1619 haere-

1819 1648 2033 1705 ditatis,
2060 1650 2129 1704 Et
2150 1649 2297 1707 ratio
2324 1654 2427 1715 est,
2455 1650 2593 1722 quia
2616 1645 2825 1720 gloria,
2853 1660 2978 1717 quae
3003 1648 3185 1716 poste-

1821 1730 1966 1787 riori
2011 1731 2183 1790 modo
2223 1748 2339 1790 non
2366 1731 2556 1797 datur,
2610 1728 2887 1786 tribuitur
2915 1743 3016 1800 per
3052 1742 3184 1783 mo·

1818 1813 1958 1870 dum
1998 1829 2256 1882 eor011ae3
2286 1813 2435 1887 quod
2457 1831 2593 1872 vero
2620 1812 2789 1870 datur
2812 1827 2913 1885 per
2941 1808 3179 1866 modum

1816 1912 2059 1962 coronae,
2087 1897 2237 1954 nulli
2258 1897 2426 1954 datur
2451 1898 2564 1953 nisi
2589 1902 2820 1970 propter
2842 1893 3053 1951 merita
3073 1891 3176 1949 tali

1817 1993 2029 2035 corona
2053 1978 2248 2053 digna.
2278 1982 2467 2044 Quare
2494 1978 2702 2035 merito
2721 1977 2911 2033 solum
2939 1973 3009 2031 de
3035 1988 3176 2031 con-

1815 2078 1961 2137 gruo
1990 2056 2187 2120 nullus
2214 2068 2395 2137 potest
2419 2060 2753 2118 immediate
2786 2059 2969 2115 vitam
3000 2063 3174 2114 aster-

1818 2162 1975 2213 nam,
2001 2147 2145 2203 sicut
2172 2162 2276 2203 nee
2302 2150 2675 2220 augmentum
2716 2142 2917 2218 gratiae
2941 2155 3175 2213 prome-

1818 2228 1956 2285 reri.
1988 2228 2270 2293 Diximus,
2296 2229 2476 2284 solum
2498 2227 2560 2282 cle
2580 2242 2815 2296 conyruo
2830 2242 2850 2292 ,·
2869 2223 3003 2297 quia
3031 2222 3178 2279 forte

1815 2311 2030 2367 nostris
2051 2312 2276 2367 meritis
2293 2312 2356 2366 in
2376 2311 2572 2366 Patria
2587 2307 2817 2365 dabitur
2838 2304 2907 2363 de
2921 2322 3174 2381 congruo

1816 2393 2025 2465 aliquis
2043 2393 2255 2468 gradus
2279 2393 2478 2467 gloriae
2508 2394 2659 2449 ultra
2674 2407 2821 2459 eam,
2849 2406 2972 2464 quae
2999 2388 3179 2447 debe-

1815 2479 1911 2530 tur
1927 2474 2048 2530 illis
2067 2473 2138 2531 de
2150 2474 2455 2547 condigno,
2482 2490 2549 2531 eo
2570 2471 2718 2546 quod
2744 2474 2888 2528 Deus
2911 2470 3179 2545 praemiat

1813 2573 1990 2630 supra
2015 2556 2383 2631 condignum,
2404 2554 2567 2631 juxta
2605 2571 2675 2612 ea
2707 2571 2833 2627 quae
2860 2555 3002 2628 disp.
3032 2572 3178 2629 prae-

1813 2640 1927 2695 ced.
1944 2657 2098 2695 num.
2117 2639 2207 2706 20,
2230 2636 2558 2694 dicebamus
2580 2657 2594 2692 :
2623 2635 2721 2692 sed
2737 2636 2842 2693 hoe
2857 2652 3175 2711 congruum

1813 2738 1933 2781 non
1958 2728 2044 2780 est
2068 2721 2279 2796 absque
2306 2720 2610 2795 condigno,
2635 2720 2733 2777 sed
2757 2720 2818 2776 in
2840 2719 2944 2777 illo
2971 2719 3178 2776 funda-

1812 2811 1927 2872 tur,
1958 2811 2152 2879 estque
2177 2805 2381 2879 majus
2418 2805 2508 2860 vel
2550 2803 2747 2858 minus
2781 2804 2945 2876 juxta
2986 2803 3176 2876 majo-

1814 2904 1959 2954 rem,
2011 2888 2103 2945 vel
2155 2889 2446 2944 minorem
2498 2891 2654 2942 actus
2698 2885 3168 2959 condignitatem.

1812 2969 2079 3025 Diximus
2116 2968 2292 3025 etiam
2344 2968 2658 3024 immediate
2672 2985 2692 3034 ,·
2735 2983 2872 3023 nam
2924 2967 3174 3024 mediate

1812 3050 1958 3108 bene
1986 3055 2166 3123 potest
2186 3051 2371 3123 justus
2417 3048 2630 3105 mereri
2659 3046 2729 3104 de
2772 3047 2893 3103 solo
2919 3062 3172 3121 congruo

1810 3131 1992 3188 vitam
2015 3136 2312 3194 aeternam,
2328 3134 2385 3185 et
2402 3129 2602 3203 gratiae
2619 3131 3012 3200 augmentum,
3034 3143 3170 3198 qua·

1810 3220 1976 3270 tenus
2005 3218 2186 3286 potest
2210 3210 2280 3268 de
2306 3227 2557 3285 congruo
2579 3207 2913 3265 immediate
2938 3223 3171 3279 prome-

1812 3295 1929 3351 reri
1958 3293 2157 3350 divina
2179 3292 2418 3356 auxilia,
2469 3297 2531 3347 ut
2556 3308 2682 3364 quae
2721 3289 2826 3346 sub
2862 3290 3068 3347 merito
3097 3289 3170 3347 de

1809 3375 2091 3450 condigno
2136 3389 2254 3431 non
2294 3371 2530 3445 cadunt;
2566 3377 2701 3428 sunt
2741 3378 2935 3428 tamen
2987 3371 3171 3444 ipsius

1808 3473 1978 3514 causa
2023 3462 2079 3513 et
2107 3455 2478 3529 principium.

2305 3639 2590 3694 DUBIUM
2630 3637 2674 3692 1.

1815 3797 2014 3855 Utrum
2039 3803 2196 3851 actus
2219 3795 2469 3850 aliarum
2500 3794 2791 3858 virtutum,
2825 3802 2883 3849 ut
2911 3796 3023 3849 sint
3063 3811 3170 3849 me·

1880 3880 2068 3935 ritorii
2111 3876 2487 3941 beatitudinis,
2536 3874 2761 3930 debeant
2807 3877 3075 3947 imperari
3128 3894 3166 3931 a

1882 3962 2170 4027 charitate,
2201 3966 2250 4015 et
2278 3960 2338 4014 in
2361 3959 2524 4030 finem
2543 3958 2662 4029 ejus
2682 3957 2925 4027 referri?

1894 4131 1938 4185 l.
1985 4123 2373 4199 Supponimus
2428 4124 2602 4187 actuS,
2658 4119 2757 4193 qui
2809 4135 2843 4176 a
2893 4118 3172 4176 charitate
3215 4141 3372 4194 supo-

3154 4200 3267 4239 .nen
3298 4191 3390 4236 ain

1808 4209 2140 4277 eliciuntur,
2189 4222 2311 4265 esse
2354 4204 2489 4261 vitae
2540 4209 2766 4260 aeternae
2799 4203 3167 4264 meritorios,
3196 4241 3275 4285 hoc
3294 4241 3370 4286 du·

1806 4291 1869 4349 id
1923 4290 2070 4365 quod
2122 4290 2416 4361 supposita
2472 4284 2734 4343 doctrina
2798 4283 3170 4356 praecedentis
3250 4291 3337 4336 bio.

1807 4374 2215 4447 disputationis
2235 4379 2320 4430 est
2336 4387 2437 4444 per
2457 4387 2517 4428 se
2546 4373 2768 4430 notum,
2795 4372 2850 4423 et
2884 4366 3034 4439 quod
3055 4369 3175 4423 tota

1808 4456 2104 4528 Scriptura
2138 4455 2483 4529 proclamat;
2526 4466 2629 4508 nee
2672 4449 2832 4507 enim
2874 4453 3030 4505 acius
3059 4446 3174 4504 ali-

1808 4537 1968 4612 cujus
2008 4536 2246 4593 alterius
2284 4532 2518 4591 virtutis
2548 4535 2780 4603 possunt
2824 4544 2946 4585 esse
2988 4528 3067 4584 ita
3100 4526 3172 4584 ad

1807 4618 1914 4674 hoc
1943 4616 2380 4690 proportionati,
2406 4614 2551 4670 sicut
2576 4611 2894 4668 eharitatis.
2946 4611 3173 4683 Suppo-

1807 4699 2006 4755 nimus
2039 4698 2216 4755 etiam
2256 4700 2410 4753 actus
2453 4694 2810 4766 reliquarum
2857 4693 3165 4756 virtutum,

1805 4783 2011 4839 saltem
2040 4784 2210 4854 prout
2243 4778 2314 4836 ab
2339 4776 2538 4835 eadem
2559 4777 2838 4833 charitate
2866 4775 3171 4846 imperan-

1805 4869 1921 4928 tur,
1947 4860 2406 4932 ordinanturque
2450 4856 2521 4914 ad
2565 4859 2686 4931 ejus
2726 4855 2923 4922 finem,
2952 4853 3165 4910 habere

1808 4945 2137 5020 praedictam
2168 4943 2450 5014 rationem
2478 4939 2694 4996 meriti.
2727 4938 2886 5003 Quod
2928 4936 3169 4993 deduci-

1805 5032 1902 5085 tur
1929 5026 2233 5083 manifeste
2276 5041 2349 5081 ex
2399 5039 2557 5079 sacra
2603 5021 2915 5092 Scriptura,
2948 5019 3011 5074 in
3051 5033 3161 5089 qua

1807 5124 1925 5167 non
1947 5106 2117 5165 modo
2140 5121 2243 5181 pro
2283 5103 2497 5162 actibus
2522 5100 2837 5164 charitatiS,
2864 5097 2962 5153 sed
2989 5097 3165 5154 etiam
