3647 5753
1342 383 1554 438 mse.
1598 384 1716 451 vn,
1764 384 1928 441 uns.
1973 386 2014 439 1.
3045 402 3103 456 η

224 548 405 635 catio,
440 574 502 626 et
534 564 951 625 indissolubilis
979 563 1323 638 conjunctio,
1355 568 1615 620 constare

226 658 424 725 potest
450 668 531 708 ex
558 650 726 707 dictis
762 650 900 721 disp.
931 650 985 716 4,
1017 648 1143 703 dub.
1168 649 1224 713 6,
1268 651 1324 702 et
1364 645 1614 718 amplius

220 732 532 792 constabit
550 747 622 789 ex
644 730 798 787 infra
818 728 1073 786 dicendis
1099 727 1228 783 dub.
1255 728 1310 782 4.

856 916 887 984 g
912 915 1002 969 ιν.

229 1066 538 1139 Resellitur
563 1063 789 1122 Molinae
812 1062 997 1135 opinio
1018 1060 1087 1115 ab
1108 1020 1618 1114 inconvenientibus

557 1163 672 1224 quse
699 1143 855 1199 illam
884 1146 1304 1215 consequuntur.

47 1314 216 1374 unua?
317 1296 401 1350 18.
450 1293 652 1350 Tertio
691 1292 952 1366 arguitur
986 1286 1302 1360 :quoniam
1335 1285 1385 1340 si
1421 1283 1611 1341 effica-

46 1370 216 1456 {aff-¹⁵
226 1378 317 1434 cia
336 1377 550 1451 gratiae
570 1381 896 1432 sumeretur
918 1372 988 1429 ab
1007 1371 1226 1434 effectu,
1252 1375 1308 1425 et
1328 1383 1446 1424 non
1465 1373 1610 1424 esset

46 1466 208 1507 ’θυίω-
226 1458 457 1531 aliquid
514 1456 876 1518 antecedens,
926 1458 1258 1527 sequeretur
1308 1449 1609 1506 discretio-

225 1555 367 1597 nem
397 1536 817 1597 consentientis
838 1552 871 1592 a
893 1550 1009 1591 non
1031 1531 1418 1590 consentiente
1446 1529 1609 1587 redu-

222 1621 476 1677 cendam
516 1636 644 1678 esse
689 1634 805 1675 non
847 1617 909 1672 in
944 1616 1210 1690 gratiam,
1241 1611 1339 1669 sed
1369 1611 1432 1667 in
1460 1610 1607 1667 libe-

226 1720 362 1761 rum
419 1694 742 1759 arbitrium
799 1721 813 1756 ε
866 1712 1212 1770 consequens
1272 1693 1608 1751 contradicit

46 1774 197 1868 iffi&
223 1784 507 1856 Apostolo
559 1785 606 1850 l,
637 1782 712 1837 ad
753 1780 1004 1838 Corinth.
1046 1780 1101 1845 4,
1137 1776 1233 1833 ubi
1268 1775 1348 1831 ait
1394 1795 1407 1829 ε
1456 1795 1481 1826 «
1522 1776 1606 1829 Ne

229 1888 256 1918 α
298 1882 484 1938 supra
505 1880 686 1938 quam
708 1863 986 1935 scriptum
1002 1864 1103 1926 est,
1125 1875 1274 1915 unus
1299 1873 1400 1930 pro
1422 1857 1605 1913 altero

229 1969 258 1997 (ι
301 1947 551 2003 infletur
596 1943 870 2001 adversus
899 1942 1164 1997 alterum.
1198 1938 1335 2003 Quis
1363 1936 1522 1993 enini
1550 1942 1604 1991 te

229 2050 258 2079 a
300 2026 629 2082 discernit?
656 2022 803 2088 Quid
843 2025 1033 2077 autem
1082 2018 1255 2086 habes
1299 2014 1448 2089 quod
1486 2031 1603 2072 non

227 2130 256 2159 a
301 2106 622 2178 accepisti?
660 2105 718 2160 Si
761 2108 952 2160 autem
988 2100 1269 2172 accepisti,
1312 2096 1448 2169 quid
1475 2098 1605 2170 glo-

227 2210 255 2239 «
299 2189 501 2252 riariS,
534 2187 701 2259 quasi
730 2182 1156 2253 non-acceperis
1176 2182 1203 2236 P
1244 2200 1269 2229 »
1304 2180 1452 2251 Ergo
1477 2176 1602 2233 effi-

217 2270 379 2327 cacia
422 2269 631 2343 gratiae
676 2282 794 2324 non
839 2263 910 2321 ab
948 2263 1145 2319 effectu
1186 2260 1457 2324 sumitur,
1502 2257 1601 2315 sed

224 2357 363 2407 ante
392 2351 569 2405 illum
599 2343 994 2404 constituenda
1020 2349 1122 2400 est.
1148 2341 1385 2414 Sequela
1406 2345 1602 2395 osten-

219 2430 422 2495 ditur;
474 2444 618 2485 nam
663 2422 866 2483 demus
905 2422 1046 2479 duos
1085 2421 1351 2478 homines
1400 2416 1598 2474 eadem

217 2513 415 2586 gratia
460 2510 768 2567 sufficienti
816 2506 1119 2580 praeveniri
1156 2525 1168 2559 ε
1199 2509 1331 2558 tunc
1369 2501 1432 2556 in
1471 2500 1600 2571 opi-

225 2593 407 2649 nione
425 2590 665 2648 Molinae
685 2588 810 2661 fieri
833 2592 1032 2660 potest,
1055 2581 1204 2657 quod
1226 2581 1434 2654 absque
1459 2582 1600 2636 ulte-

228 2673 377 2730 riori
401 2672 623 2728 auxilio
646 2687 793 2726 unus
814 2668 1149 2732 consentiat,
1181 2665 1362 2721 altero
1382 2662 1599 2718 dissen-

222 2756 425 2823 tiente,
460 2759 525 2810 ut
549 2768 815 2826 expresse
839 2749 1012 2806 tradit
1039 2745 1229 2804 verbis
1251 2760 1426 2817 supra
1455 2745 1599 2819 rela-

222 2837 298 2895 tis
333 2838 538 2911 :atqui
571 2837 689 2893 haec
726 2832 993 2891 discretio
1033 2829 1267 2887 actualis
1310 2827 1506 2900 nequit
1534 2827 1596 2883 in

219 2919 476 2993 gratiam
507 2915 739 2983 reduci;
768 2911 1051 2985 siquidem
1080 2916 1315 2982 uterque
1352 2906 1594 2964 eandem

220 2999 474 3074 gratiam
506 2995 730 3070 recipit,
762 3001 824 3050 ut
849 2992 1192 3066 supponitur
1225 3010 1238 3045 ε
1267 3003 1403 3061 ergo
1438 3002 1598 3044 revo-

219 3080 404 3137 canda
430 3084 520 3137 est
549 3094 669 3136 non
711 3077 775 3132 in
809 3074 1077 3152 gratiam,
1119 3070 1218 3129 sed
1255 3070 1317 3125 in
1348 3068 1593 3125 liberum

222 3159 562 3216 arbitrium.
1202 3204 1207 3209 .

306 3243 390 3298 19.
453 3240 606 3296 Huic
664 3238 1000 3312 argumento
1064 3231 1308 3290 occurrit
1371 3230 1594 3286 Lessius

46 3307 197 3392 ’ἵζω
223 3340 407 3396 opusc.
450 3324 519 3378 de
553 3322 742 3393 qratia
781 3318 1008 3392 efficaci,
1051 3332 1170 3386 cap.
1224 3314 1305 3379 18,
1349 3329 1500 3366 ntem.
1531 3316 1586 3378 7,

227 3403 318 3459 his
364 3402 611 3460 verbis:
649 3423 676 3454 α
733 3397 891 3464 Quod
943 3412 1015 3453 ex
1057 3392 1275 3450 duobus
1321 3391 1592 3449 similiter

232 3507 260 3536 α
301 3486 517 3542 vocatis
558 3484 705 3539 alter
749 3479 1001 3537 oblatam
1040 3475 1286 3550 gratiam
1322 3478 1585 3547 acceptet,

231 3589 260 3616 α
301 3567 448 3622 alter
478 3567 728 3636 respuat,
759 3566 906 3630 recte
932 3557 1142 3614 dicitur
1167 3571 1238 3611 ex
1263 3555 1384 3612 sola
1410 3554 1592 3611 liber-

229 3670 258 3697 τι
301 3652 415 3704 tate
442 3645 773 3720 provenire,
802 3657 919 3699 non
941 3637 1090 3712 quod
1111 3638 1179 3703 is,
1204 3636 1303 3709 qui
1324 3641 1585 3709 acceptat,

233 3747 262 3776 α
303 3728 424 3783 sola
463 3725 733 3783 libertate
757 3739 857 3778 sua
899 3723 1175 3791 acceptet;
1222 3715 1321 3774 sed
1356 3720 1492 3788 quia
1518 3732 1590 3773 ex

234 3827 264 3854 ιι
304 3807 425 3862 sola
449 3806 715 3863 libertate
738 3801 881 3859 illud
916 3798 1226 3856 discrimen
1247 3797 1486 3862 oriatur,
1512 3797 1587 3852 ita

237 3907 263 3935 «c
306 3891 368 3942 ut
393 3902 511 3943 non
537 3901 609 3942 ex
635 3883 967 3940 diversitate
995 3878 1198 3936 auxilii
1229 3877 1587 3950 praevenien-

232 3988 262 4016 α
303 3967 392 4022 tis.
425 3966 537 4022 Ubi
567 3963 714 4021 illud
739 3964 881 4027 sola,
908 3957 1303 4026 nonexcludit
1326 3972 1588 4029 coopera-

235 4068 261 4097 α
302 4049 519 4104 tionem
546 4045 729 4119 (quasi
753 4041 896 4098 illud
924 4040 1238 4096 discrimen
1260 4037 1385 4095 fieri
1414 4039 1588 4110 possit

230 4149 261 4178 τι
301 4126 512 4201 absque
527 4124 924 4198 cooperatione
949 4121 1164 4196 gratiae,
1189 4135 1260 4176 ex
1288 4121 1448 4191 parte
1465 4117 1585 4190 ejus

235 4229 262 4257 α
299 4208 397 4280 qui
426 4207 631 4277 venit),
664 4202 760 4260 sed
787 4204 968 4258 solam
996 4198 1388 4256 diversitatem
1417 4196 1586 4252 auxi-

153 4309 154 4312 *
235 4313 259 4339 ιι
300 4290 366 4346 lii
387 4285 813 4363 praevenientis.
838 4287 980 4339 Cum
994 4282 1151 4338 enim
1176 4281 1398 4353 integra
1417 4294 1586 4334 causa

233 4393 260 4420 a
300 4387 607 4428 consensus
626 4373 843 4426 constet
861 4363 1081 4422 duabus
1105 4360 1379 4436 partibus,
1402 4360 1584 4417 libero

234 4473 262 4501 α
302 4451 562 4515 arbitrio,
618 4456 674 4507 et
713 4447 908 4523 'gratia
963 4443 1384 4518 praeveniente;
1434 4439 1583 4513 quod

235 4554 262 4584 a
303 4534 410 4589 iste
439 4534 528 4590 bic
553 4538 610 4589 et
637 4547 791 4588 nunc
827 4526 1162 4589 consentiat,
1197 4523 1384 4596 potius
1410 4539 1582 4595 quam

235 4636 262 4665 α
305 4614 424 4679 ille,
459 4611 821 4671 referendum
850 4613 935 4665 est
961 4623 1077 4663 non
1101 4606 1164 4661 in
1190 4603 1582 4660 diversitatem

237 4715 262 4746 α
303 4695 521 4768 gratias,
571 4692 668 4749 sed
710 4693 771 4748 in
812 4689 1133 4746 libertatem
1181 4683 1426 4745 arbitrii,
1457 4700 1582 4756 quae

239 4798 263 4825 α
307 4773 639 4830 immediate
689 4776 867 4844 potest
916 4769 979 4824 in
1030 4766 1307 4839 opposita,
1372 4763 1583 4821 utendo

239 4878 267 4906 a
303 4855 507 4928 gratia,
536 4853 625 4909 vel
654 4867 769 4907 non
797 4847 1028 4910 utendo,
1062 4851 1227 4918 prout
1249 4843 1506 4900 libuerit.
1551 4864 1577 4894 »

65 4926 214 5021 ⁸3¹5·
305 4934 413 4991 Sed
440 4934 558 4990 haec
593 4930 850 4988 doctrina
887 4926 1161 4984 sustineri
1203 4940 1318 4981 non
1355 4930 1534 4996 potest
1564 4944 1577 4980 ε

153 5011 164 5022 “
235 5019 356 5072 tum
395 5014 533 5087 quia
563 5018 647 5070 est
669 5016 865 5069 contra
907 5013 1181 5071 mentem,
1214 5011 1270 5063 et
1304 5005 1582 5061 intentio-

1749 576 1885 628 nem
1920 563 2194 634 Apostoli,
2225 564 2322 635 qui
2350 580 2421 620 ex
2460 580 2528 623 eo
2556 567 2773 639 probat,
2804 575 2860 626 et
2885 571 3106 637 suadet,

1745 643 1895 715 quod
1924 659 2072 700 unus
2100 643 2371 703 adversus
2400 648 2647 706 alterum
2689 666 2807 708 non
2849 652 3102 720 infletur,

1745 724 1882 797 qnia
1906 725 2054 798 quod
2084 742 2232 783 unus
2254 727 2325 783 ab
2348 729 2528 786 altero
2554 729 2961 805 distinguatur,
2990 750 3107 790 non

1746 804 1919 862 habet
1963 823 2035 863 ex
2078 823 2158 874 se,
2219 808 2318 865 sed
2367 824 2399 864 a
2448 811 2635 884 gratia
2675 835 2689 880 ;
2740 814 2889 871 hanc
2945 815 3107 872 enim

1746 886 1869 942 vim
1885 886 2096 943 habent
2123 888 2227 944 illa
2255 887 2470 945 verba:
2516 890 2603 947 Ne
2652 910 2797 949 unus
2841 895 3108 951 adversus

1744 965 1982 1022 alterum
2040 967 2281 1038 infletur.
2335 967 2473 1040 Quis
2523 973 2669 1025 enim
2721 980 2769 1027 te
2820 974 3099 1030 discernit.

1745 1048 1916 1119 Atqui
1937 1049 2100 1121 juxta
2124 1049 2299 1105 Lessii
2321 1048 2641 1108 doctrinam
2672 1052 2939 1113 discretio
2964 1072 3107 1114 con-

1742 1129 2043 1186 sentientis
2070 1147 2103 1186 a
2131 1147 2246 1187 non
2289 1134 2681 1195 consentiente
2723 1123 2838 1193 non
2876 1138 3106 1195 reduci-

1745 1214 1839 1264 tur
1887 1210 1947 1266 in
1992 1212 2260 1285 gratiam,
2309 1212 2408 1269 sed
2455 1214 2522 1273 in
2567 1215 2889 1274 libertatem
2926 1234 3105 1292 :ergo

1738 1291 1899 1365 juxta
1954 1291 2279 1365 praedictam
2345 1292 2665 1353 doctrinam
2722 1306 2900 1371 potest
2954 1317 3104 1356 unus

1743 1372 2018 1432 adversus
2046 1377 2290 1433 alterum
2315 1376 2531 1444 inflari,
2556 1385 2609 1435 et
2634 1397 2733 1453 per
2754 1398 3105 1454 consequens

1745 1457 2054 1526 persuasio,
2079 1462 2136 1512 et
2155 1463 2558 1530 argumentum
2584 1463 2835 1532 Apostoli
2858 1464 3098 1519 corruit.

1742 1535 1889 1590 Tum
1916 1537 2112 1602 etiam,
2144 1538 2277 1609 quia
2308 1539 2607 1608 Apostolus
2634 1543 2832 1598 statim
2875 1542 3099 1614 probat,

1740 1614 1891 1686 quod
1935 1615 2202 1672 discretio
2247 1617 2419 1672 unius
2465 1618 2537 1674 ab
2583 1620 2698 1677 alio
2745 1638 2862 1678 non
2907 1628 2992 1678 est
3030 1622 3104 1679 ab

1741 1694 1997 1762 homine,
2046 1696 2145 1752 sed
2193 1713 2225 1753 a
2272 1700 2404 1762 Deo,
2454 1698 2650 1756 dicens
2702 1723 2714 1758 :
2765 1702 2914 1775 Quid
2955 1706 3106 1760 enim

1738 1776 1901 1832 habes
1926 1778 2068 1854 quod
2095 1795 2202 1832 uon
2233 1780 2539 1851 accepisti?
2588 1782 2759 1845 Quasi
2801 1799 3102 1840 summum

1739 1853 2072 1923 absurdum,
2117 1862 2173 1914 et
2217 1858 2634 1917 inconveniens
2678 1868 2918 1934 reputet,
2948 1864 3101 1936 quod

1738 1936 1956 2009 aliquid
1983 1937 2301 1994 conducens
2329 1938 2399 1994 ad
2426 1940 2692 2008 salutem,
2719 1947 2774 1999 et
2806 1942 2955 2016 quod
2988 1944 3104 2000 ali-

1736 2019 1965 2091 qualem
2007 2019 2299 2092 gloriandi
2329 2020 2682 2078 occasionem
2713 2029 2896 2095 posset
2923 2041 3103 2095 praes-

1739 2105 1880 2163 tare,
1912 2116 2029 2156 non
2071 2100 2245 2156 fuerit
2286 2109 2572 2174 acceptum
2604 2121 2636 2160 a
2666 2106 2778 2161 Deo
2810 2126 2823 2160 ε
2852 2105 2951 2162 sed
2977 2105 3105 2162 dis-

1685 2176 1688 2179 ’
1736 2182 1913 2239 cretio
1973 2183 2382 2239 consentientis
2434 2200 2467 2240 a
2520 2201 2640 2241 non
2705 2188 3100 2245 consentiente

1735 2261 1999 2319 conducit
2044 2261 2113 2317 ad
2175 2264 2584 2320 consentientis
2642 2267 2907 2334 salutem,
2952 2274 3007 2324 et
3043 2269 3101 2324 ei

1736 2348 1965 2414 praestat
1986 2342 2294 2413 aliqualem
2314 2344 2514 2416 gloriae
2541 2347 2892 2403 occasionem
2928 2363 3103 2422 :ergo

1735 2420 2002 2494 praedicta
2040 2420 2306 2483 discretio
2348 2437 2464 2480 non
2502 2430 2587 2480 est
2627 2423 2947 2483 reducenda
2975 2427 3102 2501 pri-

1733 2504 1923 2559 mario
1962 2503 2025 2558 in
2066 2502 2389 2560 libertatem
2431 2507 2861 2575 consentientis,
2892 2508 2992 2564 sed
3032 2508 3099 2564 in
3202 2568 3211 2577 ,

1734 2584 1913 2640 Deum
1942 2588 2267 2640 moventem
2312 2600 2411 2656 per
2448 2586 2696 2659 gratiam
2737 2592 2834 2643 :et
2866 2590 3102 2661 opposi-

1733 2670 1855 2720 tum
1879 2664 2082 2721 docere
2117 2665 2456 2723 contradicit
2482 2669 2772 2740 Apostolo,
2805 2675 2971 2741 atque
2998 2686 3098 2725 ar-

1729 2745 1989 2819 gumenti
2017 2744 2139 2817 ejus
2166 2746 2462 2819 energiam
2490 2753 2746 2815 evacuat,
2777 2756 2832 2806 et
2860 2750 3098 2806 inanem

1732 2825 1938 2883 reddit.
1983 2828 2131 2883 Tum
2159 2826 2426 2900 denique,
2472 2844 2608 2886 nam
2651 2831 2714 2886 D.
2741 2831 3099 2904 Augustinus

1729 2924 1996 2982 expresse
2035 2909 2256 2975 asserit,
2303 2908 2631 2981 praedictam
2676 2910 3091 2980 differentiam,

1728 3005 1826 3045 seu
1856 2988 2259 3046 discretionem
2301 3004 2416 3046 non
2462 3006 2583 3046 esse
2625 2992 3004 3050 revocandam
3026 2994 3095 3049 in

1729 3070 1959 3144 aliquod
2005 3071 2218 3128 bonum
2262 3073 2524 3128 naturale
2551 3093 2563 3126 ε
2591 3072 2690 3129 sed
2732 3073 2971 3131 libertas
3008 3081 3098 3132 est

1728 3150 1943 3209 bonum
1999 3153 2301 3208 naturale:
2330 3167 2465 3226 ergo
2505 3153 2831 3226 hujusmodi
2871 3155 3094 3214 discre-

1728 3232 1806 3289 tio
1836 3231 2032 3303 nequit
2072 3232 2354 3305 primario
2383 3233 2446 3289 in
2475 3233 2802 3291 libertatem
2842 3252 3091 3294 consen-

1727 3313 1922 3369 tientis
1963 3311 2174 3369 reduci.
2220 3312 2407 3369 Verba
2451 3314 2759 3388 Augustini
2799 3317 2859 3371 in
2899 3317 2991 3375 lib.
3021 3319 3091 3374 de
3126 3349 3274 3393 ΜΒ,

1717 3394 1964 3466 praedest.
2012 3391 2124 3450 SS.
2173 3410 2294 3465 cap.
2346 3395 2400 3458 5,
2444 3393 2562 3450 haec
2598 3399 2774 3450 sunt:
2805 3418 2831 3448 (ι
2875 3398 2940 3453 In
2980 3381 3313 3456 hacxussstinss

1731 3495 1757 3525 α
1800 3478 1990 3530 autem
2007 3472 2261 3545 Apostoli
2282 3472 2716 3532 evidentissima
2739 3475 3083 3549 intentione,

1687 3607 1695 3614 ,
1730 3573 1756 3605 α
1797 3569 1909 3626 qua
1936 3560 2132 3609 contra
2175 3553 2491 3609 humanam
2528 3555 2869 3611 sententiam
2897 3556 3092 3630 loqui—

1729 3655 1756 3686 «
1797 3639 1911 3699 tur,
1952 3649 2024 3690 ne
2049 3633 2350 3705 quisquam
2379 3633 2441 3688 in
2471 3634 2724 3703 homine,
2756 3635 2853 3691 sed
2884 3637 2948 3692 in
2974 3640 3090 3695 Do-

1728 3732 1756 3764 «
1796 3712 1961 3768 mino
1987 3712 2288 3785 glorietur,
2319 3710 2470 3769 dona
2501 3712 2598 3768 Dei
2642 3714 2930 3771 naturalia
2957 3733 3089 3773 sus-

1727 3812 1754 3844 α
1796 3790 1991 3863 picari,
2033 3789 2157 3846 sive
2197 3789 2380 3861 ipsam
2420 3794 2616 3858 totam,
2669 3792 3091 3868 perfectamque

1726 3894 1753 3924 «
1796 3876 2086 3936 naturam,
2111 3870 2299 3946 qualis
2326 3870 2388 3926 in
2418 3871 2609 3942 prima
2635 3873 2961 3933 conditione
2980 3877 3088 3937 do-

1726 3972 1752 4004 «
1795 3955 1931 4006 nata
1948 3956 2051 4013 est,
2077 3950 2199 4008 sive
2225 3950 2440 4005 vitiatae
2469 3957 2693 4007 naturae
2717 3954 3085 4025 qualescum-

1726 4052 1751 4083 «
1793 4046 1908 4103 que.
1931 4030 2221 4102 reliquiaS,
2248 4029 2445 4097 nimis,
2474 4037 2754 4102 quantum
2789 4035 3079 4105 existimo,

1725 4133 1752 4165 α
1793 4109 2108 4166 absurdum
2152 4115 2253 4167 est.
2310 4110 2580 4183 Nunquid
2621 4113 2780 4169 enim
2821 4131 2922 4186 per
2967 4118 3088 4175 haec

1724 4214 1750 4246 «
1790 4192 1959 4257 dona,
1991 4207 2115 4264 quae
2154 4189 2424 4248 omnibus
2457 4194 2790 4251 communia
2814 4203 2948 4253 sunt
2975 4198 3087 4255 ho-

1724 4295 1750 4326 «
1792 4273 2070 4340 minibus,
2102 4274 2512 4332 discernuntur
2534 4276 2798 4333 homines
2813 4277 2883 4334 ab
2900 4279 3086 4336 homi-

1724 4382 1749 4412 «
1793 4355 2005 4414 nibus?
2046 4378 2072 4407 n
2118 4358 2186 4411 Et
2227 4357 2384 4414 infra
2412 4386 2423 4419 :
2452 4358 2585 4424 Illa,
2637 4359 2845 4431 inquit,
2899 4363 3085 4439 itaque

1716 4447 1943 4504 notiora,
1972 4441 2032 4493 in
2058 4456 2167 4516 qua
2195 4438 2347 4493 nobis
2371 4440 2506 4495 data
2532 4447 2609 4495 est
2627 4440 2966 4512 possibilitas
2984 4446 3083 4501 ha-

1715 4521 1873 4576 bendi
1910 4520 2068 4589 fidem
2094 4521 2239 4591 (qum
2274 4518 2621 4591 possibilitas
2660 4521 3080 4584 coinciditcum

1716 4600 1945 4657 arbitrii
1975 4598 2258 4669 libertate)
2280 4617 2388 4655 non
2422 4600 2680 4656 discernit
2713 4603 2985 4661 hominem
3008 4608 3082 4663 ab

1714 4682 1949 4746 homine,
1980 4695 2185 4750 nempe
2214 4679 2272 4734 in
2305 4681 2529 4754 negotio
2552 4682 2778 4738 salutis.

1787 4762 1880 4817 20.
1926 4757 2313 4815 confirmatur
2363 4760 2671 4818 evertendo
2725 4762 3076 4836 fundamen7
3116 4807 3178 4848 1m

1716 4847 1841 4897 tum
1888 4856 1921 4897 a
1962 4841 2152 4897 Lessio
2198 4839 2558 4895 insinuatum
2593 4863 2605 4898 :
2637 4858 2773 4899 nam
2819 4845 3078 4918 implicat
3133 4815 3283 4902 nam-:1⁸⁸

1714 4921 1842 4978 dari
1884 4919 2111 4992 aliquod
2145 4918 2512 4992 praedicatum
2543 4924 2697 4981 reale
2718 4932 2992 4999 creatum,
3018 4905 3293 4984 etmfflm

1719 5019 1836 5061 non
1878 5002 2171 5077 explicans
2220 5002 2733 5076 imperfectionem,
2766 5008 2916 5080 quod
2957 5025 3075 5067 non
