3647 5753
1492 427 1668 483 DISP.
1694 427 1835 494 vn,
1880 428 2043 484 DUB.
2078 430 2169 484 IV.

276 592 576 661 mser-enat
595 598 888 655 meritorie
903 598 1219 671 adimplent
1237 601 1539 672 praecepta:
1558 596 1657 654 sed

280 672 539 732 libertas
586 694 703 735 non
749 680 1002 735 consistit
1041 678 1250 750 absque
1291 682 1561 752 potestate
1587 675 1672 743 ad,

271 756 626 827 oppositum
668 779 682 812 ε
722 773 854 832 ergo
890 758 1214 816 confirmati
1258 758 1526 833 ingratia
1551 758 1659 813 ha-

281 831 434 890 bent
459 841 789 907 potestatem
807 837 875 893 ad
900 854 1016 895 non
1045 837 1481 911 adimplendum
1511 852 1659 910 prae-

275 919 480 985 cepta.
535 915 720 989 Major
766 933 899 975 vero
944 917 1215 974 suadetur
1247 916 1430 990 quoad
1458 932 1661 974 omnes

283 1000 491 1064 partes
521 1019 537 1061 ;
595 1012 730 1051 nam
763 998 823 1053 in
853 997 1059 1070 primis
1086 996 1303 1053 donum
1349 995 1660 1053 confirma-

277 1073 472 1130 tionis
499 1077 770 1133 collatum
805 1095 860 1134 v.
886 1095 942 1151 g.
973 1080 1036 1135 B.
1071 1078 1328 1152 Virgini,
1361 1077 1661 1134 antecessit

273 1169 468 1210 omne
491 1157 832 1214 exercitium
877 1157 1123 1214 liberum
1155 1157 1470 1215 voluntatis
1494 1157 1618 1231 ejus
1642 1180 1656 1224 3

267 1236 580 1307 siquidem
604 1254 637 1294 a
662 1241 849 1312 primo
875 1256 990 1296 suae
1010 1240 1397 1313 conceptionis
1418 1239 1659 1295 instanti

273 1316 394 1371 fuit
425 1317 493 1373 in
512 1320 702 1391 gratia
728 1319 1065 1377 confirmata
1094 1343 1106 1375 z
1131 1338 1268 1395 ergo
1294 1322 1565 1377 voluntas
1592 1321 1658 1375 B.

278 1398 557 1471 Virginis
605 1416 720 1457 non
770 1400 950 1472 potuit
996 1401 1302 1473 impedire,
1342 1402 1485 1474 quin
1512 1404 1661 1456 Deus

279 1478 397 1549 ipsi
437 1478 893 1538 misericorditer
930 1481 1260 1553 praedictum
1282 1481 1500 1538 donum
1521 1496 1661 1537 con-

281 1560 494 1617 ferret.
550 1563 767 1618 Rursus
811 1564 1040 1620 effectus
1069 1564 1330 1620 formalis
1355 1563 1494 1620 doni
1520 1579 1661 1619 con-

281 1639 651 1697 firmationis
697 1643 758 1698 in
791 1643 977 1717 gratia
1014 1652 1100 1700 est
1130 1643 1364 1700 firmare
1389 1643 1663 1699 volunta-

276 1724 406 1774 tem
431 1720 502 1775 in
528 1718 699 1785 bon0,
734 1728 793 1777 ut
832 1720 1096 1795 deinceps
1143 1739 1261 1780 non
1305 1727 1603 1795 separetur
1630 1737 1664 1777 a

285 1801 405 1856 Deo
436 1816 543 1872 per
573 1808 859 1873 peccatum
890 1805 1133 1859 mortale
1168 1824 1180 1858 :
1226 1819 1362 1876 ergo
1390 1805 1452 1858 B.
1485 1801 1662 1874 Virgo

285 1893 408 1935 non
438 1883 688 1951 poterat,
739 1883 941 1937 saltem
973 1887 1242 1954 potestate
1268 1880 1656 1953 consequenti,

284 1958 548 2024 auferre,
578 1962 724 2017 vela
746 1978 804 2018 se
823 1968 1086 2018 excutere
1114 1960 1330 2018 donum
1357 1960 1662 2019 confirma-

283 2042 471 2098 tionis
505 2062 520 2097 :
556 2042 737 2099 immo
757 2044 804 2099 si
837 2044 1169 2116 praedictum
1197 2042 1414 2100 donum
1449 2043 1661 2116 abjice-

287 2128 398 2186 ret,
467 2137 538 2179 eo
585 2122 710 2195 ipso
747 2126 1185 2182 convinceretur
1234 2140 1351 2180 non
1386 2123 1662 2195 accepisse

287 2203 640 2276 praedictum
676 2204 911 2262 donum.
955 2206 1212 2263 Tandem
1259 2205 1476 2263 donum
1521 2219 1662 2261 con-

259 2283 653 2347 firmationis
692 2285 963 2358 importat
1008 2287 1254 2360 gratiam
1294 2283 1661 2343 sanctifican-

283 2372 404 2423 tem
426 2383 569 2422 cum
589 2366 833 2438 quodam
857 2367 1128 2440 peculiari
1159 2366 1329 2439 modo
1350 2366 1663 2440 participa-

286 2446 471 2503 tionis
506 2448 709 2521 gratiae
746 2452 1191 2510 consummatae‚
1240 2447 1463 2504 ratione
1503 2447 1664 2519 cujus

284 2526 676 2583 confirmatus
705 2526 766 2583 in
790 2528 975 2600 gratia
995 2534 1078 2584 est
1105 2527 1299 2582 minus
1339 2525 1658 2599 peccabiliS,

279 2625 466 2682 quam
497 2607 689 2663 caeteri
714 2607 867 2680 justi,
895 2607 1012 2663 imo
1035 2623 1207 2679 quam
1231 2607 1333 2662 alii
1354 2605 1537 2670 electi,
1562 2607 1662 2679 qui
1709 2627 1717 2635 ·

289 2689 512 2746 habent
527 2688 748 2745 donum
774 2689 1231 2761 perseverantiae,
1252 2693 1502 2759 utsupra
1516 2688 1656 2760 disp.

286 2776 341 2836 3,
374 2772 515 2827 dub.
560 2772 644 2836 ll,
669 2776 700 2840 g
720 2774 774 2836 ἴ),
799 2771 1168 2843 exposuimus
1197 2786 1367 2842 :ergo
1387 2769 1665 2843 sicutjus-

249 2905 254 2908 ,
285 2860 398 2918 tuS,
417 2858 477 2910 et
500 2851 719 2908 electus
741 2857 1031 2924 nequeunt
1058 2867 1186 2907 cum
1207 2849 1412 2924 gratia,
1439 2854 1492 2905 et
1514 2848 1665 2906 dono

287 2934 743 3007 perseverantiae
765 2934 1110 3006 conjungere
1132 2932 1448 2989 carentiam
1473 2930 1665 2987 adim-

287 3014 571 3086 pletionis
619 3019 1028 3085 praeceptorum
1055 3036 1069 3076 3
1127 3013 1205 3068 ita
1235 3017 1289 3068 et
1321 3011 1510 3066 multo
1538 3025 1664 3066 ma-

275 3094 392 3165 gis,
426 3091 811 3150 confirmatus
853 3094 914 3149 in
953 3094 1139 3166 gratia
1165 3099 1248 3148 est
1282 3092 1566 3162 impotens
1595 3088 1664 3145 ad

275 3192 417 3232 eam
467 3174 794 3231 carentiam
840 3172 1292 3246 componendam
1340 3188 1470 3228 cum
1515 3169 1666 3227 dono

288 3255 781 3314 confirmationis
815 3259 925 3311 Nec
955 3255 1043 3310 hic
1081 3256 1234 3310 valet
1287 3268 1549 3310 recursus
1594 3249 1666 3307 ad

294 3337 609 3393 scientiam
658 3334 904 3392 mediam
957 3334 1300 3406 dirigentem
1356 3333 1556 3395 Deum,
1606 3336 1667 3386 ut

297 3419 619 3473 constituat
646 3416 939 3471 hominem
960 3413 1364 3470 confirmatum
1396 3414 1455 3468 in
1483 3410 1668 3486 gratia

297 3501 358 3554 in
385 3500 471 3555 eis
515 3497 926 3563 occasionibuS,
962 3498 1023 3551 in
1070 3496 1276 3569 quibus
1330 3491 1668 3566 adimplebit

297 3586 601 3652 praecepta,
648 3584 974 3650 avertatque
1021 3578 1211 3649 ipsum
1255 3575 1324 3632 ab
1352 3574 1666 3631 occasioni-

295 3658 398 3715 bus
427 3658 732 3732 peccandi;
775 3658 1051 3732 quoniam
1099 3658 1146 3711 si
1196 3654 1560 3713 confirmatio
1588 3653 1668 3709 ita

279 3740 640 3813 explicetur,
673 3740 824 3796 nihil
853 3737 1009 3795 addit
1060 3753 1234 3809 supra
1288 3750 1667 3808 perseveran-

294 3821 438 3876 tiam
487 3819 763 3878 omnibus
807 3820 1000 3876 electis
1027 3831 1416 3882 communem,
1450 3821 1506 3872 et
1530 3814 1668 3870 sub-

296 3899 435 3957 inde
484 3916 608 3957 non
648 3901 759 3956 erit
778 3900 1020 3974 speciale
1044 3896 1415 3971 privilegium
1440 3898 1502 3952 B.
1531 3896 1668 3951 Vir-

283 3984 471 4059 ginis,
526 3987 584 4040 et
634 3983 1062 4055 Apostolorum;
1107 3995 1242 4037 nam
1284 3979 1387 4034 illa
1432 3976 1669 4035 directio

298 4064 477 4120 etiam
506 4064 824 4119 intervenit
852 4063 912 4118 in
935 4062 1084 4118 dono
1117 4058 1556 4133 perseverantiae
1596 4057 1670 4113 fi-

300 4145 470 4212 nalis,
493 4149 559 4200 ut
576 4143 959 4201 consideranti
981 4141 1278 4199 constabit.
1299 4139 1671 4197 Admittenda

299 4241 436 4300 ergo
464 4224 792 4280 necessario
818 4230 904 4279 est
929 4225 1121 4295 aliqua
1150 4220 1418 4293 perfectio
1447 4220 1672 4277 intrin-

285 4322 446 4374 seca,
475 4306 540 4362 vi
580 4305 740 4377 cujus
766 4305 1137 4361 confirmatus
1167 4304 1228 4359 in
1254 4302 1440 4375 gratia
1467 4300 1671 4358 firme-

302 4396 396 4445 tur
424 4389 491 4444 in
518 4387 687 4454 bon0,
713 4393 768 4443 et
801 4386 1335 4459 impeccabilitatem
1362 4386 1670 4440 Beatorum

305 4469 511 4534 saltem
546 4467 874 4539 imperfecte
904 4467 1219 4539 participet,
1252 4469 1314 4519 ut
1342 4465 1462 4521 loco
1500 4464 1672 4521 citato

306 4548 754 4606 declaravimus,
802 4549 868 4601 Et
913 4549 990 4603 ita
1039 4551 1201 4621 urget
1226 4545 1556 4616 exemplum
1601 4560 1672 4601 ex

309 4628 462 4685 dono
481 4626 941 4684 confirmationis
968 4630 1344 4698 assumptum.
1519 4683 1522 4686 A

392 4712 517 4766 187.
562 4708 771 4772 Sexto.
826 4716 880 4766 et
926 4710 1129 4765 ultimo
1175 4705 1445 4780 probatur
1471 4704 1670 4763 eadem

313 4790 511 4847 minor
545 4809 558 4843 ε
586 4789 859 4861 quoniam
881 4790 1161 4861 Spiritum
1183 4793 1441 4843 sanctum
1463 4785 1674 4858 specia-

315 4871 449 4926 liter
469 4870 740 4925 assistere
760 4868 1138 4942 Scriptoribus
1153 4868 1347 4932 sacris,
1368 4872 1422 4924 et
1436 4869 1675 4943 Summo

320 4948 582 5006 Pontifici
611 4948 916 5005 diffinienti
967 4965 1053 5005 res
1095 4947 1273 5011 Fidei,
1303 4954 1386 5004 est
1413 4944 1671 5020 quaedam

305 5031 636 5103 suppositio
662 5030 1016 5091 antecedens,
1058 5045 1231 5101 quam
1262 5029 1370 5101 ipsi
1400 5044 1516 5084 non
1545 5043 1675 5100 pos-

3047 432 3150 489 125

1791 604 1928 655 sunt
1954 599 2233 673 impedire
2251 643 2264 668 ,
2298 618 2402 659 nec
2430 604 2622 659 valent
2648 616 2989 674 componere
3014 614 3145 656 cnm
3179 613 3333 658 mama

1792 679 2044 734 carentia
2090 684 2246 736 actus
2283 680 2611 747 scribendi,
2658 682 2747 738 vel
2775 677 3096 738 diffiniendi

1792 757 2039 831 quando,
2070 764 2126 815 et
2149 759 2245 816 ubi
2275 761 2658 818 necessarium
2686 766 2771 818 est
2798 758 2866 816 ad
2912 773 3187 853 censer-{1

3161 664 3350 716 probatio

3127 721 3140 745 ¹
3160 712 3214 756 ab
3225 723 3368 758 exem-

3190 762 3232 805 lo
3242 764 3311 806 Sri

3178 811 3266 854 oris

1792 839 2084 896 vationem
2110 841 2374 898 Ecclesiae
2387 864 2402 908 ;
2426 847 2481 898 et
2503 842 2888 898 nihilominus
2903 839 3150 910 Scripto-
3180 833 3367 909 nonies

1795 936 1885 977 res
1912 922 2182 978 Canonici
2215 965 2227 987 ,
2260 928 2316 979 et
2336 924 2562 978 Summi
2594 921 2895 979 Pontifices
2935 911 3362 1002 habent‘i‘ssffliiffi

1794 1006 2121 1075 potestatem
2146 1003 2215 1058 ad
2235 1019 2350 1061 non
2371 1004 2760 1068 scribendum,
2786 1004 2878 1058 vel
2901 1017 3016 1058 non
3031 998 3150 1055 dif-
3213 1019 3291 1052 cis.

1794 1079 2116 1137 finiendum
2151 1103 2164 1137 ε
2193 1098 2327 1157 ergo
2349 1099 2465 1141 non
2488 1083 2678 1140 omnis
2697 1081 3013 1154 suppositio
3039 1095 3151 1136 an-

1792 1158 2069 1228 tecedens,
2099 1177 2270 1233 quam
2293 1162 2420 1236 quis
2440 1163 2636 1235 nequit
2658 1162 2878 1224 tollere,
2904 1161 2995 1216 vel
3018 1174 3149 1215 cum

1794 1241 1985 1313 aliquo
2010 1248 2266 1298 extremo
2292 1243 2653 1316 conjungere,
2687 1242 2872 1299 aufert
2901 1245 3150 1312 potesta-

1793 1325 1909 1376 tem
1931 1318 2000 1376 ad
2024 1319 2357 1391 praedictum
2377 1327 2701 1378 extremum
2722 1319 3148 1377 consideratum

1793 1398 2106 1456 secundum
2133 1416 2210 1465 se,
2236 1406 2293 1457 et
2320 1402 2380 1457 in
2427 1417 2596 1458 sensu
2625 1400 2829 1466 divis0,
2865 1406 2925 1456 ut
2953 1400 3152 1471 requi-

1797 1479 1963 1546 ritur,
1993 1486 2048 1536 et
2067 1480 2280 1537 sufficit
2298 1480 2367 1537 ad
2397 1481 2739 1538 libertatem.
2772 1480 2966 1537 Minor
2991 1497 3152 1537 cons-

1795 1563 1914 1614 tat:
1939 1564 2060 1616 tum
2081 1576 2154 1616 ex
2178 1560 2439 1616 doctrina
2460 1564 2523 1615 D.
2556 1561 2760 1617 Thom.
2791 1561 2845 1623 2,
2875 1561 2930 1624 2,
2961 1567 3144 1636 quoest.

1803 1641 1923 1704 173,
1955 1647 2064 1696 art.
2096 1642 2149 1704 3,
2175 1646 2232 1697 et
2255 1657 2427 1712 super
2459 1642 2503 1703 l,
2531 1641 2604 1695 ad
2626 1639 2880 1698 Corinth.
2903 1656 3026 1711 cap.
3058 1642 3147 1705 14,

1796 1718 1913 1773 lect.
1941 1720 1997 1783 6,
2029 1734 2198 1791 quem
2219 1724 2535 1792 sequuntur
2561 1719 2944 1776 communiter
2972 1719 3153 1776 Theo·

1796 1797 1909 1871 logi
1939 1818 1952 1852 ε
1977 1803 2098 1853 tum
2127 1798 2262 1869 quia
2300 1815 2371 1855 ex
2404 1799 2658 1870 opposito
2686 1797 2863 1862 fieret,
2895 1799 3151 1870 Scripto-

1797 1894 1886 1934 res
1925 1878 2267 1947 Canonicos,
2297 1884 2353 1935 et
2396 1882 2661 1935 Summos
2707 1877 3007 1934 Pontifices
3034 1893 3153 1935 non

1795 1955 2006 2013 habere
2045 1958 2318 2013 meritum
2365 1958 2429 2013 in
2467 1956 2746 2030 ejusmodi
2794 1957 3146 2023 actionibuS,

1795 2051 1900 2093 nec
1920 2052 1981 2093 se
2018 2052 2219 2110 gerere
2239 2036 2438 2104 libere,
2468 2036 2567 2093 sed
2590 2036 2658 2093 ad
2686 2037 2872 2093 instar
2899 2037 3152 2109 arrepti-

1795 2118 2030 2182 tiorum,
2080 2116 2228 2190 quod
2254 2123 2339 2173 est
2365 2116 2695 2173 absurdum.
2748 2118 2941 2173 Minor
2967 2115 3151 2189 quoad

1794 2213 1995 2254 omnes
2041 2204 2228 2270 partes
2272 2198 2446 2252 simul
2492 2196 2846 2263 ostenditur;
2876 2196 3152 2268 quoniam

1796 2278 1899 2334 illa
1914 2279 2233 2335 assistentia
2251 2278 2497 2350 Spiritus
2519 2277 2697 2334 sancti
2716 2293 2831 2334 non
2848 2276 3154 2333 ordinatur

1797 2374 1897 2430 per
1924 2373 1984 2414 se
2007 2358 2196 2430 primo
2218 2356 2286 2414 ad
2310 2356 2524 2414 bonum
2547 2356 2866 2430 Scriptoris,
2893 2357 2984 2412 vel
3010 2357 3157 2411 Pon-

1797 2435 1982 2502 tificis,
2012 2436 2111 2494 sed
2139 2436 2208 2492 ad
2234 2436 2449 2493 bonum
2492 2437 2822 2493 universale
2847 2450 3157 2491 conserva-

1797 2518 1971 2573 tionis
2016 2517 2189 2573 totius
2233 2518 2495 2574 Ecclesiae
2521 2539 2533 2574 :
2560 2517 2706 2589 quod
2754 2516 2969 2573 bonum
3021 2531 3159 2588 pro-

1798 2598 2197 2673 portionaliter
2245 2594 2511 2653 deficeret
2556 2613 2672 2653 non
2723 2594 3025 2652 scribendo
3044 2638 3058 2662 ,
3102 2599 3158 2651 et

1796 2677 2132 2735 diffiniendo
2154 2693 2303 2744 vera,
2335 2676 2582 2749 quandO,
2607 2682 2664 2733 et
2691 2677 2786 2733 ubi
2808 2680 3049 2747 oportet;
3072 2675 3159 2731 si-

1795 2765 1888 2815 cut
1925 2756 2225 2815 scribendo
2256 2800 2268 2822 ,
2320 2763 2374 2813 et
2419 2755 2753 2814 diffiniendo
2802 2756 2944 2812 falsa
2977 2777 2989 2811 :
3019 2771 3156 2829 ergo

1795 2853 1925 2894 cum
1954 2837 2056 2894 illa
2078 2836 2401 2894 assistentia
2421 2837 2668 2909 Spiritus
2687 2835 2868 2892 sancti
2890 2835 3155 2908 componi

1799 2920 2029 2991 nequit...
2057 2919 2146 2973 vel
2199 2917 2349 2990 quod
2397 2918 2515 2974 Scri
2525 2922 2650 2990 ptor
2696 2917 3012 2973 Canonicus
3040 2958 3051 2979 ‚
3102 2920 3158 2973 et

1801 2997 2103 3056 Pontifices
2126 2999 2308 3070 ipsam
2332 2997 2670 3071 impediant,
2696 2998 2788 3053 vel
2809 2994 2958 3069 quod
2979 2996 3157 3051 simul

1798 3096 1928 3137 cum
1976 3080 2079 3136 illa
2124 3081 2474 3154 conjungant
2513 3079 2829 3136 carentiam
2858 3076 3160 3150 praedicto-

1801 3177 1931 3217 rum
1950 3166 2201 3217 actuum.
2230 3162 2343 3217 Hoc
2362 3162 2713 3233 exemplum,
2739 3159 3004 3232 quamvis
3026 3158 3160 3215 aliis

1798 3241 2010 3308 verbi5‚
2043 3246 2100 3298 et
2126 3257 2241 3299 non
2268 3240 2410 3297 adeo
2439 3241 2665 3315 urgenti
2695 3241 2897 3306 forma,
2946 3255 3159 3312 propo-

1799 3322 1888 3377 nit
1913 3324 1990 3378 M.
2018 3324 2194 3378 Lorca
2220 3321 2423 3392 disput.
2456 3322 2548 3384 22,
2573 3320 2637 3375 de
2677 3321 2884 3390 qratia,
2919 3323 2951 3389 ς
2979 3318 3157 3375 Potest

1798 3407 1971 3464 tertio.
2005 3402 2100 3459 ubi
2142 3403 2376 3476 loquens
2422 3400 2492 3457 de
2537 3400 2855 3458 actionibus
2905 3402 3160 3472 Scripto-

1801 3501 1954 3551 rum,
1977 3492 2035 3541 et
2063 3485 2499 3556 Prophetarum,
2534 3482 2721 3554 inquit
2745 3503 2758 3538 :
2789 3503 2816 3533 «
2861 3483 2972 3536 Has
2998 3481 3161 3537 enim

1805 3589 1833 3619 (t
1876 3567 2048 3621 fuisse
2095 3565 2343 3621 actiones
2374 3562 2602 3629 liberaS,
2644 3568 2701 3617 et
2728 3560 2894 3618 valde
2917 3560 3160 3617 merito·-

1806 3672 1833 3702 «
1876 3649 1991 3704 rias
2015 3644 2414 3708 scribentibus
2449 3659 2657 3717 negare
2680 3659 2797 3700 non
2827 3659 3155 3714 possumus:

1806 3751 1832 3781 «
1874 3732 2019 3784 esset
2031 3725 2191 3782 enim
2214 3723 2468 3780 incidere
2491 3724 2554 3778 in
2574 3738 2834 3779 errorem
2859 3723 3157 3789 Priscillae,

1807 3832 1833 3863 «
1874 3815 1930 3866 et
1954 3806 2234 3872 Montani,
2261 3820 2431 3878 quem
2456 3804 2715 3861 referunt
2737 3805 3078 3878 Hieronym.
3100 3807 3162 3862 in

1807 3914 1835 3945 α
1878 3892 2109 3964 prologo
2127 3904 2299 3960 super
2319 3887 2570 3951 Nahum,
2596 3891 2652 3941 et
2673 3886 3033 3959 Epiphanius
3056 3887 3158 3944 lib.

1808 3994 1835 4025 α
1875 3975 1945 4038 2,
1977 3969 2177 4027 haeresi
2230 3970 2301 4023 48
2334 4010 2348 4034 ,
2397 3966 2495 4040 qui
2539 3972 2803 4023 asserunt
2847 3968 3162 4040 Prophetas

1808 4075 1835 4105 a
1872 4052 2046 4107 fuisse
2073 4049 2419 4122 arreptitios,
2451 4047 2548 4120 qui
2577 4062 2694 4103 non
2727 4045 2926 4111 libere,
2955 4063 3057 4104 nec
3078 4046 3166 4103 in·

3197 3350 3342 3391 Lorca.

1808 4155 1835 4187 «
1876 4132 2195 4204 telligentes
2215 4130 2602 4202 loquerentur.
2626 4129 2739 4183 Has
2766 4134 2957 4185 autem
2986 4127 3165 4184 actio·
3223 4173 3226 4176 ,

1809 4234 1835 4265 α
1878 4227 1979 4269 nes
2023 4210 2199 4266 fuisse
2244 4208 2527 4281 primario
2556 4223 2627 4264 ex
2654 4207 2857 4264 divina
2884 4207 3158 4273 motione,

1809 4317 1835 4346 «
1877 4291 1946 4349 de
1967 4289 2104 4346 Fide
2117 4297 2234 4355 est;
2256 4289 2391 4362 quia
2415 4293 2714 4361 propterea
2736 4291 2881 4345 Deus
2900 4293 3166 4345 censetur

1809 4396 1837 4426 α
1880 4372 2100 4445 primus
2127 4370 2332 4425 author
2366 4367 2581 4424 divinae
2608 4369 2934 4440 Scrip·urae.
2969 4367 3164 4425 Fuisse

1810 4474 1837 4506 α
1878 4467 2015 4509 vero
2043 4450 2190 4505 hanc
2232 4447 2548 4504 motionem
2596 4449 2909 4523 physicam,
2941 4452 2998 4504 et
3045 4462 3163 4504 non

1811 4554 1838 4586 α
1879 4530 2159 4587 moralem
2186 4533 2430 4595 tantum,
2471 4527 2696 4584 videtur
2723 4534 2985 4594 certum;
3025 4527 3161 4601 quia

1812 4637 1839 4668 α
1881 4628 2133 4670 asserere
2175 4610 2506 4681 ProphetaS,
2531 4614 2584 4665 et
2611 4625 2801 4667 sacros
2847 4611 3163 4682 Scriptores

1812 4717 1837 4747 α
1882 4691 2198 4749 moralibus
2237 4688 2718 4762 persuasionibus,
2763 4706 2887 4763 quae
2925 4689 2996 4746 ad
3035 4690 3163 4745 sin-

1812 4798 1840 4829 «
1880 4776 2011 4849 gula
2037 4772 2213 4829 verba
2239 4769 2667 4836 adhiberentur,
2701 4771 2877 4829 fuisse
2903 4770 3164 4828 inductos

1813 4879 1841 4910 α
1882 4855 1953 4913 ad
1998 4852 2386 4916 scribendum,
2439 4867 2540 4907 nec
2585 4852 2751 4909 facile
2790 4852 3161 4925 intelligitur,

1814 4960 1841 4990 «
1884 4953 1986 4993 nec
2031 4953 2063 4992 a
2112 4934 2335 4991 fictione
2374 4932 2600 4990 videtur
2644 4932 2863 4990 distans
2896 4939 2995 4991 :et
3037 4932 3164 4990 ideo

1815 5042 1841 5073 «
1885 5020 2094 5075 Psalm.
2126 5019 2216 5084 44,
2243 5016 2452 5072 dicitur
2479 5036 2492 5071 :
2519 5016 2737 5091 Lingua
2761 5033 2887 5074 mea
2908 5018 3167 5073 calamus
