3647 5753
472 418 583 474 230

484 610 507 638 α
548 592 605 643 et
623 584 819 642 efficax
839 597 960 638 esse
975 595 1091 637 non
1103 583 1288 653 posset
1300 591 1433 651 erga
1444 575 1836 632 humanorum

483 689 507 719 «
554 670 783 721 actuum
816 660 1265 735 productionem,
1312 657 1425 714 nisi
1452 654 1840 729 dependenter

487 769 512 799 ι(
556 744 626 802 ab
654 742 896 799 humani
927 739 1152 797 arbitrii
1183 738 1463 795 libertate.
1510 757 1536 788 n

251 887 260 896 ἑ
286 826 434 887 auxi·
556 825 687 880 Haec
708 820 920 895 placuit
948 817 1330 875 transcribere
1343 833 1414 873 ex
1441 819 1689 880 Araux0,
1706 813 1842 887 quia

259 877 466 972 ἰ’τῗῗῖιῗῗ
479 902 776 962 evidenter
802 900 1094 964 evincunt,
1126 913 1298 972 quam
1329 898 1557 953 nullum
1605 895 1724 952 fere
1767 894 1844 949 sit

301 975 432 1030 ΜΠ·
479 984 786 1043 dissidium
813 987 1094 1056 quantum
1124 979 1192 1036 ad
1221 983 1495 1044 mentem,
1527 982 1582 1034 et
1606 979 1845 1033 senten-

247 1033 463 1133 ἷῖἓῗιιῗῖῗῗ
482 1069 622 1125 tiam
651 1067 804 1122 inter
852 1063 1060 1135 ipsum,
1092 1066 1148 1118 et
1200 1060 1343 1117 alios
1388 1059 1731 1116 ThomistaS.
1776 1058 1847 1111 Et

263 1124 468 1228 ’ἓιῗξζῖἓῗ
482 1147 703 1205 similia
725 1143 898 1202 tradit
938 1143 1216 1199 Gonzalez
1254 1138 1354 1196 ubi
1379 1154 1576 1212 supra.
1601 1137 1711 1202 Qui
1741 1152 1846 1209 pro

283 1233 456 1278 pramo-
482 1245 587 1286 sua
612 1226 885 1301 opinione
920 1223 1171 1297 allegant
1223 1219 1589 1285 Driedonem,
1623 1220 1845 1276 Conra-

254 1281 443 1366 ·o{ss¹z¹ii.
484 1309 644 1377 dum,
674 1314 730 1365 et
757 1306 900 1363 alios
925 1319 1129 1378 graves
1151 1301 1449 1366 AuthoreS,
1474 1305 1530 1357 et
1556 1299 1702 1357 forte
1727 1313 1846 1355 non

255 1370 453 1464 ,ἓξξῗῶζ
487 1391 809 1457 immerito;
833 1388 967 1462 quia
984 1385 1116 1442 licet
1134 1382 1461 1458 gratiamex
1479 1397 1541 1439 se
1566 1380 1846 1439 efficacem

294 1472 444 1515 norea.
485 1471 739 1538 doceant,
794 1468 915 1542 ejus
954 1471 1150 1521 tamen
1206 1462 1512 1520 efficaciam
1559 1460 1850 1533 explicant

485 1548 870 1610 communiter
897 1562 999 1619 per
1039 1543 1234 1601 modos
1261 1541 1565 1606 suasionis,
1596 1545 1653 1596 et
1697 1543 1850 1596 trac-

484 1631 658 1690 tionis
675 1628 927 1694 moraliS,
935 1623 1141 1682 mediis
1157 1621 1368 1680 sanctis
1383 1619 1844 1696 cogitationibus„

481 1717 538 1769 et
560 1705 975 1768 affectionibus.
999 1703 1105 1761 Sed
1135 1719 1238 1760 nec
1261 1701 1334 1759 ob
1373 1700 1431 1757 id
1469 1704 1680 1774 negant
1716 1716 1850 1773 pos-

474 1790 817 1848 sibilitatem
846 1785 1053 1844 auxilii
1081 1782 1320 1840 efficacis
1347 1781 1579 1857 physice
1603 1796 1850 1854 praemo-

480 1871 692 1937 ventis,
716 1870 876 1925 salva
903 1865 1132 1924 arbitrii
1182 1863 1446 1922 libertate
1496 1883 1510 1918 ε
1564 1862 1684 1919 imo
1712 1876 1851 1919 vero

475 1965 747 2026 *expresse
767 1946 1102 2012 concedunt,
1132 1943 1281 2019 quod
1314 1945 1460 2000 Deus
1482 1941 1588 1999 illo
1609 1942 1693 1997 uti
1717 1956 1852 2015 pos-

477 2033 578 2097 sit,
628 2037 684 2088 et
721 2027 869 2104 quod
896 2043 963 2085 eo
999 2042 1131 2082 usus
1184 2039 1301 2081 non
1347 2022 1525 2080 semel
1573 2022 1748 2078 fuerit
1787 2020 1852 2077 in

477 2108 825 2185 quibusdam
853 2103 1325 2165 conversionibus
1345 2099 1849 2167 extraordinariiS,

487 2191 552 2248 in
595 2188 803 2263 quibus
831 2185 1130 2245 ostendere
1173 2183 1359 2241 voluit
1387 2180 1853 2256 magnitudinem

485 2272 708 2330 brachii
729 2270 838 2337 sui,
872 2274 932 2325 ut
961 2266 1157 2324 videre
1176 2270 1260 2321 est
1282 2262 1431 2336 apud
1459 2265 1697 2321 Lorcam
1718 2260 1851 2317 dist.

484 2356 578 2412 21.
604 2356 884 2410 Asserunt
908 2365 1061 2423 ergo,
1092 2344 1242 2419 quod
1272 2347 1418 2401 Deus
1440 2341 1850 2407 communiter,

481 2441 541 2492 et
570 2450 670 2508 per
718 2447 779 2489 se
814 2426 1099 2502 loquendo
1145 2442 1264 2483 non
1310 2424 1613 2498 exequitur
1657 2421 1856 2480 efficax

485 2529 604 2569 suae
626 2510 940 2570 voluntatis
971 2506 1324 2581 propositum
1354 2502 1547 2561 media
1572 2502 1855 2576 qualitate

491 2591 722 2667 physice
775 2592 1180 2663 praemovente,
1236 2582 1335 2641 sed
1389 2583 1598 2640 mediis
1637 2581 1856 2639 actibus

492 2669 766 2730 vitalibus
802 2665 1215 2732 indeliberatis‚
1245 2664 1343 2737 qui
1371 2669 1432 2721 ut
1460 2662 1532 2721 ab
1557 2679 1623 2720 ea
1647 2661 1855 2719 efficaci

493 2755 790 2813 voluntate
835 2749 1192 2813 derivantur,
1225 2746 1438 2803 habent
1465 2746 1585 2801 vim
1629 2748 1858 2801 antece—

492 2836 743 2903 dentem,
763 2827 1226 2889 utinfallibiliter
1243 2826 1498 2884 inferant
1517 2841 1857 2885 consensum

497 2915 952 2987 liberum,quem
975 2914 1121 2967 Deus
1143 2907 1600 2981 independenter
1627 2924 1660 2965 a
1680 2908 1861 2965 scien-

495 2997 578 3053 tia
604 2993 795 3052 media
816 2991 1066 3049 decrevit
1095 2988 1368 3056 absolute,
1385 2988 1534 3062 quod
1555 2987 1863 3044 eliceretur

496 3076 559 3133 in
583 3082 853 3147 tempore.
872 3073 941 3127 Et
955 3071 1077 3136 hoc,
1094 3069 1156 3125 in
1171 3086 1282 3142 quo
1304 3068 1554 3142 praedicti
1577 3068 1862 3125 Authores

495 3155 868 3220 conveniunt,
905 3150 1148 3227 probant
1171 3150 1433 3224 pluribus
1454 3150 1812 3225 argumentis
1844 3174 1857 3219 ;

497 3253 622 3312 quae
666 3241 861 3293 tamen
889 3232 1097 3306 majori
1125 3248 1196 3289 ex
1225 3238 1387 3305 parte
1411 3232 1597 3289 soluta
1624 3235 1863 3288 manent

496 3335 569 3378 ex
595 3320 868 3377 hactenus
889 3314 1055 3371 dictis
1095 3315 1157 3370 in
1181 3319 1295 3371 tota
1322 3315 1425 3370 hac
1451 3312 1856 3387 disputatione.

498 3399 606 3456 Sed
629 3414 702 3456 ne
730 3396 834 3453 illa
856 3395 1098 3453 omnino
1139 3394 1482 3467 praeteriisse
1534 3391 1858 3459 videamur,

498 3478 869 3554 suinciemus
895 3491 1019 3550 quae
1046 3475 1298 3548 aliquam
1326 3473 1714 3531 difficultatem
1756 3473 1865 3529 ha-

502 3559 638 3617 bere
666 3557 956 3622 videntur,
1005 3554 1351 3612 remittendo
1384 3557 1675 3612 Lectorem
1699 3552 1770 3611 ad
1797 3569 1866 3611 ea

503 3640 645 3708 loca,
690 3637 789 3694 ubi
819 3636 1012 3693 fusius
1026 3633 1367 3691 enodantur.

289 3737 473 3783 Primum
579 3721 712 3779 319.
734 3718 1011 3794 Arguitur
1049 3733 1183 3792 ergo
1210 3717 1399 3790 primo
1424 3730 1494 3773 ex
1513 3730 1673 3772 sacra
1702 3714 1866 3787 Srip-

290 3797 490 3883 mssiffi'm.
507 3807 637 3859 tura
675 3824 690 3868 ς
735 3815 870 3856 nam
940 3797 1252 3856 efficaciam
1315 3796 1529 3853 divinae
1592 3794 1868 3852 motionis

505 3880 755 3954 explicat
771 3876 940 3936 modo
955 3878 1186 3941 morali,
1207 3890 1413 3948 nempe
1428 3874 1718 3932 mediante
1733 3873 1868 3931 doc-

305 3985 475 4028 Joen‚0,
509 3962 684 4027 trina,
705 3959 989 4024 suasione,
1010 3963 1067 4014 et
1092 3956 1308 4024 effectu,
1329 3961 1390 4011 ut
1409 3957 1576 4012 Joan.
1599 3955 1657 4009 6:
1675 3953 1869 4010 Omnis

291 4033 481 4127 ξξξῖξὶ·
509 4044 632 4121 quis
658 4041 877 4097 audivit
902 4056 938 4093 a
966 4038 1149 4106 Patre,
1174 4045 1224 4093 et
1249 4037 1462 4105 didicit,
1487 4037 1635 4091 venit
1662 4035 1737 4090 ad
1760 4052 1863 4091 me.

304 4116 423 4177 oseafc
439 4116 479 4178 π’.
511 4123 767 4181 Hierem.
797 4122 891 4177 31:
917 4117 1216 4196 Postquam
1237 4117 1520 4173 ostendisti
1538 4117 1698 4183 milti,
1735 4133 1868 4189 per-

506 4204 654 4260 cussi
681 4203 861 4274 femur
887 4214 1085 4253 mcum.
1117 4199 1271 4254 Oseae
1307 4198 1366 4252 2:
1396 4193 1611 4252 Ducam
1641 4212 1764 4251 eam
1809 4196 1871 4250 in

509 4285 878 4344 solitudinem.
904 4288 952 4337 et
976 4281 1169 4358 loquar
1195 4279 1269 4335 ad
1295 4295 1388 4334 cor
1411 4278 1547 4349 ejus.
1576 4278 1728 4334 Psal.
1753 4279 1827 4333 84
1855 4297 1868 4333 ε

509 4364 760 4423 Audiam
785 4360 920 4437 quid
942 4360 1196 4432 loquatur
1222 4360 1281 4413 in
1307 4374 1389 4412 me
1410 4356 1681 4413 Dominus
1703 4359 1866 4423 Deua,

508 4452 566 4504 et
587 4444 727 4502 alibi
747 4459 913 4516 saepe.
960 4444 1026 4498 In
1049 4441 1139 4497 his
1159 4438 1317 4497 enim
1340 4438 1477 4495 locis
1499 4453 1616 4495 non
1643 4437 1873 4514 signifi-

508 4532 690 4592 catur,
740 4521 885 4597 quod
950 4520 1278 4577 immutatio
1321 4518 1514 4576 efficax
1560 4517 1873 4576 voluntatis

511 4611 721 4667 nostrae
741 4603 841 4661 fiat
867 4602 1038 4660 modo
1060 4601 1315 4678 physico,
1338 4616 1466 4657 eam
1498 4599 1869 4674 impellendo,

515 4697 574 4750 et
599 4687 906 4746 causaliter
929 4683 1249 4743 reducendo
1272 4682 1341 4741 ad
1361 4699 1704 4741 consensum
1736 4708 1752 4753 ;
1775 4684 1874 4743 sed

513 4770 687 4829 modo
710 4768 938 4835 morali,
972 4766 1263 4824 mediante
1281 4770 1476 4823 sancta
1514 4768 1870 4841 cogitatione,

511 4858 569 4912 et
602 4852 824 4911 aflectu.
869 4852 1018 4925 Ergo
1044 4850 1328 4907 auxilium
1355 4865 1425 4906 ex
1450 4864 1511 4906 se
1535 4849 1729 4908 efficax
1755 4865 1876 4908 non

516 4931 985 5007 praedeterminat
1036 4930 1389 4988 voluntatem
1453 4929 1703 5005 physice,
1775 4929 1876 4989 sed

515 5016 835 5073 moraliter.

1498 404 1593 459 DE
1627 400 1901 459 GRATIA
1940 396 2279 455 EFFICACI.

2046 567 2437 626 confirmatur
2469 567 2658 641 primo
2683 583 2755 625 ex
2785 568 2846 624 D.
2865 567 3199 642 Augustino,
3230 566 3331 640 qui
3361 563 3518 618 conflr-

1973 648 2234 725 pluribus
2260 650 2322 705 in
2352 649 2488 706 locis
2514 646 2797 722 significat
2822 647 3102 705 efficacem
3129 648 3332 705 volun·
3372 631 3516 718 '⁰3¹3

1971 732 2105 788 tatis
2125 730 2589 787 immutationem
2602 745 2718 787 non
2736 727 2863 787 fieri
2886 727 3058 788 modo
3074 729 3327 804 physico.
3405 726 3525 774 *⁰⁸-

1974 811 2070 870 sed
2098 811 2327 876 morali,
2354 810 2544 868 media
2566 810 3018 876 illuminatione,
3062 817 3118 867 et
3142 809 3333 867 delec-

1974 896 2209 951 tatione.
2240 895 2424 949 Tract.
2457 894 2548 957 26,
2578 892 2640 948 in
2661 894 2829 950 Joan.
2855 893 3045 965 inquit
3071 912 3085 947 ε
3113 891 3329 959 Amore,

1973 982 2024 1031 et
2048 975 2396 1030 delectatione
2420 973 2720 1027 trahuntur
2741 973 3003 1029 homines.
3028 973 3213 1028 Serm.
3248 972 3331 1038 13,

1976 1054 2048 1112 de
2085 1055 2279 1114 verbis
2326 1058 2519 1127 Apost.
2559 1051 2671 1124 Qui
2703 1059 2948 1125 ayuntur
2998 1053 3067 1108 ab
3106 1055 3331 1126 spiritu,

1975 1156 2167 1196 amore
2205 1145 2466 1209 afflantur.
2509 1133 2635 1192 Lib.
2666 1138 2721 1197 2.
2764 1141 2964 1192 contra
3001 1134 3143 1191 duas
3166 1135 3332 1208 epist.

1980 1217 2275 1293 pelagian.
2316 1232 2439 1288 cap.
2469 1216 2545 1270 9:
2583 1214 2733 1271 Tunc
2776 1215 2975 1271 bonum
3026 1216 3337 1288 concupisci

1980 1300 2194 1372 incipit,
2228 1297 2444 1370 quando
2470 1295 2763 1351 dulcescere
2803 1298 2980 1370 coepit.
3011 1297 3079 1351 Et
3120 1294 3220 1352 lib.
3268 1294 3338 1352 de

1981 1384 2253 1454 peccator.
2281 1377 2473 1434 merit.
2505 1392 2625 1449 cap.
2666 1379 2750 1433 17:
2776 1375 2920 1434 Cum
2939 1383 3124 1432 autem
3150 1375 3337 1431 abillo

1980 1465 2135 1520 illius
2161 1461 2503 1532 adjutorium
2528 1459 2881 1530 deprecamur
2911 1459 2987 1515 ad
3003 1458 3334 1532 faciendam,
3554 1513 3559 1514 ff
3604 1419 3607 1538 1

1973 1541 2777 1619 perficiendamquejitstitiam,
2811 1540 2945 1616 quid
2969 1540 3129 1596 aliud
3152 1539 3338 1611 deprc-

1979 1643 2191 1689 camur,
2248 1639 2414 1699 quam
2462 1628 2521 1676 ut
2566 1623 2782 1695 aperiat·
2832 1622 2977 1700 quod
3021 1621 3241 1687 latebat,
3292 1628 3341 1676 et

1978 1723 2148 1763 suave
2166 1704 2342 1777 faciat
2370 1703 2512 1779 quod
2534 1720 2641 1758 non
2667 1702 3014 1759 delectabat?
3033 1704 3101 1758 Et
3122 1702 3342 1758 similia

1981 1783 2446 1859 frequentissime
2497 1784 2561 1839 in
2622 1782 2741 1837 suis
2794 1782 3063 1855 operibus
3116 1783 3341 1855 repetit.

1982 1869 2131 1941 Ergo
2156 1880 2227 1922 ex
2248 1869 2440 1920 mente
2460 1864 2516 1919 S.
2544 1863 2798 1921 Doctoris
2826 1863 2974 1920 ratio
2995 1864 3203 1920 auxilii
3224 1861 3344 1920 effi-

1982 1949 2127 2007 cacis
2152 1962 2268 2004 non
2293 1950 2377 2002 est
2397 1944 2791 2003 constituenda
2818 1944 2881 2001 in
2901 1946 3176 2019 qualitate
3196 1946 3343 2020 phy-

1982 2030 2095 2087 sice
2135 2032 2535 2102 praemovente,
2584 2026 2682 2084 sed
2722 2028 2785 2084 in
2814 2026 3030 2084 actibus
3057 2026 3341 2085 indelibe-

1986 2109 2127 2167 ratis
2152 2107 2531 2182 cogitationis,
2574 2110 2630 2163 ot
2670 2108 2904 2173 amoris,
2954 2123 3053 2180 per
3089 2124 3230 2181 quos
3275 2108 3344 2166 ad

1982 2187 2364 2247 deliberatum
2392 2201 2732 2242 consensum
2786 2185 3182 2244 infallibiliter
3223 2193 3346 2245 tra-

1985 2269 2205 2326 himur.
2259 2265 2414 2324 Idem
2460 2267 2846 2323 communiter
2884 2264 3211 2340 significant
3243 2269 3344 2325 alii

1986 2353 2204 2418 Patres,
2229 2355 2286 2407 et
2338 2349 2620 2422 praecipue
2663 2352 2718 2407 S.
2771 2350 3025 2423 cyrillus
3063 2350 3571 2410 Alexandscvrin-

1987 2432 2081 2489 lib.
2111 2433 2168 2491 4.
2200 2433 2260 2486 in
2280 2428 2446 2487 Joan.
2477 2448 2598 2503 cap.
2624 2432 2677 2495 5,
2705 2430 2802 2486 ubi
2833 2433 2943 2486 ait:
2982 2452 3007 2482 α
3038 2432 3165 2487 Non
3186 2431 3347 2488 enim

1994 2533 2019 2565 α
2060 2527 2191 2568 cum
2237 2509 2393 2575 dicit,
2422 2511 2717 2567 neminem
2748 2526 2909 2583 posse
2936 2508 3006 2565 ad
3031 2525 3091 2565 se
3128 2511 3344 2576 venire,

1994 2614 2021 2646 α
2063 2593 2175 2649 nisi
2206 2595 2375 2649 Pater
2400 2591 2641 2648 traxerit
2662 2608 2814 2660 eum,
2847 2592 2906 2648 vi
2931 2591 3177 2665 quadam
3204 2593 3344 2669 cogi,

1994 2698 2021 2730 α
2063 2675 2328 2749 trahique
2379 2673 2683 2733 credentes.
2716 2674 3035 2747 putandum
3086 2681 3210 2742 est;
3251 2673 3347 2733 sed

1996 2778 2022 2810 α
2069 2755 2403 2820 monitione,
2434 2753 2714 2822 doctrina,
2741 2755 3091 2813 revelatione
3118 2755 3347 2813 infalli-

1997 2859 2023 2892 α
2077 2837 2272 2896 biliter
2295 2836 2458 2894 facta.
2494 2857 2521 2888 »

2066 2910 2454 2970 confirmatur
2474 2909 2723 2967 secundo
2747 2926 2818 2968 ex
2840 2915 2903 2968 D.
2931 2914 3175 2971 Thoma.
3204 2913 3353 2967 Tum
3427 2938 3510 2983 se-
3619 2970 3621 2981 Ι

1990 2992 2126 3066 quia
2146 2993 2200 3046 S.
2231 2993 2431 3048 Doctor
2451 3007 2626 3064 supra
2660 2999 2841 3068 quast.
2884 2992 3003 3059 llo,
3029 3000 3139 3049 art.
3165 2994 3219 3060 2,
3250 3007 3354 3048 ex·
3392 2988 3551 3031 ⁶⁰⁰⁶&

1994 3087 2184 3144 presse
2229 3072 2502 3138 resolvit,
2556 3071 2802 3145 gratiam
2856 3072 3205 3131 habitualem
3244 3087 3360 3144 qua
3385 3038 3553 3081 D'Tm'

1992 3151 2419 3209 sanctificamur
2449 3194 2463 3218 ,
2519 3167 2640 3207 esse
2683 3153 3059 3224 qualitatem;
3106 3154 3355 3227 gratiam

1994 3249 2132 3292 vero
2152 3236 2454 3299 actualem,
2485 3250 2597 3306 qua
2636 3232 2706 3289 ad
2754 3234 2974 3307 aliquid
3014 3250 3359 3310 cognoscen-

1994 3315 2153 3384 dum,
2202 3317 2295 3371 vel
2347 3315 2658 3373 volendum
2712 3332 3035 3382 movemur,
3082 3333 3199 3374 non
3239 3332 3362 3375 esse

1994 3396 2351 3469 qualitatem,
2376 3393 2474 3451 sed
2503 3399 2723 3451 motum
2747 3396 2959 3452 animm
2992 3417 3005 3452 ε
3036 3398 3191 3468 atqui
3233 3412 3363 3454 mo-

1995 3483 2086 3532 tus
2109 3475 2319 3532 animae
2349 3491 2382 3531 a
2408 3476 2681 3548 qualitate
2701 3475 3002 3533 distinctus
3030 3478 3181 3534 nihil
3204 3476 3362 3534 aliud

1995 3562 2099 3624 est,
2128 3572 2301 3629 quam
2354 3556 2569 3613 animae
2615 3557 2872 3629 operatio
2906 3573 3083 3631 :ergo
3129 3575 3200 3615 ex
3242 3559 3367 3632 ejus

1996 3636 2282 3694 sententia
2301 3636 2485 3711 gratia
2513 3637 2752 3693 actualis
2778 3636 3080 3694 efficaciter
3125 3654 3366 3697 movens

1999 3732 2118 3774 non
2133 3716 2388 3773 consistit
2409 3716 2471 3773 in
2494 3717 2767 3789 qualitate
2796 3716 3029 3791 physice
3052 3717 3365 3791 praedeter-

1998 3797 2279 3863 minante,
2310 3795 2495 3853 sedin
2517 3795 2734 3852 actibus
2763 3795 3038 3853 vitalibus
3077 3797 3369 3856 indelibe-

2001 3880 2161 3947 ratis,
2190 3877 2399 3952 quibus
2420 3877 2713 3934 trahimur
2742 3877 2812 3934 ad
2842 3877 3091 3935 liberum
3119 3896 3370 3938 consen-

1999 3976 2148 4017 sum.
2181 3958 2328 4014 Tum
2351 3957 2547 4023 etiam,
2579 3957 2716 4030 quia
2757 3963 2909 4014 utex
2953 3956 3065 4016 fide
3109 3959 3283 4016 tradit
3309 3961 3371 4017 S.

1999 4045 2204 4099 Doctor
2233 4043 2250 4098 1
2283 4049 2430 4113 part.
2456 4046 2641 4118 quast.
2678 4041 2760 4105 19,
2792 4048 2902 4097 art.
2927 4042 2983 4107 8,
3037 4043 3181 4099 Deus
3202 4042 3377 4101 aliter

2001 4124 2072 4182 ad
2096 4122 2453 4197 operandum
2486 4128 2677 4180 movet
2725 4139 2921 4181 causas
2974 4123 3284 4193 naturales,
3317 4129 3378 4180 et

2002 4206 2174 4263 aliter
2193 4219 2390 4261 causas
2418 4202 2631 4260 liberas
2662 4225 2676 4261 ε
2707 4204 2802 4260 sed
2855 4219 3053 4261 causas
3080 4204 3376 4261 naturales

2002 4291 2196 4342 movet
2216 4282 2506 4340 mediante
2526 4283 2801 4356 qualitate
2822 4281 3068 4356 quadam
3092 4283 3367 4341 intentio-

2004 4366 2125 4423 nali
2156 4364 2388 4440 physice
2438 4362 2845 4436 praemovente,
2880 4370 2941 4421 ut
2978 4363 3137 4421 docet
3183 4373 3368 4443 quast.

2002 4447 2067 4502 de
2090 4448 2352 4519 potentia,
2377 4452 2487 4501 art.
2514 4448 2550 4499 7
2577 4468 2589 4511 ;
2619 4460 2755 4520 ergo
2774 4460 2970 4501 causas
2998 4444 3209 4501 liberas
3254 4459 3374 4501 non

2004 4528 2085 4584 ita
2111 4530 2324 4591 movet,
2347 4526 2446 4583 sed
2467 4524 2681 4583 mediis
2711 4526 2927 4582 actibus
2974 4525 3376 4583 indeliberatis

2005 4608 2408 4666 inducentibus
2422 4623 2760 4664 consensum
2781 4607 3053 4664 liberum.
3070 4609 3218 4664 Tum
3236 4623 3378 4680 prae-

2007 4694 2179 4757 terea,
2209 4705 2345 4745 nam
2393 4695 2577 4766 quaest.
2600 4689 2636 4743 6
2655 4688 2718 4742 dc
2754 4686 3006 4754 Veritatffl
3031 4695 3146 4744 art.
3168 4690 3223 4755 3,
3254 4688 3377 4744 hae'c

2007 4768 2179 4826 habet
2205 4793 2218 4827 z
2245 4790 2270 4822 α
2313 4768 2582 4825 Liberum
2630 4765 2941 4823 arbitrium
2988 4765 3231 4825 deficere
3273 4783 3379 4841 po-
3418 4794 3565 4840 mm

2014 4871 2041 4903 α
2082 4849 2449 4917 testasalute,
2468 4848 2743 4905 tamenin
2758 4863 3032 4921 eo,quem
3055 4850 3201 4905 Deus
3223 4864 3382 4922 prae-

1980 4954 2042 5003 ,α
2083 4930 2350 4994 destinat,
2383 4935 2464 4987 tot
2491 4928 2842 4986 adminicula
2872 4935 3180 5003 praeparat,
3228 4930 3382 5003 quod

2016 5034 2041 5067 α
2084 5027 2200 5069 non
2226 5008 2386 5066 cadat
2412 5032 2427 5076 ;
2454 5009 2544 5066 vel
2589 5008 2637 5064 si
2665 5007 2844 5074 cadat,
2873 5007 3025 5082 quod
3074 5015 3382 5084 resurgat:

3232 5091 3381 5149 sicut
