3647 5753
593 407 706 466 866
1609 411 1704 467 DE
1743 411 2050 468 PRAEMIO
2087 410 2366 468 MERITI.

380 591 557 635 consec-
596 582 906 655 care,quod
916 581 1101 656 justus
1114 587 1408 640 mereatur
1423 582 1494 640 de
1504 582 1788 658 condigno
1803 582 1956 640 bona

399 639 557 749 ,ἓξὲξ
597 665 946 739 temporalia
972 666 1127 732 aliis;
1155 664 1279 723 sive
1293 664 1482 739 justis,
1524 664 1649 722 sive
1696 668 1956 738 peccato-

383 738 585 834 §gg-²1¹3„
601 745 762 803 ribus
782 744 1149 811 conferenda,
1184 750 1245 802 ut
1277 744 1633 820 ordinantur
1675 744 1747 802 ad
1773 743 1954 800 finem

596 828 800 885 salutis
818 831 1047 884 aeternae
1069 825 1168 883 :de
1189 826 1334 884 facto
1351 831 1547 883 tamen
1564 826 1667 883 illa
1687 841 1806 883 non
1828 840 1957 881 me-

597 912 776 974 retur,
804 907 921 964 nisi
949 907 1020 964 de
1043 923 1314 983 congruo.
1372 908 1573 965 Prima
1615 903 1954 964 consectarii

593 1005 730 1065 pars
754 989 894 1047 satis
921 989 1104 1063 liquet
1128 1005 1201 1046 ex
1228 988 1435 1046 dictis:
1483 989 1761 1063 quoniam
1801 1003 1956 1062 prae-

592 1071 741 1129 dicta
767 1071 917 1129 bona
938 1078 1002 1127 nt
1021 1073 1156 1129 aliis
1175 1070 1526 1130 conferenda
1564 1087 1683 1129 non
1726 1070 1955 1142 impor-

591 1159 717 1211 tant
737 1154 801 1212 in
826 1170 951 1212 esse
970 1155 1198 1228 praemii
1218 1154 1728 1213 aestimabilitatem
1750 1151 1956 1209 infini-

589 1239 730 1301 tam,
763 1239 931 1307 atque
957 1235 1086 1293 ideo
1121 1235 1250 1294 fieri
1292 1240 1492 1311 potest,
1525 1240 1588 1292 ut
1627 1250 1745 1292 non
1785 1234 1956 1292 exce-

589 1315 731 1373 dant
771 1316 832 1371 in
854 1315 1054 1374 valore
1081 1319 1290 1376 merita
1311 1318 1451 1392 justi
1476 1339 1491 1374 ε
1549 1314 1787 1374 aliunde
1813 1330 1957 1373 vero

589 1413 712 1455 non
756 1397 1035 1472 implicat,
1066 1398 1217 1471 quod
1245 1400 1471 1458 accedat
1498 1399 1807 1472 promissio
1827 1396 1953 1464 Dei,

590 1485 648 1538 et
673 1479 963 1540 ordinatio
990 1497 1063 1539 ex
1090 1489 1251 1556 parte
1273 1484 1553 1541 merentis
1575 1481 1645 1540 ad
1673 1483 1787 1540 tale
1814 1498 1957 1555 prae-

596 1563 784 1619 mium
817 1584 830 1620 :
860 1579 997 1638 ergo
1019 1565 1204 1638 J'ustus
1226 1572 1406 1640 potest
1425 1566 1640 1623 mereri
1663 1563 1733 1623 de
1752 1564 1957 1623 condi-

595 1660 709 1719 gno
731 1644 998 1720 praedicto
1019 1646 1168 1705 bona
1190 1648 1324 1704 aliis
1344 1647 1707 1705 conserenda.
1734 1646 1897 1713 Quod
1924 1664 1957 1706 a

597 1727 831 1787 fortiori
882 1728 1223 1787 confirmari
1271 1730 1423 1787 valet
1463 1746 1537 1788 ex
1574 1747 1753 1805 supra
1789 1728 1958 1787 dictis

595 1810 724 1867 dab.
754 1812 809 1877 2,
834 1814 866 1882 g
889 1814 935 1877 1,
959 1819 1009 1867 et
1034 1813 1090 1877 2,
1117 1828 1253 1869 nam
1290 1811 1479 1886 gratia
1502 1811 1868 1870 sanctificans
1895 1815 1957 1868 ut

597 1892 731 1949 aliis
775 1890 966 1949 danda
1008 1895 1203 1967 (quam
1252 1892 1466 1950 ibidem
1517 1892 1773 1951 diximus
1796 1908 1957 1967 posse

592 1971 700 2029 sub
719 1973 859 2048 justi
888 1973 1096 2031 merito
1133 1973 1375 2047 cadere)
1415 1973 1958 2049 incomparabiliter

592 2052 815 2111 excedit
841 2052 991 2111 bona
1014 2055 1375 2130 temporalia,
1401 2074 1529 2131 quae
1557 2061 1795 2129 possunt
1822 2055 1957 2113 aliis

595 2135 871 2193 conferri.
1236 2187 1239 2191 Α

670 2215 928 2274 Secunda
953 2234 1093 2276 vero
1115 2236 1247 2293 pars
1269 2219 1436 2277 facile
1457 2220 1636 2276 etiam
1658 2219 1951 2285 suadetur,

595 2299 871 2371 quoniam
925 2317 1043 2359 non
1088 2301 1246 2360 adest
1285 2303 1356 2359 de
1402 2302 1546 2359 facto
1575 2306 1801 2375 pactum
1833 2302 1951 2369 Dei,

590 2395 702 2451 quo
715 2379 872 2455 justo
916 2384 1251 2457 promiserit
1277 2382 1428 2441 bona
1454 2384 1802 2457 temporalia
1825 2382 1958 2439 aliis

591 2458 782 2518 danda
810 2483 846 2519 ε,
870 2479 983 2537 quo
1023 2470 1185 2538 pacto
1229 2467 1483 2531 secluso,
1544 2481 1663 2522 non
1700 2466 1959 2522 salvatur

592 2542 867 2601 meritum
890 2546 963 2604 de
983 2548 1271 2622 condigno
1300 2591 1314 2617 ,
1341 2547 1442 2605 sed
1469 2546 1540 2604 ad
1568 2564 1866 2604 summum
1888 2546 1960 2604 de

590 2637 861 2697 congrue,
891 2632 952 2682 ut
981 2643 1157 2700 supra
1184 2627 1445 2685 diximus
1470 2629 1613 2702 disp.
1648 2631 1694 2693 1,
1735 2628 1861 2684 dub.
1894 2629 1952 2684 6.

593 2705 927 2763 Praesertim
957 2724 1089 2765 cum
1110 2710 1482 2783 oratio,cujus
1502 2710 1593 2767 vis
1615 2711 1959 2781 impetrato-

524 2813 527 2817 ·
597 2783 686 2839 ria
712 2785 963 2843 inferior
990 2790 1158 2862 longe
1176 2795 1261 2845 est
1288 2791 1498 2847 merito
1524 2789 1595 2846 de
1644 2789 1953 2864 condigno,

595 2880 715 2921 non
743 2865 950 2924 habeat
976 2870 1243 2943 consequi
1272 2869 1668 2928 infallibiliter
1680 2871 1834 2937 aliis,
1858 2870 1958 2928 sed

598 2950 825 3002 tantum
866 2951 1098 3021 petenti,
1126 2959 1189 3008 ut
1227 2952 1386 3010 docet
1430 2954 1495 3010 D.
1546 2952 1751 3010 Thom.
1800 2955 1857 3023 2,
1897 2955 1953 3023 2,

596 3035 779 3103 quast.
806 3030 898 3097 83,
925 3040 1034 3099 art,
1070 3034 1135 3089 15
1161 3035 1237 3091 ad
1265 3037 1310 3091 l.

387 3120 575 3166 secunda
681 3112 805 3169 111.
834 3114 1148 3173 Dicendum
1176 3123 1262 3175 est
1299 3117 1565 3188 secundo,
1588 3118 1810 3192 justum
1841 3133 1960 3175 non

404 3170 570 3264 ⁶223*
600 3194 819 3253 mereri
835 3194 906 3253 de
926 3197 1228 3273 condigno,
1256 3214 1360 3256 nec
1407 3200 1478 3257 de
1513 3216 1769 3275 congruo
1808 3200 1962 3258 bona

601 3276 945 3346 temporalia
968 3278 1281 3339 secundum
1308 3297 1370 3339 se
1393 3282 1774 3340 considerata.
1800 3282 1962 3337 Hanc

601 3356 980 3416 assertionem
1001 3362 1138 3419 satis
1164 3369 1358 3437 aperte
1383 3364 1548 3422 docet
1577 3368 1634 3420 D.
1664 3364 1770 3420 Th.
1797 3365 1853 3431 2,
1899 3363 1954 3428 2,

599 3445 780 3516 quast.
815 3441 938 3509 122,
966 3449 1077 3500 art.
1103 3445 1157 3511 5,
1182 3446 1274 3501 ad.
1305 3447 1360 3512 4,
1388 3444 1487 3502 nbi
1516 3447 1634 3503 ait:
1664 3445 1960 3503 Praesentia

598 3517 758 3587 bona,
788 3522 876 3577 vel
916 3523 1071 3579 mala
1096 3541 1206 3580 non
1245 3526 1449 3583 cadunt
1475 3527 1575 3582 sub
1627 3527 1840 3591 merito,
1875 3524 1962 3581 vel

597 3602 870 3673 demerito,
901 3608 1015 3663 nisi
1032 3616 1300 3685 quatenus
1319 3610 1655 3666 ordinantur
1679 3609 1755 3664 ad
1794 3608 1960 3681 fatu-

597 3703 724 3744 ram
758 3694 1270 3759 remunerationem,
1300 3698 1365 3748 ut
1382 3693 1592 3748 dictum
1615 3699 1712 3758 est,
1748 3706 1960 3763 nempe

597 3765 659 3821 in
670 3772 924 3841 prasenti
950 3780 1128 3849 quast.
1156 3779 1265 3830 art.
1306 3774 1390 3839 10,
1423 3777 1486 3828 ut
1511 3777 1735 3829 constat
1755 3787 1832 3829 ex
1857 3788 1960 3828 ar-

599 3849 758 3908 ticuli
788 3852 1070 3926 margine.
1098 3853 1260 3919 Quod
1286 3859 1478 3911 autem
1507 3854 1571 3910 in
1591 3854 1699 3911 hoc
1729 3854 1851 3910 loco
1878 3853 1962 3909 ita

596 3930 808 3998 doceat,
835 3932 1011 4006 liquet
1032 3938 1154 3991 tum
1200 3950 1273 3992 ex
1309 3951 1547 4009 corpore
1574 3935 1825 4002 articuli,
1859 3933 1959 3991 ubi

597 4013 828 4070 nullum
857 4013 1016 4072 aliud
1066 4016 1261 4073 meriti
1301 4010 1483 4091 g'enus
1528 4015 1789 4074 concedit
1835 4032 1960 4074 res-

599 4100 760 4167 pectu
783 4094 1068 4152 bonorum
1095 4099 1506 4171 temporalium
1529 4096 1847 4156 secundum
1872 4112 1953 4167 se,

599 4183 716 4244 nisi
741 4184 1246 4256 consequutionem
1276 4185 1571 4260 physicam
1618 4200 1843 4251 eorum,
1884 4182 1959 4240 ad

596 4281 722 4338 quae
759 4271 954 4323 movet
981 4267 1167 4323 Deus:
1210 4267 1359 4341 quod
1405 4284 1524 4326 non
1570 4273 1656 4326 est
1681 4268 1957 4324 meritum

594 4344 666 4404 de
691 4345 994 4421 condigno,
1027 4348 1120 4405 vel
1146 4347 1217 4405 de
1254 4364 1526 4423 congruo,
1568 4348 1669 4406 sed
1721 4347 1959 4406 abusive

594 4433 830 4487 vocatur
873 4430 1168 4488 meritum.
1223 4433 1392 4497 Tum,
1449 4436 1507 4489 et
1553 4432 1856 4506 principue
1885 4447 1958 4488 ex

597 4512 973 4585 responsione
999 4512 1070 4570 ad
1090 4516 1146 4581 4,
1177 4530 1289 4587 quo
1318 4513 1653 4572 intendebat
1688 4513 1953 4587 probare,

588 4595 809 4669 justum
839 4609 959 4651 non
982 4595 1199 4653 mereri
1229 4596 1381 4653 bona
1426 4594 1788 4668 temporalia,
1821 4594 1959 4668 quia

593 4677 716 4735 haec
758 4681 895 4734 sunt
936 4678 1269 4735 communia
1315 4678 1503 4741 bonis,
1532 4683 1589 4736 et
1616 4676 1786 4735 malis
1820 4697 1835 4734 ε
1864 4675 1956 4734 cui

593 4763 649 4820 S.
676 4764 884 4820 Doctor
903 4762 1155 4818 occurrit
1176 4762 1240 4819 in
1268 4761 1423 4819 hunc
1446 4760 1684 4818 modum
1710 4781 1724 4817 ε
1751 4761 1959 4818 Dicen-

592 4845 748 4911 dum,
782 4844 926 4923 quod
944 4846 1134 4900 omnia
1160 4862 1304 4921 aeque
1328 4846 1661 4901 conveniunt
1681 4843 1857 4912 bonis,
1906 4849 1959 4899 ct

596 4925 780 4994 malis,
809 4932 1079 5003 quantum
1122 4926 1191 4982 ab
1235 4928 1417 5000 ipsam
1466 4925 1837 4983 substantiam
1861 4923 1958 4980 bo-

594 5024 814 5075 norum,
841 5008 925 5064 vel
962 5009 1237 5065 malorum
1263 5009 1665 5084 temporalium,
1709 5008 1802 5066 sed
1847 5026 1960 5065 non

594 5094 867 5161 quantum
885 5088 962 5143 ad
980 5086 1143 5159 finem
1162 5105 1184 5156 ,·
1209 5090 1341 5167 qaia
1369 5089 1495 5146 boni
1509 5107 1608 5163 per
1626 5090 1945 5162 hujusmodi

2084 582 2540 639 manudacuntur
2582 580 2658 637 ad
2682 581 3097 647 beatitudinem,
3133 597 3244 638 non
3266 587 3444 637 autem

2084 665 2247 721 mati.
2261 666 2331 721 Et
2352 664 2434 721 ita
2453 663 2616 721 docet
2635 661 2872 738 Gregor.
2897 664 3179 721 Martinez
3209 665 3273 718 in
3290 680 3442 737 pres.

2083 746 2215 802 dub.
2244 747 2299 810 2.
2330 746 2501 804 concl.
2526 748 2583 812 2,
2613 751 2671 803 et
2697 746 2826 802 alii.

2159 828 2444 886 Probatur
2467 828 2693 885 ratione
2717 826 3018 901 desumpta
3044 842 3116 885 ex
3143 829 3206 883 D.
3240 826 3441 885 Thom.
3472 843 3542 885 aa

2086 910 2374 975 Quoniam
2418 911 2480 968 id
2524 910 2675 984 quod
2722 914 2808 967 est
2846 924 3156 968 commune
3182 908 3371 978 bonis,
3394 914 3445 965 et

2086 991 2278 1059 malis,
2301 1007 2420 1049 non
2460 992 2631 1049 habet
2659 992 2949 1050 rationem
2972 991 3200 1065 praemii
3235 1005 3444 1050 corres-

2085 1071 2406 1146 pondentis·
2430 1074 2640 1131 merito
2682 1074 2771 1129 vel
2817 1072 2889 1129 de
2917 1073 3222 1148 condigno.
3262 1074 3355 1132 vel
3379 1072 3444 1130 de

2084 1165 2338 1230 congruo
2358 1155 2614 1212 hominis
2634 1156 2774 1231 justi
2802 1153 2938 1213 :sed
2966 1154 3116 1212 bona
3153 1160 3443 1229 tempora·

2085 1236 2168 1292 lia
2192 1235 2509 1293 secundum
2533 1253 2597 1295 se
2618 1241 2842 1311 accepta
2867 1243 3005 1294 sunt
3023 1235 3166 1310 quid
3187 1253 3444 1294 commu-

2086 1331 2160 1373 ne
2187 1315 2372 1384 bonis,
2404 1322 2461 1375 et
2488 1318 2679 1384 maliS,
2731 1324 2792 1376 ut
2833 1318 3047 1375 dicitur
3073 1320 3448 1377 Ecclesiastici

2086 1398 2140 1465 9,
2191 1401 2247 1454 et
2295 1398 2657 1471 experientia
2703 1399 2925 1473 liquet:
2966 1414 3104 1475 ergo
3138 1400 3444 1473 justusnec

2083 1479 2156 1538 de
2180 1497 2452 1557 congruo,
2481 1497 2584 1540 nec
2610 1481 2681 1540 de
2708 1481 2995 1558 condigno
3021 1488 3285 1541 meretur
3306 1482 3444 1540 bona

2083 1564 2430 1636 temporalia
2448 1562 2811 1621 considerata
2836 1562 3155 1620 secundum
3177 1580 3261 1621 se.
3311 1565 3444 1620 Sua·

2085 1640 2254 1700 detur
2282 1644 2469 1718 major
2496 1668 2512 1712 ς
2567 1660 2708 1702 nam
2749 1644 3056 1718 praemium
3105 1660 3440 1718 correspon-

2084 1722 2228 1781 dens
2273 1727 2483 1784 merito
2522 1729 2664 1803 justi
2715 1729 2966 1800 pertinet
3005 1729 3338 1801 specialiter
3379 1727 3441 1785 ad

2085 1807 2296 1881 ipsum,
2323 1809 2581 1883 alioquin
2623 1810 2774 1866 nihil
2815 1810 3103 1868 commodi
3140 1811 3334 1884 justus
3375 1826 3438 1868 ex

2087 1887 2190 1944 tali
2217 1888 2428 1956 merito
2459 1894 2778 1964 reportaret
2805 1912 2819 1946 :
2847 1906 2983 1965 ergo
3003 1890 3154 1964 quod
3178 1896 3266 1949 est
3287 1907 3432 1949 com-

2086 1984 2264 2026 mune
2286 1968 2468 2039 bonis,
2492 1975 2549 2028 et
2571 1971 2760 2037 malis,
2793 1988 2912 2030 non
2957 1971 3132 2036 habet
3154 1974 3431 2030 rationem

2087 2051 2314 2124 praemii
2333 2051 2833 2123 correspondentis
2855 2052 3030 2110 alicui
3053 2054 3268 2126 merito
3290 2051 3436 2128 justi.

2161 2130 2552 2189 confirmatur
2598 2133 2792 2206 primo
2817 2150 2831 2186 ε
2879 2150 3017 2191 nam
3059 2150 3260 2199 omne.
3304 2131 3436 2207 quod
3459 2127 3536 2220 Q

2081 2213 2270 2286 justus
2295 2229 2402 2269 suo
2423 2214 2631 2270 merito
2660 2220 2874 2283 causat,
2926 2222 3011 2271 est
3037 2214 3272 2272 effectus
3300 2230 3433 2288 prae-
3463 2227 3536 2280 prin

2085 2292 2488 2356 destinationis
2533 2293 2789 2369 ejusdem
2839 2295 2981 2369 iusti
3008 2340 3020 2361 ‚
3089 2313 3216 2353 non
3256 2297 3435 2353 minus

2086 2392 2259 2451 quam
2280 2376 2470 2450 ipsum
2510 2378 2786 2435 meritum
2818 2395 2832 2428 ε
2865 2379 3020 2453 atqui
3044 2377 3203 2435 bona
3231 2385 3434 2451 tempo-

2090 2457 2237 2513 ralia
2255 2457 2569 2514 secundum
2595 2475 2656 2516 se
2682 2463 2906 2531 accepta
2917 2475 3037 2517 non
3062 2466 3207 2515 sunt
3226 2459 3435 2518 effectus

2088 2536 2630 2610 praedestinationis,
2663 2537 2947 2612 siquidem
2971 2539 3077 2596 hoc
3118 2539 3297 2597 modo
3314 2553 3433 2596 con-

2087 2618 2339 2677 siderata
2367 2637 2485 2679 non
2504 2621 2829 2680 conducunt
2859 2621 2927 2679 ad
2950 2624 3200 2680 salutem
3210 2648 3225 2690 ς
3255 2622 3348 2679 sed
3369 2621 3428 2678 ab

2090 2701 2420 2774 hujusmodi
2440 2704 2814 2761 conducentia
2843 2703 3335 2777 praescindunt‚†ut
3351 2718 3430 2758 sa-

2089 2782 2165 2838 tis
2210 2790 2430 2841 constat
2479 2801 2552 2843 ex
2589 2785 2757 2843 dictis
2808 2787 2931 2843 loco
2955 2802 3133 2860 supra
3153 2788 3343 2850 citato,
3363 2798 3422 2840 ex

2090 2867 2358 2925 Tractatu
2403 2866 2474 2925 de
2521 2866 3031 2926 praedestinatione
3058 2890 3072 2925 :
3102 2885 3246 2944 ergo
3266 2867 3427 2941 justus

2090 2949 2253 3006 nullo
2269 2947 2437 3006 modo
2457 2955 2713 3008 meretur
2730 2948 2880 3007 bona
2896 2951 3244 3023 temporalia
3253 2963 3427 3020 sump-

2089 3035 2148 3087 ta
2185 3032 2503 3089 secundum
2524 3049 2602 3091 se.

2165 3112 2557 3171 confirmatur
2580 3112 2855 3172 secundo:
2885 3131 3024 3171 nam
3046 3113 3201 3188 quod
3229 3128 3335 3172 non
3352 3125 3426 3168 ca·
3451 3092 3534 3185 {²54-

2089 3192 2175 3249 dit
2198 3193 2304 3250 sub
2343 3211 2462 3269 spe,
2488 3201 2545 3254 et
2562 3196 2823 3254 oratione
2850 3196 3110 3253 hominis
3131 3194 3284 3269 justi,
3317 3206 3421 3248 non

2088 3276 2240 3334 cadit
2257 3277 2365 3334 sub
2385 3280 2507 3354 ejus
2527 3279 2756 3346 merito,
2782 3284 2841 3335 ut
2851 3279 3128 3352 {paritatis
3142 3277 3277 3335 ratio
3294 3287 3417 3330 con-

2089 3359 2324 3419 vincere
2351 3360 2582 3418 videtur
2611 3383 2624 3417 :
2655 3361 2811 3434 atqui
2855 3363 3043 3436 justus
3091 3376 3211 3418 non
3233 3360 3411 3432 sperat,

2091 3456 2194 3498 nec
2222 3442 2362 3515 petit
2388 3441 2539 3501 bona
2561 3443 2906 3517 temporalia
2926 3441 3246 3501 secundum
3269 3454 3324 3497 se
3344 3452 3424 3494 ac·

2089 3528 2268 3597 cepta,
2301 3523 2557 3582 sistendo
2586 3523 2686 3594 ibi,
2719 3524 2819 3582 sed
2849 3529 2911 3579 ut
2934 3524 3009 3582 ad
3031 3523 3286 3581 salutem
3309 3535 3427 3579 con·

2089 3604 2325 3672 ducunt,
2358 3610 2421 3662 ut
2446 3607 2585 3663 satis
2605 3612 2799 3680 aperte
2839 3605 3016 3663 tradit
3059 3607 3125 3663 D.
3155 3606 3352 3665 Thom.
3381 3604 3427 3667 2,

2088 3689 2145 3755 2,
2175 3695 2359 3766 quaest.
2393 3691 2476 3756 17,
2499 3696 2610 3746 art.
2631 3690 2688 3756 4,
2720 3698 2769 3745 et
2790 3695 2975 3766 quaest.
3003 3689 3095 3755 86,
3118 3696 3236 3744 art.
3254 3689 3319 3754 6;
3342 3700 3426 3743 er-

2088 3785 2160 3844 go
2180 3769 2366 3843 justus
2388 3785 2506 3826 non
2534 3774 2791 3827 meretur
2813 3768 2964 3826 bona
2989 3767 3332 3842 temporalia
3356 3781 3433 3823 se·

2087 3849 2342 3907 cundum
2387 3866 2451 3908 se
2498 3850 2879 3915 considerata,
2922 3855 2979 3907 et
3030 3849 3332 3923 praecisive
3370 3846 3430 3903 ab

2090 3931 2295 3990 ordine
2332 3931 2403 3989 ad
2446 3934 2718 3991 salutem.
2763 3933 2832 3988 Et
2880 3932 2943 3989 in
2979 3932 3084 3987 hoc
3108 3946 3282 3986 sensu
3327 3932 3435 3987 orat

2089 4021 2329 4095 Sapiens
2350 4019 2627 4079 Proverb.
2655 4022 2751 4078 30:
2783 4021 3218 4085 Mendicitatem,
3247 4019 3438 4075 8ιάίυί-

2089 4104 2287 4160 tias-ne
2309 4102 2521 4159 dederis
2564 4103 2706 4159 milti
2740 4123 2753 4158 ι
2785 4102 2962 4158 tribue
2999 4107 3224 4156 tantum
3273 4102 3436 4157 victui

2088 4202 2203 4242 meo
2222 4186 2546 4251 necessaria,
2571 4202 2638 4241 ne
2664 4186 2805 4259 forte
2851 4186 3095 4242 satiatas
3145 4184 3355 4244 illiciar
3376 4183 3440 4239 ad

2087 4266 2416 4338 negandum,
2446 4273 2497 4322 et
2522 4267 2710 4322 dicam
2751 4288 2766 4323 ε
2806 4266 2946 4340 Quis
3001 4277 3078 4326 est
3138 4266 3441 4328 Dominum?

2088 4357 2189 4406 aut
2236 4356 2462 4421 eyestate
2506 4349 2819 4422 compulsus
2884 4352 3047 4424 furer
3083 4360 3136 4409 ct
3183 4354 3441 4427 perfia-em

2088 4450 2281 4490 nomen
2332 4431 2435 4489 Dei
2477 4436 2598 4490 mei.
2651 4432 2782 4499 Ubi,
2826 4438 2889 4488 ut
2914 4434 3095 4502 vides,
3127 4452 3247 4494 non
3287 4436 3440 4493 aliter

2086 4518 2237 4575 circa
2258 4516 2376 4573 haec
2394 4517 2738 4591 temporalia
2764 4517 2987 4591 satagit,
3017 4519 3133 4577 nisi
3168 4523 3442 4594 quatenus

2088 4598 2307 4672 aliquid
2328 4604 2597 4672 praestant
2624 4598 2695 4657 ad
2720 4599 2967 4656 aliorem
2995 4597 3200 4658 finem.

2169 4682 2293 4737 112.
2324 4680 2639 4738 Dicendum
2665 4685 2752 4738 est
2770 4679 2960 4747 tertio,
2987 4686 3311 4752 peccatores
3334 4691 3443 4735 nou
3476 4679 3552 4721 w*

2088 4760 2304 4820 mereri
2321 4761 2392 4820 de
2426 4761 2728 4838 condigno,
2760 4777 2864 4818 nec
2902 4761 2974 4818 de
3004 4777 3259 4838 congruo
3306 4759 3447 4818 bona
3469 4732 3552 4820 Ἓξ

2088 4844 2449 4917 temporalia,
2495 4844 2587 4901 vel
2632 4841 2992 4899 considerata
3016 4841 3338 4900 secundum
3368 4855 3444 4904 se·

2089 4925 2182 4982 vel
2217 4930 2499 4999 quatenus
2524 4922 2830 4982 conferunt
2850 4922 2921 4980 ad
2941 4924 3204 4981 salutem.
3236 4924 3323 4981 Ita
3347 4923 3449 4977 Ca-

2082 5006 2313 5082 ietanus
2338 5008 2399 5063 in
2423 5006 2529 5063 hac
2558 5006 2606 5073 l,
2626 5008 2876 5084 &qu-est.
2903 5005 3110 5074 2l,art.
3134 5007 3191 5073 4,
3217 5006 3281 5060 in
3307 5019 3423 5076 resp

2077 5088 2153 5145 ad
2178 5088 2233 5156 3,
2259 5089 2490 5145 Bannez
2516 5089 2571 5158 2,
2595 5089 2651 5155 2,
2670 5093 2853 5166 quast.
2878 5087 2970 5156 24,
2993 5094 3108 5145 art.
3130 5088 3188 5156 6,
3218 5086 3324 5161 fol.
3344 5083 3448 5218 913

3393 5179 3426 5222 e
