3647 5753
1352 377 1529 432 D1SP.
1573 376 1693 442 VII,
1740 378 1904 434 DUB.
1950 382 1992 436 Ι.
3051 389 3088 440 7

229 576 256 605 a
288 552 647 611 arbitratum
671 554 845 611 fuisse
869 554 1058 627 primo
1079 557 1325 627 aspectu,
1352 569 1414 610 ac
1443 551 1605 610 deni-

230 658 256 689 α
287 651 401 709 que
444 635 574 710 ejus
620 635 1154 709 interpretationem
1210 634 1505 701 Patribus,
1547 639 1605 690 et

230 738 258 769 a
289 717 661 774 Scholasticis
690 732 805 773 non
827 716 1079 789 probari.
1126 736 1152 766 n

184 861 202 869 ,
313 799 401 854 ll.
448 799 584 854 Haec
610 798 675 854 in
703 797 997 856 communi
1026 796 1301 863 diximus,
1333 801 1395 851 ut
1421 799 1606 852 osten·

58 848 189 931 iffi
229 878 441 934 damus
485 876 795 934 efficaciam
822 878 1022 952 gratias
1046 919 1059 943 ,
1109 881 1275 950 prout
1315 892 1348 933 a
1385 875 1606 931 Molina

58 959 191 1029 mnus*
232 959 575 1031 explicatur,
610 975 728 1015 non
748 975 870 1016 esse
892 959 1073 1032 juxta.
1091 958 1191 1015 sed
1211 963 1409 1014 contra
1436 971 1606 1013 men-

58 1036 163 1129 ἓξὲξ
239 1044 361 1096 tem
392 1040 455 1094 D.
480 1039 783 1113 Augustini
809 1063 823 1106 ;
852 1044 905 1095 et
934 1043 997 1093 ut
1022 1037 1488 1112 deobligaremur
1508 1036 1607 1091 in-

168 1116 180 1126 “
239 1119 451 1178 ducere
491 1122 604 1176 alia
630 1121 944 1175 innumera
978 1120 1033 1174 S.
1062 1118 1317 1175 Doctoris
1344 1116 1606 1173 testimo-

243 1200 367 1267 nia,
401 1214 525 1271 quae
559 1205 815 1256 nostram
857 1197 1201 1255 sententiam
1225 1194 1442 1268 liquido
1467 1211 1606 1252 con-

245 1280 509 1347 firmant,
532 1285 586 1335 et
606 1277 793 1335 videri
822 1284 1058 1350 possunt
1081 1275 1230 1350 apud
1258 1276 1479 1331 Estium
1508 1273 1605 1331 ubi

234 1375 436 1433 supra.
467 1361 581 1416 Nec
611 1359 840 1431 praecise
862 1357 1217 1414 intendimus
1239 1356 1486 1413 hocloco
1504 1372 1608 1413 ex-

232 1440 476 1499 cludere
515 1441 854 1513 opinionem
905 1439 1180 1509 Molinae(
1210 1453 1386 1511 quam
1416 1443 1610 1494 tamen

238 1521 407 1578 nulla
421 1519 679 1578 adhibita
695 1536 955 1585 censura,
972 1519 1034 1574 in
1050 1535 1151 1575 suo
1165 1516 1604 1591 probabilitatiS,

239 1602 337 1658 vel
358 1598 873 1673 improbabilitatis
887 1604 1033 1654 statu
1052 1597 1485 1669 relinquimus):
1510 1595 1608 1653 sed

233 1682 422 1740 etiam
450 1681 596 1737 alios
632 1679 832 1737 modos
852 1678 1079 1737 dicendi
1107 1695 1140 1736 a
1166 1677 1433 1750 Vasquio,
1464 1679 1610 1733 Sua-

240 1764 352 1830 ri0,
383 1771 438 1819 et
466 1760 598 1818 aliis
627 1761 913 1827 inventos,
940 1764 995 1815 et
1027 1758 1218 1815 dubiis
1243 1757 1611 1831 sequentibus

238 1842 689 1917 impugnandos.
736 1845 882 1897 Nam
908 1856 1110 1897 omnes
1137 1839 1227 1895 illi
1257 1838 1413 1896 modi
1441 1854 1609 1896 exco-

230 1923 552 1997 gitatisunt
568 1921 630 1975 in
643 1919 1027 1992 patrocinium
1043 1918 1292 1987 Molinae,
1315 1923 1609 1991 postquam

234 2004 366 2077 ejus
392 2000 591 2074 opinio
620 2016 654 2056 a
688 2000 1081 2056 Dominicanis
1125 2014 1318 2055 coram
1358 1997 1611 2054 Sanctis-

236 2087 397 2141 simo
420 2088 676 2139 accusata
708 2090 814 2138 est.
846 2082 946 2138 Vel
968 2097 1104 2155 ergo
1131 2082 1358 2144 Suarez,
1390 2084 1445 2135 et
1465 2081 1611 2135 Vas-

238 2180 388 2238 quez
408 2161 650 2219 eandem
673 2161 1007 2233 opinionem
1031 2165 1283 2224 tuentur,
1312 2160 1402 2216 vel
1424 2158 1612 2215 diver·

238 2259 393 2300 sam.
426 2242 486 2297 Si
514 2241 771 2316 primum
799 2256 960 2314 :ergo
984 2241 1129 2297 sicut
1156 2238 1353 2312 opinio
1379 2239 1613 2295 Molinae

243 2328 317 2381 D.
382 2323 702 2397 Augustino
749 2321 1085 2378 adversatur
1103 2364 1116 2388 ,
1164 2322 1246 2377 ita
1309 2312 1612 2392 opiniones

243 2408 528 2476 vasquez,
551 2404 782 2468 Suarez‚
813 2409 870 2459 et
895 2402 1145 2459 aliorum
1169 2424 1182 2467 ;
1211 2405 1268 2458 et
1297 2416 1396 2472 per
1422 2414 1613 2456 conse-

238 2500 432 2559 quens
472 2500 590 2542 non
633 2482 842 2542 debent
869 2482 1116 2539 admitti.
1150 2483 1207 2538 Si
1236 2480 1549 2538 secundum
1595 2501 1609 2536 z

236 2583 391 2642 ergo
414 2565 666 2638 praedicti
689 2566 971 2622 Authores
999 2579 1226 2619 causam
1256 2563 1488 2619 Molinae
1512 2559 1614 2616 de-

241 2651 585 2711 seruerunt,
626 2651 680 2701 et
704 2644 772 2701 ad
806 2645 950 2701 alias
977 2642 1340 2700 diverterunt
1379 2646 1616 2704 senten-

249 2729 404 2794 tias;
453 2724 602 2799 quod
648 2741 763 2781 non
810 2723 1096 2781 credimus
1136 2722 1505 2778 admissuros.
1547 2721 1616 2775 Et

247 2826 387 2868 cum
415 2810 477 2863 D.
509 2807 774 2875 Thomas,
808 2812 870 2862 ut
898 2811 1136 2862 testatur
1148 2805 1388 2870 Molina,
1414 2806 1478 2860 D.
1505 2806 1618 2858 Au-

242 2890 472 2966 gustini
519 2890 755 2964 vestigia
781 2894 1050 2962 sequutus
1072 2889 1173 2953 sit,
1218 2892 1417 2943 cuncta
1443 2902 1618 2959 supra

250 2972 437 3027 relata
487 2967 749 3042 probant,
798 2969 1049 3034 Molinae,
1081 2971 1138 3022 et
1174 2966 1460 3023 sociorum
1488 2965 1619 3036 opi—

248 3053 460 3109 niones
485 3066 610 3108 esse
633 3051 696 3106 D.
726 3050 961 3105 Thomae
981 3048 1318 3105 contrarias.

865 3237 895 3302 ς
926 3235 1018 3288 111.

356 3380 682 3455 Est-peditur
704 3382 853 3511 mlx}
876 3379 1314 3507 {undamentum
1334 3387 1522 3436 contra

855 3470 885 3507 o
913 3469 1084 3509 mam.

86 3625 202 3669 ιιιια
346 3612 431 3665 12.
475 3606 694 3664 Deinde
745 3605 1006 3679 arguitur
1054 3605 1275 3663 ratione
1308 3626 1321 3661 :
1349 3605 1623 3680 quoniam

75 3683 232 3769 23²
255 3688 457 3748 omnis
476 3702 646 3743 causa
672 3690 755 3742 est
782 3685 942 3757 prior
972 3686 1268 3757 prioritate
1290 3692 1510 3743 naturae
1522 3702 1625 3743 suo

76 3771 234 3818 ἰι-ου·
254 3769 462 3826 effectu
510 3787 523 3823 ε
564 3763 662 3822 sed
689 3764 874 3838 gratia
898 3763 1091 3821 efficax
1123 3771 1207 3822 est
1232 3782 1397 3822 causa
1422 3780 1625 3839 coope-

91 3832 187 3867 ἠ
260 3846 510 3906 rationis
549 3843 722 3900 liberi
757 3842 987 3900 arbitrii
1017 3860 1187 3917 :ergo
1212 3846 1398 3918 gratia
1430 3844 1627 3901 efficax

252 3935 350 3988 est
371 3928 532 4002 prior
560 3924 859 3999 prioritate
883 3928 1102 3981 naturae
1129 3924 1399 3998 pra-dicta
1424 3941 1626 3997 coope-

259 4010 534 4068 ratione:
568 4008 716 4080 Ergo
760 4004 947 4079 gratia
987 4005 1051 4061 in
1095 4022 1197 4062 sua
1223 4005 1466 4063 efficacia
1510 4021 1627 4062 non

251 4087 548 4164 dependet
593 4085 663 4142 ab
708 4084 1034 4160 huJ'usmodi
1078 4088 1494 4159 cooperatione,
1527 4102 1631 4143 nec

259 4169 532 4230 redditur
581 4165 775 4223 efficax
822 4165 891 4222 ab
945 4166 1162 4222 effectu.
1221 4168 1348 4223 Haec
1382 4165 1631 4223 secunda

253 4249 671 4322 consequentia
700 4247 879 4320 liquet
896 4264 965 4304 ex
990 4249 1182 4320 prima
1205 4271 1220 4315 3
1248 4264 1384 4304 nam
1417 4247 1629 4322 priori-

258 4342 358 4392 tas
379 4335 602 4388 natura?
621 4327 877 4385 consistit
897 4329 960 4384 in
985 4326 1431 4400 independentia
1462 4329 1631 4384 unius

257 4412 339 4470 ab
390 4410 506 4466 alio
539 4423 714 4482 :ergo
763 4406 813 4461 si
865 4407 1051 4482 gratia
1103 4405 1298 4464 efficax
1343 4412 1427 4464 est
1475 4405 1634 4479 prior

258 4488 574 4565 prioritate
626 4491 846 4542 naturae
910 4486 1307 4558 cooperatione
1353 4485 1630 4552 arbitrii,

256 4568 644 4630 constituitur
688 4565 752 4622 in
800 4582 922 4623 esse
966 4567 1099 4624 talis
1127 4566 1634 4640 independentera

265 4649 542 4725 praedicta
579 4646 1000 4719 cooperatione.
1031 4647 1231 4703 Prima
1270 4662 1408 4704 vero
1434 4662 1635 4703 conse-

258 4729 509 4805 quentia
568 4726 823 4800 legitime
870 4726 1120 4783 int'ertur
1181 4743 1252 4784 ex
1299 4726 1631 4799 praemissis·

266 4813 463 4885 Major
478 4814 668 4866 autem
689 4812 773 4865 est
783 4823 1051 4880 expressa
1066 4807 1301 4865 Aristot.
1324 4807 1419 4863 lib.
1436 4809 1472 4864 2
1495 4806 1638 4879 Phy-

259 4897 373 4952 εἰσ.
404 4896 462 4949 et
485 4893 551 4947 D.
581 4890 815 4947 Thomae
855 4889 1053 4944 ibidem
1095 4889 1214 4945 lect.
1256 4891 1312 4956 6,
1367 4905 1508 4960 quos
1545 4904 1638 4945 se-

260 4977 534 5050 quuntur
575 4985 776 5027 omnes
829 4968 1202 5042 Philosophi,
1245 4974 1303 5026 et
1341 4968 1632 5043 Theologi.

1734 556 1929 613 Minor
1965 558 2140 615 etiam
2181 567 2433 627 constat;
2469 578 2603 617 nam
2633 561 2929 619 conversio
2951 578 3009 617 v.
3032 577 3089 634 g.

1737 639 2063 707 peccatoris,
2090 645 2175 695 est
2195 641 2422 697 effectus
2441 642 2641 715 gratiae
2661 641 2928 698 efficacis:
2954 656 3093 714 ergo

1735 715 1922 789 gratia
1948 716 2145 775 efficax
2174 724 2261 776 est
2281 736 2451 778 causa
2476 720 2892 793 cooperationis
2921 719 3091 778 liberi

1738 796 1992 854 arbitrii.

1811 879 2145 950 Explicatur
2188 880 2372 955 magis
2417 883 2537 939 haec
2583 882 2757 948 ratio;
2802 897 2938 938 nam
2966 882 3096 939 licet

1736 974 1905 1016 causa
1945 966 2069 1016 actu
2103 977 2341 1017 causans
2371 969 2612 1035 nequeat
2631 978 2768 1029 esse,
2800 964 2891 1019 vel
2920 962 3097 1019 intel-

1740 1037 1842 1111 ligi
1874 1038 2081 1112 absque
2106 1040 2325 1107 effectu,
2369 1058 2436 1098 eo
2474 1041 2623 1114 quod
2663 1041 3097 1116 inintelligibile

1737 1123 1840 1185 est,
1882 1136 2111 1176 causam
2140 1127 2262 1178 actu
2304 1137 2553 1189 causare,
2586 1126 2643 1178 et
2673 1122 2900 1177 nullum
2928 1122 3099 1180 effec—

1739 1203 1864 1254 tum
1894 1200 1981 1255 illi
2010 1201 2454 1274 correspondere
2487 1222 2500 1257 :
2527 1201 2911 1259 nihilominus
2931 1218 3100 1259 causa

1740 1282 1866 1334 actu
1908 1294 2164 1349 causans,
2196 1287 2252 1337 et
2271 1286 2550 1353 quatenus
2577 1281 2726 1349 talis,
2760 1297 2864 1338 nec
2885 1297 2985 1354 per
3011 1281 3101 1339 ei-

1741 1356 1949 1414 fectum
1973 1359 2359 1425 constituitur,
2382 1375 2561 1432 neque
2583 1359 2653 1416 ab
2674 1360 2872 1417 effectu
2892 1360 3101 1434 depen-

1740 1436 1871 1504 det;
1902 1440 2046 1495 alias
2074 1456 2190 1497 non
2218 1439 2558 1514 praecederet
2597 1441 2768 1497 illum
2804 1441 3103 1513 prioritate

1739 1517 2110 1585 causalitatis,
2136 1526 2191 1577 et
2213 1519 2672 1593 independentiae
2705 1541 2717 1575 :
2746 1536 2882 1594 ergo
2905 1536 3105 1593 quam·

1741 1600 1832 1656 vis
1846 1601 2032 1673 gratia
2054 1601 2248 1659 efficax
2272 1608 2514 1675 nequeat
2531 1602 2799 1676 intelligi,
2821 1604 2914 1659 vel
2934 1619 3105 1660 cons-

1742 1679 2100 1753 tituiabsque
2115 1681 2455 1739 habitudine
2476 1681 2546 1738 ad
2573 1682 2854 1749 effectum,
2874 1699 3004 1739 cum
3035 1682 3107 1739 de

1741 1760 1863 1832 ejus
1894 1760 2117 1818 ratione
2160 1762 2235 1818 sit
2278 1762 2559 1819 connexio
2611 1761 2940 1818 infallibilis
2973 1779 3106 1818 cum

1741 1843 2139 1913 cooperatione
2164 1841 2330 1900 liberi
2354 1842 2581 1898 arbitrii
2610 1867 2625 1910 3
2656 1847 2910 1900 attamen
2926 1844 2989 1913 in
3003 1859 3106 1899 sua

1741 1920 1989 1978 efficacia
2013 1938 2130 1979 non
2155 1920 2435 1993 dependet
2461 1938 2493 1978 a
2523 1920 2788 1995 praedicta
2834 1938 3106 1996 coopera-

1744 2003 1919 2069 tione,
1951 2001 2047 2058 sed
2075 2008 2160 2063 est
2197 2002 2392 2058 efficax
2437 2002 2834 2059 antecedenter
2855 2003 2925 2060 ad
2953 2019 3101 2071 eam,

1745 2080 2137 2139 antecedentia
2165 2081 2644 2153 independentiae,
2658 2087 2716 2139 et
2733 2083 3099 2141 causalitatis.

1829 2163 1911 2218 13.
1958 2160 2348 2233 Respondebis
2392 2177 2521 2217 cum
2569 2162 2809 2227 Molina,
2858 2162 3007 2235 quod
3042 2162 3106 2218 in
3160 2168 3269 2230 ignu-

1746 2241 1851 2298 hoc
1876 2241 2192 2313 complex0,
2218 2244 2402 2310 qratia
2422 2243 2639 2315 efficax,
2666 2240 2779 2297 duo
2804 2241 3104 2297 includun-
3153 2230 3287 2272 mum.

1745 2327 1859 2377 tur.
1912 2319 2084 2376 Aliud
2131 2326 2214 2376 est
2263 2322 2352 2377 vis
2391 2322 2714 2391 causativa,
2748 2323 2839 2378 vel
2865 2337 3103 2379 causans

1745 2403 2136 2475 operationem
2161 2401 2389 2458 arbitrii
2419 2422 2431 2457 :
2456 2403 2700 2458 alterum
2721 2408 2807 2458 est
2824 2403 3103 2459 connexio

1747 2483 2079 2540 infallibilis
2150 2500 2279 2540 cum
2358 2483 2623 2557 praedicta
2682 2484 3099 2557 cooperatione.

1747 2563 1928 2618 Causa
1970 2568 2159 2619 autem
2198 2564 2385 2620 solum
2424 2563 2736 2619 secundum
2763 2578 2890 2621 eam
2928 2565 3107 2622 ratio-

1749 2659 1883 2700 nem
1904 2643 2071 2701 debet
2088 2644 2403 2718 praecedere
2428 2661 2594 2700 suum
2610 2645 2892 2712 effectum,
2911 2661 3111 2703 secun·

1747 2722 1885 2779 dum
1913 2740 2087 2797 quam
2117 2725 2285 2780 illum
2319 2730 2527 2782 causat.
2575 2724 2741 2781 Unde
2768 2742 2895 2782 cum
2922 2727 3109 2800 gratia

1749 2818 1869 2859 non
1907 2810 2096 2860 causet
2123 2821 2223 2878 per
2256 2805 2695 2870 connexionem,
2726 2805 2823 2862 sed
2862 2806 3106 2880 pervim

1748 2885 2120 2950 causativum,
2151 2891 2207 2941 et
2246 2886 2469 2942 ratione
2508 2885 2677 2958 huius
2713 2887 2801 2942 vis
2838 2887 2913 2942 sit
2947 2886 3107 2942 suffi-

1749 2965 1923 3032 cienS,
1954 2966 2079 3022 sive
2114 2966 2509 3039 praeveniens;
2543 2967 2764 3025 ratione
2792 2985 2930 3025 vero
2968 2986 3109 3027 con·

1752 3045 2018 3102 nexionis
2044 3045 2118 3100 sit
2137 3044 2349 3114 efficax,
2375 3047 2563 3102 solum
2588 3062 2660 3103 ex
2689 3047 2746 3102 vi
2783 3049 3109 3121 argumenti

1754 3122 1882 3179 iacti
1924 3122 2301 3191 concluditur,
2333 3124 2482 3197 quod
2519 3125 2706 3199 gratia
2734 3126 2796 3181 in
2831 3135 3110 3200 quantum

1755 3204 2113 3275 praeveniens
2131 3248 2145 3271 ,
2183 3209 2239 3260 et
2263 3203 2547 3260 sufficiens
2594 3204 2868 3277 praeoedat
2895 3206 3113 3280 priori-

1754 3288 1867 3340 tate
1913 3289 2134 3341 naturae
2179 3285 2637 3357 cooperationem
2681 3285 2945 3353 arbitrii;
2995 3286 3112 3343 mi-

1755 3362 1916 3419 nime
1942 3379 2079 3420 vero
2104 3363 2253 3435 quod
2278 3364 2353 3419 sit
2381 3363 2576 3421 efficax
2615 3369 2747 3421 ante
2786 3365 2933 3422 illud
2958 3409 2971 3433 ,
3020 3368 3116 3424 vel

1755 3443 2207 3517 independenter
2229 3444 2298 3500 ab
2325 3461 2408 3501 eo.
2436 3446 2556 3501 lmo
2582 3445 2874 3520 colligitur
2895 3449 3116 3521 opposi-

1757 3529 1916 3590 tum,
1948 3541 2084 3580 nam
2139 3524 2403 3597 praedicta
2443 3526 2722 3582 connexio
2751 3527 3025 3585 fundatur
3053 3529 3115 3584 in

1755 3619 1842 3668 eo,
1872 3603 2019 3674 quod
2043 3604 2292 3660 liberum
2322 3603 2630 3661 arbitrium
2651 3604 2721 3662 de
2750 3605 2892 3664 facto
2924 3611 3117 3663 utatur

1759 3682 2019 3756 praedicta
2041 3684 2226 3755 gratia
2253 3704 2266 3738 :
2296 3699 2467 3739 omne
2488 3683 2713 3755 quippe,
2746 3684 2894 3756 quod
2914 3692 3017 3751 est,
3045 3702 3115 3743 ex

1756 3763 2146 3836 suppositione
2170 3762 2320 3836 quod
2340 3764 2431 3831 sit,
2465 3762 2860 3821 infallibiliter
2879 3770 2963 3822 est
2989 3786 3002 3822 ε
3026 3775 3116 3824 at-

1757 3858 1867 3916 que
1887 3840 2014 3899 ideo
2033 3843 2219 3915 gratia
2247 3848 2306 3898 ut
2331 3842 2544 3908 efficax,
2572 3843 2663 3899 vel
2694 3848 2753 3899 ut
2782 3844 3118 3904 infallibili-

1761 3929 1847 3980 ter
1873 3922 2193 3995 operationi
2216 3924 2534 3996 conjuncta,
2568 3923 2886 3981 necessario
2906 3942 3119 4002 suppo-

1763 4003 1850 4060 nit
1874 4003 2329 4077 cooperationem
2357 4001 2606 4059 arbitrii.

1835 4083 1941 4141 Sed
1976 4086 2081 4142 hoc
2099 4084 2373 4158 effugium
2403 4085 2568 4141 facile
2587 4102 2657 4142 ex
2684 4086 2851 4143 dictis
2879 4089 3119 4159 praeclu-
3146 4125 3327 4170 Pratom-

1761 4165 1937 4222 ditur.
1969 4167 2114 4222 Tum
2136 4166 2272 4240 quia
2298 4182 2483 4231 causa,
2525 4183 2641 4224 non
2680 4168 2868 4224 solum
2897 4173 2960 4224 ut
2984 4185 3120 4226 cau-
3159 4173 3290 4219 ditur·

1761 4247 1966 4312 sativa,
2000 4244 2097 4302 sed
2124 4246 2299 4309 etiam
2323 4251 2384 4301 ut
2406 4250 2530 4302 actu
2559 4262 2819 4312 causanS,
2851 4253 2934 4304 est
2963 4248 3121 4320 prior

1763 4341 1866 4382 suo
1893 4325 2111 4392 effectu,
2141 4331 2202 4382 ut
2228 4325 2427 4383 docent
2454 4326 2786 4399 Philosophi
2811 4343 2940 4383 cum
2968 4329 3127 4385 Aris·

1766 4410 1867 4462 tot.
1917 4405 2037 4462 loco
2082 4421 2255 4477 supra
2292 4405 2463 4463 citato
2488 4422 2661 4480 :ergo
2704 4405 2892 4479 gratia
2913 4412 2975 4462 ut
3001 4414 3126 4464 actu

1764 4499 2007 4541 causans
2044 4484 2437 4556 operationem
2485 4484 2655 4542 liberi
2704 4483 2954 4553 arbitrii,
3001 4502 3130 4544 eam
3238 4501 3241 4504 ·

1766 4562 2048 4621 antecedit
2082 4584 2094 4618 :
2123 4563 2221 4620 sed
2243 4565 2430 4637 gratia
2457 4570 2520 4624 ut
2564 4569 2688 4620 actu
2727 4580 2967 4622 causans
2991 4583 3131 4624 con-

1768 4645 2017 4703 nectitur
2057 4645 2454 4702 infallibiliter
2492 4662 2625 4702 cum
2650 4645 2881 4714 effectu;
2916 4648 3135 4721 impos-

1767 4721 1938 4782 sibile
1982 4725 2143 4780 enim
2187 4729 2272 4781 est
2317 4724 2467 4797 quod
2507 4729 2631 4782 actu
2666 4731 2873 4793 causet,
2901 4731 2958 4782 et
2983 4728 3135 4799 quod

1769 4810 1894 4861 actu
1945 4819 2060 4860 non
2108 4802 2312 4861 habeat
2338 4803 2599 4860 effectum
2635 4825 2648 4859 :
2677 4820 2813 4879 ergo
2849 4804 2913 4860 in
2933 4804 3139 4862 eodem

1769 4885 1955 4959 signo,
1987 4883 2109 4940 sive
2150 4883 2346 4955 priori,
2381 4882 2445 4939 in
2485 4898 2597 4955 quo
2635 4885 2823 4958 gratia
2871 4884 3137 4956 praecedit

1771 4965 2187 5039 operationem,
2212 4965 2566 5022 connectitur
2589 4965 2981 5023 infallibiliter
3000 4982 3133 5023 cum
