3647 5753
1483 372 1664 428 DISP.
1708 370 1777 437 11,
1821 369 1986 425 DUB.
2033 371 2077 424 1.
3042 367 3151 423 327

291 566 423 607 cum
451 573 463 615 ;
495 548 623 607 fieri
650 548 808 605 enim
860 564 977 605 non
1019 553 1234 622 potest,
1289 546 1439 620 quod
1486 543 1657 601 homo

297 630 534 704 recipiat
557 629 826 703 gratiam,
858 635 911 686 et
940 627 1088 702 quod
1111 643 1229 686 non
1259 627 1357 683 fiat
1377 626 1657 701 objectum

295 712 623 769 terminans
672 708 941 766 divinum
995 724 1252 767 amorem
1286 731 1300 776 ;
1354 721 1484 764 cum
1536 704 1659 776 ipsa

292 793 479 867 gratia
505 791 580 847 sit
604 789 836 847 effectus
860 790 1187 847 dilectionis
1231 789 1449 845 divinae
1480 810 1494 843 ι
1522 799 1660 859 ergo

298 875 445 929 Deus
473 887 575 944 per
594 868 842 927 eundem
872 876 1059 926 actum
1085 869 1327 926 remittit
1353 866 1653 942 injuriam,

294 957 353 1008 et
378 967 496 1008 non
528 966 590 1008 se
617 950 788 1007 habet
831 956 891 1005 ut
930 948 1180 1005 offensus
1206 970 1220 1005 ε
1250 963 1388 1022 ergo
1415 960 1534 1002 non
1565 959 1660 1001 re-

295 1032 551 1104 quiritur
571 1047 776 1096 novus,
803 1035 861 1087 et
893 1029 1194 1087 distinctus
1235 1030 1419 1094 favor,
1445 1027 1536 1083 vel
1564 1042 1659 1082 ac-

298 1118 426 1178 tus,
457 1128 568 1185 quo
608 1111 808 1170 odium
837 1110 1120 1182 deponat,
1160 1116 1217 1168 et
1240 1108 1516 1168 offensam
1564 1122 1660 1165 re-

299 1193 511 1250 mittat.

889 1412 921 1478 ς
968 1408 1061 1463 iv,

338 1587 673 1658 Referuntur
696 1586 965 1640 sententia,-
989 1587 1293 1651 contraria,
1322 1593 1373 1641 et
1406 1586 1624 1641 convel-

660 1666 852 1721 luntur
875 1682 1068 1720 earum
1091 1667 1320 1721 motiva.

372 1829 464 1884 39.
506 1825 970 1882 Innumerabiles
999 1824 1118 1882 fere
1143 1841 1438 1899 possemus
1461 1830 1661 1883 contra

302 1913 542 1974 nostras,
574 1913 630 1964 et
675 1922 1008 1964 communes
1059 1907 1400 1964 assertiones
1447 1908 1662 1965 referre

300 1988 616 2044 sententias
642 2011 655 2053 ;
708 2003 844 2043 nam
875 1992 936 2042 ut
970 1991 1206 2043 testatur
1233 1987 1513 2044 Osiander
1539 1987 1662 2043 hai-

306 2069 511 2124 reticus
527 2069 590 2125 in
600 2067 769 2124 consu
777 2068 989 2124 tatione
1007 2068 1204 2141 scripti
1219 2069 1365 2124 Mela
1374 2068 1656 2137 ncthonis,

303 2148 450 2221 apud
465 2150 618 2206 solos
641 2147 1114 2205 confessionistas
1131 2145 1336 2221 viginti
1353 2147 1663 2205 inveniam·

302 2235 396 2286 tur
421 2229 646 2286 dicendi
671 2228 826 2287 modi
848 2230 999 2286 circa
1020 2228 1507 2301 justificationem.
1554 2228 1662 2286 Sed

301 2310 435 2383 quia
460 2326 554 2367 eas
583 2309 797 2366 referre
826 2309 1137 2382 prolixum,
1176 2316 1233 2366 et
1260 2310 1467 2367 inutile
1494 2309 1657 2376 foret,

303 2396 420 2447 tres
441 2394 666 2445 tantum
692 2390 1078 2464 subJ'iciemus,
1098 2407 1224 2464 quai
1247 2392 1429 2465 magis
1450 2390 1664 2447 directe

308 2469 521 2527 nostris
546 2469 1001 2526 conclusionibus
1028 2471 1426 2527 adversantur.
1460 2470 1664 2529 Videa-

89 2576 278 2619 pmwffl,
310 2557 407 2607 tur
432 2557 627 2607 tamen
661 2552 953 2607 Prateolus
977 2551 1069 2607 lib.
1096 2553 1150 2619 9,
1181 2552 1339 2607 verbo
1373 2550 1664 2624 Justifica-

101 2624 278 2718 ἐξιῇ,
311 2633 464 2687 lorii.
508 2631 706 2687 Prima
730 2630 863 2705 ergo
883 2626 1169 2689 sententia
1210 2635 1414 2707 primae
1453 2637 1663 2689 nostrae

86 2706 146 2767 i'ia
161 2724 296 2783 imre·
309 2711 610 2769 assertioni
633 2712 885 2784 opposita
905 2711 1080 2781 docet,
1104 2714 1401 2771 hominem
1427 2715 1489 2771 in
1501 2714 1665 2789 justi-

139 2777 240 2819 ’Μ’
308 2793 572 2851 ficatione
601 2809 717 2850 non
740 2794 991 2867 recipere
1020 2795 1272 2868 aliquam
1295 2796 1543 2854 formam
1566 2798 1665 2852 in-

306 2876 639 2942 haerentem,
673 2892 858 2949 neque
885 2879 1132 2935 interius
1160 2881 1428 2937 renovari
1458 2901 1471 2937 :
1496 2886 1665 2937 autu-

307 2963 471 3013 mant
512 2957 670 3014 enim
715 2958 838 3031 ejus
885 2959 1155 3016 authores
1198 2959 1665 3034 justificationem

307 3039 400 3095 vel
440 3036 566 3095 fieri
609 3054 710 3111 per
742 3040 1025 3113 justitiam
1066 3041 1381 3098 increatam
1418 3042 1540 3108 Dei,
1571 3044 1665 3100 vel

308 3117 434 3176 fieri
458 3134 558 3192 per
573 3118 856 3192 justitiam
878 3122 1091 3177 Christi
1115 3122 1280 3179 nobis
1295 3124 1660 3197 applicatam,

307 3203 579 3272 tanquam
635 3215 737 3272 per
786 3215 1013 3257 causam
1063 3200 1368 3259 formalem
1399 3245 1412 3270 ,
1462 3207 1520 3260 et
1563 3218 1667 3278 per

307 3276 765 3335 misericordiam
812 3280 950 3348 Dei,
1001 3286 1280 3354 tanquam
1309 3295 1411 3355 per
1437 3298 1665 3339 causam

306 3357 645 3415 efficientem
672 3400 684 3425 ,
737 3357 905 3414 nobis
955 3361 1338 3433 applicantem
1380 3363 1666 3437 justitiam

308 3437 543 3502 Christi,
575 3444 629 3494 et
652 3453 751 3510 per
771 3444 957 3495 actum
981 3439 1113 3497 fidei
1137 3448 1364 3509 nostrae,
1391 3448 1666 3516 tanquam

311 3533 411 3591 per
437 3516 858 3586 conditionem,
896 3536 1007 3592 qua
1034 3518 1521 3594 apprehendimus
1543 3525 1669 3599 jus-

312 3599 498 3655 titiam
527 3598 769 3666 Christi,
810 3604 868 3657 et
907 3617 1020 3672 qua
1058 3602 1348 3659 credimus
1375 3607 1555 3661 Deum
1595 3603 1669 3662 ob

308 3681 432 3754 ejus
471 3680 680 3736 merita
725 3682 1020 3738 remittere
1067 3683 1236 3740 nobis
1278 3690 1515 3758 peccata,
1546 3685 1670 3743 sive

82 3771 266 3827 nuthet.
311 3759 412 3815 illa
439 3757 605 3816 nobis
626 3773 743 3817 non
767 3760 1057 3834 imputare
1078 3762 1148 3818 ad
1172 3780 1419 3836 poenam.
1449 3766 1529 3820 Ita
1554 3766 1672 3819 Lu-

81 3821 279 3912 ῗῇᾞῑζῗ
309 3839 507 3897 therus
533 3842 592 3895 in
617 3849 902 3896 comment.
930 3843 1006 3897 ad
1048 3860 1098 3900 c.
1134 3847 1171 3901 2
1208 3847 1366 3918 epist.
1395 3845 1471 3900 ad
1491 3844 1670 3903 Gala-

96 3919 166 3962 ca
186 3919 276 3962 viu.
309 3926 415 3985 tas,
446 3919 693 3976 Mathias
721 3921 987 3994 lllyricus
1006 3930 1141 3980 cent.
1175 3926 1221 3992 l,
1242 3926 1409 3991 lib.2,
1428 3926 1667 3981 column.

311 3999 443 4055 238.
474 4000 747 4056 Calvinus
774 4001 946 4068 lib.⁴3‚
981 4002 1176 4061 Instit.
1202 4023 1324 4079 cap.
1364 4008 1446 4072 ll,
1471 4010 1502 4075 g
1528 4007 1583 4074 2,
1614 4009 1671 4062 et

77 4089 299 4191 &iffi-{gs
314 4080 416 4135 alii
445 4079 694 4171 haeretici
721 4122 735 4146 ,
778 4080 985 4154 quibus
1014 4083 1077 4139 in
1111 4081 1217 4141 hoc
1258 4086 1542 4143 consentit
1566 4086 1671 4141 Al-

288 4160 509 4217 'berlus
535 4161 789 4235 Pighius,
823 4164 916 4220 vir
943 4165 1155 4238 alioqui
1191 4166 1502 4225 catholicus
1539 4186 1671 4225 con-

72 4250 289 4297 secunda
315 4250 456 4298 trov.
488 4244 526 4298 2
548 4285 562 4308 ,
605 4243 668 4300 dc
693 4244 800 4311 tide
824 4251 874 4299 et
901 4263 1047 4318 oper.
1091 4247 1348 4305 Secunda
1369 4251 1673 4308 sententia

96 4307 286 4394 εἳῗξῗψ
314 4322 574 4379 secundae
618 4324 971 4383 conclusioni
1030 4329 1322 4385 contraria
1371 4328 1673 4405 distinguit

315 4401 469 4458 inter
492 4402 1002 4462 sanctificationem
1030 4448 1043 4472 ,
1093 4412 1150 4463 et
1190 4415 1547 4481 peccatorum
1578 4427 1671 4468 re-

315 4481 652 4540 missionem
700 4504 714 4539 :
754 4490 812 4542 et
859 4485 1117 4543 concedit
1159 4488 1670 4549 sanctificationem

256 4592 262 4596 -
314 4559 573 4653 fieriper
608 4562 857 4620 formam
905 4566 1320 4637 inhaerentem3
1349 4586 1509 4628 secus
1534 4587 1675 4629 vero

316 4655 717 4700 remissionem
744 4651 1099 4716 peccatorum
1125 4691 1138 4716 ,
1173 4648 1236 4705 in
1280 4665 1392 4723 qua
1445 4651 1676 4724 potissi-

315 4736 478 4777 mum
505 4722 711 4779 asserit
737 4724 1204 4798 justificationem
1231 4730 1558 4789 consistere.
1593 4734 1675 4789 Ita

95 4815 266 4863 calvi-
316 4802 590 4861 Calvinus
618 4807 679 4858 in
704 4806 952 4862 antidoto
986 4807 1226 4867 Concilii
1258 4810 1501 4869 Trident.
1541 4831 1668 4871 sess.

132 4876 245 4913 '¹¹²⁸‘
313 4885 371 4951 6,
399 4902 521 4960 cap.
573 4888 628 4954 8,
671 4887 838 4961 cujus,
871 4903 1132 4948 errorem
1160 4892 1470 4950 imitantur
1494 4896 1673 4970 aliqui

315 4966 431 5023 viri
460 4965 772 5033 Catholici,
803 4967 900 5025 sed
923 4968 989 5028 in
1015 4970 1117 5028 hac
1145 4976 1306 5044 parte
1329 4972 1542 5032 seducti
1568 5018 1581 5043 ,
1614 4981 1676 5032 ut

1787 541 2085 597 Tiletanus
2109 544 2295 613 prima
2319 548 2470 615 part.
2502 539 2758 613 apoloyiae
2768 556 2869 612 pro
2899 534 3148 594 Concilio
3164 557 3345 601 milcian.

1795 619 2038 677 Trident.
2065 621 2227 676 titulo
2247 622 2311 676 dc
2334 623 2630 693 dispensat.
2655 626 2705 674 et
2725 618 3031 674 ministerio
3044 618 3151 672 ad-

1787 707 1980 756 ventus
2008 699 2238 768 Christi,
2266 707 2321 758 et
2342 701 2676 758 Franciscus
2720 699 2974 755 Sonnius
2995 697 3089 753 lib.
3114 699 3354 761 mancis.

1786 784 2310 839 demonstrationum
2322 782 2510 840 Christ
2517 784 2654 836 ianae
2668 779 3150 850 Haimoniai-act.
3164 757 3362 799 scamus.

1788 863 1844 928 9,
1886 879 2012 933 cap.
2040 863 2094 927 5,
2133 861 2230 935 qui
2260 862 2391 917 licet
2415 860 2609 917 dicant
2642 860 2705 915 in
2741 856 3151 932 justificatione

1790 941 2023 1014 produci
2067 942 2314 998 formam
2345 941 2724 1009 inhaerentem
2751 983 2764 1007 ,
2814 944 2871 995 et
2893 935 3153 994 sanctifi-

1787 1026 2014 1078 cantem
2043 1022 2340 1078 hominem
2369 1065 2381 1087 ,
2429 1025 2693 1077 asserunt
2719 1026 2913 1075 tamen
2943 1016 3151 1073 remis—

1787 1102 2013 1159 sionem
2036 1106 2391 1174 peccatorum
2415 1115 2533 1157 non
2554 1115 2673 1157 esse
2699 1099 2959 1156 effectum
2981 1096 3151 1170 hujus

1790 1183 2010 1247 formai,
2036 1180 2132 1238 sed
2154 1179 2282 1237 fieri
2306 1196 2407 1253 per
2423 1180 2707 1255 justitiam
2725 1178 2957 1243 Christi,
2977 1191 3150 1249 quam

1790 1262 1958 1321 nobis
1986 1264 2132 1319 Deus
2160 1261 2611 1318 misericorditer
2638 1261 2902 1333 applicat.

1864 1343 2058 1399 Tertia
2084 1342 2369 1398 sententia
2391 1340 2660 1407 concedit,
2687 1345 2806 1396 tarn
2828 1334 3150 1394 sanctifica-
3187 1361 3330 1404 Tem„

1791 1422 2006 1480 tionem
2038 1464 2052 1488 ,
2113 1438 2285 1495 quam
2345 1422 2745 1479 remissionem
2793 1423 3148 1492 peccatorum
3180 1415 3349 1503 ⁵⁰32&

1790 1502 1918 1560 fieri
1949 1520 2050 1575 per
2076 1502 2326 1559 formam
2351 1502 2747 1565 intrinsecam,
2774 1514 2983 1572 nempe
3013 1514 3150 1573 gra—

1790 1585 1933 1642 tiam
1986 1586 2339 1642 habitualem
2374 1608 2387 1651 ;
2435 1584 2574 1641 dicit
2620 1589 2815 1640 tamen
2856 1582 3005 1638 hanc
3030 1581 3153 1638 for-

1791 1683 1949 1723 mam
1971 1683 2092 1724 esse
2109 1667 2394 1741 justitiam
2421 1666 2836 1739 imperfectam,
2861 1668 2919 1721 et
2940 1662 3156 1719 insuffi-

1790 1746 2035 1804 cientem
2061 1763 2133 1804 ex
2149 1763 2212 1805 se
2241 1747 2309 1805 ad
2339 1754 2693 1820 peccatorum
2724 1744 3149 1807 remissionem,

1791 1827 2065 1899 compleri
2095 1832 2285 1883 autem
2333 1842 2435 1900 per
2463 1826 2922 1884 misericordiam
2949 1823 3067 1890 Dei,
3098 1829 3156 1880 et

1790 1908 2178 1964 extrinsecum
2202 1908 2325 1982 ejus
2346 1908 2625 1964 favorem.
2653 1909 2766 1963 Pro
2784 1921 2895 1978 qua
2919 1908 3155 1961 senten-

1792 1987 1873 2043 tia
1917 1989 2171 2060 vasquez
2214 1986 2310 2043 ubi
2353 2003 2544 2060 supra,
2577 2004 2696 2059 cap.
2739 1989 2785 2052 l,
2818 1984 2996 2042 refert
3021 1985 3157 2041 Sco·
3185 1999 3344 2057 sconii«.

1793 2071 1917 2122 tum
1964 2070 2026 2123 in
2069 2070 2125 2133 4,
2157 2068 2285 2123 dist.
2328 2069 2410 2134 16,
2444 2074 2625 2143 quast.
2651 2069 2708 2123 2.
2740 2069 2771 2136 ς
2822 2048 3356 2149 Respondemgss‘a‘ss·

1792 2145 2138 2214 Gabrielem,
2164 2148 2526 2221 Gregorium,
2553 2146 2757 2214 Okam,
2783 2148 3070 2201 Joannem
3083 2143 3155 2201 de
3193 2147 3320 2206 qum

1791 2227 2026 2285 Medina
2050 2234 2107 2285 et
2133 2229 2275 2284 alios
2295 2228 2634 2286 Nominales
2661 2247 2673 2282 :
2696 2224 2904 2299 quibus
2923 2240 3156 2282 consen·
3168 2196 3369 2288 ffffi'ffii,

1794 2310 1862 2366 tii
1890 2309 2163 2365 Coninch.
2188 2310 2334 2383 disp.
2358 2312 2451 2375 21,
2483 2310 2547 2364 dc
2572 2309 2843 2365 charitate
2869 2351 2882 2374 ,
2920 2306 3051 2362 dub.
3093 2307 3149 2371 8,
3168 2296 3338 2339 3⁰²⁸&-

1792 2391 2008 2449 eisdem
2039 2391 2225 2464 reipsa
2252 2390 2558 2448 subscribit
2592 2389 2925 2446 Franciscus
2941 2390 3152 2444 Suarez

1793 2479 1923 2527 tom.
1959 2473 2003 2537 1,
2033 2472 2093 2525 in
2114 2471 2149 2525 3
2171 2478 2321 2544 part.
2346 2471 2488 2544 disp.
2518 2473 2574 2537 4,
2604 2475 2730 2526 sect.
2781 2468 2836 2535 8,
2863 2467 3009 2538 §Ad
3028 2468 3157 2540 pri-

1793 2567 1948 2607 mum
1998 2567 2152 2615 vero,
2208 2547 2307 2605 ubi
2336 2549 2540 2605 asserit
2567 2555 2772 2622 praeter
2801 2547 3156 2604 infusionem

1792 2633 1992 2706 gratiae
2020 2630 2361 2688 inhaerentis
2390 2631 2607 2704 requiri
2634 2647 2705 2688 ex
2737 2636 2897 2704 parte
2925 2627 3024 2686 Dei
3051 2642 3162 2684 no-

1795 2730 1928 2770 vam
1975 2712 2456 2770 condonationem
2504 2712 2755 2786 injurias.
2802 2715 2983 2777 Quem
3022 2724 3162 2781 sup-

1795 2811 1991 2870 presso
2019 2795 2260 2853 nomine
2283 2796 2541 2869 percellit
2563 2798 2818 2868 vasquez
2846 2794 2942 2851 ubi
2964 2807 3156 2865 supra,

1794 2894 1915 2951 cap.
1941 2878 1997 2943 2,
2054 2875 2176 2932 illis
2222 2875 2415 2934 verbis
2449 2897 2462 2932 ε
2494 2875 2829 2935 liecentiorcs
2877 2873 3165 2943 Theoloyos

1793 2958 1970 3013 multo
1989 2960 2167 3028 maqis
2192 2959 2429 3012 miratus
2447 2974 2589 3023 sum,
2622 2957 2765 3034 quod
2780 2963 2901 3030 post
2932 2952 3163 3029 praecla-

1795 3057 1922 3094 ram
1937 3037 2177 3097 Concilii
2218 3038 2463 3096 Trident.
2485 3039 2879 3104 definitionem,
2905 3044 3020 3092 tam
3041 3037 3160 3091 coei·

1798 3121 1903 3175 lem
1919 3120 2203 3191 justitiam
2224 3118 2566 3174 inlisi-entem
2577 3118 3152 3189 justis'conccsserint,

1797 3208 1859 3255 ut
1878 3218 1950 3255 esc
1973 3217 2027 3255 sc
2049 3217 2156 3256 non
2182 3199 2378 3254 habeat
2404 3201 2666 3256 virtutem
2687 3200 2929 3270 teryendi
2967 3213 3163 3253 macu-

1797 3282 1903 3348 las,
1951 3298 2118 3359 neque
2160 3297 2254 3335 cas
2292 3296 2532 3352 puryare
2557 3281 2761 3346 valcat,
2792 3281 2907 3335 nisi
2946 3280 3157 3351 favore,

1796 3371 1849 3418 et
1873 3364 2264 3418 condonatione
2291 3362 2394 3418 Dei
2417 3361 2759 3427 relaxentur,
2789 3369 2891 3418 etc.
2933 3363 3003 3416 Et
3027 3361 3160 3416 Bel-

1799 3444 1974 3500 larm.
2003 3445 2100 3499 lib.
2122 3446 2178 3509 2,
2222 3443 2285 3498 dc
2325 3441 2521 3512 Justif.
2571 3460 2692 3516 cap.
2723 3445 2760 3498 2
2783 3485 2797 3509 ,
2831 3440 3161 3497 indistincte

1798 3523 1954 3591 dicit,
1974 3538 2231 3580 errorem
2253 3539 2375 3580 esse
2397 3536 2626 3597 negare,
2659 3524 2742 3578 vel
2757 3523 3042 3593 justitiam
3070 3522 3163 3575 in-

1798 3605 2101 3668 hmcntcm,
2144 3604 2230 3659 vel
2275 3620 2389 3680 ques
2412 3602 2655 3658 absolute
2683 3644 2696 3669 ,
2741 3602 3163 3678 simpliciterque

1790 3685 2072 3757 justificet.
2120 3685 2189 3739 Et
2206 3683 2343 3756 quia
2364 3682 2572 3739 harum
2593 3681 3014 3739 sententiarum
3036 3680 3166 3736 iun-

1799 3763 2069 3823 damenta
2091 3770 2290 3821 mutuo
2310 3781 2372 3822 se
2392 3766 2613 3840 juvant,
2638 3771 2693 3821 et
2714 3763 2868 3820 idem
2894 3763 3013 3820 iere
3034 3777 3164 3819 con-

1801 3845 2073 3915 cludunt;
2105 3844 2314 3902 idcirco
2339 3861 2406 3902 ea
2443 3845 2658 3913 simul,
2702 3848 2760 3901 et
2800 3843 3162 3902 indiscrimi-

1802 3928 1986 3984 natim
2018 3941 2421 4000 proponemus.

1875 4009 1973 4064 40.
2014 4008 2292 4082 Arguitur
2316 4022 2453 4081 ergo
2480 4005 2689 4079 primo,
2714 4004 2850 4078 quia
2870 4002 3163 4077 Scriptura
3177 4046 3359 4090 mimum

1801 4089 2134 4161 frequenter
2161 4088 2381 4154 asserit,
2414 4085 2714 4142 hominem
2749 4100 2868 4142 non
2893 4099 3017 4141 esse
3036 4084 3163 4158 jus-
3207 4105 3325 4147 argu-

1803 4174 1926 4225 tum
1952 4184 2144 4227 coram
2173 4171 2287 4226 Deo
2315 4173 2376 4223 ut
2399 4166 2505 4222 Job
2531 4167 2568 4221 9
2590 4166 2745 4224 :Non
2761 4164 3164 4237 justificabitur
3177 4150 3371 4238 ''ffiff‘bff‘

1801 4250 1960 4306 homo
2002 4252 2328 4323 compositus
2352 4249 2481 4304 Deo.
2524 4249 2593 4303 Et
2620 4248 2822 4320 psalm.
2864 4248 2966 4303 142
2991 4268 3005 4302 z
3034 4244 3164 4302 Non
3193 4292 3331 4336 Pm'm

1793 4330 2195 4402 justificabitur
2220 4331 2281 4384 in
2307 4335 2589 4402 conspectu
2614 4335 2709 4383 tuo
2734 4329 2912 4383 omnis
2937 4328 3125 4384 vivens
3146 4343 3164 4379 .·
3229 4344 3315 4385 ii2.
3338 4324 3347 4334 '

1804 4410 1910 4467 hoc
1954 4415 2143 4466 autem
2169 4408 2378 4465 falsum
2405 4413 2569 4472 esset,
2600 4408 2649 4463 si
2672 4407 2843 4464 homo
2865 4407 2928 4462 in
2950 4403 3164 4481 justifi-

1804 4491 2025 4548 catione
2047 4491 2323 4563 reciperet
2354 4490 2605 4547 formam
2627 4488 3022 4556 intrinsecam,
3055 4503 3165 4562 qua

1803 4571 2270 4639 sanctificaretur,
2299 4576 2356 4628 et
2394 4587 2435 4646 ¹a
2462 4570 2700 4644 peccatis
2741 4568 3162 4627 mundaretur:

1804 4667 1940 4727 ergo
1965 4668 2095 4710 eam
2123 4667 2241 4709 non
2283 4650 2503 4724 recipit,
2530 4649 2629 4707 sed
2681 4656 2799 4708 tota
2835 4647 3166 4726 justificatio

1804 4732 1870 4790 fit
1897 4750 1996 4807 per
2022 4732 2238 4806 aliquid
2265 4733 2675 4790 extrinsecum.
2708 4733 2776 4787 Et
2821 4732 2933 4788 huc
2981 4731 3167 4805 respi-

1803 4830 1933 4871 cere
1952 4812 2182 4870 videtur
2219 4816 2411 4886 Apost.
2452 4816 2498 4879 1,
2530 4814 2606 4868 ad
2631 4812 2787 4871 Rom.
2827 4813 2911 4879 10,
2943 4811 3043 4867 ubi
3072 4827 3166 4869 re-
3233 4854 3251 4894 ι
3274 4850 3330 4894 ,d

1808 4894 2113 4968 prehendit
2137 4910 2235 4952 eos
2253 4895 2351 4967 qui
2401 4894 2734 4953 asserebant
2759 4894 3077 4969 propriam,
3109 4902 3299 4954 etnam.
3320 4901 3381 4942 10·

1807 4976 2148 5034 interiorem
2170 4975 2498 5050 justitiam:
2543 4975 2867 5048 Iynorantcs
2890 5017 2905 5044 ,
2952 4974 3160 5049 inquit,
