3647 5753
1474 426 1651 484 DISP.
1695 428 1791 495 lv,
1836 428 2000 486 DUB.
2033 431 2102 488 V.

277 597 444 654 enim
473 604 622 654 totus
645 600 817 658 homo
840 601 1085 658 interius
1113 604 1449 667 renovatur,
1476 615 1646 655 sanc-

282 675 554 746 tificatur,
587 687 643 737 et
667 680 979 755 perficitur,
1030 697 1344 754 omnesque
1382 680 1506 754 eJus
1549 695 1646 736 ra-

172 773 178 778 ·
280 761 529 821 tionales
549 764 704 820 vires
725 764 804 833 (id
826 770 925 830 est,
953 781 1077 837 quae
1099 764 1443 837 participant
1463 761 1646 820 liber-

15 4376 157 4420 Ποία
191 4372 231 4410 4.

283 848 480 918 tatem)
506 847 832 920 specialiter
876 849 986 903 Deo
1022 850 1449 912 consecrantur,
1482 844 1647 917 eique

283 930 558 999 tanquam
580 927 788 984 ultimo
815 925 917 982 fini
941 927 1371 1000 supernaturali
1394 926 1646 982 totaliter

282 1005 629 1066 subduntur.
656 1009 821 1066 Unde
843 1013 979 1065 tunc
998 1010 1189 1081 primo
1216 1009 1383 1066 debet
1402 1008 1466 1064 in
1490 1006 1639 1072 illas,

279 1094 339 1146 et
361 1089 424 1145 in
446 1092 708 1156 virtuteS,
740 1107 865 1163 quae
887 1093 949 1147 in
974 1092 1058 1148 eis
1084 1092 1358 1152 existunt.
1383 1089 1642 1163 quaedam

280 1172 499 1245 gratiae,
545 1178 603 1229 et
646 1174 941 1230 charitatis
1003 1172 1308 1230 refluentia
1358 1171 1639 1238 derivari,

274 1251 652 1329 quaedamque
673 1271 872 1312 earum
905 1256 1263 1328 participatio
1287 1254 1355 1310 ad
1386 1255 1518 1309 illas
1546 1253 1645 1309 in-

285 1334 528 1391 trinsece
548 1334 908 1401 descendere,
930 1342 990 1391 ut
1013 1352 1112 1408 per
1139 1336 1284 1392 hanc
1310 1335 1532 1409 gratiae,
1589 1341 1646 1389 et

274 1417 578 1473 charitatis
605 1419 1103 1491 participationem
1132 1420 1191 1475 in
1214 1417 1485 1475 omnibus
1523 1415 1644 1471 suis

283 1498 500 1555 actibus
525 1500 588 1555 in
613 1502 788 1556 Deum
815 1499 1069 1568 tendant,
1127 1502 1511 1570 maneantque
1551 1495 1642 1551 illi

284 1577 529 1650 perfecte
553 1580 962 1638 subordinatas.
990 1581 1071 1636 Eo
1085 1582 1177 1638 vel
1195 1581 1466 1643 maxime,
1493 1574 1644 1649 quod

281 1665 436 1726 tunc,
471 1679 572 1734 per
598 1678 658 1719 se
685 1660 987 1734 loquendo,
1038 1667 1093 1717 et
1137 1667 1417 1735 quantum
1444 1662 1529 1715 est
1571 1672 1644 1714 ex

281 1746 491 1799 natura
514 1743 620 1804 rei,
652 1742 971 1799 necessario
998 1741 1193 1798 adesse
1220 1740 1386 1798 debet
1408 1755 1525 1796 non
1546 1753 1641 1794 so-

282 1821 404 1878 lum
438 1823 496 1879 in
524 1823 817 1881 intellectu
840 1829 994 1879 actus
1021 1823 1175 1889 fidei,
1207 1822 1304 1880 sed
1333 1821 1507 1879 etiam
1547 1833 1643 1874 ac-

278 1906 370 1958 tus
411 1901 676 1961 formalis
716 1905 1011 1961 charitatis
1066 1905 1130 1960 in
1177 1905 1491 1967 voluntate,
1540 1915 1642 1972 per

276 1999 448 2056 quem
501 1986 676 2043 homo
719 2003 798 2054 se,
845 1992 900 2043 et
947 1985 1145 2043 omnia
1193 2002 1311 2053 sua,
1356 1982 1641 2058 praecipue

278 2082 416 2124 vero
460 2084 662 2126 omnes
723 2069 972 2125 morales
1017 2067 1379 2139 operationes
1434 2066 1635 2132 bonas,

276 2164 526 2221 quarum
550 2150 669 2222 ipse
688 2156 773 2205 est
793 2149 1079 2216 dominus
1111 2154 1167 2204 et
1193 2165 1319 2221 quae
1343 2147 1405 2203 in
1426 2147 1641 2203 virtute

277 2230 681 2305 cuiuscumque
708 2247 824 2287 suae
853 2231 1138 2303 potentiae,
1171 2235 1227 2286 et
1256 2228 1484 2286 habitus
1510 2243 1642 2285 con-

278 2313 559 2382 tinentur,
588 2315 650 2370 in
678 2316 857 2370 Deum
886 2313 1183 2370 efficaciter
1212 2312 1443 2377 referat,
1495 2310 1640 2366 sicut

279 2394 345 2450 in
391 2393 565 2451 finem
615 2394 888 2450 ultimum
941 2394 1464 2465 supernaturalem.
1510 2394 1639 2449 Non

278 2482 470 2534 autem
492 2481 638 2533 esset
676 2477 871 2533 efficax
923 2476 1041 2532 haec
1082 2475 1392 2541 ordinatio,
1427 2474 1540 2531 nisi
1568 2490 1639 2532 ex

277 2558 336 2614 vi
362 2557 618 2633 ejusdem
673 2563 826 2615 actus
872 2557 1168 2614 charitatis
1209 2558 1271 2613 in
1318 2558 1632 2624 voluntate,

273 2647 331 2698 et
358 2641 422 2696 in
452 2641 745 2697 habitibus
768 2641 1087 2697 moralibus
1117 2643 1306 2714 aliqua
1324 2641 1639 2697 intrinseca

277 2721 621 2789 formalitaS,
663 2723 757 2779 vel
796 2721 1144 2780 modificatio
1186 2724 1631 2795 relinqueretur,

274 2819 403 2876 quae
436 2809 583 2860 esset
607 2802 862 2878 ejusdem
916 2807 1088 2867 actuS,
1121 2809 1177 2859 et
1203 2805 1376 2860 etiam
1406 2800 1636 2858 habitus

273 2886 589 2953 charitatiS,
629 2891 686 2941 et
728 2884 927 2959 gratim
957 2886 1364 2959 participatio:
1413 2885 1476 2941 in
1523 2896 1635 2957 qua

275 2966 518 3039 proinde
546 2966 849 3041 praedictus
896 2971 1069 3031 actuS,
1116 2967 1490 3040 formalisque
1530 2966 1652 3020 illa‘

270 3047 562 3104 ordinatio
590 3064 690 3121 per
732 3048 920 3120 ipsum
975 3048 1120 3103 facta
1168 3047 1496 3103 virtualiter
1538 3062 1633 3103 re-

273 3134 553 3197 maneret,
580 3134 635 3187 et
659 3129 882 3186 ratione
903 3128 1022 3201 ejus
1038 3128 1316 3202 quidquid
1339 3127 1626 3195 voluntas,

268 3215 328 3265 et
347 3210 536 3268 caeteri
560 3210 788 3266 habitus
810 3211 1060 3266 morales
1077 3209 1211 3265 boni
1227 3211 1626 3281 operarentur,

272 3292 337 3347 in
358 3293 537 3348 Deum
562 3292 739 3349 finem
759 3293 1262 3364 supernaturalem
1292 3291 1506 3345 virtute
1528 3304 1631 3343 su-

272 3374 517 3446 pradicti
565 3380 738 3439 actus,
792 3378 849 3428 et
898 3371 1285 3428 ordinationis
1317 3371 1623 3428 referrent.

345 3456 602 3518 Qualiter
646 3469 785 3509 vero
829 3451 1141 3507 virtutibus
1169 3452 1630 3523 supernaturali-

269 3532 394 3602 bus,
427 3551 554 3608 quae
581 3550 708 3590 cum
737 3533 923 3609 gratia
951 3532 1373 3600 infunduntur;
1403 3538 1460 3589 et
1485 3549 1630 3606 qua-

266 3615 402 3673 liter
429 3616 738 3688 acquisitis,
762 3615 1054 3672 autetiam
1085 3613 1373 3686 aliquibus
1395 3614 1623 3683 infusiS,

264 3714 390 3771 quae
431 3698 744 3772 aliquando
795 3703 1323 3771 praesupponuntur
1372 3697 1442 3753 ad
1491 3716 1630 3773 gra-

266 3780 443 3846 tiam;
494 3795 558 3835 ac
601 3777 849 3852 denique
898 3782 1145 3854 qualiter
1187 3778 1476 3850 acquisitis
1507 3786 1630 3852 post

264 3860 450 3933 ipsam
477 3860 676 3936 gratiae
704 3861 1058 3920 infusionem
1102 3860 1403 3934 praedictus
1423 3861 1630 3918 modus

263 3940 742 4008 communicetur,
775 3946 832 3998 et
859 3957 933 3998 an
981 3941 1043 3998 in
1095 3938 1350 4013 qualibet
1386 3940 1625 4009 virtute,

261 4023 439 4079 etiam
462 4023 757 4096 acquisita,
790 4023 864 4080 sit
892 4022 1094 4078 modus
1123 4021 1442 4088 distinctus,
1477 4024 1627 4080 alia-

263 4122 371 4180 que
400 4107 510 4163 huc
559 4106 892 4180 spectantia,
944 4106 1065 4161 fuse
1106 4123 1138 4162 a
1191 4102 1356 4161 nobis
1401 4107 1628 4163 exami-

265 4190 459 4247 nanda
480 4197 615 4246 sunt
659 4195 813 4246 tomo
857 4188 1137 4262 sequenti,
1172 4188 1234 4244 in
1262 4190 1527 4247 Tractatu
1556 4190 1627 4248 de

265 4273 576 4330 Charitate.

338 4354 430 4411 88.
454 4353 599 4410 Illud
616 4360 805 4410 autem
819 4352 911 4409 hic
921 4359 1121 4427 quarto
1135 4352 1527 4411 adnotandum
1543 4360 1628 4412 est

264 4435 413 4511 quod
435 4436 642 4511 gratia,
667 4442 721 4492 et
750 4436 998 4492 charitas
1026 4451 1144 4492 non
1171 4436 1359 4493 solum
1381 4436 1626 4495 virtutes

264 4525 320 4578 et
345 4520 703 4577 voluntatem
737 4518 959 4575 ratione
999 4520 1258 4584 illarum,
1303 4518 1399 4576 sed
1448 4520 1625 4591 etiam

266 4600 623 4656 voluntatem
654 4598 836 4670 ipsam
852 4597 1163 4656 secundum
1187 4614 1246 4665 se
1267 4597 1619 4668 modificant,

264 4685 323 4738 et
366 4679 705 4746 informant,
761 4679 1299 4750 communicantque
1341 4679 1432 4734 illi
1489 4696 1626 4752 pro-

266 4763 462 4838 prium
515 4760 750 4819 modum
817 4761 1338 4835 supernaturalem,
1403 4763 1626 4821 ratione

263 4846 426 4921 cujus
463 4844 685 4918 quotIes
706 4846 973 4902 voluntas
1000 4859 1060 4900 se
1084 4844 1224 4909 sola,
1258 4843 1361 4900 hoc
1380 4848 1464 4900 est
1506 4859 1625 4902 non

265 4925 480 4984 utendo
503 4925 794 4983 habitibus
833 4928 915 4996 (ut
951 4926 1149 4997 potest)
1186 4930 1476 4997 operatur,
1509 4927 1627 5002 agit

263 5009 441 5068 etiam
462 5007 528 5064 in
550 5007 763 5065 virtute
806 5006 1123 5071 charitatiS‚
1168 5012 1223 5060 et
1263 5006 1482 5080 gratiae,
1513 5008 1627 5064 eli-

262 5091 451 5164 citque
472 5095 628 5147 actus
674 5089 950 5147 formatos
976 5088 1039 5144 in
1080 5086 1283 5145 ordine
1330 5087 1401 5144 ad
1442 5086 1621 5145 finem

3028 430 3145 487 763

1776 604 2298 673 supernaturalem.
2350 607 2420 661 Et
2459 606 2606 662 ratio
2652 603 2821 678 hujus
2871 605 2974 667 est,
3001 599 3138 674 quia

1778 684 1895 741 nisi
1924 686 2204 744 voluntati
2235 688 2345 761 ipsi
2367 689 2680 746 secundum
2707 704 2766 743 se
2789 684 3136 742 infundatur

1777 764 1872 821 hic
1892 765 2112 837 modus,
2141 785 2257 826 non
2280 769 2537 828 manebit
2559 773 2671 826 Deo
2693 768 2762 826 ad
2786 770 3024 841 plenum
3045 783 3140 823 su—

1777 845 2099 905 bordinata.
2127 849 2211 905 Ad
2235 851 2339 908 hoc
2364 852 2523 908 enim
2556 850 2891 924 requiritur,
2948 853 3011 904 ut
3042 863 3140 904 se-

1776 926 2029 983 cundum
2077 934 2253 986 totam
2300 948 2463 988 suam
2513 932 3011 1005 potentialitatem.
3080 934 3138 986 et

1777 1022 2012 1066 omnem
2038 1010 2158 1085 ejus
2178 1012 2697 1086 gradum'elevetur
2721 1011 2790 1068 ad
2813 1011 2992 1067 finem
3008 1010 3141 1067 cba-

1779 1088 1991 1146 ritatiS.
2022 1093 2203 1166 Atque
2242 1093 2383 1152 adeo
2413 1094 2656 1168 requirit
2682 1093 2851 1168 quod,
2891 1098 2946 1149 et
2969 1097 3138 1165 prout

1774 1174 1863 1225 est
1902 1175 2157 1243 potentia
2207 1174 2626 1240 obedientialis,
2676 1174 3132 1231 substantialiter

1775 1251 1860 1320 (ut
1886 1252 1968 1307 sic
1987 1251 2263 1325 dicamus)
2286 1256 2634 1313 informetur
2681 1263 2805 1312 tum
2835 1270 2934 1328 per
2962 1253 3132 1310 habi-

1774 1336 1899 1388 tum
1915 1334 2213 1392 charitatis
2241 1337 2430 1393 medio
2470 1354 2580 1410 quo
2606 1337 2800 1394 eliciat
2827 1342 3000 1400 actuS,
3033 1332 3134 1407 qui

1774 1414 2088 1472 secundum
2128 1434 2293 1474 suam
2370 1417 2751 1474 substantiam
2831 1417 3138 1489 respiciant

1775 1496 1955 1552 Deum
1986 1503 2046 1552 ut
2072 1497 2247 1556 finem
2275 1500 2546 1556 ultimum
2591 1499 3133 1574 supernaturalem;

1774 1581 1898 1632 tum
1919 1579 2095 1636 etiam
2125 1595 2225 1652 per
2253 1581 2396 1638 alias
2423 1581 2667 1639 virtutes
2695 1581 2917 1637 infusas
2944 1596 2976 1636 a
2995 1579 3135 1635 cha-

1775 1658 1946 1716 ritate
2009 1659 2379 1718 modificataS.
2432 1663 2639 1720 mediis
2690 1662 2898 1736 quibus
2938 1660 3155 1721 eliciat.

1775 1744 1932 1796 actus
1980 1743 2447 1813 supernaturales
2485 1744 2671 1817 quoad
2726 1741 3128 1807 substantiam,

1772 1822 1872 1880 sed
1901 1825 2109 1882 relatos
2137 1824 2206 1881 ad
2259 1824 2434 1882 finem
2462 1827 2759 1884 charitatis
2785 1826 2975 1883 solum
3006 1841 3137 1883 mo-

1772 1902 1983 1962 daliter
2012 1923 2024 1958 :
2057 1910 2115 1962 et
2141 1922 2340 1962 rursus
2383 1906 2532 1979 quod
2573 1913 2741 1980 prout
2765 1914 2849 1964 est
2879 1907 3135 1980 potentia

1771 1985 2227 2045 substantialiter
2252 1990 2334 2057 (ut
2354 1989 2434 2044 sic
2466 1989 2789 2063 loquamur)
2819 1989 3124 2055 naturalis,

1772 2072 1830 2125 et
1867 2067 2269 2126 obedientialis
2296 2070 2620 2140 modaliter,
2650 2072 2753 2128 hoc
2778 2077 2881 2138 est,
2916 2070 3129 2127 eliciti-

1772 2165 1847 2205 va
1872 2153 2100 2206 actuum
2124 2152 2480 2208 naturalium
2520 2152 2834 2209 secundum
2862 2152 3126 2208 substan-

1772 2230 1935 2297 tiam,
1959 2235 2016 2287 et
2038 2234 2786 2305 supernaturaliumsolum
2810 2232 2994 2306 quoad
3012 2248 3134 2289 mo·

1770 2309 1912 2367 dum
1932 2354 1945 2377 ,
2010 2312 2357 2371 informetur
2420 2314 2591 2373 modo
2656 2316 2758 2372 illo
2835 2314 3133 2371 charitatis

1770 2393 2069 2466 explicato,
2094 2400 2212 2451 tam
2259 2395 2466 2452 mediis
2492 2398 2610 2452 suis
2639 2396 2928 2452 habitibus
2957 2401 3131 2452 natu-

1774 2475 2009 2542 ralibus,
2034 2493 2132 2534 seu
2161 2494 2290 2534 cum
2312 2478 2516 2536 ordine
2545 2479 2614 2536 ad
2645 2480 2813 2552 ipsos,
2840 2486 2894 2536 et
2920 2495 3128 2536 secun-

1770 2556 1909 2614 dum
1949 2559 2118 2615 illum
2157 2559 2401 2634 gradum
2460 2561 2913 2633 potentialitatiS,
2953 2577 3124 2634 quem

1769 2639 2100 2712 hujusmodi
2129 2640 2355 2697 habitus
2383 2641 2446 2697 in
2474 2657 2539 2698 ea
2568 2642 2921 2709 informant;
2952 2658 3126 2715 quam

1767 2722 1943 2778 etiam
1971 2721 2304 2780 immediate
2335 2723 2651 2781 secundum
2698 2741 2776 2790 se,
2832 2730 2889 2783 et
2938 2723 3124 2797 quoad

1767 2803 1948 2859 alium
1978 2805 2411 2879 potentialitatis
2439 2804 2702 2880 gradum,
2751 2822 2922 2880 quem
2971 2823 3125 2880 prae-

1765 2883 1901 2941 dicti
1929 2885 2158 2943 habitus
2181 2887 2485 2961 attingunt.
2512 2890 2658 2943 Nam
2689 2892 2927 2960 utroque
2953 2887 3125 2945 modo

1765 2969 2033 3025 voluntas
2051 2974 2135 3024 est
2155 2970 2468 3041 operativa,
2495 2976 2551 3025 et
2571 2969 2912 3042 quandoque
2938 2970 3123 3026 utitur

1764 3051 1835 3107 ad
1860 3052 2219 3124 operandum
2247 3052 2557 3117 habitibuS,
2602 3055 2726 3108 sive
2752 3051 2916 3123 (quod
2966 3051 3122 3109 idem

1763 3132 1868 3201 est)
1887 3132 2073 3204 seipsa
2097 3137 2156 3188 ut
2183 3131 2470 3188 habitibus
2493 3132 2807 3188 informata
2829 3155 2841 3197 ;
2867 3130 3121 3202 quando-

1761 3228 1871 3284 que
1891 3229 2029 3269 vero
2057 3227 2174 3269 non
2195 3213 2375 3269 utitur
2399 3214 2536 3279 illis,
2569 3212 2666 3269 sed
2703 3219 2974 3284 operatur
3003 3212 3123 3268 im—

1762 3291 2011 3348 mediate
2029 3292 2270 3349 omnino
2299 3308 2400 3364 per
2420 3292 2690 3364 seipsam.
2725 3293 2888 3348 Unde
2916 3295 2976 3346 ut
3001 3308 3123 3349 ma-

1762 3378 1861 3430 net
1888 3391 1989 3447 per
2007 3374 2345 3431 charitatem
2377 3375 2487 3430 Deo
2527 3373 2597 3431 ad
2628 3376 2864 3446 plenum
2904 3372 3119 3430 subor-

1761 3456 1974 3523 dinata,
2016 3456 2183 3513 debet
2227 3455 2495 3513 omnibus
2535 3457 2626 3513 his
2654 3457 2839 3516 modis
2866 3459 3117 3516 formam

1758 3540 2056 3598 charitatis
2084 3539 2444 3614 participare.

1835 3623 1926 3679 89.
1947 3621 2199 3692 Denique
2226 3617 2648 3676 observandum
2676 3626 2777 3688 est,
2812 3623 3119 3681 universa-
3147 3649 3260 3694 m
3287 3650 3344 3695 5.

1762 3705 1876 3761 lem
1924 3703 2071 3758 hanc
2110 3700 2604 3766 informationem,
2636 3718 2807 3774 quam
2843 3704 3119 3762 hactenus

1758 3780 2305 3856 explicuimus,adeo
2326 3796 2447 3837 esse
2472 3782 2769 3840 charitatis
2793 3786 3111 3858 propriam,

1759 3870 1822 3922 ut
1845 3865 1990 3921 nulli
2015 3863 2181 3921 alteri
2210 3862 2429 3920 habitui
2453 3866 2592 3933 (non
2613 3865 2973 3922 excludimus
2987 3884 3117 3942 gra·

1757 3948 1920 4012 tiam,
1945 3945 2144 4004 eadem
2173 3945 2331 4003 enim
2361 3945 2649 4016 formati0,
2675 3964 2799 4019 quae
2825 3954 2957 4006 esta
2976 3951 3116 4007 cha-

1760 4027 1949 4095 ritate,
1978 4031 2062 4084 est
2087 4027 2261 4083 etiam
2290 4025 2359 4083 ab
2386 4027 2509 4100 ipsa
2559 4027 2745 4101 gratia
2791 4030 2992 4103 magiS,
3019 4031 3116 4086 vel

1758 4108 1955 4164 minus
1994 4106 2344 4167 immediate.
2376 4112 2431 4163 et
2452 4123 2554 4163 suo
2582 4107 2751 4164 modo
2804 4125 2836 4165 a
2886 4108 3016 4175 fide,
3052 4118 3117 4179 ut

1755 4204 1829 4246 ex
1849 4188 2014 4245 dictis
2033 4190 2271 4257 constat)
2286 4187 2408 4243 sive
2425 4188 2607 4242 virtus
2628 4188 2720 4255 sit,
2736 4189 2859 4245 sive
2876 4189 3108 4258 vitium,

1758 4269 1932 4342 possit
1944 4273 2281 4342 competere.
2303 4270 2490 4331 Quare
2505 4269 2610 4325 etsi
2628 4269 2837 4340 aliquis
2859 4270 3115 4328 aliorum

1757 4348 2059 4406 habituum
2082 4348 2257 4421 possit
2284 4349 2415 4404 aliis
2443 4348 2750 4419 imperare,
2802 4355 2858 4406 et
2908 4366 3113 4408 eorum

1757 4436 1912 4487 actus
1941 4430 2010 4487 ad
2030 4445 2200 4485 suum
2221 4428 2399 4485 finem
2426 4428 2660 4495 referre,
2693 4435 2755 4486 ut
2782 4447 2910 4487 cum
2934 4433 3122 4504 poeni-

1755 4515 1937 4570 tentia
1962 4510 2194 4569 ordinat
2233 4517 2386 4568 actus
2423 4512 2671 4568 aliarum
2719 4513 3003 4571 virtutum
3044 4515 3118 4572 ad

1757 4591 2223 4659 satisfaciendum
2263 4595 2396 4659 Deo,
2427 4598 2484 4648 et
2511 4594 2713 4667 religio
2755 4592 2824 4650 ad
2851 4596 2961 4652 Deo
2988 4596 3117 4652 cul-

1756 4683 1881 4734 tum
1908 4674 2316 4741 exhibendum,
2366 4680 2471 4732 etc.
2517 4691 2635 4732 non
2683 4681 2880 4733 tamen
2929 4694 3003 4734 ex
3053 4678 3114 4734 vi

1754 4760 1926 4836 hujus
1965 4758 2368 4824 ordinationis,
2415 4762 2512 4813 aut
2552 4759 2784 4832 imperii
2815 4758 3118 4831 imprimi-

1757 4848 1852 4899 tur
1879 4842 2018 4916 ipsis
2046 4841 2355 4898 virtutibus
2382 4839 2585 4897 modus
2613 4842 2824 4915 aliquis
2853 4840 3119 4899 habitua—

1758 4926 1909 4991 liter,
1934 4929 1990 4982 et
2013 4928 2419 4998 permanenter
2447 4921 2508 4976 in
2547 4922 2668 4978 illis
2717 4940 3114 4995 perseverans,

1758 5006 1981 5064 ratione
2009 5006 2167 5079 cujus
2188 5005 2407 5077 quoties
2451 5010 2783 5075 operantur,
2837 5011 3007 5078 agant
3047 5006 3114 5063 in

1757 5088 1971 5145 virtute
1993 5087 2359 5160 poenitentiae,
2387 5086 2479 5142 vel
2510 5087 2826 5160 religionis,
2866 5093 2972 5143 etc.
3014 5088 3117 5145 sed
