3647 5753
1389 358 1563 413 DISP.
1609 358 1703 424 IV,
1742 358 1908 413 DUB.
1954 359 2048 411 111.
3016 357 3119 413 741

269 535 614 593 sufficienter
644 533 1116 607 proportionetur
1136 548 1270 588 cum
1299 535 1424 588 actu
1454 529 1635 603 impe·

269 623 411 685 rato,
441 617 671 690 quando
717 615 1186 688 proportionatur
1225 628 1356 669 cum
1385 611 1636 683 imperio

266 697 522 775 ejusdem
552 698 754 765 activo,
788 711 995 768 nempe
1022 711 1152 752 cum
1182 698 1305 752 actu
1335 692 1634 750 charitatis

270 782 623 853 imperante:
653 794 782 834 cum
806 792 942 850 ergo
965 775 1119 832 idem
1144 780 1298 832 actus
1312 773 1628 840 charitatis,

267 861 366 933 qui
395 858 566 915 modo
613 858 863 930 imperat
888 861 1074 914 actum
1119 855 1357 913 alterius
1402 854 1636 909 virtutis

268 942 466 998 minus
493 939 827 1011 perfectum,
864 940 1040 1009 possit
1079 938 1370 1010 imperare
1410 934 1634 1008 perfec-

271 1022 502 1085 tiorem,
534 1019 603 1075 de
643 1033 756 1091 quo
784 1033 957 1074 nemo
1000 1017 1225 1075 dubitat
1269 1015 1494 1087 (saltem
1534 1013 1633 1070 ubi

272 1105 366 1160 hic
392 1117 657 1161 excessus
690 1115 807 1156 non
852 1105 938 1156 est
964 1116 1035 1157 ex
1063 1104 1225 1172 parte
1266 1097 1634 1169 intensionis)

272 1202 374 1243 cur
396 1200 514 1242 non
538 1182 691 1239 idem
732 1182 907 1240 etiam
948 1181 1247 1239 charitatis
1286 1177 1508 1245 modus,
1535 1179 1634 1251 qui

271 1272 356 1324 est
385 1265 697 1339 imperium
719 1264 841 1339 ejus
863 1265 1177 1336 passivum,
1204 1268 1403 1335 potens
1422 1261 1553 1327 erit,
1578 1264 1636 1317 et

272 1346 617 1404 sufficienter
630 1345 1095 1417 proportionatae
1110 1342 1180 1400 ad
1195 1339 1633 1399 informandum

272 1429 445 1487 modo
472 1434 659 1485 actum
708 1427 906 1483 minus
933 1427 1268 1500 perfectum,
1300 1423 1471 1481 modo
1499 1438 1635 1495 per-

275 1510 587 1575 fectiorem,
631 1506 860 1580 quando
913 1507 1195 1582 ejusmodi
1256 1520 1519 1564 excessus
1562 1519 1635 1561 ex

275 1591 407 1648 aliis
433 1587 734 1663 capitibus,
765 1606 882 1647 non
923 1607 993 1647 ex
1022 1588 1368 1653 intensione,
1402 1590 1497 1643 aut
1525 1585 1636 1642 du-

277 1673 500 1731 ratione
545 1671 885 1744 consurgit?
927 1672 1097 1746 Cujus
1124 1670 1342 1743 optima
1384 1668 1531 1725 ratio
1568 1683 1636 1725 ea

46 1765 111 1804 D.
135 1761 245 1813 'rhet
274 1760 378 1822 est,
402 1771 574 1828 quam
624 1757 687 1810 D.
733 1753 939 1811 Thom.
981 1754 1168 1828 tetigit
1204 1755 1267 1809 in
1291 1754 1348 1819 4,
1377 1753 1505 1808 dist.
1536 1751 1629 1817 49,

274 1845 456 1917 quaest.
488 1839 541 1904 5,
567 1845 677 1895 art.
720 1839 737 1892 l
772 1836 848 1891 ad
873 1838 928 1904 5,
961 1836 1110 1911 quod
1154 1836 1370 1893 scilicet
1396 1832 1636 1907 majoris

274 1919 572 1995 dignitatis
592 1919 1055 1993 est‚majorisque
1079 1918 1433 1979 excellentias
1459 1914 1635 1971 mini-

276 2019 407 2058 mus
434 2005 587 2058 actus
613 1998 929 2065 charitatiS,
969 2016 1143 2073 quam
1186 1996 1635 2073 perfectissimus

273 2090 427 2142 actus
448 2084 850 2158 cujuscumque
877 2083 1117 2140 alterius
1144 2080 1401 2146 virtutis;
1431 2085 1486 2136 et
1507 2078 1636 2135 ideo

271 2165 646 2222 excellentius
674 2165 979 2237 praemium
1025 2162 1267 2220 debetur
1313 2160 1496 2234 priori
1545 2159 1634 2215 illi

272 2248 628 2321 actui,quam
656 2246 789 2302 huic
813 2247 1118 2319 posteriori
1140 2273 1151 2318 ;
1170 2246 1259 2302 illi
1276 2244 1435 2301 enim
1459 2257 1638 2316 quan-

273 2329 489 2385 tumvis
530 2326 778 2384 minimo
822 2326 1064 2384 debetur
1106 2326 1411 2399 praemium
1439 2337 1637 2380 essen-

273 2410 430 2475 tiale,
502 2408 636 2463 huic
698 2421 836 2464 vero
909 2408 1284 2481 quantumvis
1364 2404 1631 2478 perfecte,

272 2494 503 2562 sumpto
527 2487 845 2545 secundum
892 2505 953 2546 se
992 2492 1182 2547 solum
1224 2486 1461 2545 debetur
1490 2484 1638 2543 acci-

274 2571 523 2629 dentale.
557 2570 720 2627 Unde
749 2586 865 2627 non
893 2571 1131 2639 mirum,
1164 2567 1314 2643 quod
1354 2568 1639 2624 minimus

275 2659 434 2711 actus
460 2654 774 2722 charitatiS,
808 2652 1186 2726 quaelibetque
1230 2652 1353 2726 ejus
1401 2649 1639 2723 partici-

277 2734 431 2806 patio
459 2739 659 2804 potens
684 2734 760 2789 sit
798 2733 1136 2809 dignificare
1182 2735 1369 2787 actum
1400 2731 1638 2787 alterius

276 2817 527 2885 virtutis,
559 2822 1068 2891 quantumcunque
1107 2813 1419 2888 perfectum
1443 2813 1638 2885 (dum-

275 2897 447 2956 modo
474 2898 535 2954 in
564 2898 893 2956 intensione
934 2897 1324 2970 adaequentur)
1352 2900 1639 2967 totamque

275 2981 397 3055 ejus
419 2980 734 3037 bonitatem
764 2980 827 3036 in
856 2979 1062 3036 ordine
1089 2977 1160 3034 ad
1191 2978 1466 3035 meritum
1487 2975 1639 3032 suffl-

278 3062 495 3118 cienter
523 3059 882 3135 dignificare.

349 3137 442 3190 46.
470 3133 555 3190 Ad
575 3134 885 3192 secundam
908 3131 1305 3205 probationem
1325 3129 1640 3204 responde-

277 3221 393 3283 tur,
413 3215 565 3289 quod
584 3213 1069 3289 quemadmodum
1094 3212 1223 3269 licet
1245 3212 1443 3269 anima
1461 3212 1640 3267 ratio-

278 3300 431 3355 nalis
453 3300 617 3372 pueri
647 3295 852 3353 habeat
893 3312 925 3352 a
948 3294 1238 3368 principio
1265 3309 1385 3350 suaa
1406 3292 1642 3350 creatio-

278 3379 372 3435 nis
392 3379 765 3434 sufficientem
795 3376 1070 3433 virtutem
1100 3374 1170 3433 ad
1200 3371 1640 3430 informandum

277 3477 483 3535 corpus
504 3460 696 3525 virile,
723 3464 779 3515 et
805 3474 1008 3515 omnes
1030 3458 1195 3514 illius
1224 3461 1415 3531 partes
1441 3454 1641 3513 vivifi-

278 3539 487 3598 candas
510 3564 521 3606 ;
546 3546 878 3596 nontamen
902 3556 934 3596 a
964 3537 1251 3613 principio
1279 3542 1461 3594 totum
1491 3536 1644 3593 hunc

279 3622 540 3680 effectum
565 3637 741 3694 parvo
767 3622 1097 3695 corpusculo
1116 3618 1337 3685 tribuit,
1362 3619 1497 3692 quia
1513 3634 1643 3675 ma-

277 3705 372 3778 jor
393 3701 608 3759 additio
629 3718 697 3760 ex
727 3709 886 3776 parte
906 3703 1181 3769 materiae,
1196 3705 1253 3757 et
1267 3704 1640 3774 augmentum

286 3784 468 3856 ipsius
495 3783 766 3856 corporis,
799 3789 883 3840 est
902 3783 1155 3841 conditio
1182 3783 1251 3840 ad
1274 3783 1379 3838 hoc
1398 3780 1644 3838 omnino

286 3867 623 3932 necessaria,
650 3871 929 3940 quatenus
957 3865 1014 3921 id
1044 3864 1428 3922 necessarium
1468 3862 1644 3920 estad

282 3948 406 4016 hoc,
439 3952 501 4002 ut
528 3947 726 4003 anima
765 3963 825 4003 se
864 3951 1060 4014 totam,
1092 3952 1149 4002 et
1174 3945 1427 4002 totaliter
1453 3943 1643 4001 eidem

281 4028 507 4101 corpori
534 4028 938 4099 communicet,
971 4032 1273 4098 causetque
1314 4026 1377 4082 in
1419 4026 1526 4082 illo
1553 4031 1644 4082 to-

279 4116 397 4165 tam
428 4125 556 4166 eam
600 4109 1095 4174 informationem,
1128 4113 1186 4165 et
1210 4107 1473 4164 effectum
1519 4107 1643 4162 for-

278 4193 513 4258 malem,
547 4191 617 4248 ad
656 4207 827 4265 quem
869 4191 1040 4249 habet
1082 4191 1380 4257 virtutem,
1406 4195 1458 4247 et
1484 4190 1645 4264 cujus

277 4273 394 4331 viri
422 4290 625 4346 corpus
650 4279 735 4328 est
762 4288 938 4347 capax
965 4293 978 4329 :
1003 4273 1083 4329 ita
1103 4274 1278 4330 etiam
1307 4271 1413 4327 etsi
1437 4269 1645 4326 modus

276 4358 574 4414 charitatis
596 4355 806 4414 habeat
827 4373 859 4413 a
886 4356 1193 4430 principie,
1225 4360 1280 4411 et
1300 4352 1531 4428 quando
1558 4358 1646 4410 est

280 4439 344 4493 in
372 4444 501 4495 actu
530 4438 725 4494 minus
755 4436 1018 4510 perfecto,
1047 4441 1224 4493 totam
1255 4435 1420 4490 illam
1449 4434 1646 4509 digni-

280 4525 478 4588 tatem,
504 4536 675 4593 quam
705 4520 911 4577 tribuit
944 4518 1094 4576 actui
1137 4517 1497 4591 perfectiori;
1528 4532 1645 4575 non

281 4608 480 4659 tamen
519 4617 647 4658 eam
678 4607 855 4659 totam
883 4607 938 4659 et
978 4600 1235 4658 totaliter
1281 4614 1315 4655 a
1359 4598 1647 4671 principio

282 4686 377 4742 illi
399 4685 802 4754 communicat,
855 4685 992 4761 quia
1036 4683 1223 4757 major
1265 4680 1501 4748 additio,
1546 4696 1645 4739 seu

282 4774 659 4843 augmentum
707 4767 983 4825 bonitatis
1030 4764 1290 4833 moralis,
1322 4768 1380 4821 et
1428 4764 1648 4836 perfec-

280 4850 461 4907 tionis
492 4848 675 4922 ipsius
701 4854 856 4906 actus
882 4853 971 4906 est
1013 4845 1084 4904 ad
1125 4847 1232 4904 hoc
1259 4846 1503 4904 omnino
1541 4860 1648 4903 ne-

282 4931 534 4988 cessaria
579 4928 855 5000 conditio,
887 4933 1169 5003 quatenus
1222 4926 1337 4984 nisi
1385 4931 1540 4983 actus
1586 4926 1649 4982 in

284 5011 636 5089 perfectione
687 5015 922 5082 crescat,
947 5009 1264 5085 habeatque
1308 5012 1487 5066 totam
1520 5024 1648 5067 eam

1766 526 2102 596 bonitatem,
2159 544 2332 602 quam
2387 528 2600 585 habere
2657 535 2836 602 potest
2887 547 2960 587 ex
3008 533 3126 589 cir-

1765 610 2146 675 cumstantiiS,
2167 624 2308 682 quas
2329 609 2602 677 diximus,
2637 626 2755 667 non
2775 628 2835 668 se
2857 613 2947 668 illi
2977 629 3128 684 prae-

1764 689 1950 746 dictus
1978 690 2181 748 modus
2228 692 2291 748 in
2339 692 2562 749 ratione
2603 692 2803 749 formae
2828 691 3128 768 dignifica-

1765 773 1898 829 tivae
1916 779 2115 838 totum,
2135 778 2191 830 et
2214 775 2923 833 totalitercommunicabit
2944 798 2957 833 :
2976 778 3129 834 unde

1765 870 1950 927 neque
1974 870 2108 912 eum
2153 854 2341 912 reddit
2381 857 2459 913 ita
2499 856 2762 931 dignum,
2802 862 2859 913 et
2885 859 3129 917 merito-

1768 938 1946 1004 rium,
1972 938 2118 994 sicut
2163 943 2363 1010 potest,
2406 944 2464 996 et
2506 940 2653 997 sicut
2694 939 2893 997 reddet
2938 945 3125 998 actum

1767 1018 2186 1091 perfectiorem.

1843 1101 1911 1155 Et
1934 1100 2065 1157 licet
2102 1101 2186 1171 (ut
2220 1117 2322 1174 per
2349 1101 2453 1158 hoc
2473 1102 2643 1159 tacita
2670 1102 2909 1177 objectio
2933 1102 3126 1160 dilua-
3143 1115 3340 1168 incidens

3213 1174 3323 1231 ectio

3215 1229 3340 1266 uitur.

1764 1167 1883 1253 tur)
1904 1185 2053 1237 totus
2080 1182 2185 1238 iste
2213 1180 2433 1249 moduS,
2461 1187 2689 1256 totaque
2708 1184 2831 1258 ejus
2851 1183 3121 1258 dignitas,
3140 1170 3211 1267 ‘iffi

1764 1278 1937 1334 quam
1960 1260 2132 1318 habet
2150 1262 2214 1317 in
2237 1267 2360 1318 actu
2385 1263 2730 1335 perfectiori,
2758 1264 3034 1323 habeatur
3060 1267 3126 1333 in

1764 1348 1894 1399 actu
1933 1344 2131 1399 minus
2171 1342 2453 1415 perfect03
2498 1345 2886 1403 nihilominus
2931 1352 3127 1404 tamen

1764 1425 1900 1498 quia
1927 1426 2060 1482 talis
2087 1424 2293 1482 modus
2339 1440 2458 1482 non
2509 1432 2594 1483 est
2640 1428 2763 1500 ipse
2806 1428 3017 1503 dignus
3043 1430 3130 1499 (ut

1764 1508 1847 1565 sic
1872 1507 2151 1582 dicamus)
2178 1510 2341 1582 quasi
2366 1514 2427 1565 ut
2446 1511 2606 1588 quod,
2638 1511 2762 1567 sive
2803 1515 2864 1566 ut
2891 1513 3005 1590 qui,
3031 1513 3131 1569 sed

1767 1589 2002 1662 praecise
2025 1595 2084 1646 ut
2120 1608 2243 1668 quo,
2267 1594 2323 1647 et
2351 1595 2414 1645 ut
2443 1591 2589 1648 ratio
2630 1589 3005 1665 dignificandi
3035 1609 3130 1668 ac-

1765 1676 1911 1736 tum,
1944 1675 2002 1728 et
2025 1672 2339 1729 secundum
2385 1671 2536 1729 hanc
2582 1673 2872 1730 rationem
2899 1673 3130 1732 diverso

1767 1749 1939 1807 modo
1983 1757 2067 1808 est
2118 1753 2181 1808 in
2230 1751 2470 1826 utroque
2518 1753 2623 1811 illo
2676 1760 2835 1827 actu;
2884 1770 3021 1812 nam
3064 1754 3130 1811 in

1767 1832 1953 1905 priori
1981 1837 2066 1888 est
2104 1834 2357 1890 totaliter
2384 1834 2719 1907 explicatus,
2752 1851 2852 1892 seu
2881 1840 3048 1901 totuS,
3074 1841 3130 1892 et

1766 1913 2023 1969 totaliter
2050 1913 2367 1987 applicatus
2394 1913 2465 1969 ad
2493 1920 2699 1981 actum,
2730 1922 2788 1973 et
2807 1916 2878 1974 ad
2906 1916 3131 1974 exerci-

1766 1991 1913 2047 tium
1951 1992 2114 2048 illius
2154 1991 2549 2066 dignificandi,
2581 2002 2637 2052 et
2664 1995 2950 2064 actuandi,
2982 2000 3133 2053 tota-—

1766 2091 1876 2149 que
1902 2076 2025 2149 ejus
2068 2075 2157 2130 vis
2202 2073 2595 2149 dignificativa
2635 2084 2720 2135 est
2745 2079 3045 2152 explicata,
3076 2083 3135 2135 et

1766 2157 1995 2212 evoluta
2020 2179 2033 2223 ;
2102 2156 2163 2212 in
2232 2157 2532 2229 posteriori
2591 2174 2727 2217 vero
2781 2160 2968 2233 potius
3016 2160 3134 2216 haec

1767 2238 1858 2294 vis
1886 2253 2097 2313 magna
2121 2254 2191 2295 ex
2221 2243 2383 2310 parte
2409 2241 2580 2296 estin
2606 2240 2808 2299 eodem
2837 2240 3007 2299 modo
3033 2242 3132 2297 in-

1767 2318 1980 2383 voluta,
2025 2323 2082 2375 et
2119 2318 2433 2390 implicata,
2485 2321 2717 2393 ipseque
2756 2321 2961 2378 modus
3012 2336 3130 2377 non

1766 2404 1852 2474 est
1879 2401 2133 2456 totaliter
2159 2401 2474 2473 applicatus
2497 2401 2566 2458 ad
2599 2402 2931 2475 praedictum
2959 2417 3132 2461 exer-

1767 2482 2014 2539 citium:
2045 2481 2257 2539 idcirco
2304 2484 2368 2540 in
2407 2485 2610 2556 quovis
2653 2487 2894 2543 ex‘illis
2938 2491 3132 2543 causat

1769 2561 2104 2619 distinctum
2126 2562 2410 2630 effectum,
2439 2563 2735 2637 redditque
2761 2582 2858 2624 eos
2885 2582 2990 2641 pro
3011 2582 3132 2623 ma·

1763 2642 1898 2716 jori,
1931 2643 2024 2699 vel
2054 2643 2269 2701 minori
2298 2660 2501 2703 eorum
2543 2643 2797 2704 bonitate
2843 2648 3046 2722 magis,
3076 2652 3135 2703 et

1769 2723 1966 2782 minus
1986 2722 2208 2798 dignoS,
2240 2726 2551 2800 magisque,
2582 2731 2639 2783 et
2662 2727 2859 2785 minus
2887 2727 3132 2785 merito-

1770 2804 1905 2860 rios.
1932 2806 2015 2860 Ex
2028 2803 2235 2878 quofit,
2255 2808 2404 2881 quod
2426 2807 2563 2864 dum
2589 2810 2891 2883 praedictus
2907 2809 3129 2876 modus„

1767 2888 1826 2941 et
1850 2887 1972 2959 eJ'us
1992 2884 2244 2961 dignitas
2273 2895 2469 2947 manet
2508 2890 2571 2946 in
2611 2898 2734 2948 actu
2765 2893 2961 2949 minus
2997 2908 3135 2966 per-

1769 2966 1933 3033 fecto,
1967 2984 2084 3024 non
2105 2974 2190 3024 est
2210 2971 2462 3027 totaliter
2491 2972 2554 3028 in
2582 2973 2686 3028 illo
2714 2972 2820 3028 sub
2860 2977 3128 3045 conceptu

1769 3047 2086 3122 dignitatiS,
2111 3067 2211 3107 seu
2238 3050 2345 3108 sub
2379 3059 2649 3126 conceptu
2691 3053 2894 3112 formae
2935 3054 3132 3128 digni-

1770 3130 1995 3187 ficuntis
2018 3155 2032 3197 ;
2075 3132 2209 3204 quia
2253 3149 2438 3205 neque
2464 3140 2547 3191 est
2575 3136 2828 3192 totaliter
2851 3136 2913 3192 in
2939 3152 3007 3193 eo
3027 3135 3132 3192 sub

1770 3213 2062 3278 exercitio,
2089 3217 2145 3269 et
2165 3228 2408 3270 munere
2431 3216 2564 3271 talis
2587 3216 2809 3282 formae,
2828 3218 2926 3274 sed
2949 3218 3135 3292 magis

1772 3297 1971 3348 manet
1998 3291 2078 3348 ibi
2109 3309 2320 3367 magna
2345 3310 2416 3350 ex
2458 3302 2619 3366 parte
2664 3298 2852 3354 solum
2896 3299 2958 3355 in
3012 3313 3135 3356 esse

1771 3376 1923 3432 entis
1942 3380 1999 3431 et
2021 3375 2136 3435 rei:
2166 3391 2296 3431 cum
2339 3381 2534 3433 tamen
2563 3379 2625 3434 in
2656 3384 2780 3436 actu
2805 3380 3132 3453 perfectiori

1772 3459 2026 3518 totaliter
2051 3460 2126 3516 sit
2152 3459 2258 3517 sub
2289 3460 2554 3533 praedicto
2594 3470 2865 3538 conceptu
2895 3466 3135 3523 actualis

1773 3541 2090 3615 dignitatiS,
2115 3556 2216 3597 seu
2246 3540 2448 3598 formae
2476 3546 2599 3598 actu
2622 3543 3034 3618 dignificantis.

1847 3624 1942 3677 47.
1969 3620 2053 3676 Ad
2077 3623 2311 3678 tertiam
2333 3620 2581 3695 denique
2623 3624 3021 3698 probationem
3040 3625 3134 3683 di-

1773 3702 2020 3759 cendum
2049 3707 2152 3768 est,
2173 3702 2455 3758 moralem
2480 3700 2794 3762 bonitatem
2820 3709 3134 3781 cujuscum-

1775 3799 1886 3857 que
1909 3788 2064 3840 actus
2075 3784 2265 3840 solum
2280 3798 2702 3856 possecrescere
2717 3789 2966 3860 usquein
2995 3786 3135 3844 infi-

1776 3867 1967 3922 nitum
2006 3864 2264 3923 absolute
2284 3869 2341 3923 et
2358 3867 2705 3938 simpliciter
2725 3869 2908 3928 adhuc
2936 3887 3137 3945 synca-

1777 3947 2237 4022 thegorematice,
2270 3948 2363 4004 vel
2389 3950 2613 4007 ratione
2642 3951 3007 4019 intensionis,
3041 3955 3135 4011 vel

1778 4031 2001 4087 ratione
2049 4030 2404 4099 durationis;
2438 4033 2661 4090 ratione
2707 4051 2845 4092 vero
2884 4036 3136 4093 aliarum

1774 4111 2365 4177 circumstantiarum,
2411 4120 2686 4188 quotquot
2745 4123 3132 4190 apponantur,

1777 4209 1894 4251 non
1915 4193 2116 4251 crescit
2137 4195 2482 4267 simpliciter
2511 4196 2573 4252 in
2604 4197 2919 4267 infinitum,
2954 4198 3138 4257 adhuc

1776 4275 2417 4349 syncathegorematice,
2449 4277 2547 4333 sed
2571 4285 2811 4354 augetur
2838 4281 2900 4337 in
2930 4280 3138 4338 infini-

1779 4363 1902 4412 tum
1947 4357 2565 4432 syncathegorematice
2609 4361 2922 4419 secundum
2975 4363 3136 4436 quid,

1776 4455 1877 4496 seu
1907 4437 2062 4494 infra
2082 4445 2303 4496 certum
2330 4439 2597 4514 gradum,
2641 4448 2776 4516 puta
2815 4452 2874 4500 ut
2907 4449 3144 4518 viyinti;

1780 4518 1849 4576 ad
1889 4534 2056 4591 quem
2105 4523 2299 4576 tamen
2346 4519 2590 4594 gradum
2635 4530 3143 4601 quantumcunque

1778 4598 2003 4657 bonitas
2052 4605 2283 4668 crescat,
2332 4606 2520 4660 stante
2564 4603 2764 4662 eadem
2814 4606 3141 4666 intensione

1779 4697 2078 4754 nunquam
2120 4681 2425 4756 pertinget.
2451 4685 2724 4760 Neganda
2750 4694 2833 4745 est
2852 4704 2988 4764 ergo
3008 4705 3139 4747 ma-

1772 4764 1886 4839 jor,
1911 4764 1960 4820 si
1998 4765 2357 4840 intelligatur
2400 4765 2471 4823 de
2517 4775 2823 4844 augmento
2859 4787 3034 4844 usque
3074 4772 3139 4828 in

1779 4842 2080 4902 infinitum
2126 4845 2489 4918 simpliciter,
2530 4849 2713 4907 adhuc
2762 4852 3141 4928 syncathego-

1783 4927 2075 4997 rematice,
2101 4931 2157 4984 et
2181 4927 2253 4984 de
2294 4926 2549 4987 bonitate
2573 4932 2805 5000 morali,
2836 4948 2961 5005 quae
2987 4933 3136 4989 actui

1781 5009 2049 5080 provenit
2067 5024 2139 5067 ex
2165 5008 2446 5083 capitibus
2483 5028 2639 5070 num.
2670 5014 2743 5071 34
2788 5028 3141 5073 commemo-
