3647 5753
797 809 1306 1025 INDEX
1481 812 2597 1040 TRACTATUUM
2699 1038 2702 1041 ,

275 1183 1049 1241 QUAESTmNUM,

1194 1187 2105 1236 DISPUTATIONUM
2240 1189 2386 1234 ET

2543 1191 3127 1239 DUBIORUM

370 1390 548 1454 QUAE
591 1392 669 1446 IN
709 1392 848 1447 Hoc
886 1392 1087 1450 ΤΟΜΟ
1126 1395 1397 1451 DECIMO
1437 1394 1712 1451 CURSUS
1751 1397 2011 1454 THEOL.
2056 1398 2420 1457 SALMANT.
2467 1401 3004 1459 CONTINENTUR.

647 1771 1070 1829 TRACTATUS
1108 1777 1257 1833 XIV.

786 1943 856 1980 ne
894 1944 1125 1997 amru,

712 2070 1026 2146 Dispnacatio
1080 2075 1212 2134 VII.

341 2216 421 2272 De
444 2216 642 2290 gratia
670 2217 894 2276 efficaci.
1618 2229 1637 2283 l

341 2302 487 2359 Dub.
526 2305 572 2359 1.
606 2307 702 2360 An
740 2308 926 2381 gratia
969 2312 1064 2376 sit,
1096 2317 1152 2369 et
1185 2311 1408 2371 dicatur
1449 2316 1646 2374 efficax

267 2387 455 2443 solum
486 2386 560 2443 ab
587 2388 814 2447 effectu.
1620 2401 1638 2454 1

54 2450 83 2541 Ι,
339 2471 371 2539 9
418 2471 465 2525 l.
508 2472 799 2528 Statuitur
845 2490 1006 2544 vera,
1040 2482 1097 2534 et
1140 2481 1466 2537 communis
1510 2497 1647 2539 sen-

274 2550 475 2607 tentia.
1611 2565 1648 2620 2

345 2636 377 2701 9
425 2635 481 2690 2.
536 2635 879 2695 Ostenditur
905 2641 1239 2713 opinionem
1268 2644 1503 2703 Molinae
1526 2661 1649 2703 esse

274 2721 468 2770 contra
498 2717 566 2772 D.
592 2720 1004 2791 Augustinum.
1613 2727 1650 2782 3

341 2797 373 2864 9
410 2796 465 2851 3.
500 2797 862 2869 Expenditur
879 2802 1025 2859 ratio
1052 2803 1505 2863 fundamentalis
1519 2823 1650 2865 con-

274 2878 360 2931 tra
386 2876 705 2935 Molinam.
1611 2891 1649 2943 7

339 2959 371 3025 9
409 2959 463 3014 4.
496 2960 815 3018 Refellitur
853 2964 1088 3021 Molinae
1113 2965 1311 3038 opinio
1339 2966 1410 3023 ab
1443 2968 1651 3025 incon-

272 3037 648 3095 venientibus
674 3058 799 3114 quae
825 3044 991 3101 illam
1013 3053 1458 3120 consequuntur.
1587 3051 1643 3104 11

344 3123 376 3190 9
396 3122 451 3176 5.
471 3123 913 3196 proponuntur,
929 3133 983 3185 et
996 3128 1294 3186 eliduntur
1312 3136 1653 3205 argumenta

277 3202 592 3259 contraria.
1589 3211 1652 3266 15

347 3281 489 3340 Dub.
521 3285 585 3339 2.
618 3286 709 3340 An
750 3287 934 3358 gratia
960 3287 1053 3355 sit,
1085 3294 1141 3347 et
1167 3289 1393 3347 dicatur
1432 3289 1648 3357 efficax.

278 3361 404 3432 quia
430 3365 708 3438 congruit
733 3365 1093 3441 dispositioni
1122 3369 1381 3444 subjecti.
1579 3373 1655 3429 20

347 3446 379 3512 9
413 3445 458 3500 1.
490 3444 813 3504 Praefertur
834 3465 965 3522 pars
992 3452 1279 3524 negativa,
1306 3458 1365 3510 et
1390 3453 1654 3511 authori-

281 3525 390 3578 tate
414 3522 678 3582 fulcitur.
1580 3535 1656 3589 22

349 3605 381 3671 9
417 3606 471 3660 2.
504 3606 683 3662 Ratio
706 3606 1158 3668 fundamentalis
1178 3617 1379 3671 contra
1399 3616 1656 3687 vasquez

282 3685 649 3755 expenditur.
1582 3697 1655 3751 27

351 3767 384 3833 9
432 3766 733 3825 3.”Plura
786 3768 1255 3830 inconvenientia
1304 3790 1374 3831 ex
1420 3774 1653 3849 Vasquii

287 3846 555 3918 opinione
585 3848 943 3910 inferuntur.
1582 3859 1657 3912 29

354 3929 385 3994 9
423 3929 477 3983 4.
510 3930 939 3989 convelluntur
960 3935 1181 3992 motiva
1207 3937 1513 3994 contrariae
1538 3938 1658 4010 opi-

242 4012 246 4017 ’
289 4005 492 4064 nlonis.
1585 4018 1658 4073 33

355 4089 495 4147 Dub.
529 4093 590 4147 3.
625 4094 716 4149 An
753 4095 939 4168 gratia
975 4097 1069 4165 sit,
1100 4102 1157 4154 et
1183 4097 1405 4157 dicatur
1443 4100 1654 4164 efficax,

286 4169 414 4240 quia
433 4170 610 4228 datur
631 4189 700 4229 eo
724 4179 993 4248 tempore,
1019 4178 1080 4234 in
1103 4195 1213 4251 quo
1235 4197 1337 4252 per
1357 4180 1658 4237 scientiam

287 4248 533 4308 mediam
564 4256 815 4325 praevisa
842 4263 926 4312 est
953 4257 1220 4316 habitura
1248 4261 1532 4319 effectum.
1588 4262 1660 4315 38

210 4331 225 4346 “
355 4333 388 4399 9
442 4333 490 4387 l.
547 4336 829 4408 Negativa
879 4340 1167 4396 sententia
1218 4342 1550 4413 praefertur,
1606 4345 1663 4397 et

360 4495 391 4561 9
428 4496 482 4549 2.
530 4497 914 4568 Prosequitur
940 4498 1303 4574 impugnatio
1334 4502 1663 4574 responsio-

292 4570 382 4627 nis
407 4583 757 4649 argumento
784 4580 1126 4651 praecedenti
1154 4582 1448 4640 adhibitae.
1590 4586 1664 4640 44

360 4657 392 4723 9
431 4658 488 4713 3.
533 4660 710 4715 Aliud
751 4661 1197 4721 fundamentum
1238 4672 1439 4722 contra
1477 4665 1666 4723 effica-

258 4735 439 4870 ''ffam
471 4743 678 4813 gratiae
722 4742 1142 4816 dependentem
1185 4763 1219 4804 a
1260 4748 1502 4805 scientia
1542 4765 1669 4807 me-

333 4815 409 4874 ia.
1596 4832 1669 4885 48

252 4905 263 4922 ·
365 4898 398 4964 fi
438 4902 494 4956 4.
528 4903 911 4978 impugnatur
932 4906 1182 4980 amplius
1202 4909 1450 4967 efficacia
1468 4911 1671 4984 gratim

292 4992 332 5035 a
353 4981 595 5042 scientia
617 4987 810 5044 media
837 4987 1183 5062 dependens.
1599 4994 1673 5049 54

451 5074 741 5136 Salmant.
771 5078 938 5139 Cur-3.
964 5080 1188 5154 theoloq.
1220 5089 1351 5141 tom.
1382 5081 1452 5141 X.

290 4410 476 4481 primo
497 4420 846 4488 argumento
873 4417 1165 4488 probatur.
1589 4423 1663 4477 39
1693 4468 1700 4476 .

1846 1778 1878 1845 9
1917 1777 1971 1833 5.
2006 1776 2327 1834 Roboratur
2350 1778 2599 1851 amplius
2621 1779 2946 1852 praecedens
2968 1796 3134 1855 argu·

1774 1862 2058 1914 mentum.
3067 1864 3140 1917 58

1848 1940 1880 2007 9
1918 1939 1972 1993 6.
2018 1937 2373 2010 Expenditur
2418 1938 2577 1997 aliud
2617 1941 2899 1997 motivum
2938 1948 3138 1999 contra

1774 2017 2019 2091 gratiam
2047 2018 2325 2076 efficacem
2351 2036 2423 2078 ex
2458 2019 2772 2078 directione
2812 2038 2912 2094 per
2949 2024 3139 2079 scien-

1776 2099 1916 2154 tiam
1946 2092 2218 2157 mediam.
3068 2108 3142 2160 65

1849 2188 1880 2254 9
1919 2188 1976 2241 7.
2020 2185 2361 2258 Exploditur
2405 2186 2605 2261 gratiae
2642 2187 2886 2246 efficacia
2926 2188 3144 2264 depen-

1776 2264 1918 2322 dens
1945 2283 1978 2323 a
2003 2267 2243 2324 scientia
2271 2267 2481 2325 media.
3070 2276 3136 2329 71

1851 2358 1882 2423 9
1904 2355 1959 2407 8.
1985 2354 2251 2410 Refertur
2270 2355 2557 2412 sententia
2577 2357 2887 2424 contraria,
2914 2359 3147 2433 ejusque

1778 2435 2011 2490 motivis
2030 2435 2372 2491 occurritur.
3074 2444 3148 2497 78

1853 2520 1995 2577 Dub.
2027 2522 2081 2577 4.
2114 2522 2322 2577 Utrum
2349 2524 2535 2597 gratia
2562 2524 2755 2582 efficax
2795 2524 3001 2584 habeat
3026 2528 3150 2585 effi·

1776 2604 1991 2660 caciam
2020 2620 2091 2661 ex
2116 2620 2196 2671 se,
2228 2609 2284 2661 et
2312 2604 2383 2662 ab
2411 2606 2745 2664 intrinseco,
3078 2612 3151 2667 86

1852 2687 1884 2753 9
1919 2686 1964 2739 1.
2000 2685 2146 2741 Vera
2167 2688 2453 2743 sententia
2481 2687 2845 2760 proponitur,
2871 2693 2928 2744 et
2955 2690 3154 2747 autho·

1782 2770 1949 2830 ritate
1977 2771 2269 2829 firmatur.
3081 2780 3154 2833 86

1855 2856 1886 2923 §
1924 2855 1979 2910 2.
2025 2851 2358 2910 Ostenditur
2398 2854 2725 2927 specialiter
2766 2857 2830 2913 D.
2869 2855 3155 2915 Thomam

1782 2940 1978 3005 aperte
2005 2931 2206 2991 docere
2233 2940 2491 2991 nostram
2520 2939 2920 2995 assertionem.
3083 2941 3156 2994 93

1857 3018 1888 3084 9
1930 3016 1988 3071 3.
2031 3014 2390 3088 Expenditur
2418 3017 2610 3090 prima
2640 3020 2787 3076 ratio
2828 3036 2931 3094 pro
2968 3023 3154 3094 gratia

1781 3112 1855 3152 ex
1881 3111 1943 3152 se
1968 3095 2198 3152 efficaci.
3080 3104 3152 3157 98

1857 3181 1888 3247 9
1913 3180 1968 3234 4.
2003 3177 2352 3251 proponitur
2371 3178 2684 3235 secundum
2707 3179 3150 3239 fundamentum

1784 3274 1939 3314 verae
1959 3259 2274 3315 sententiae.
3050 3263 3152 3318 102

1859 3344 1889 3410 9
1930 3342 1982 3395 5.
2029 3339 2379 3413 proponitur
2406 3340 2575 3397 tertia
2604 3341 2751 3398 ratio
2789 3341 2852 3399 in
2890 3343 3149 3401 favorem

1784 3421 1984 3497 gratiae
2008 3439 2078 3480 ex
2104 3438 2166 3480 se
2184 3421 2440 3479 efficacis.
3050 3429 3150 3484 107

1858 3512 1890 3578 9
1909 3510 1984 3564 ’6.
2029 3509 2388 3581 Expenditur
2432 3513 2700 3581 quartum
2742 3520 3147 3587 argumentum

1787 3607 1892 3663 pro
1917 3589 2103 3664 gratia
2128 3605 2200 3645 ex
2224 3605 2284 3645 se
2311 3589 2539 3647 efficaci.
3047 3599 3063 3652 1
3088 3600 3149 3654 13

1860 3675 1890 3741 9
1928 3675 1987 3726 7.
2031 3670 2378 3742 Proponitur
2404 3671 2606 3744 quinta
2634 3673 2780 3729 ratio
2819 3690 2922 3745 pro
2962 3678 3149 3749 gratia

1786 3768 1858 3809 ex
1884 3766 1945 3807 se
1970 3748 2198 3807 efficaci.
3050 3759 3153 3815 120

1859 3834 1891 3900 9
1934 3832 1986 3886 8.
2033 3829 2299 3887 Refertur
2326 3829 2523 3902 opinio
2549 3832 2860 3891 contraria.
3049 3841 3151 3896 127

1861 3912 1893 3979 9
1945 3911 1998 3966 9.
2061 3910 2312 3966 Diluitur
2360 3910 2615 3982 primum
2667 3911 3150 3975 Adversariorum

1788 3991 2230 4048 fundamentum
2271 3991 2635 4064 desumptum
2662 4009 2733 4051 ex
2759 4013 2918 4054 sacra
2959 4001 3153 4074 Scrip-

1790 4080 1942 4130 tura.
3053 4083 3153 4138 137

1864 4165 1895 4231 9
1944 4162 2025 4217 10.
2073 4160 2365 4216 Evertitur
2403 4159 2846 4219 fundamentum
2891 4182 2960 4223 ex
3001 4171 3153 4227 Con-

1789 4242 1941 4299 ciliis
1991 4239 2352 4308 Tridentino,
2405 4246 2461 4298 et
2511 4243 2828 4299 Senonensi
2881 4246 3152 4324 desump-

1793 4329 1938 4378 tum.
3057 4333 3149 4390 141

1865 4405 1897 4471 9
1959 4403 2043 4457 11.
2099 4402 2430 4458 Occurritur
2474 4403 2644 4459 tertio
2696 4406 2950 4475 motivo,
3006 4415 3156 4484 quod

1799 4482 2125 4540 Adversarii
2149 4500 2220 4539 ex
2240 4485 2645 4542 convenientia
2674 4493 2882 4546 nostrae
2919 4500 3157 4554 senten-

1795 4569 1890 4623 tiae
1916 4583 2046 4622 cum
2069 4567 2327 4633 Calvino,
2352 4574 2408 4624 et
2427 4568 2697 4625 Jansenio
2719 4571 2991 4632 formant.
3058 4583 3150 4641 151

1856 4659 1887 4725 9
1935 4657 2019 4710 12.
2068 4654 2317 4710 Diluitur
2355 4660 2623 4727 quartum
2676 4659 3158 4728 Adversariorum

1799 4733 2242 4791 fundamentum
2282 4749 2352 4791 ex
2391 4736 2485 4792 SS.
2530 4736 2768 4794 Petrum
2816 4746 3164 4810 testimoniis

1801 4820 2179 4887 assumptum.
3067 4833 3159 4892 161

1876 4906 1907 4972 9
1956 4902 2041 4958 13.
2094 4899 2356 4956 Diruitur
2407 4899 2851 4963 fundamentum
2896 4914 3170 4984 quintum

1803 4982 2057 5041 adversae
2071 4979 2363 5055 opinionis
2379 4997 2410 5038 a
2424 4983 2646 5043 ratione
2658 4985 3043 5064 desumptum.
3070 5001 3170 5057 174

2971 5091 3027 5148 1*

1436 5563 1980 5669 234396
