3647 5753
100 4122 112 4423 l

1510 416 1688 471 DISP.
1733 415 1803 481 11,
1849 416 2016 470 DUB.
2061 416 2101 471 1.

318 592 522 651 Thom.
550 594 663 649 loco
683 596 775 650 cit.
801 600 911 649 art.
936 593 1060 649 3ad
1085 589 1240 658 4,his
1261 587 1451 647 verbis
1473 586 1684 644 :Nulla

315 673 435 728 alia
482 674 745 746 perfectio
788 672 1146 746 superaddita
1189 670 1503 726 substantias
1545 667 1684 739 facit

317 753 497 809 Deum
514 770 624 809 esse
645 755 707 808 in
718 755 926 831 alique,
942 756 1084 810 sicut
1103 750 1366 822 objectum
1385 749 1681 819 coquinam,

315 841 370 889 et
393 841 665 900 amatum,
686 835 800 889 nisi
809 835 996 905 ,qratia
1014 840 1088 890 :et
1109 831 1227 887 ideo
1252 831 1372 887 sola
1389 830 1578 901 qratia
1599 828 1686 900 sa-

318 916 395 970 cit
419 914 761 986 simularem
800 914 1024 969 modum
1044 912 1253 968 essendi
1281 910 1457 968 Deum
1490 911 1550 965 in
1594 925 1686 963 rc-

317 994 652 1130 bussandem
699 1072 987 1131 concludit
1029 1072 1352 1146 ApostoluS,
1383 1056 1685 1127 hominem

318 1157 386 1212 in
406 1155 813 1231 justificatione
836 1158 957 1227 fieri
996 1155 1252 1212 hmedcm
1278 1155 1401 1209 vitai
1440 1158 1643 1207 aterna
1668 1169 1686 1204 .-

141 1234 963 1375 εεέμεεμμ
1171 1232 1413 1372 ,μμένε
1440 1232 1690 1370 μέμ

321 1416 446 1455 mus
464 1399 573 1471 filii
599 1397 721 1455 Dei.
751 1396 821 1456 Si
845 1335 1030 1454 αυῖξηι
1066 1397 1195 1463 filii,
1218 1404 1268 1452 et
1289 1333 1516 1453 hirjats
1535 1415 1552 1449 .·
1578 1396 1689 1451 ἠω-

324 1483 472 1539 redes
496 1482 714 1560 quidem
739 1482 862 1548 Dei,
912 1481 1198 1536 cohme-des
1223 1486 1409 1535 autem
1451 1476 1683 1536 Christi.

152 1557 298 1609 ”1⁰⁵sp
326 1565 437 1619 Per
482 1578 607 1636 quae
652 1560 936 1635 significat
980 1559 1278 1617 hominem
1314 1557 1690 1634 justificatum

153 1605 307 1699 chiffl?
327 1644 536 1701 habere
557 1644 669 1718 jus,
688 1650 744 1700 et
756 1642 1172 1714 coaptationem
1192 1641 1263 1697 ad
1280 1640 1430 1698 bona
1458 1639 1692 1713 propria

172 1708 281 1797 ἵξῖξῗ
330 1726 448 1794 Dei,
474 1742 598 1799 quae
625 1725 690 1781 in
729 1726 852 1799 ejus
879 1723 1122 1790 visione,
1152 1728 1209 1780 et
1250 1739 1446 1780 amore
1473 1721 1692 1779 consis-

158 1811 303 1847 aernae·
333 1811 477 1863 tunt.
523 1806 696 1879 Atqui
747 1805 920 1862 homo
969 1820 1086 1861 non
1126 1803 1296 1860 habet
1342 1803 1446 1860 hoc
1477 1803 1591 1876 jus»,
1636 1806 1693 1858 et

335 1887 755 1958 coaptationem
767 1901 836 1942 ex
854 1882 1216 1940 naturalibus
1233 1904 1245 1939 ε
1263 1883 1509 1957 ergoilla
1525 1880 1695 1938 habet

333 1984 400 2025 ex
418 1968 623 2042 gratia,
654 1974 711 2024 et
741 1966 1086 2039 perfectione
1099 1964 1691 2036 sanctificante,quam

336 2049 394 2104 in
415 2047 817 2121 Justificatione
840 2045 1160 2119 participat.
1177 2047 1302 2101 ,Nec
1319 2043 1547 2117 prodest
1573 2043 1694 2098 hae·

338 2130 635 2186 reticorum
661 2129 874 2194 evasio,
898 2126 996 2199 qui
1019 2131 1301 2191 asserunt,
1327 2125 1397 2182 ad
1419 2126 1524 2182 hoc
1543 2122 1693 2180 suffi-

335 2224 456 2266 cere
480 2210 865 2266 extrinsecam
889 2209 1245 2264 voluntatem
1278 2206 1375 2262 Dei
1397 2209 1694 2278 acceptan-

341 2290 407 2345 tis
417 2288 786 2363 justificatum
802 2288 1132 2362 adgloriam⁸
1145 2286 1215 2343 ob
1229 2287 1438 2344 merita
1454 2284 1667 2341 Christi
1684 2330 1688 2335 .

151 2383 300 2427 nsrno.
340 2374 479 2427 Nam
518 2369 683 2425 illam
729 2369 941 2442 optime
996 2367 1289 2441 praecludit
1340 2370 1405 2421 D.
1447 2366 1695 2422 Thomas

341 2458 517 2528 quast.
542 2452 612 2504 27
638 2451 701 2505 de
723 2453 879 2505 verit.
912 2455 1021 2504 art.
1058 2449 1103 2513 l,
1138 2448 1228 2503 his
1249 2444 1444 2503 verbis
1478 2465 1491 2501 ε
1525 2445 1696 2500 «Vult

349 2556 372 2583 α
418 2535 561 2588 Deus
587 2530 848 2588 omnibus
888 2529 1166 2588 creaturis
1194 2529 1410 2587 bonum
1451 2532 1690 2592 naturae,

349 2638 373 2663 υ
423 2616 646 2685 propter
700 2610 844 2682 quod
916 2609 1129 2667 dicitur
1201 2609 1399 2668 omnia
1475 2607 1691 2670 fecisse,

351 2717 374 2744 «
418 2694 658 2766 sapient.
687 2694 741 2747 ll
766 2698 822 2749 et
842 2694 1045 2748 Genes.
1080 2693 1125 2758 l,
1151 2689 1248 2747 sed
1278 2689 1501 2746 ratione
1528 2688 1697 2761 hujus

347 2796 372 2824 «
416 2772 809 2846 acceptationis
825 2788 943 2828 non
960 2770 1363 2829 consuevimus
1380 2768 1698 2834 dicere,ali·

347 2878 370 2906 ι(
412 2871 579 2928 quem
621 2854 830 2911 habere
868 2852 1115 2927 gratiam
1152 2851 1271 2918 Dei,
1302 2850 1485 2909 sedin
1512 2864 1688 2923 quan-

345 2959 369 2987 «
415 2944 531 2993 tum
548 2940 694 2993 Deus
711 2937 836 2991 vult
860 2936 913 2992 ei
936 2932 1165 3007 aliquod
1183 2932 1400 3008 bonum
1417 2949 1479 2988 su
1489 2948 1700 3004 perna-

343 3038 368 3067 «
414 3014 772 3089 turale,quod
787 3020 872 3071 est
886 3015 1007 3070 vita
1021 3019 1241 3071 aeterna
1256 3035 1269 3069 ι
1285 3012 1437 3069 unde
1451 3012 1521 3068 ad
1538 3014 1699 3068 Rom.

341 3117 366 3147 α
408 3098 444 3152 6
471 3096 699 3161 dicitur,
733 3095 929 3151 Gratia
959 3095 1059 3152 Dei
1076 3095 1197 3151 vita
1219 3096 1455 3149 aeterna.
1475 3090 1582 3147 Sed
1597 3090 1703 3147 hoc

338 3198 364 3226 α
409 3176 625 3234 bonum
650 3178 798 3232 Deus
820 3191 937 3231 non
977 3176 1103 3230 vult
1129 3173 1300 3229 alicui
1331 3171 1590 3246 indigno.
1617 3171 1701 3226 Ex

339 3279 364 3306 α
408 3263 617 3314 natura
645 3261 834 3312 autem
863 3271 967 3310 sua
1014 3255 1187 3311 homo
1229 3268 1346 3309 non
1386 3257 1473 3309 est
1492 3251 1703 3326 dignus

340 3359 363 3388 e<
407 3342 571 3394 tanto
623 3335 791 3400 bono,
835 3351 964 3391 cum
1010 3334 1085 3389 sit
1127 3334 1598 3407 supernaturale3
1646 3336 1705 3388 et

339 3440 362 3470 α
408 3417 539 3475 ideo
564 3433 637 3473 ex
687 3417 792 3473 hoc
835 3415 977 3487 ipso,
1033 3413 1182 3486 quod
1223 3414 1457 3485 ponitur
1496 3412 1704 3485 aliquis

334 3521 358 3550 a
405 3501 742 3572 Deegratus
767 3501 1018 3568 respectu
1067 3494 1237 3567 hujus
1279 3492 1434 3559 boni,
1470 3493 1704 3565 ponitur

331 3605 356 3633 a
401 3581 556 3654 quod
597 3580 894 3654 sitdignus
915 3579 1017 3635 tali
1047 3578 1197 3635 bono
1223 3592 1395 3648 supra
1418 3591 1520 3630 sua
1543 3580 1706 3630 natu-

330 3685 356 3714 «
405 3664 578 3720 ralia.
614 3660 775 3726 Quod
801 3660 1033 3734 quidem
1075 3675 1191 3715 non
1221 3661 1413 3713 movet
1438 3654 1705 3711 divinam

331 3765 355 3794 ιι
402 3744 783 3806 voluntatem,
817 3747 876 3796 ut
898 3739 1196 3796 hominem
1219 3736 1290 3792 ad
1318 3734 1466 3791 illud
1489 3734 1704 3791 bonum

330 3848 354 3876 κ
400 3825 643 3882 ordinet
675 3823 814 3880 :sed
864 3822 1050 3896 potius
1090 3837 1122 3877 e
1162 3833 1438 3877 converso
1486 3833 1558 3874 ex
1604 3817 1708 3873 hoc

329 3927 355 3956 ιι
403 3906 552 3979 ipso,
588 3903 740 3977 qnod
794 3907 939 3960 Dens
966 3919 1069 3959 sua
1114 3901 1409 3957 voluntate
1455 3898 1707 3970 aliquem

331 4009 356 4040 a
399 3988 644 4045 ordinet
657 3986 725 4043 ad
750 3987 928 4042 vitam
949 3991 1245 4048 aeternam,
1274 3985 1500 4055 praestat
1519 3980 1572 4037 ei
1596 3979 1709 4036 ali-

326 4091 351 4118 «
395 4067 575 4141 qnod,
608 4082 709 4139 per
735 4066 884 4139 quod
910 4066 988 4120 sit
1013 4064 1223 4138 dignus
1243 4063 1364 4118 vita
1391 4065 1629 4118 aeterna.
1680 4080 1704 4111 ι)

329 4150 496 4208 Unde
517 4147 810 4208 concludit
848 4170 860 4203 :
893 4169 917 4200 a
962 4147 1053 4203 Sic
1102 4161 1240 4220 ergo
1282 4144 1454 4201 homo
1496 4141 1711 4198 dicitur

327 4254 352 4280 «
397 4231 664 4306 gratiam
695 4228 793 4284 Dei
825 4226 1035 4284 habere
1082 4242 1199 4283 non
1245 4225 1434 4282 solum
1460 4238 1531 4279 ex
1582 4222 1706 4289 hoc,

326 4333 352 4361 α
397 4309 556 4385 quod
587 4327 626 4366 a
653 4313 766 4365 Deo
792 4307 1057 4381 diligitur
1103 4308 1167 4362 in
1207 4306 1387 4362 vitam
1410 4309 1706 4368 aeternam,

325 4415 348 4443 «
399 4391 502 4450 sed
533 4408 614 4448 ex
642 4388 932 4462 hoc,qu0d
960 4386 1130 4443 datur
1149 4385 1201 4443 ei
1219 4384 1451 4457 aliquod
1468 4385 1706 4449 donum,

329 4500 354 4529 a
401 4491 510 4549 per
537 4472 694 4547 quod
735 4476 819 4526 est
846 4469 1056 4544 dignus
1083 4468 1201 4525 vita
1227 4474 1461 4524 aeterna.
1494 4468 1566 4521 Et
1609 4465 1712 4522 hoc

327 4583 353 4612 α
399 4559 632 4616 donum
688 4551 898 4608 dicitur
960 4550 1145 4625 gratia
1189 4554 1419 4624 gratum
1474 4546 1706 4604 facienS.

327 4661 353 4692 α
399 4638 596 4693 Aliter
620 4635 782 4690 enim
824 4633 887 4688 in
912 4635 1134 4704 peccato
1181 4629 1415 4686 mortali
1461 4628 1713 4685 existens

325 4744 351 4777 α
398 4723 598 4794 posset
628 4715 741 4771 dici
766 4715 829 4771 in
873 4712 1061 4788 gratia
1082 4727 1223 4777 esse,
1254 4711 1302 4766 si
1342 4710 1591 4784 gratiam
1618 4724 1713 4765 so-

324 4823 351 4852 «
399 4802 526 4858 lam
553 4793 1004 4868 acceptationem
1021 4791 1285 4847 divinam
1302 4789 1515 4847 diceret
1542 4813 1556 4856 3
1581 4804 1712 4845 cum

324 4907 350 4936 <t
395 4879 710 4952 contingat
734 4875 988 4949 aliquem
1028 4878 1377 4946 peccatorem
1402 4887 1525 4929 esse
1563 4885 1714 4943 prae-

324 4990 351 5019 α
395 4963 769 5022 destinatum
813 4954 882 5013 ad
931 4954 1111 5010 vitam
1157 4958 1435 5010 aeternam
1486 4950 1713 5009 haben-

325 5071 352 5102 «
397 5047 566 5102 dam.
623 5061 652 5090 1²

3067 416 3168 472 321

1890 587 1981 643 32.
2025 585 2281 643 Secundo
2329 585 2623 659 probatur
2647 589 2844 643 nostra
2891 584 3178 641 conclusio
3230 601 3355 644 nano

1817 666 2041 724 ratione
2076 683 2148 725 ex
2195 667 2389 725 relatis
2441 667 2790 724 testimoniis
2834 665 3134 739 desumpta
3163 685 3175 719 :
3194 660 3381 749 sgffiggg

1815 750 2091 823 quoniam
2126 750 2317 817 homo,
2365 766 2496 808 cnm
2544 748 2905 825 justificatur,
2957 748 3025 804 fit
3067 751 3182 804 Deo
3220 751 3371 812 cqnio-
3418 790 3424 795 .

1816 836 2012 905 gratus
2045 848 2221 907 :ergo
2249 833 2449 905 recipit
2488 832 2737 889 formam
2780 831 3175 888 intrinsecam.
3247 804 3341 847 ¹¹⁰³·

1817 911 2169 969 Antecedens
2199 918 2348 986 patet
2363 929 2436 970 ex
2461 911 2648 978 dictis,
2679 912 2815 984 quia
2838 913 3035 984 nequit
3063 925 3181 965 non

1816 1008 1940 1050 esse
1965 997 2081 1052 Deo
2104 1000 2298 1069 gratus
2320 995 2509 1063 homo,
2532 1010 2702 1068 quem
2731 995 2852 1068 ipse
2883 993 3037 1050 videt
3061 1008 3182 1065 pec·

1816 1073 1959 1130 catis
1983 1075 2284 1143 mundum,
2306 1075 2376 1131 ad
2405 1074 2609 1131 Adami
2628 1075 2915 1148 Justitiam
2946 1074 3183 1131 restitu-

1817 1160 1960 1222 tum,
1995 1155 2203 1213 factum
2229 1156 2416 1213 filium
2445 1157 2605 1223 lucis,
2633 1157 2914 1215 haeredem
2945 1156 3186 1214 beatitu-

1819 1235 1996 1302 dinis,
2021 1236 2371 1294 cohaeredem
2395 1237 2627 1305 Christi,
2658 1244 2712 1294 et
2727 1238 2975 1311 Spiritus
3000 1239 3182 1295 sancti

1819 1318 2102 1389 templum
2126 1318 2261 1375 :sed
2288 1318 2403 1374 haec
2430 1319 2629 1375 omnia
2655 1317 2803 1376 bona
2817 1319 3184 1390 consequitur

1822 1399 1995 1456 homo
2021 1415 2152 1455 cum
2176 1398 2540 1472 Justificatur,
2574 1405 2637 1456 ut
2683 1405 2831 1473 patet
2877 1416 2947 1456 ex
2990 1399 3185 1456 relatis

1822 1479 2170 1536 testimoniis
2194 1502 2207 1536 ε
2232 1496 2367 1555 ergo
2379 1478 2565 1537 iitDeo
2584 1488 2801 1555 gratus.
2823 1484 3189 1552 Consequen-

1823 1558 1904 1614 tia
1933 1575 2069 1616 vero
2091 1557 2381 1630 probatur,
2412 1560 2550 1632 quia
2578 1561 2877 1617 hominem
2919 1559 3046 1617 fieri
3076 1562 3190 1616 Deo

1821 1645 2071 1712 gratum,
2102 1658 2202 1698 seu
2233 1642 2455 1714 placere
2477 1645 2604 1709 De0,
2637 1647 2720 1699 est
2749 1642 3069 1699 terminare
3095 1643 3188 1699 di·-

1822 1723 2029 1778 vinum
2053 1738 2308 1779 amorem
2343 1726 2528 1797 :atqui
2553 1740 2717 1781 amor
2751 1726 2852 1782 Dei
2881 1742 2997 1782 non
3040 1741 3190 1798 prae-

1822 1804 2094 1877 supponit
2115 1802 2406 1877 inobJecto
2422 1804 2753 1871 bonitatem,
2777 1823 2949 1879 quam
2971 1807 3184 1881 diligit,

1822 1884 1921 1942 sed
1949 1900 2076 1942 eam
2095 1884 2282 1951 efficit,
2312 1901 2421 1957 qua
2441 1884 2512 1942 de
2531 1902 2697 1943 causa
2725 1903 2842 1943 non
2867 1893 2953 1945 est
2972 1887 3190 1944 affecti-

1826 1982 1950 2031 vus,
1981 1964 2078 2022 sed
2106 1965 2397 2022 effectivus
2431 1987 2443 2021 ε
2471 1982 2606 2040 ergo
2632 1967 2682 2022 si
2707 1967 2877 2024 homo
2905 1984 3034 2024 cum
3057 1968 3187 2041 Jus-

1825 2047 2093 2111 tificatur,
2145 2045 2348 2117 incipit
2391 2062 2513 2102 esse
2550 2050 2749 2118 gratus
2795 2049 2927 2113 Deo,
2988 2047 3189 2119 recipit

1826 2128 2076 2200 aliquam
2121 2127 2369 2184 formam
2411 2127 2809 2193 intrinsecam,
2868 2144 2968 2200 per
3013 2144 3188 2200 quam

1826 2206 2191 2266 constituitur
2231 2207 2294 2262 in
2320 2221 2441 2264 esse
2467 2206 2669 2279 objecti
2710 2207 2948 2281 congrui
2978 2207 3049 2263 ad
3078 2212 3187 2264 ter-

1829 2287 2172 2345 minandum
2194 2286 2463 2344 divinum
2486 2303 2763 2345 amorem.
2796 2290 2979 2352 Quam
3010 2287 3189 2344 ratio-

1828 2378 1962 2428 nem
1985 2369 2161 2426 tradit
2182 2372 2245 2425 D.
2277 2370 2480 2425 Thom.
2506 2385 2682 2440 supra
2707 2376 2887 2446 quaest.
2924 2370 3042 2436 110,
3075 2375 3184 2423 art.
3223 2373 3383 2416 D·'1'ho-

1837 2453 1879 2518 1,
1909 2456 1964 2507 et
1989 2450 2053 2505 in
2082 2449 2347 2522 praesenti
2372 2451 2544 2514 art.2,
2569 2463 2809 2520 eamque
2838 2450 2948 2503 late
2973 2464 3192 2520 expen-

1829 2531 2039 2599 dimuS,
2061 2536 2225 2603 atque
2247 2529 2318 2585 ab
2338 2528 2751 2603 objectionibus
2766 2528 3195 2585 vindicavimus

1830 2618 1992 2667 tract.
2013 2610 2237 2683 praeced.
2264 2611 2405 2683 disp.
2442 2612 2496 2674 4,
2540 2609 2668 2664 dub.
2711 2610 2756 2676 1,
2800 2608 2897 2664 ubi
2938 2608 3195 2665 ostendi-

1831 2707 1960 2747 mus
1984 2689 2229 2764 gratiam
2254 2688 2603 2745 habitualem
2630 2704 2753 2744 esse
2768 2688 3014 2745 formam
3032 2687 3198 2744 nobis

1831 2771 2140 2827 intrinsece
2185 2769 2612 2843 superadditam
2637 2813 2649 2836 ,
2681 2774 2738 2824 et
2791 2769 3195 2826 inhaerentem.

1832 2854 1903 2909 Et
1920 2854 2059 2925 ⁸quia
2080 2853 2144 2909 in
2174 2851 2440 2926 praedicta
2461 2850 2850 2925 disputatione
2880 2851 3046 2923 plura
3075 2855 3196 2908 tra-

1832 2933 2106 2999 didimuS‚
2127 2949 2252 3005 quae
2277 2933 2656 2990 assertionem
2674 2939 3011 3005 praesentem
3040 2932 3204 2988 evin-

1832 3019 1984 3081 cunt,
2013 3013 2205 3086 ibique
2247 3013 2649 3085 explicuimus,
2685 3012 2749 3067 in
2776 3029 2887 3085 quo
2928 3012 3199 3069 consistat
3271 3011 3281 3020 “

1833 3095 2077 3153 essentia
2104 3096 2302 3169 gratiae
2328 3092 2655 3160 habitualis,
2682 3111 2778 3150 seu
2804 3095 3004 3152 formae
3026 3094 3193 3168 justi-

1834 3176 2078 3243 ficantis,
2102 3177 2227 3233 sive
2248 3176 2547 3232 hominem
2559 3179 2671 3232 Deo
2691 3181 2939 3249 gratnm,
2957 3176 3197 3248 justum,

1834 3263 1891 3313 et
1919 3260 2179 3312 sanctum
2200 3255 2618 3320 constituentis,
2651 3253 2787 3327 quid
2818 3258 2976 3312 aDeo
3018 3256 3203 3328 parti-

1833 3337 2000 3410 cipet,
2027 3335 2311 3409 quomodo
2356 3335 2555 3392 fundet
2577 3336 2671 3408 Jus
2712 3335 2782 3391 ad
2827 3336 3095 3410 gloriam,
3147 3341 3201 3392 et

1836 3419 2089 3492 qualiter
2118 3434 2180 3474 se
2221 3415 2426 3474 habeat
2452 3415 2520 3472 ad
2568 3416 2924 3481 charitatem,
2956 3422 3012 3472 et
3064 3416 3203 3471 reli—

1837 3517 1975 3573 quas
2002 3499 2278 3564 virtutes;
2306 3497 2431 3555 ideo
2458 3499 2522 3554 in
2570 3498 2835 3570 praesenti
2858 3513 3201 3569 supervaca-

1839 3596 2013 3638 neum
2040 3583 2123 3634 est
2168 3578 2286 3634 alia
2322 3578 2584 3651 adjicere.
2610 3584 2666 3635 et
2710 3578 2779 3634 ad
2830 3594 2965 3634 eum
3014 3580 3198 3634 locum

1839 3663 2107 3718 lectorem
2134 3658 2505 3714 remittimus.
2535 3657 2642 3714 Sed
2664 3657 3071 3714 nihilominus.

1914 3737 2304 3796 confirmatur
2327 3738 2516 3809 primo
2534 3738 2849 3796 refellendo
2870 3739 3199 3796 evasionem
3238 3740 3396 3782 counr-

1842 3820 2240 3877 haereticorum
2269 3839 2281 3874 :
2314 3835 2451 3875 nam
2481 3819 2562 3875 ita
2595 3836 2654 3875 se
2682 3819 2853 3876 habet
2877 3819 3203 3877 obedientia
3247 3794 3393 3832 matur.

1842 3902 2053 3960 Christi
2073 3900 2143 3957 ad
2159 3906 2415 3958 nostram
2439 3901 2745 3975 justitiam,
2767 3902 2913 3957 sicut
2939 3900 3205 3958 obedien·

1842 3984 1923 4040 tia
1943 3981 2152 4038 Adfnni
2180 3982 2249 4037 ad
2274 3987 2528 4038 nostram
2552 3981 2920 4056 injustitiam,
2953 3987 3014 4037 ut
3041 3996 3207 4038 cons-
3402 4021 3407 4026 -

1842 4070 1926 4122 tat
1949 4081 2021 4122 ex
2047 4066 2317 4138 Apostolo
2345 4065 2419 4118 ad
2441 4064 2597 4122 Rom.
2628 4066 2682 4120 5.
2717 4064 2885 4137 Atqui
2918 4069 3207 4137 peccatum
3227 4059 3286 4101 Ad
3299 4061 3417 4151 1520OE-

1842 4145 2050 4203 Adami
2076 4145 2332 4202 causavit
2353 4145 2417 4200 in
2453 4144 2618 4202 nobis
2663 4143 2881 4218 aliquid
2929 4144 3210 4202 intrinse·
3334 4141 3339 4147 “

1843 4244 1993 4294 cum,
2025 4233 2081 4284 et
2102 4227 2411 4293 inhaerenS,
2443 4232 2499 4284 et
2540 4227 2847 4300 unicuique
2887 4227 3205 4300 proprium,

1843 4307 2111 4365 videlicet
2132 4313 2421 4380 peccatum
2450 4307 2753 4382 originale,
2794 4324 2826 4363 a
2854 4324 2965 4380 quo
2990 4307 3210 4364 forma-

1844 4389 1977 4445 liter
1997 4388 2446 4446 denominamur
2471 4394 2807 4461 peccatoreS,
2838 4395 2895 4444 et
2921 4391 3028 4445 Deo
3071 4388 3205 4446 abo·

1846 4468 2172 4536 minabileS,
2201 4474 2261 4524 ut
2281 4473 2500 4525 constat
2523 4484 2595 4524 ex
2620 4467 2787 4524 dictis
2809 4467 2949 4539 disp.
2976 4469 3201 4540 praeced.

1844 4553 1972 4609 dub.
2013 4554 2061 4617 13
2086 4566 2223 4624 ergo
2243 4550 2467 4623 justitia
2495 4548 2707 4604 Christi
2733 4554 2924 4605 causat
2953 4550 3017 4605 in
3046 4549 3211 4606 nobis

1846 4632 2063 4707 aliquid
2094 4633 2470 4689 intrinsecum
2495 4675 2507 4698 ,
2541 4635 2595 4685 et
2641 4631 2947 4697 inhaerens,
3007 4648 3214 4705 nempe

1844 4713 2114 4788 gratiam,
2161 4727 2192 4767 a
2239 4728 2352 4784 quo
2395 4710 2721 4779 formaliter
2763 4710 3212 4769 denominamur

1842 4794 2001 4869 justi,
2026 4797 2083 4849 et
2104 4793 2218 4848 Deo
2237 4791 2386 4865 grati
2416 4811 2429 4846 z
2456 4806 2593 4865 ergo
2613 4790 2943 4864 justificatio
2965 4809 3082 4850 non
3106 4792 3214 4849 im·

1849 4879 2033 4948 portat
2070 4875 2255 4931 solam
2285 4876 2638 4946 peccatorum
2668 4874 3090 4941 remissionem,
3117 4877 3214 4933 sed

1850 4973 2047 5015 veram
2094 4955 2327 5012 homins
2356 4956 2789 5013 renovationem
2818 4974 2919 5030 per
2966 4959 3212 5016 formam

1850 5039 2220 5096 intrinsecam
2235 5080 2247 5093 .
3186 5033 3195 5040 ’
