3647 5753
572 424 683 481 788
1389 421 1484 476 DE
1525 418 2083 475 REVIVISCENTIA
2121 418 2587 474 MERITORUM.

571 592 800 663 culpam
828 595 1052 648 tantum
1081 590 1359 648 tribuitur
1392 592 1457 648 in
1480 593 1630 666 jure,
1662 590 1785 648 sive
1811 606 1943 648 mo-

575 671 776 728 raliter
834 672 1163 745 poenitenti,
1220 677 1499 745 quantum
1555 668 1758 728 habuit
1808 676 1944 728 ante

576 753 833 824 lapsum,
890 754 1014 809 sive
1059 758 1213 809 actus
1273 753 1572 811 charitatis
1625 766 1725 825 per
1771 765 1942 824 quem

578 833 827 907 resurgit
847 833 919 890 ab
940 835 1062 899 illo,
1087 833 1162 890 sit
1185 835 1464 900 intensus,
1484 833 1608 891 sive
1631 831 1940 899 remissus;

578 915 771 972 necin
817 915 921 973 hoc
957 922 1223 973 servatur
1265 915 1554 990 graduum
1602 928 1943 986 correspon-

574 995 788 1063 denna,
819 1013 992 1069 quam
1020 996 1261 1072 objectio
1300 997 1548 1055 intendit
1573 995 1939 1054 constituere.

574 1078 723 1133 Tum
768 1078 922 1151 quia,
956 1083 1017 1133 ut
1055 1095 1229 1152 supra
1271 1079 1549 1145 diximus,
1581 1082 1637 1135 et
1678 1089 1945 1149 expresse

579 1159 753 1216 tradit
780 1162 846 1216 D.
876 1161 1080 1217 Thom.
1131 1163 1167 1217 3
1203 1169 1352 1235 part.
1384 1168 1566 1239 quast.
1624 1160 1716 1226 89,
1747 1166 1858 1216 art.
1884 1158 1942 1225 5,

574 1258 752 1317 opera
777 1242 1120 1301 mortificata
1146 1258 1250 1316 per
1278 1251 1565 1316 peecatum
1612 1243 1802 1300 solum
1843 1239 1948 1298 de-

580 1323 832 1397 pendent
855 1324 919 1379 in
954 1323 1044 1380 sui
1091 1322 1498 1381 reviviscentia
1523 1339 1557 1379 a
1596 1320 1948 1380 contritione

577 1402 964 1476 subsequenti,
996 1403 1142 1460 sicut
1169 1419 1202 1460 a
1237 1408 1569 1459 removente
1608 1401 1943 1475 prohibens,

578 1490 636 1542 et
659 1483 803 1540 sicut
830 1500 863 1541 a
889 1483 1217 1541 conditione
1259 1483 1582 1540 necessaria
1608 1482 1680 1539 ad
1709 1497 1950 1555 repara-

580 1566 797 1623 tionem
819 1565 1033 1623 divinae
1061 1565 1347 1623 amicitiae.
1380 1564 1545 1622 Unde
1570 1565 1718 1623 sicut
1742 1564 1948 1639 quaeli-

576 1648 675 1705 bet
697 1649 969 1707 contritio
998 1653 1255 1707 removet
1292 1648 1492 1706 omnia
1534 1654 1755 1721 peccata
1801 1664 1950 1721 prae-

580 1732 770 1796 terita,
801 1738 859 1789 et
899 1738 1129 1804 reparat
1175 1730 1491 1787 amicitiam
1540 1730 1900 1805 deperditam
1933 1751 1947 1787 ε

583 1815 664 1869 ita
699 1811 955 1885 disponit
994 1812 1343 1871 sufficienter
1390 1812 1460 1869 ad
1500 1812 1623 1878 hoc,
1656 1818 1717 1868 ut
1751 1811 1951 1868 omnia

584 1893 793 1950 merita
814 1892 1155 1950 mortificata
1176 1909 1277 1966 per
1299 1899 1587 1966 peecatum
1603 1891 1954 1951 reviviscant

536 2010 541 2015 -
586 1974 907 2041 moraliter,
954 1975 1076 2032 sive
1103 1975 1166 2032 in
1193 1991 1316 2033 esse
1338 1975 1557 2041 meriti,
1588 1980 1646 2031 et
1671 1974 1897 2047 gratim.

655 2057 804 2112 Tum
825 2057 1020 2124 etiam,
1050 2058 1187 2130 quia
1226 2055 1374 2128 quod
1403 2058 1550 2114 Deus
1577 2052 1796 2111 tribuat
1823 2070 1951 2128 poe-

582 2137 789 2195 nitenti
812 2141 894 2195 tot
917 2138 1128 2213 gradus
1152 2138 1352 2212 gratiae
1378 2152 1450 2195 ex
1478 2135 1702 2192 meritis
1742 2135 1951 2192 morti-

582 2217 766 2277 ficatis
795 2235 896 2294 per
934 2225 1242 2293 peccatum,
1274 2225 1410 2293 quot
1436 2217 1609 2275 habet
1656 2217 1947 2285 contritiO,

583 2315 879 2373 perquam
914 2300 984 2358 ab
1028 2317 1095 2359 eo
1143 2300 1409 2374 resurgit,
1440 2299 1629 2355 solum
1673 2298 1953 2355 fundatur

584 2381 646 2436 in
686 2382 933 2455 quadam
979 2383 1257 2448 decentia,
1289 2388 1345 2438 et
1373 2382 1665 2437 honestate
1718 2380 1954 2453 propria

584 2463 781 2519 meriti
808 2463 878 2521 de
917 2479 1187 2539 congruo,
1223 2467 1284 2518 ut
1326 2461 1574 2535 explicat
1621 2460 1953 2533 hujusmodi

575 2540 815 2615 opinio;
843 2549 898 2600 et
925 2559 997 2599 ex
1016 2561 1083 2602 eo
1113 2545 1352 2615 insuper
1392 2544 1589 2615 liquet,
1632 2541 1768 2613 quia
1799 2547 1955 2614 post-

580 2637 755 2695 quam
777 2624 987 2696 aliquis
1014 2642 1117 2699 per
1146 2626 1413 2697 repetitos
1454 2630 1609 2681 actus
1648 2623 1956 2681 contritio-

586 2702 679 2759 nis
742 2706 1033 2775 reparavit
1099 2706 1400 2761 moraliter
1463 2710 1641 2761 totam
1702 2705 1954 2777 gratiam

587 2782 879 2850 amissam,
904 2784 1052 2840 nihil
1078 2785 1130 2841 ei
1155 2785 1405 2857 amplius
1426 2783 1721 2850 tribuitur,
1749 2783 1955 2841 etiam·

582 2862 636 2918 si
663 2863 1055 2922 intensissime
1076 2869 1343 2938 operetur
1366 2864 1521 2921 ultra
1541 2862 1789 2938 gratiam
1818 2862 1955 2919 huic

583 2943 906 3017 operationi
937 2944 1169 3019 physice
1193 2945 1757 3018 correspondentem.
1789 2941 1955 2999 Unde

580 3041 717 3082 cum
739 3026 1014 3082 meritum
1041 3027 1111 3083 de
1136 3043 1388 3101 congruo
1415 3045 1533 3086 non
1574 3030 1956 3099 consequatur

588 3105 981 3165 infallibiliter
1002 3124 1171 3164 suum
1194 3108 1476 3177 effectum,
1504 3109 1704 3183 nequit
1725 3105 1951 3173 modus,

585 3203 756 3263 quem
778 3190 1022 3246 sustinet
1060 3190 1180 3248 haee
1225 3192 1396 3248 tertia
1424 3192 1642 3264 opinio,
1671 3205 1793 3248 esse
1819 3187 1957 3246 doc-

587 3270 839 3336 trinaliS,
872 3288 1042 3345 quem
1068 3279 1267 3330 contra
1293 3291 1354 3331 se
1394 3272 1565 3330 habet
1590 3279 1784 3330 nostra
1811 3286 1956 3328 con-

587 3350 768 3407 clusio
800 3371 814 3406 :
843 3368 979 3409 nam
1019 3370 1086 3411 eo
1124 3354 1248 3427 ipso
1292 3352 1441 3427 quod
1480 3354 1611 3427 quis
1658 3352 1853 3416 redeat
1885 3351 1956 3408 ad

588 3428 851 3488 divinam
898 3434 1235 3501 amicitiam,
1283 3437 1506 3507 Deoque
1555 3434 1951 3507 desponsetur,

578 3515 950 3587 consequitur
978 3533 1051 3574 ex
1071 3521 1279 3573 natura
1308 3517 1391 3573 rei
1409 3517 1503 3592 jus
1528 3529 1702 3573 omne
1730 3515 1801 3571 ad
1822 3516 1957 3590 glo-

590 3597 758 3663 riam,
789 3598 938 3671 quod
968 3616 1069 3672 per
1097 3605 1386 3673 peccatum
1428 3600 1722 3664 amiserat,
1768 3613 1958 3672 neque

587 3678 652 3734 in
674 3683 1104 3752 recuperatione
1131 3681 1299 3757 hujus
1335 3681 1485 3754 juris
1530 3679 1792 3754 splendet
1825 3695 1957 3753 spe-

582 3761 751 3818 cialis
768 3764 953 3837 gratia
973 3764 1201 3822 diversa
1225 3764 1295 3820 ab
1316 3766 1438 3831 illa,
1458 3780 1570 3837 qua
1596 3767 1742 3820 Deus
1768 3763 1958 3820 indul-

577 3847 679 3917 get
704 3844 929 3901 homini
956 3863 1059 3903 sua
1086 3847 1310 3914 delicta,
1345 3847 1627 3920 illumque
1650 3845 1720 3902 ad
1750 3846 1958 3919 pristi-

588 3941 724 3983 nam
753 3927 1069 3984 amicitiam
1098 3928 1370 3987 admittit.

664 4012 858 4083 Neque
877 4010 1015 4066 hinc
1038 4010 1208 4068 datur
1230 4027 1370 4068 ansa
1393 4010 1627 4070 desidiae
1645 4035 1660 4079 3
1677 4009 1956 4084 quoniam

589 4096 651 4147 ut
687 4092 818 4165 quis
861 4098 1099 4149 conetur
1142 4094 1397 4152 maxime
1432 4093 1502 4151 de
1542 4094 1782 4168 peccatis
1807 4092 1956 4150 olim

578 4173 909 4230 commissis
934 4175 1171 4242 conteri,
1203 4179 1495 4249 Deumque
1522 4175 1955 4234 ferventissime

585 4254 847 4330 diligere,
877 4256 1082 4313 sufficit
1111 4259 1414 4330 praemium
1441 4258 1766 4324 essentiale,
1796 4255 1952 4331 quod

589 4352 692 4410 per
729 4353 790 4395 se
829 4337 921 4394 his
963 4339 1187 4395 actibus
1226 4338 1672 4413 correspondet;
1700 4338 1838 4411 quia
1865 4338 1959 4395 vel

588 4419 791 4475 unicus
827 4420 1039 4494 gradus
1081 4421 1280 4496 gloriae
1331 4427 1505 4478 tantae
1550 4418 1957 4477 aestimationis

584 4504 688 4568 est,
718 4506 781 4558 ut
810 4519 911 4560 nec
957 4518 1157 4560 omues
1202 4503 1472 4560 bumanae
1513 4502 1806 4576 passiones
1852 4516 1960 4558 va-

587 4582 747 4639 leant
765 4599 894 4639 cum
914 4583 1016 4642 illo
1036 4585 1386 4658 comparari.
1404 4584 1622 4649 Quibus
1643 4581 1787 4640 adde
1810 4583 1960 4639 banc

588 4669 845 4723 nostram
865 4665 1187 4724 doctrinam
1210 4683 1327 4725 non
1349 4682 1472 4724 esse
1495 4665 1576 4723 ita
1595 4665 1949 4731 evidentem,

586 4747 730 4822 quin
766 4749 1051 4806 contraria
1093 4750 1292 4823 opinio
1339 4747 1807 4822 probabilitatem
1837 4763 1960 4805 non

587 4829 875 4888 modicam
910 4831 1115 4889 habeat
1147 4853 1162 4890 ε
1190 4830 1340 4906 quod
1371 4830 1578 4888 sufficit
1630 4829 1701 4887 ad
1741 4830 1867 4899 hoc,
1899 4834 1962 4887 ut

588 4914 785 4970 nullus
810 4914 885 4971 sit
908 4930 1156 4983 securus,
1176 4920 1445 4989 curetque
1467 4913 1713 4988 proinde
1733 4930 1838 4988 pro
1865 4914 1962 4971 vi—

590 4993 753 5052 ribus
809 4997 1020 5054 merita
1092 4995 1434 5055 mortificata
1500 5010 1604 5068 per
1666 5001 1959 5068 peccatum

589 5076 752 5133 omni
777 5084 983 5136 conatu
1009 5094 1365 5152 recuperare.

2541 602 2858 645 ARTICULUS
2907 605 2958 644 V.

2251 721 2396 764 Utrum
2413 720 2530 765 homo
2543 725 2680 775 possit
2697 725 2852 768 mereri
2865 724 3054 778 primam
3069 724 3252 776 cratian.

2125 838 2194 881 Ad
2221 837 2408 891 quintum
2439 839 2501 882 sic
2532 842 2786 894 proceditur.
2815 841 3008 889 Videtur.
3041 840 3148 894 quod
3165 840 3275 883 bomo
3289 838 3390 891 poestt

2073 896 2157 940 sibi
2188 896 2338 940 mereri
2368 898 2540 950 primam
2569 900 2754 950 gratiam.
2776 899 2878 951 Quia
2897 901 3135 952 utAugnst.
3155 896 3392 941 dicitzrides

2074 960 2254 998 merctur
2278 953 2620 1006 justificationem
2653 975 2664 1000 :
2699 957 2950 1011 justificatur
2967 963 3105 1001 autem
3121 958 3236 999 homo
3252 965 3314 1009 pet
3328 954 3392 1007 pri·

2075 1019 2181 1073 mam
2206 1009 2413 1062 gratiam:
2444 1020 2547 1064 crgo
2576 1012 2695 1056 homo
2721 1019 2860 1067 potest
2876 1011 3034 1057 mereri
3052 1012 3132 1056 sibi
3158 1012 3311 1064 primam
3324 1020 3393 1062 m·

2075 1070 2189 1109 tum.

2103 1121 2331 1185 ‘Praetcroe
2347 1141 2358 1167 ε
2377 1126 2492 1167 Deus
2510 1135 2593 1167 non
2612 1124 2680 1167 dat
2699 1125 2872 1178 gratiam
2891 1124 2977 1168 nisi
2999 1121 3164 1177 dignis:
3181 1120 3251 1165 sed
3266 1129 3336 1163 uon
3350 1120 3395 1162 di-

2076 1181 2185 1220 citur
2200 1179 2358 1233 aliquis
2371 1180 2673 1234 dignusaliquo
2693 1182 2814 1231 bono,
2830 1180 2912 1223 nisi
2927 1181 2997 1235 qui
3021 1180 3150 1234 ipsum
3167 1177 3395 1232 promeruerit

2075 1242 2129 1277 ex
2140 1234 2348 1332 ctondigno
2360 1256 2372 1281 ε
2391 1247 2493 1291 ergo
2503 1238 2657 1292 aliquis
2669 1248 2723 1284 cx
2735 1237 2944 1290 condigno
2955 1242 3094 1293 potest
3105 1234 3248 1281 mereri
3258 1233 3396 1288 primam

2075 1299 2146 1343 gra
2170 1300 2269 1335 tam.

2134 1351 2341 1396 Praeterea
2378 1370 2389 1395 ε
2424 1354 2546 1406 Apud
2573 1353 2759 1396 homines
2786 1352 2940 1407 aliquis
2970 1355 3106 1405 potest
3122 1348 3326 1403 promereri
3338 1347 3393 1393 do·

2079 1423 2176 1456 num
2192 1411 2279 1463 jam
2295 1416 2508 1462 acceptum
2523 1427 2534 1459 ς
2553 1410 2662 1452 sicut
2678 1409 2746 1463 qui
2761 1410 2918 1463 act-epit
2934 1419 3087 1462 equum
3104 1419 3128 1450 a
3145 1406 3318 1455 Domino.
3332 1415 3393 1448 mc·

2079 1477 2192 1514 retur
2224 1468 2356 1519 ipsum
2386 1466 2494 1511 bene
2524 1466 2678 1510 utendo
2694 1477 2746 1510 eo
2767 1465 2809 1508 iu
2827 1466 3005 1509 servitio
3023 1463 3176 1507 domini
3197 1480 3206 1505 :
3227 1461 3294 1505 sed
3308 1463 3394 1504 Dm

2079 1524 2296 1571 liberalior
2312 1530 2377 1569 est
2395 1535 2514 1579 quam
2533 1525 2653 1567 bomo
2673 1542 2683 1567 ι
2710 1533 2810 1576 ergo
2829 1524 2959 1566 multo
2980 1522 3112 1573 magis
3142 1520 3296 1574 primam
3319 1529 3392 1571 gn-

2078 1583 2180 1627 tiam
2208 1581 2295 1634 jam
2324 1586 2555 1630 susceptam
2573 1585 2707 1632 potest
2725 1580 2845 1623 homo
2863 1577 3093 1633 promereri
3108 1588 3132 1621 a
3151 1579 3235 1621 Deo
3249 1586 3312 1629 per
3324 1576 3397 1619 sub·

2078 1638 2296 1693 sequentia
2317 1646 2455 1688 opera.

2130 1695 2215 1740 Sed
2234 1699 2376 1736 contra
2395 1700 2476 1741 cst,
2495 1692 2606 1746 quod
2626 1692 2731 1735 ratio
2756 1694 2900 1746 gratia:
2919 1696 3122 1745 repugnat
3145 1689 3310 1733 mercedi
3330 1699 3400 1741 (ιρι.ι

2081 1761 2186 1803 rum,
2205 1749 2430 1795 secundum
2452 1749 2555 1792 illud
2574 1751 2694 1791 Rontt.
2721 1752 2748 1790 4
2767 1767 2777 1790 :
2799 1750 2847 1791 Ei
2866 1748 2938 1804 qui
2965 1754 3169 1801 operatur,
3189 1755 3324 1789 mero&
3337 1756 3397 1787 uon

2083 1810 2311 1863 imputatur
2326 1809 2550 1853 secundum
2569 1807 2756 1859 gratiam.
2774 1808 2848 1852 scd
2866 1808 3098 1851 secundum
3125 1804 3318 1849 debitum:
3341 1803 3396 1847 sed

2080 1868 2189 1911 illud
2209 1872 2389 1910 merctur
2408 1866 2527 1909 bomo
2545 1866 2654 1918 quod
2676 1865 2895 1918 imputatur
2908 1866 2997 1909 sibi
3012 1864 3227 1909 secuudum
3239 1862 3398 1909 debitum.

2081 1926 2200 1981 quasi
2222 1934 2380 1969 merces
2398 1934 2565 1973 operum
2584 1925 2677 1977 ejus
2698 1943 2708 1967 :
2728 1935 2826 1976 ergo
2845 1924 3020 1977 primam
3034 1922 3201 1977 gratiam
3215 1932 3286 1964 nou
3297 1926 3397 1974 potest

2081 1984 2202 2027 bomo
2223 1982 2386 2026 mereri.

2135 2039 2386 2092 Respondeo
2405 2039 2641 2087 dicendum,
2661 2038 2766 2091 quod
2788 2038 2940 2080 donum
2957 2038 3102 2090 gratia>
3113 2034 3395 2097 considerarim-

2083 2098 2165 2139 test
2183 2094 2423 2147 dupliciter.
2439 2096 2532 2137 Uno
2552 2095 2673 2137 modo
2690 2094 2914 2137 secuudum
2928 2099 3131 2137 rationem
3143 2091 3291 2144 gratuiti
3309 2088 3394 2153 doni.

2081 2159 2204 2198 etsie
2222 2153 2482 2197 manifestum
2500 2160 2578 2205 est,
2599 2153 2708 2205 quod
2727 2163 2846 2196 omne
2865 2151 3059 2196 meritum
3078 2157 3257 2204 repugnat
3270 2153 3393 2210 grattt.

2083 2211 2180 2265 quia
2199 2216 2242 2253 ut
2258 2210 2312 2252 ad
2345 2211 2465 2252 Rom.
2490 2213 2550 2257 11.
2570 2211 2794 2263 Apostolus
2811 2210 2945 2252 dicit:
2966 2209 3013 2251 Si
3032 2214 3163 2251 autem
3189 2207 3315 2259 gratia,
3329 2214 3394 2263 Jata

2084 2278 2165 2310 non
2196 2277 2249 2311 cx
2279 2266 2489 2319 operibus.
2516 2265 2615 2310 Alio
2641 2267 2762 2309 modo
2788 2272 2921 2319 potest
2940 2263 3194 2310 considerari
3212 2261 3392 2305 secundm

2084 2331 2273 2368 naturam
2310 2324 2439 2376 ipsius
2470 2323 2548 2373 rei,
2569 2334 2659 2377 quae
2690 2323 2881 2374 dottatur,
2898 2329 2941 2367 ct
2974 2324 3038 2366 sie
3060 2321 3179 2366 etiam
3207 2330 3275 2362 non
3290 2323 3393 2382 potest

2084 2382 2234 2426 cadere
2252 2382 2329 2425 sub
2350 2381 2498 2425 merito
2522 2393 2602 2426 nou
2623 2383 2815 2426 habentis
2831 2384 3009 2435 gratiam
3030 2400 3042 2425 ε
3061 2387 3143 2424 ωσι
3162 2379 3246 2433 quia
3262 2375 3394 2440 excedit

2084 2437 2390 2491 proportionem
2429 2445 2584 2482 naturae
2612 2458 2622 2481 z
2653 2445 2735 2482 tum
2765 2440 2906 2489 etiam,
2937 2440 3037 2493 quia
3066 2442 3158 2480 ante
3188 2440 3332 2497 gratiam
3359 2441 3393 2473 in

2084 2502 2192 2540 statu
2223 2495 2377 2549 peccati
2411 2495 2531 2539 bomo
2561 2496 2684 2539 habet
2714 2497 3056 2551 impedimentum
3074 2491 3390 2556 promercudt'gra-

2086 2553 2199 2604 tiam,
2217 2552 2381 2597 scilieet
2398 2550 2529 2605 ipsum
2548 2559 2770 2605 peccatum,
2789 2555 3013 2607 Postquam
3032 2557 3161 2595 autem
3177 2560 3253 2601 Jam
3277 2549 3392 2609 aliquis

2086 2609 2208 2653 babet
2249 2608 2437 2662 gratiam,
2470 2619 2549 2651 non
2580 2614 2712 2662 potest
2744 2610 2871 2662 gratia
2909 2620 2999 2660 Jam
3031 2608 3162 2652 habita
3190 2605 3257 2648 sub
3278 2610 3390 2646 mento

2085 2666 2261 2716 φάει-ος
2293 2666 2387 2718 quia
2415 2676 2571 2709 nicrccs
2599 2673 2663 2710 est
2692 2667 2893 2710 terminus
2917 2667 3075 2718 operis,
3102 2665 3221 2718 gratia
3253 2663 3389 2725 verum

2084 2722 2333 2777 principium
2353 2722 2577 2774 cujuslibet
2593 2723 2691 2766 boui
2710 2735 2850 2775 operts
2867 2724 2909 2766 in
2931 2724 3068 2772 uobis,
3091 2729 3254 2773 utsupra
3271 2721 3385 2781 diam

2083 2786 2162 2823 est.
2195 2781 2240 2822 Si
2274 2788 2372 2823 vero
2396 2780 2512 2822 aliud
2543 2782 2695 2823 donttm
2723 2780 3120 2832 gratuitumaltquis
3135 2782 3389 2822 mereatum·

2085 2842 2172 2881 tute
2205 2836 2350 2890 gratia>
2376 2837 2665 2890 praeccdemis,
2690 2836 2776 2891 jam
2805 2847 2886 2880 non
2911 2836 3000 2881 erit
3034 2836 3172 2891 prima.
3204 2833 3303 2876 Unde
3329 2838 3388 2873 m·

2086 2893 2281 2938 nirestum
2306 2900 2384 2945 cst,
2413 2895 2521 2948 quod
2551 2896 2688 2938 nullus
2713 2900 2848 2948 potest
2873 2895 3027 2938 mereri
3055 2894 3134 2938 sibi
3159 2893 3304 2946 primam
3322 2897 3387 2940 gn·

2086 2952 2199 2995 tiam.

2136 3011 2200 3053 Ad
2221 3010 2393 3066 primum
2412 3020 2511 3064 crgo
2532 3012 2770 3062 dicendum,
2784 3011 2892 3065 quod
2909 3011 3020 3054 sicut
3033 3013 3196 3064 August.
3208 3007 3293 3051 dicit
3306 3005 3339 3048 in
3351 3002 3387 3045 h·

2088 3067 2176 3113 bris
2202 3071 2428 3112 Retrartat.
2460 3068 2548 3121 ipse
2571 3068 2796 3119 aliquando
2825 3067 2867 3110 iu
2896 3069 2972 3110 boc
3005 3067 3084 3111 ruit
3111 3057 3386 3118 deceptum&

2086 3126 2268 3172 credidit
2298 3127 2464 3171 initium
2483 3126 2580 3170 tidei
2610 3135 2773 3169 csse‘ex
2799 3126 2938 3175 uobis,
2955 3127 3034 3170 sed
3061 3122 3386 3169 commentationem

2087 3187 2211 3231 nobis
2228 3186 2316 3229 dari
2336 3197 2388 3229 ex
2415 3187 2509 3228 Deo
2532 3184 2671 3238 :quod
2694 3183 2782 3234 ipsc
2804 3184 2960 3228 ibidem
2984 3191 3187 3236 retractat,
3200 3179 3295 3226 etad
3310 3179 3386 3220 hunt

2085 3255 2253 3290 sensum
2270 3244 2435 3288 videtur
2454 3244 2675 3295 pertinere,
2690 3243 2798 3296 quod
2818 3243 2923 3286 tides
2936 3243 3261 3296 justificationem
3276 3244 3388 3300 uterq·

2086 3309 2166 3347 tur.
2186 3302 2270 3347 Sed
2288 3302 2324 3345 si
2343 3311 2628 3355 supponamus,
2651 3301 2755 3344 sicut
2777 3301 2873 3343 tidci
2893 3301 3052 3344 veritas
3076 3301 3202 3349 babet,
3220 3294 3308 3350 quod
3331 3300 3387 3354 1¹¹3

2086 3362 2189 3406 tium
2221 3360 2320 3404 ndei
2351 3358 2406 3403 sit
2435 3359 2480 3402 iu
2510 3358 2632 3401 nobis
2660 3368 2683 3400 a
2714 3359 2820 3407 Deo.
2841 3357 2927 3411 jam
2954 3358 3084 3402 ctiam
3109 3358 3192 3410 ipse
3207 3349 3385 3416 actusflglet

2086 3418 2352 3471 consequitur
2379 3416 2551 3469 primam
2570 3418 2760 3468 gratiam,
2779 3423 2820 3460 et
2841 3416 2895 3459 ita
2918 3427 2998 3459 uon
3021 3420 3248 3470 potestesse
3264 3413 3389 3453 utente·

2089 3475 2174 3518 rius
2201 3474 2344 3527 primae
2361 3473 2534 3525 gratim:
2567 3485 2639 3525 per
2658 3473 2778 3516 tidem
2803 3473 2929 3524 igitur
2943 3472 3189 3525 justituatur
3203 3470 3385 3525 bomo-¹²12!

2087 3532 2204 3587 quasi
2239 3532 2357 3574 bomo
2383 3530 2597 3574 credendo
2631 3535 2835 3574 mercatur
2860 3529 3206 3582 iustificationem.
3237 3523 3298 3587 ⁶9⁴¹
3317 3528 3386 3573 «1⁰¹¹

2088 3592 2185 3634 dum
2200 3587 2467 3642 justificatur,
2487 3586 2648 3638 credit;
2675 3597 2727 3631 co
2745 3588 2855 3642 quod
2872 3593 3006 3632 motus
3024 3588 3119 3633 fidei
3140 3581 3328 3638 requiritur
3347 3573 3384 3617 ad

2083 3647 2425 3702 justificationem
2447 3646 2578 3698 impii.
2599 3652 2778 3699 utsupra
2804 3646 2957 3689 dictum
2976 3652 3056 3690 cst.
3248 3695 3257 3705 ·
3348 3690 3357 3697 ,
3379 3689 3386 3696 ,

2135 3704 2201 3747 Ad
2219 3703 2444 3748 secuudum
2462 3702 2699 3754 dicendum,
2720 3703 2831 3756 quod
2851 3705 2964 3746 Deus
2982 3713 3065 3745 non
3084 3702 3150 3745 dat
3166 3704 3311 3760 gratiam
3326 3701 3386 3755 ¹tust

2088 3760 2244 3814 dignis,
2264 3771 2345 3802 nou
2364 3765 2497 3803 tamen
2513 3758 2568 3800 ita
2581 3761 2691 3812 quod
2710 3760 2825 3812 prius
2843 3758 2958 3812 digni
2978 3759 3144 3810 suerint,
3156 3755 3313 3806 sedtum
3325 3755 3389 3800 Ῥω

2087 3828 2162 3872 per
2186 3821 2359 3872 gratiam
2388 3828 2462 3862 eos
2489 3816 2586 3860 lacit
2618 3817 2781 3870 dignos,
2809 3817 2879 3872 qui
2897 3819 3009 3861 solus
3028 3822 3157 3871 potest
3174 3815 3292 3857 facere
3304 3816 3390 3852 mun·

2089 3879 2185 3920 dum
2205 3878 2257 3921 de
2278 3875 2487 3919 itnntuudo
2504 3881 2744 3929 conceptum
2763 3876 2936 3920 semine.
3330 3921 3338 3929 ,
3366 3919 3370 3925 ,

2137 3933 2204 3978 Ad
2236 3933 2401 3977 tertium
2420 3931 2656 3982 dicendum.
2674 3931 2786 3984 quod
2815 3942 2936 3978 omne
2965 3932 3117 3976 bonum
3146 3939 3238 3983 opus
3251 3927 3390 3969 hommss

2087 3988 2277 4044 procedit
2292 3999 2315 4031 a
2334 3989 2464 4041 prima
2485 3988 2617 4041 gratia
2634 3988 2741 4031 sicut
2757 3999 2780 4030 a
2799 3988 3018 4041 principio.
3041 4000 3119 4033 non
3135 3992 3257 4030 autem
3279 3985 3389 4040 proee-

2089 4048 2152 4091 dit
2166 4056 2190 4089 ι
2209 4054 2460 4099 quocumque
2480 4046 2654 4087 hunuano
2672 4044 2795 4087 dono.
2812 4047 2866 4088 Et
2882 4045 2979 4089 ideo
2991 4055 3072 4089 non
3090 4039 3299 4088 estsimilis
3311 4039 3391 4079 nuo

2089 4104 2143 4148 de
2166 4102 2277 4146 douo
2293 4103 2451 4155 gratiae.
2475 4107 2517 4146 et
2536 4101 2589 4145 de
2608 4102 2718 4145 douo
2736 4104 2925 4146 humano.

2166 4223 2455 4284 Conclusio
2482 4230 2566 4281 est
2588 4223 2870 4298 negativa.

2558 4415 2875 4458 ARTICULUS
2901 4415 2959 4458 v1

2194 4530 2339 4571 Uerum
2354 4526 2472 4572 homo
2484 4529 2621 4581 pouit
2637 4529 2794 4571 mereri
2809 4528 2939 4571 alteri
2952 4526 3128 4581 prim
3142 4520 3313 4577 yram·

2138 4634 2205 4701 ᾼᾱ
2223 4641 2382 4681 sextum
2401 4637 2463 4682 sic
2479 4639 2728 4692 proceditur.
2747 4639 2923 4684 Videtur
2948 4637 3056 4693 quod
3084 4638 3197 4682 homo
3221 4623 3331 4696 pos‘fl
3350 4617 3394 4701 ²3:

2089 4695 2170 4736 tert
2189 4694 2339 4737 mereri
2359 4694 2529 4748 primam
2546 4696 2736 4749 gratiam,
2756 4697 2851 4749 quia
2870 4695 3015 4739 Mattb.
3035 4697 3074 4746 9,
3090 4700 3203 4745 super
3219 4681 3321 4730 illud:
3337 4677 3393 4771 Ἧι

2090 4749 2197 4794 <tens
2224 4752 2351 4796 cesus
2378 4753 2502 4798 fldem
2531 4754 2709 4805 tuorum,
2727 4760 2808 4798 etc.
2829 4754 2931 4797 aicit
2950 4753 3085 4796 0105.
3106 4750 3289 4808 omnum
3303 4733 3377 4780 '¹¹⁶

2089 4805 2198 4858 apud
2227 4809 2359 4852 Deum
2389 4810 2495 4854 tides
2523 4810 2702 4863 propria.
2720 4809 2830 4864 apud
2846 4819 2966 4863 quem
2995 4810 3058 4853 sic
3074 4805 3193 4852 valuit
3219 4792 3395 4859 alteim&

2092 4862 2217 4916 intus,
2235 4871 2279 4908 et
2301 4870 2418 4909 extra
2438 4871 2604 4910 sanaret
2621 4866 2827 4910 bominem
2857 4885 2868 4908 ε
2898 4866 2971 4910 sed
3002 4863 3169 4909 interior
3190 4857 3329 4901 sanatio

2090 4920 2217 4966 minis
2232 4927 2298 4966 cst
2315 4932 2388 4975 per
2406 4922 2576 4976 primam
2596 4923 2769 4976 gratiam
2789 4941 2800 4966 ι
2817 4933 2917 4976 crgo
2937 4924 3055 4966 homo
3072 4908 3310 4975 potestatteri
3326 4911 3392 4949 me·

2091 4982 2176 5025 reri
2195 4981 2368 5035 primam
2390 4980 2578 5033 gratiam.
3383 5033 3393 5044 ·

2140 5041 2375 5084 Praeterca:
2394 5038 2612 5083 Orationes
2624 5037 2827 5090 justorum
2847 5049 2928 5083 uon
2947 5041 3043 5082 suut
3058 5043 3198 5080 vacuae.
3211 5024 3276 5072 ⁵01¹
3290 5019 3388 5077 ΒΜ,

2089 5104 2176 5148 eoe,
2186 5095 2411 5140 secuudum
2425 5094 2530 5139 illud
2542 5095 2690 5139 Jacobi
2706 5096 2778 5139 ult.
2791 5096 2964 5140 Multum
2977 5093 3082 5138 valet
3096 5075 3392 5185 (16ρωῖἓῖἐεῖ
