3647 5753
62 972 159 1017 Alia
174 981 235 1015 so·

97 1021 211 1066 lulio.

49 2594 248 2640 Tertium

50 2654 257 2740 ωέιὶῗιῗὶῃ.

78 4890 255 4946 Dirui·

99 4955 205 4997 tur·

1401 390 1580 447 DISP.
1624 387 1718 456 lv,
1760 387 1926 443 mm.
1978 386 2048 440 V.

265 569 398 626 liter
424 569 692 643 cognitio,
717 573 773 626 et
794 584 957 625 amor
986 568 1086 624 Dei
1113 564 1248 622 finis
1273 566 1620 639 supernatu-

267 649 445 717 ralis;
488 650 624 722 quia
669 654 975 723 utrumque
1025 646 1217 705 medio
1265 645 1437 704 modo
1493 645 1617 709 illc,

265 745 435 804 quem
457 729 803 795 dicebamus,
830 731 1015 787 oritur
1055 730 1279 799 (saltem
1320 743 1422 801 per
1447 741 1508 782 se
1532 725 1624 781 lo-

263 809 509 884 quendo)
528 826 598 867 ex
625 811 949 885 cognitione
976 809 1228 875 formali,
1260 814 1318 866 et
1336 824 1407 866 ex
1427 820 1624 864 amore

266 891 522 966 praedicti
552 892 706 949 finis.

340 972 596 1030 Secundo
620 972 992 1046 respondetur
1022 970 1282 1048 negando
1309 970 1619 1036 minorem,

266 1052 401 1125 quia
423 1068 623 1109 revera
649 1054 871 1125 quoties
910 1053 1097 1126 justus
1135 1054 1407 1124 operatur
1435 1047 1627 1107 media

267 1133 481 1190 virtute
532 1135 847 1207 acquisita,
895 1135 1113 1191 illemet
1161 1138 1351 1198 actus,
1382 1147 1493 1204 quo
1529 1146 1625 1188 co-

265 1212 485 1286 gnoscit
508 1212 829 1271 formaliter
848 1212 1130 1287 objectum
1172 1212 1343 1287 huJus
1368 1210 1621 1276 virtutiS,

267 1292 595 1351 virtualiter
623 1295 875 1351 continet
919 1293 1306 1367 cognitionem
1358 1290 1492 1348 finis
1526 1307 1629 1346 su-

267 1375 671 1449 pernaturalis,
722 1390 931 1446 nempe
977 1381 1165 1431 actum
1213 1372 1368 1439 fidei,
1400 1389 1472 1430 ex
1517 1387 1628 1445 quo

267 1454 477 1521 mediO,
521 1460 577 1511 et
620 1455 961 1527 imperative
1014 1455 1302 1528 processit.
1348 1457 1494 1511 Nam
1521 1452 1627 1511 etsi

268 1532 568 1609 praedictus
595 1541 750 1591 actus
765 1538 1048 1592 naturalis
1073 1538 1148 1592 sit
1167 1535 1349 1610 quoad
1370 1534 1629 1591 substan-

265 1616 429 1682 tiam,
460 1622 545 1673 est
571 1620 763 1673 tamen
791 1617 975 1690 quoad
1020 1616 1256 1675 modum
1295 1620 1630 1689 supernatu-

266 1699 493 1768 ralis,et
520 1699 740 1754 ratione
769 1698 937 1772 hujus
964 1697 1121 1755 modi
1151 1702 1332 1770 potest
1356 1697 1629 1754 virtuali-

262 1784 385 1848 ter,
440 1784 497 1836 et
548 1779 942 1853 participative
975 1780 1272 1838 continere
1318 1779 1535 1846 fidem,
1574 1784 1631 1837 et

263 1860 624 1927 charitatem,
657 1866 712 1916 et
750 1862 831 1917 sic
855 1863 1262 1937 cognitionem,
1294 1866 1351 1919 et
1371 1877 1630 1919 amorem

266 1939 402 1996 finis
428 1942 905 2014 supernaturalis,
941 1946 1050 1999 Per
1076 1942 1224 2016 quod
1265 1948 1415 2016 patet
1441 1941 1511 1998 ad
1538 1957 1631 1998 se-

267 2022 515 2079 cundam
546 2023 1068 2097 impugnationem;
1091 2041 1226 2081 nam
1254 2026 1505 2101 cognitio
1533 2040 1631 2081 na·

265 2103 494 2169 turalis,
550 2119 722 2177 quam
760 2105 928 2162 habet
948 2105 1133 2178 justus
1162 2107 1223 2163 in
1250 2123 1380 2164 casu
1426 2106 1627 2180 posite,

268 2183 400 2240 licet
422 2199 538 2241 non
554 2185 738 2257 quoad
763 2184 1164 2255 substantiam,
1191 2187 1375 2261 quoad
1397 2187 1633 2244 modum

266 2271 464 2322 tamen
507 2283 607 2339 per
633 2283 693 2324 se
741 2270 1146 2344 praesupponit,
1177 2276 1234 2327 et
1283 2276 1369 2328 est
1407 2269 1635 2327 effectus

267 2346 611 2421 cognitionis
658 2347 792 2403 finis
818 2351 1308 2422 supernaturalis;
1338 2354 1395 2408 et
1434 2351 1511 2407 ita
1539 2367 1636 2407 ra-

271 2426 430 2483 tione
450 2428 704 2501 ejusdem
734 2429 891 2486 modi
922 2436 1103 2503 potest
1127 2448 1255 2488 eam
1303 2431 1636 2489 virtualiter

272 2508 585 2566 continere.

360 2591 378 2645 l
400 2590 480 2646 15.
512 2590 706 2648 Tertio
728 2591 959 2665 probari
986 2600 1165 2668 potest
1184 2596 1301 2652 haec
1320 2596 1631 2662 sententia,

274 2669 410 2743 quia
438 2675 499 2726 ut
543 2676 698 2726 actus
747 2674 821 2728 sit
846 2674 981 2731 vitae
1021 2682 1250 2733 aeternae
1278 2676 1631 2744 meritorius,

272 2748 441 2808 debet
468 2750 770 2824 procedere
790 2769 860 2809 ex
882 2756 1102 2813 auxilio
1128 2757 1328 2831 gratiae
1355 2756 1490 2813 :sed
1519 2772 1637 2815 non

273 2830 466 2890 omnis
487 2837 642 2888 actus
664 2831 845 2890 bonus
891 2836 1213 2904 moraliter,
1240 2852 1410 2911 quem
1452 2837 1639 2912 justus

272 2914 446 2980 elicit,
474 2912 724 2986 procedit
749 2931 821 2972 ex
841 2918 1280 2993 auxilio-gratias
1305 2940 1318 2976 :
1348 2935 1502 2995 erg0,
1528 2924 1633 2976 etc.

272 2996 457 3070 Major
478 3002 661 3068 patet;
687 3012 823 3054 nam
853 3006 1006 3056 actus
1035 3001 1132 3073 qui
1163 3016 1282 3057 non
1310 3000 1640 3073 procederet

273 3092 346 3134 ex
374 3077 590 3134 auxilio
629 3078 844 3152 gratiae,
878 3096 1061 3152 neque
1101 3082 1276 3138 etiam
1313 3080 1641 3154 procederet

276 3159 347 3215 ab
374 3158 496 3230 ipsa
515 3161 718 3234 gratia,
743 3159 841 3216 sed
856 3159 1018 3218 fieret
1037 3178 1107 3219 ex
1133 3163 1273 3220 solis
1295 3162 1520 3219 viribus
1542 3177 1641 3218 na·

277 3247 422 3298 turae
450 3248 703 3299 :constat
729 3249 940 3310 autem,
966 3244 1114 3316 quod
1161 3262 1232 3302 ex
1259 3247 1398 3301 solis
1420 3249 1642 3301 naturae

275 3324 501 3381 viribus
524 3325 719 3381 nullus
743 3330 924 3397 potest
940 3327 1259 3398 promereri
1284 3327 1464 3382 vitam
1485 3332 1643 3382 aeter·

277 3420 437 3461 nam.
467 3404 662 3461 Minor
687 3420 827 3461 vero
847 3404 1139 3470 suadetur,
1164 3406 1439 3478 quoniam
1463 3405 1644 3478 quili-

277 3484 373 3542 bet
390 3486 581 3553 hom0,
607 3485 731 3541 sive
752 3486 961 3559 justus,
993 3487 1117 3543 sive
1160 3493 1435 3559 peccator,
1464 3492 1644 3560 potest

277 3582 350 3624 ex
388 3567 527 3624 solis
554 3572 775 3623 naturae
822 3568 1047 3625 viribus
1091 3568 1311 3626 efficere
1349 3575 1505 3626 actus
1533 3569 1645 3629 ali-

277 3663 418 3720 quos
438 3649 739 3706 moraliter
778 3647 972 3715 bonos,
1005 3654 1065 3704 ut
1112 3651 1376 3722 plantare
1422 3652 1639 3718 vineas,

279 3728 479 3786 domos
507 3727 789 3786 aedificare
811 3729 881 3786 ad
931 3731 1249 3787 humanam
1277 3731 1646 3790 sustentatio-

282 3825 438 3876 nem,
463 3813 520 3866 et
542 3809 953 3867 habitationem
978 3855 991 3878 ‚
1021 3817 1078 3867 ut
1105 3813 1165 3867 D.
1198 3811 1400 3870 Thom.
1433 3819 1490 3871 et
1514 3828 1644 3869 cum

283 3908 352 3950 eo
393 3891 513 3949 fere
551 3909 752 3950 omnes
802 3894 1189 3950 communiter
1233 3893 1433 3953 docent
1460 3903 1643 3974 quast.

294 3976 415 4041 109,
459 3982 567 4030 art.
600 3975 654 4039 2,
688 3974 830 4030 alias
851 3975 1304 4034 coincidet-emus
1333 3995 1464 4035 cum
1511 3994 1647 4036 sen-

285 4058 466 4116 tentia
492 4059 982 4131 Vasq.asserentis
1005 4062 1235 4118 nullum
1264 4078 1405 4136 opus
1433 4062 1647 4121 bonum

285 4139 587 4196 moraliter
629 4155 790 4210 posse
832 4137 962 4196 fieri
992 4139 1200 4215 absque
1239 4143 1424 4219 gratia
1455 4166 1470 4200 :
1497 4143 1649 4217 quod

287 4220 350 4276 in
371 4222 635 4277 Tractatu
660 4218 728 4276 de
751 4222 964 4300 Gratia,
991 4222 1130 4297 disp.
1158 4227 1212 4291 2,
1246 4225 1372 4281 dub.
1405 4227 1460 4292 2,
1490 4225 1651 4282 refu-

287 4303 562 4361 tavimus.
593 4304 740 4360 Tum
770 4303 964 4372 etiam,
996 4307 1131 4379 quia
1170 4308 1391 4365 auxilia
1426 4308 1643 4383 gratiae,

289 4390 482 4459 utpote
525 4387 1006 4459 supernaturalia,
1051 4389 1238 4446 solum
1293 4389 1505 4447 dantur
1546 4406 1650 4465 pro

290 4466 508 4523 actibus
528 4466 1063 4541 supernaturalibus
1084 4495 1098 4537 ;
1116 4469 1325 4528 debent
1340 4472 1498 4529 enim
1520 4487 1649 4530 cum

291 4546 508 4606 actibus
536 4565 639 4621 pro
676 4549 882 4621 quibus
922 4549 1152 4618 dantur,
1181 4554 1606 4626 proportionari
1635 4574 1648 4610 ε

289 4644 425 4706 ergo
445 4633 617 4697 actua,
650 4646 789 4703 quos
808 4630 962 4688 elicit
972 4632 992 4705 j
1002 4637 1157 4688 ustus
1182 4633 1389 4691 mediis
1416 4633 1654 4691 virtuti-

292 4710 399 4768 bus
420 4711 728 4785 acquisitiS,
763 4717 955 4786 utpote
984 4717 1294 4783 naturales,
1322 4732 1440 4774 non
1463 4732 1654 4790 proce-

293 4794 439 4852 dunt
458 4812 529 4852 ex
545 4795 871 4870 hujusmodi
900 4796 1158 4853 auxiliis.

369 4876 766 4950 Respondetur
817 4893 1080 4935 concessa
1128 4878 1334 4952 majori
1397 4878 1657 4953 negando

295 4961 619 5023 minorem;
650 4975 786 5016 nam
831 4975 962 5016 cum
1009 4960 1201 5018 omnis
1251 4965 1407 5018 actus
1450 4960 1652 5032 bonus,

298 5057 468 5117 quem
492 5041 678 5117 Justus
707 5039 880 5108 elicit,
913 5041 989 5097 sit
1017 5041 1210 5114 aliquo
1236 5040 1407 5100 modo
1450 5058 1661 5117 super-

3007 376 3122 433 775

1755 557 2058 622 naturalis,
2107 570 2316 629 nempe
2359 555 2453 611 vel
2485 551 2670 627 quoad
2715 547 3117 613 substantiam,

1754 638 1850 694 vel
1874 637 2060 712 quoad
2082 636 2338 702 modum,
2372 651 2541 709 quem
2573 632 2773 705 recipit
2809 647 2880 687 ex
2926 630 3124 687 chari-

1755 726 1890 789 tate,
1937 721 2129 777 omnis
2169 719 2419 792 procedit
2452 734 2525 775 ex
2570 715 2791 773 auxilio
2816 713 3037 789 gratiae,
3069 717 3126 769 et

1756 804 2204 876 supernaturali,
2225 798 2428 859 saltem
2454 798 2638 873 quoad
2679 798 2936 855 modum.
2963 797 3033 852 Et
3052 795 3123 853 ad

1758 885 2014 958 primam
2070 883 2467 957 probationem
2492 878 2798 936 dicendum
2827 882 2929 944 est,
2964 892 3126 949 posse

1758 965 2076 1041 quemlibet
2115 966 2371 1023 absolute
2389 963 2595 1021 elicere
2622 962 2763 1018 solis
2795 966 3016 1017 naturae
3041 959 3126 1016 vi-

1761 1050 1921 1107 ribus
1948 1054 2102 1107 actus
2140 1049 2363 1121 aliquos
2409 1045 2587 1104 bonos
2631 1045 2936 1102 moraliter
2966 1058 3124 1112 3n0n

1759 1139 1955 1190 tamen
1977 1131 2034 1187 id
2059 1148 2218 1205 posse
2232 1131 2450 1205 justum
2500 1128 2563 1185 in
2589 1143 2757 1184 sensu
2788 1125 3120 1200 composito,

1759 1216 1910 1289 quod
1937 1216 2010 1270 sit
2032 1216 2216 1289 justus
2246 1234 2259 1269 ε
2287 1213 2420 1285 quia
2442 1212 2575 1267 licet
2600 1208 2669 1266 ad
2700 1209 2994 1281 praedictos
3028 1224 3143 1264 ac-.

1762 1304 1872 1364 ωε,
1903 1298 2134 1370 praecise
2154 1295 2288 1369 quia
2315 1295 2492 1351 bonos
2511 1291 2764 1347 bonitate
2792 1289 3003 1346 morali
3026 1304 3126 1346 or-

1762 1380 1917 1437 dinis
1938 1386 2180 1444 naturae,
2208 1394 2326 1435 non
2348 1377 2679 1450 requiratur
2696 1373 2985 1430 auxilium
3001 1388 3128 1448 gra·

1764 1461 1876 1526 tiae,
1900 1466 1958 1516 et
1978 1461 2058 1517 ita
2085 1465 2338 1533 peccator
2366 1457 2577 1530 absque
2606 1453 2933 1528 hujusmodi
2957 1454 3128 1510 auxi-

1764 1542 1845 1599 lio
1864 1557 2011 1615 saepe
2034 1541 2164 1596 illos
2183 1540 2374 1597 eliciat
2404 1563 2418 1597 ι
2444 1544 2500 1594 at
2520 1538 2707 1611 justus
2727 1535 2883 1592 elicit
2902 1550 3130 1608 semper

1761 1638 1860 1680 eos
1905 1622 1967 1678 in
2018 1621 2223 1680 ordine
2268 1620 2337 1677 ad
2389 1619 2568 1676 finem
2602 1617 3124 1691 supernaturalem,

1764 1708 2176 1777 proptereaque
2203 1702 2266 1757 in
2289 1718 2356 1760 eo
2395 1716 2622 1772 semper
2667 1701 2803 1754 sunt
2848 1712 3133 1769 superna-

1764 1785 1980 1841 turales
2000 1783 2182 1856 quoad
2206 1782 2460 1849 modum,
2489 1780 2640 1837 unde
2681 1778 2807 1835 fieri
2837 1778 2908 1835 ab
2934 1794 3002 1836 eo
3037 1794 3133 1835 ne-

1763 1872 1982 1942 queunt
2038 1865 2248 1939 absque
2312 1865 2528 1921 auxilio
2592 1861 2896 1919 moraliter
2949 1861 3129 1918 etiam

1765 1948 2216 2022 supernaturali.
2262 1950 2454 2019 Neque
2493 1946 2598 2002 hoc
2639 1948 2725 2000 est
2767 1942 3021 2000 incidere
3067 1944 3133 2001 in

1764 2031 2113 2088 sententiam
2143 2031 2311 2101 Vasq.
2332 2043 2461 2084 cum
2486 2027 2588 2083 ille
2611 2031 2828 2083 asserat
2851 2042 2955 2098 pro
2968 2027 3130 2083 omni

1766 2117 1890 2169 actu
1938 2110 2239 2167 moraliter
2279 2108 2445 2179 bono,
2480 2124 2596 2165 non
2625 2123 2738 2180 qua
2784 2108 3007 2165 ratione
3049 2112 3138 2165 est

1766 2193 2246 2269 supernaturaliS,
2277 2191 2373 2249 sed
2403 2191 2634 2265 praecise
2661 2190 2795 2264 quia
2829 2191 3133 2248 moraliter

1768 2276 1955 2335 bonus
1981 2281 2086 2344 est,
2114 2282 2281 2350 atque
2309 2275 2448 2333 adeo
2477 2280 2596 2330 tam
2625 2273 2688 2329 in
2723 2273 3132 2345 peccatoribus,

1766 2374 1941 2434 quam
1971 2359 2032 2413 in
2048 2357 2232 2432 justis,
2250 2358 2495 2432 gratiam
2522 2355 2758 2429 requiri.

1845 2441 1931 2498 Ad
1956 2439 2263 2497 secundam
2294 2437 2690 2511 probationem
2735 2442 2886 2510 patet
2911 2454 2983 2493 ex
3010 2436 3133 2493 dic-
3148 2444 3352 2547 σιιιξὲιιξιι

3151 2549 3347 2589 menium.

1768 2522 1863 2589 tis,
1893 2502 2176 2595 quomodo
2197 2526 2369 2585 actua,
2413 2535 2554 2590 quos
2591 2521 2777 2594 justus
2822 2518 2980 2574 elicit
3018 2533 3137 2575 me·

1771 2604 1884 2660 diis
1906 2600 2218 2657 virtutibus
2254 2599 2563 2673 acquisitis,
2597 2600 2726 2657 licet
2756 2597 2940 2672 quoad
2968 2598 3137 2655 subs-

1771 2683 2015 2740 tantiam
2038 2681 2156 2737 sint
2192 2681 2505 2747 naturaleS,
2556 2680 2736 2754 quoad
2779 2679 3019 2738 modum
3046 2684 3140 2736 ta-

1772 2782 1928 2833 men,
1960 2780 2130 2838 quem
2168 2780 2200 2820 a
2244 2762 2879 2836 charitate‘recipiunt,
2927 2761 3142 2819 habent

1770 2864 1894 2907 esse
1919 2847 2385 2921 supernaturales
2415 2870 2429 2915 3
2460 2852 2516 2903 et
2544 2845 2622 2903 ita
2647 2842 2967 2904 secundum
2994 2844 3143 2901 hanc

1775 2932 2059 2990 rationem
2086 2934 2284 3004 petunt
2310 2929 2530 2987 auxilia
2581 2928 2781 2987 eodem
2829 2926 3001 2984 modo
3039 2944 3141 2984 su-

1775 3012 2188 3086 pernaturalia,
2222 3025 2429 3083 nempe
2460 3008 2643 3080 quoad
2667 3007 2925 3073 modum,
2957 3011 3019 3063 ut
3063 3007 3143 3064 ita

1772 3091 2157 3165 sitproportio
2185 3091 2338 3145 inter
2366 3093 2554 3144 actum
2582 3093 2637 3143 et
2660 3088 2968 3143 auxilium.

1858 3175 1980 3230 116.
2050 3173 2303 3243 Denique
2349 3168 2578 3225 suaderi
2635 3173 2814 3241 potest
2874 3166 2990 3223 alia
3045 3165 3142 3223 via

1777 3253 2044 3326 praedicta
2070 3250 2372 3315 sententia,
2424 3249 2559 3322 quia
2585 3264 2735 3322 saepe
2775 3249 2947 3304 homo
2986 3246 3144 3304 exis-

1775 3340 1903 3392 tens
1925 3335 1988 3390 in
2014 3332 2199 3408 gratia
2234 3331 2389 3388 elicit
2418 3337 2572 3387 actus
2623 3331 2801 3388 bonos
2842 3330 3144 3387 moraliter

1775 3417 1915 3473 satis
1942 3415 2211 3472 remissos
2234 3428 2350 3468 non
2373 3410 2732 3485 adaequantes
2755 3411 3144 3469 intensionem

1777 3497 2005 3555 habitus
2060 3494 2474 3568 praeexistentis
2507 3516 2519 3550 ε
2551 3501 2609 3552 at
2660 3510 2759 3568 per
2808 3493 3143 3569 hujusmodi

1779 3587 1934 3639 actus
1979 3594 2096 3636 non
2144 3583 2398 3634 meretur
2442 3578 2688 3651 gloriam
2734 3576 3141 3634 essentialem:

1777 3678 1935 3737 ergo,
1959 3665 2061 3718 etc.
2092 3658 2276 3732 Major
2297 3657 2652 3730 experientia
2680 3662 2921 3716 constat.
2951 3657 3146 3714 Minor

1778 3759 1919 3801 vero
1948 3737 2249 3815 probatur;
2273 3739 2408 3811 quia
2434 3738 2483 3794 si
2526 3755 2626 3811 per
2655 3738 2950 3811 praedictos
2991 3744 3148 3797 actus

1779 3828 1954 3883 homo
1981 3826 2299 3880 mereretur
2320 3822 2567 3896 gloriam
2595 3821 2983 3888 essentialem,
3019 3837 3146 3879 me—

1782 3915 2008 3967 reretur
2034 3908 2209 3963 etiam
2239 3911 2615 3978 augmentum
2643 3905 2843 3979 gratias
2867 3908 2924 3961 et
2949 3904 3146 3962 chari·

1780 3991 1933 4057 tatis,
1966 3994 2131 4061 atque
2154 3985 2292 4043 adeo
2312 3984 2567 4059 quolibet
2592 4003 2663 4043 ex
2693 3984 2982 4058 praedictis
3005 3986 3150 4044 acti-

1783 4073 1889 4130 bus
1939 4069 2143 4146 gratia,
2173 4072 2230 4124 et
2271 4067 2522 4124 charitas
2573 4074 2921 4143 augerentur
2955 4093 2968 4136 ;
2999 4068 3150 4143 quod

1782 4159 1978 4211 tamen
2002 4154 2168 4225 negat
2186 4165 2451 4223 expresse
2475 4151 2537 4206 D.
2563 4149 2765 4206 Thom.
2798 4153 2852 4217 2,
2879 4152 2933 4218 2,
2960 4159 3144 4229 quaest.

1782 4237 1876 4301 24,
1903 4241 2011 4289 art.
2042 4234 2097 4296 6,
2125 4245 2281 4304 ergo,

1859 4304 2253 4380 Respondetur
2293 4320 2552 4361 concessa
2589 4305 2831 4380 majori,
2889 4306 3150 4381 negando
3165 4323 3341 4370 somno.

1786 4390 2095 4446 minorem.
2156 4384 2240 4440 Ad
2288 4385 2686 4458 probationem
2724 4402 2860 4444 vero
2903 4388 3151 4445 occurrit

1786 4473 1855 4526 D.
1879 4470 2086 4528 Thom.
2121 4471 2242 4522 tum
2272 4466 2394 4523 loco
2437 4466 2717 4525 citatoin
2743 4468 3029 4527 solutione
3079 4468 3152 4526 ad

1787 4551 2044 4625 primum
2080 4571 2094 4606 ε
2130 4556 2251 4605 tum
2299 4548 2474 4606 etiam
2527 4552 2585 4605 in
2636 4551 2741 4606 kae
2791 4560 2972 4629 quaest.
3026 4554 3147 4619 114,

1786 4640 1897 4689 art.
1924 4635 1975 4700 8,
2007 4634 2068 4687 in
2111 4633 2379 4688 solutione
2402 4631 2477 4685 ad
2511 4631 2564 4698 3,
2599 4632 2693 4688 ubi
2724 4631 2804 4689 sic
2832 4633 2914 4690 ait
2953 4655 2965 4689 ε
2997 4655 3023 4686 α
3050 4633 3152 4690 Di-

1793 4735 1820 4768 «
1863 4712 2106 4772 cendum
2160 4710 2307 4785 quod
2354 4709 2610 4784 quolibet
2668 4718 2794 4770 actu
2855 4715 3156 4774 meritorio

1794 4818 1820 4851 «
1866 4801 2123 4853 meretur
2146 4796 2321 4852 homo
2361 4801 2734 4869 augmentum
2762 4799 2984 4872 gratiae,
3015 4801 3160 4856 sicut-

1797 4899 1825 4932 «
1865 4882 1922 4934 et
1943 4877 2145 4951 gratiae
2166 4876 2742 4945 consummationem,
2778 4894 2903 4952 quae
2929 4885 3014 4936 est
3040 4880 3160 4937 vita

1796 4979 1823 5012 «
1866 4964 2097 5015 aeterna.
2124 4956 2231 5014 Sed
2257 4956 2401 5012 sicut
2423 4957 2542 5013 vita
2568 4965 2784 5016 aeterna
2819 4976 2937 5018 non
2962 4962 3158 5018 statim

1798 5064 1827 5097 α
1869 5039 2148 5107 redditur,
2179 5039 2275 5098 sed
2305 5056 2407 5097 suo
2447 5045 2703 5116 tempore
2731 5063 2743 5098 z
2775 5042 2854 5098 ita
2895 5059 2998 5101 nec
3030 5059 3157 5118 gra·
