<?xml version="1.0" encoding="UTF-8"?>
<!DOCTYPE html PUBLIC "-//W3C//DTD XHTML 1.0 Transitional//EN"
    "http://www.w3.org/TR/xhtml1/DTD/xhtml1-transitional.dtd">
<html xmlns="http://www.w3.org/1999/xhtml" xml:lang="en" lang="en">
 <head>
  <title>
</title>
<meta http-equiv="Content-Type" content="text/html;charset=utf-8" />
  <meta name='ocr-system' content='tesseract 3.04.00' />
  <meta name='ocr-capabilities' content='ocr_page ocr_carea ocr_par ocr_line ocrx_word'/>
</head>
<body>
  <div class='ocr_page' id='page_1' title='image "./collegiisalmant00carmgoog_0161.png"; bbox 0 0 3647 5753; ppageno 0'>
   <div class='ocr_carea' id='block_1_1' title="bbox 1368 316 3030 385">
    <p class='ocr_par' dir='ltr' id='par_1_1' title="bbox 1368 316 3030 385">
     <span class='ocr_line' id='line_1_1' title="bbox 1368 316 3030 385; baseline 0.007 -14"><span class='ocrx_word' id='word_1_1' title='bbox 1368 316 1547 374; x_wconf 86' lang='lat' dir='ltr'>DISP.</span> <span class='ocrx_word' id='word_1_2' title='bbox 1592 318 1710 385; x_wconf 82' lang='lat' dir='ltr'>Vll,</span> <span class='ocrx_word' id='word_1_3' title='bbox 1754 322 1919 380; x_wconf 91' lang='lat' dir='ltr'>DUB.</span> <span class='ocrx_word' id='word_1_4' title='bbox 1964 324 2058 383; x_wconf 81' lang='lat' dir='ltr'>lv,</span> <span class='ocrx_word' id='word_1_5' title='bbox 2926 330 3030 385; x_wconf 83' lang='lat'>139</span> 
     </span>
    </p>
   </div>
   <div class='ocr_carea' id='block_1_2' title="bbox 62 486 1535 1687">
    <p class='ocr_par' dir='ltr' id='par_1_2' title="bbox 62 486 1535 1687">
     <span class='ocr_line' id='line_1_2' title="bbox 66 486 1530 563; baseline -0.001 -16"><span class='ocrx_word' id='word_1_6' title='bbox 66 506 141 548; x_wconf 74' lang='lat' dir='ltr'>u-</span> <span class='ocrx_word' id='word_1_7' title='bbox 186 486 508 544; x_wconf 89' lang='lat' dir='ltr'>doctrinam</span> <span class='ocrx_word' id='word_1_8' title='bbox 538 487 720 544; x_wconf 81' lang='lat' dir='ltr'><strong>hausit</strong></span> <span class='ocrx_word' id='word_1_9' title='bbox 743 492 806 544; x_wconf 91' lang='lat' dir='ltr'>D.</span> <span class='ocrx_word' id='word_1_10' title='bbox 830 489 1033 547; x_wconf 89' lang='lat' dir='ltr'>Thom.</span> <span class='ocrx_word' id='word_1_11' title='bbox 1088 504 1160 546; x_wconf 82' lang='lat' dir='ltr'>ex</span> <span class='ocrx_word' id='word_1_12' title='bbox 1183 491 1246 546; x_wconf 91' lang='lat' dir='ltr'>D.</span> <span class='ocrx_word' id='word_1_13' title='bbox 1289 491 1530 563; x_wconf 78' lang='lat' dir='ltr'><strong>August.</strong></span> 
     </span>
     <span class='ocr_line' id='line_1_3' title="bbox 66 556 1533 648; baseline 0.001 -26"><span class='ocrx_word' id='word_1_14' title='bbox 66 556 141 648; x_wconf 56' lang='grc' dir='ltr'>ἓξ·</span> <span class='ocrx_word' id='word_1_15' title='bbox 186 567 277 623; x_wconf 69' lang='lat' dir='ltr'>tib.</span> <span class='ocrx_word' id='word_1_16' title='bbox 308 568 375 622; x_wconf 79' lang='lat' dir='ltr'>de</span> <span class='ocrx_word' id='word_1_17' title='bbox 399 576 625 640; x_wconf 83' lang='lat' dir='ltr'>corrept.</span> <span class='ocrx_word' id='word_1_18' title='bbox 645 576 694 624; x_wconf 79' lang='lat' dir='ltr'>et</span> <span class='ocrx_word' id='word_1_19' title='bbox 715 571 922 640; x_wconf 74' lang='lat' dir='ltr'>qratia,</span> <span class='ocrx_word' id='word_1_20' title='bbox 947 589 1074 644; x_wconf 78' lang='lat' dir='ltr'>cap.</span> <span class='ocrx_word' id='word_1_21' title='bbox 1106 572 1161 637; x_wconf 81' lang='lat'>2,</span> <span class='ocrx_word' id='word_1_22' title='bbox 1196 568 1533 626; x_wconf 80' lang='lat' dir='ltr'>ubi‘Suarii</span> 
     </span>
     <span class='ocr_line' id='line_1_4' title="bbox 183 647 1535 723; baseline 0 -20"><span class='ocrx_word' id='word_1_23' title='bbox 183 647 555 722; x_wconf 83' lang='lat' dir='ltr'>objectionem</span> <span class='ocrx_word' id='word_1_24' title='bbox 621 650 1017 723; x_wconf 89' lang='lat' dir='ltr'>multipliciter</span> <span class='ocrx_word' id='word_1_25' title='bbox 1093 649 1344 709; x_wconf 82' lang='lat' dir='ltr'>excludit</span> <span class='ocrx_word' id='word_1_26' title='bbox 1413 648 1535 704; x_wconf 82' lang='lat' dir='ltr'>illis</span> 
     </span>
     <span class='ocr_line' id='line_1_5' title="bbox 183 728 1529 807; baseline 0.001 -22"><span class='ocrx_word' id='word_1_27' title='bbox 183 728 376 786; x_wconf 73' lang='lat' dir='ltr'>verbis</span> <span class='ocrx_word' id='word_1_28' title='bbox 407 751 421 785; x_wconf 72' lang='grc' dir='ltr'><strong>ε</strong></span> <span class='ocrx_word' id='word_1_29' title='bbox 458 752 482 780; x_wconf 79' lang='grc' dir='ltr'><strong>α</strong></span> <span class='ocrx_word' id='word_1_30' title='bbox 507 734 644 785; x_wconf 85' lang='lat' dir='ltr'>Cum</span> <span class='ocrx_word' id='word_1_31' title='bbox 665 732 888 805; x_wconf 78' lang='lat' dir='ltr'>egerint</span> <span class='ocrx_word' id='word_1_32' title='bbox 909 733 1019 798; x_wconf 90' lang='lat' dir='ltr'>illi,</span> <span class='ocrx_word' id='word_1_33' title='bbox 1045 750 1079 789; x_wconf 90' lang='lat' dir='ltr'>a</span> <span class='ocrx_word' id='word_1_34' title='bbox 1117 749 1229 805; x_wconf 92' lang='lat' dir='ltr'>quo</span> <span class='ocrx_word' id='word_1_35' title='bbox 1251 737 1529 807; x_wconf 87' lang='lat' dir='ltr'>aguntur,</span> 
     </span>
     <span class='ocr_line' id='line_1_6' title="bbox 187 810 1527 886; baseline 0.001 -23"><span class='ocrx_word' id='word_1_36' title='bbox 187 833 212 863; x_wconf 69' lang='lat' dir='ltr'>u</span> <span class='ocrx_word' id='word_1_37' title='bbox 251 810 464 884; x_wconf 76' lang='lat' dir='ltr'>gratias</span> <span class='ocrx_word' id='word_1_38' title='bbox 491 816 698 884; x_wconf 89' lang='lat' dir='ltr'>agant:</span> <span class='ocrx_word' id='word_1_39' title='bbox 729 816 977 885; x_wconf 90' lang='lat' dir='ltr'>aguntur</span> <span class='ocrx_word' id='word_1_40' title='bbox 1014 813 1195 878; x_wconf 90' lang='lat' dir='ltr'>enim,</span> <span class='ocrx_word' id='word_1_41' title='bbox 1231 819 1292 869; x_wconf 91' lang='lat' dir='ltr'>ut</span> <span class='ocrx_word' id='word_1_42' title='bbox 1333 814 1527 886; x_wconf 83' lang='lat' dir='ltr'>agant,</span> 
     </span>
     <span class='ocr_line' id='line_1_7' title="bbox 186 890 1534 966; baseline 0.007 -24"><span class='ocrx_word' id='word_1_43' title='bbox 186 912 210 942; x_wconf 58' lang='grc' dir='ltr'><em>ἰ</em></span> <span class='ocrx_word' id='word_1_44' title='bbox 253 906 372 946; x_wconf 88' lang='lat' dir='ltr'>non</span> <span class='ocrx_word' id='word_1_45' title='bbox 402 894 460 944; x_wconf 89' lang='lat' dir='ltr'>ut</span> <span class='ocrx_word' id='word_1_46' title='bbox 487 890 594 961; x_wconf 90' lang='lat' dir='ltr'>ipsi</span> <span class='ocrx_word' id='word_1_47' title='bbox 625 890 774 946; x_wconf 90' lang='lat' dir='ltr'>nihil</span> <span class='ocrx_word' id='word_1_48' title='bbox 795 897 1045 966; x_wconf 57' lang='lat' dir='ltr'>agant-1»</span> <span class='ocrx_word' id='word_1_49' title='bbox 1081 894 1149 947; x_wconf 86' lang='lat' dir='ltr'>Et</span> <span class='ocrx_word' id='word_1_50' title='bbox 1173 910 1333 949; x_wconf 77' lang='lat' dir='ltr'>serm.</span> <span class='ocrx_word' id='word_1_51' title='bbox 1374 893 1439 946; x_wconf 90' lang='lat'>13</span> <span class='ocrx_word' id='word_1_52' title='bbox 1465 893 1534 951; x_wconf 85' lang='lat' dir='ltr'>de</span> 
     </span>
     <span class='ocr_line' id='line_1_8' title="bbox 177 971 1534 1043; baseline 0.003 -17"><span class='ocrx_word' id='word_1_53' title='bbox 177 971 354 1026; x_wconf 55' lang='lat' dir='ltr'>uerbis</span> <span class='ocrx_word' id='word_1_54' title='bbox 378 971 570 1042; x_wconf 77' lang='lat' dir='ltr'>Apost.</span> <span class='ocrx_word' id='word_1_55' title='bbox 586 977 709 1043; x_wconf 83' lang='lat' dir='ltr'>post</span> <span class='ocrx_word' id='word_1_56' title='bbox 747 972 1006 1039; x_wconf 80' lang='lat' dir='ltr'>medium,</span> <span class='ocrx_word' id='word_1_57' title='bbox 1040 971 1137 1028; x_wconf 86' lang='lat' dir='ltr'>ubi</span> <span class='ocrx_word' id='word_1_58' title='bbox 1166 973 1246 1030; x_wconf 88' lang='lat' dir='ltr'>ait</span> <span class='ocrx_word' id='word_1_59' title='bbox 1272 997 1285 1031; x_wconf 70' lang='grc' dir='ltr'><strong>ε</strong></span> <span class='ocrx_word' id='word_1_60' title='bbox 1322 996 1347 1027; x_wconf 79' lang='grc' dir='ltr'>α</span> <span class='ocrx_word' id='word_1_61' title='bbox 1379 975 1534 1032; x_wconf 89' lang='lat' dir='ltr'>Dicet</span> 
     </span>
     <span class='ocr_line' id='line_1_9' title="bbox 180 1051 1532 1129; baseline 0.004 -24"><span class='ocrx_word' id='word_1_62' title='bbox 180 1077 205 1105; x_wconf 75' lang='grc' dir='ltr'>«ι</span> <span class='ocrx_word' id='word_1_63' title='bbox 249 1051 396 1108; x_wconf 88' lang='lat' dir='ltr'>mihi</span> <span class='ocrx_word' id='word_1_64' title='bbox 452 1052 657 1125; x_wconf 89' lang='lat' dir='ltr'>aliquis</span> <span class='ocrx_word' id='word_1_65' title='bbox 697 1054 890 1126; x_wconf 86' lang='lat' dir='ltr'>:Ergo</span> <span class='ocrx_word' id='word_1_66' title='bbox 934 1053 1181 1127; x_wconf 81' lang='lat' dir='ltr'>agimur,</span> <span class='ocrx_word' id='word_1_67' title='bbox 1233 1070 1358 1112; x_wconf 80' lang='lat' dir='ltr'>non</span> <span class='ocrx_word' id='word_1_68' title='bbox 1403 1056 1532 1129; x_wconf 92' lang='lat' dir='ltr'>agi-</span> 
     </span>
     <span class='ocr_line' id='line_1_10' title="bbox 181 1131 1528 1209; baseline 0.006 -26"><span class='ocrx_word' id='word_1_69' title='bbox 181 1156 206 1183; x_wconf 73' lang='lat'><strong>«</strong></span> <span class='ocrx_word' id='word_1_70' title='bbox 251 1148 403 1188; x_wconf 78' lang='lat' dir='ltr'>mus,</span> <span class='ocrx_word' id='word_1_71' title='bbox 435 1131 782 1204; x_wconf 83' lang='lat' dir='ltr'>Respondeo,</span> <span class='ocrx_word' id='word_1_72' title='bbox 815 1133 937 1191; x_wconf 91' lang='lat' dir='ltr'>imo</span> <span class='ocrx_word' id='word_1_73' title='bbox 956 1138 1011 1190; x_wconf 92' lang='lat' dir='ltr'>et</span> <span class='ocrx_word' id='word_1_74' title='bbox 1039 1136 1178 1208; x_wconf 89' lang='lat' dir='ltr'>agis,</span> <span class='ocrx_word' id='word_1_75' title='bbox 1204 1140 1262 1190; x_wconf 88' lang='lat' dir='ltr'>et</span> <span class='ocrx_word' id='word_1_76' title='bbox 1289 1136 1478 1209; x_wconf 89' lang='lat' dir='ltr'>ageris</span> <span class='ocrx_word' id='word_1_77' title='bbox 1515 1156 1528 1191; x_wconf 89' lang='lat'><strong>:</strong></span> 
     </span>
     <span class='ocr_line' id='line_1_11' title="bbox 180 1212 1531 1288; baseline 0.005 -23"><span class='ocrx_word' id='word_1_78' title='bbox 180 1236 205 1265; x_wconf 68' lang='lat' dir='ltr'>a</span> <span class='ocrx_word' id='word_1_79' title='bbox 246 1217 302 1270; x_wconf 92' lang='lat' dir='ltr'>et</span> <span class='ocrx_word' id='word_1_80' title='bbox 331 1219 463 1268; x_wconf 90' lang='lat' dir='ltr'>tunc</span> <span class='ocrx_word' id='word_1_81' title='bbox 490 1212 635 1269; x_wconf 84' lang='lat' dir='ltr'>bene</span> <span class='ocrx_word' id='word_1_82' title='bbox 661 1213 801 1286; x_wconf 78' lang='lat' dir='ltr'>agiS,</span> <span class='ocrx_word' id='word_1_83' title='bbox 837 1214 887 1269; x_wconf 93' lang='lat' dir='ltr'>si</span> <span class='ocrx_word' id='word_1_84' title='bbox 910 1213 981 1270; x_wconf 89' lang='lat' dir='ltr'>ab</span> <span class='ocrx_word' id='word_1_85' title='bbox 1000 1230 1067 1271; x_wconf 92' lang='lat' dir='ltr'>eo</span> <span class='ocrx_word' id='word_1_86' title='bbox 1096 1214 1305 1288; x_wconf 88' lang='lat' dir='ltr'>agaris.</span> <span class='ocrx_word' id='word_1_87' title='bbox 1341 1235 1368 1266; x_wconf 71' lang='lat' dir='ltr'>n</span> <span class='ocrx_word' id='word_1_88' title='bbox 1424 1216 1531 1271; x_wconf 89' lang='lat' dir='ltr'>Vi-</span> 
     </span>
     <span class='ocr_line' id='line_1_12' title="bbox 173 1292 1450 1367; baseline 0.002 -18"><span class='ocrx_word' id='word_1_89' title='bbox 173 1293 417 1351; x_wconf 87' lang='lat' dir='ltr'>deantur</span> <span class='ocrx_word' id='word_1_90' title='bbox 443 1310 568 1365; x_wconf 80' lang='lat' dir='ltr'>quae</span> <span class='ocrx_word' id='word_1_91' title='bbox 596 1292 849 1348; x_wconf 83' lang='lat' dir='ltr'>diximus</span> <span class='ocrx_word' id='word_1_92' title='bbox 869 1294 1010 1367; x_wconf 69' lang='lat' dir='ltr'>disp.</span> <span class='ocrx_word' id='word_1_93' title='bbox 1036 1297 1091 1361; x_wconf 82' lang='lat'>4,</span> <span class='ocrx_word' id='word_1_94' title='bbox 1116 1294 1243 1350; x_wconf 82' lang='lat' dir='ltr'>dub.</span> <span class='ocrx_word' id='word_1_95' title='bbox 1269 1297 1324 1360; x_wconf 86' lang='grc'>6,</span> <span class='ocrx_word' id='word_1_96' title='bbox 1344 1299 1375 1364; x_wconf 65' lang='grc' dir='ltr'><strong>ς</strong></span> <span class='ocrx_word' id='word_1_97' title='bbox 1396 1297 1450 1351; x_wconf 80' lang='grc'>2.</span> 
     </span>
     <span class='ocr_line' id='line_1_13' title="bbox 63 1369 1528 1432; baseline 0.002 -3"><span class='ocrx_word' id='word_1_98' title='bbox 63 1369 147 1413; x_wconf 63' lang='grc' dir='ltr'>ἰωῑ</span> <span class='ocrx_word' id='word_1_99' title='bbox 247 1376 376 1430; x_wconf 76' lang='lat'>206.</span> <span class='ocrx_word' id='word_1_100' title='bbox 424 1373 585 1430; x_wconf 77' lang='lat' dir='ltr'>Unde</span> <span class='ocrx_word' id='word_1_101' title='bbox 628 1374 803 1429; x_wconf 91' lang='lat' dir='ltr'>etiam</span> <span class='ocrx_word' id='word_1_102' title='bbox 850 1381 1069 1430; x_wconf 89' lang='lat' dir='ltr'>constat</span> <span class='ocrx_word' id='word_1_103' title='bbox 1113 1374 1183 1430; x_wconf 90' lang='lat' dir='ltr'>ad</span> <span class='ocrx_word' id='word_1_104' title='bbox 1217 1374 1528 1432; x_wconf 87' lang='lat' dir='ltr'>secundam</span> 
     </span>
     <span class='ocr_line' id='line_1_14' title="bbox 62 1421 1530 1528; baseline 0.001 -18"><span class='ocrx_word' id='word_1_105' title='bbox 62 1421 545 1528; x_wconf 69' lang='lat' dir='ltr'>“¹³’0bjectionem</span> <span class='ocrx_word' id='word_1_106' title='bbox 567 1477 580 1519; x_wconf 91' lang='lat'>;</span> <span class='ocrx_word' id='word_1_107' title='bbox 602 1469 737 1508; x_wconf 89' lang='lat' dir='ltr'>nam</span> <span class='ocrx_word' id='word_1_108' title='bbox 769 1444 949 1510; x_wconf 62' lang='lat' dir='ltr'>&#39;homo</span> <span class='ocrx_word' id='word_1_109' title='bbox 978 1470 1093 1510; x_wconf 90' lang='lat' dir='ltr'>non</span> <span class='ocrx_word' id='word_1_110' title='bbox 1113 1459 1199 1510; x_wconf 89' lang='lat' dir='ltr'>est</span> <span class='ocrx_word' id='word_1_111' title='bbox 1238 1455 1316 1509; x_wconf 87' lang='lat' dir='ltr'>ita</span> <span class='ocrx_word' id='word_1_112' title='bbox 1359 1454 1530 1511; x_wconf 89' lang='lat' dir='ltr'>relic-</span> 
     </span>
     <span class='ocr_line' id='line_1_15' title="bbox 167 1533 1530 1600; baseline 0.003 -12"><span class='ocrx_word' id='word_1_113' title='bbox 167 1540 260 1590; x_wconf 74' lang='lat' dir='ltr'>tus</span> <span class='ocrx_word' id='word_1_114' title='bbox 281 1534 343 1589; x_wconf 87' lang='lat' dir='ltr'>in</span> <span class='ocrx_word' id='word_1_115' title='bbox 365 1549 541 1589; x_wconf 88' lang='lat' dir='ltr'>manu</span> <span class='ocrx_word' id='word_1_116' title='bbox 565 1533 792 1589; x_wconf 91' lang='lat' dir='ltr'>consilii</span> <span class='ocrx_word' id='word_1_117' title='bbox 815 1533 923 1600; x_wconf 90' lang='lat' dir='ltr'>sui,</span> <span class='ocrx_word' id='word_1_118' title='bbox 956 1539 1019 1588; x_wconf 87' lang='lat' dir='ltr'>ut</span> <span class='ocrx_word' id='word_1_119' title='bbox 1047 1538 1299 1590; x_wconf 90' lang='lat' dir='ltr'>transeat</span> <span class='ocrx_word' id='word_1_120' title='bbox 1326 1534 1530 1592; x_wconf 86' lang='lat' dir='ltr'>imme·</span> 
     </span>
     <span class='ocr_line' id='line_1_16' title="bbox 161 1614 1527 1687; baseline 0.001 -17"><span class='ocrx_word' id='word_1_121' title='bbox 161 1615 317 1672; x_wconf 81' lang='lat' dir='ltr'>diate</span> <span class='ocrx_word' id='word_1_122' title='bbox 341 1632 378 1671; x_wconf 77' lang='lat' dir='ltr'>a</span> <span class='ocrx_word' id='word_1_123' title='bbox 409 1617 702 1671; x_wconf 78' lang='lat' dir='ltr'>voluntate</span> <span class='ocrx_word' id='word_1_124' title='bbox 724 1614 787 1670; x_wconf 91' lang='lat' dir='ltr'>in</span> <span class='ocrx_word' id='word_1_125' title='bbox 814 1621 936 1671; x_wconf 85' lang='lat' dir='ltr'>actu</span> <span class='ocrx_word' id='word_1_126' title='bbox 963 1614 1150 1687; x_wconf 92' lang='lat' dir='ltr'>primo</span> <span class='ocrx_word' id='word_1_127' title='bbox 1173 1614 1527 1673; x_wconf 80' lang='lat' dir='ltr'>indifferenti</span> 
     </span>
    </p>
   </div>
   <div class='ocr_carea' id='block_1_3' title="bbox 163 1695 1563 1754">
    <p class='ocr_par' dir='ltr' id='par_1_3' title="bbox 163 1695 1563 1754">
     <span class='ocr_line' id='line_1_17' title="bbox 163 1695 1563 1754; baseline 0.001 -2"><span class='ocrx_word' id='word_1_128' title='bbox 163 1696 238 1752; x_wconf 78' lang='lat' dir='ltr'>ad</span> <span class='ocrx_word' id='word_1_129' title='bbox 265 1701 456 1753; x_wconf 85' lang='lat' dir='ltr'>actum</span> <span class='ocrx_word' id='word_1_130' title='bbox 495 1695 812 1753; x_wconf 87' lang='lat' dir='ltr'>secundum</span> <span class='ocrx_word' id='word_1_131' title='bbox 858 1695 1307 1752; x_wconf 90' lang='lat' dir='ltr'>determinatum</span> <span class='ocrx_word' id='word_1_132' title='bbox 1358 1696 1563 1754; x_wconf 73' lang='lat' dir='ltr'>inde-‘</span> 
     </span>
    </p>
   </div>
   <div class='ocr_carea' id='block_1_4' title="bbox 151 1776 1527 5000">
    <p class='ocr_par' dir='ltr' id='par_1_4' title="bbox 151 1776 1527 5000">
     <span class='ocr_line' id='line_1_18' title="bbox 166 1776 1527 1850; baseline 0.001 -17"><span class='ocrx_word' id='word_1_133' title='bbox 166 1776 482 1850; x_wconf 86' lang='lat' dir='ltr'>pendenter</span> <span class='ocrx_word' id='word_1_134' title='bbox 512 1776 582 1833; x_wconf 86' lang='lat' dir='ltr'>ab</span> <span class='ocrx_word' id='word_1_135' title='bbox 605 1776 811 1833; x_wconf 87' lang='lat' dir='ltr'>actuali</span> <span class='ocrx_word' id='word_1_136' title='bbox 837 1793 1112 1833; x_wconf 85' lang='lat' dir='ltr'>concursu</span> <span class='ocrx_word' id='word_1_137' title='bbox 1159 1777 1279 1844; x_wconf 89' lang='lat' dir='ltr'>Dei,</span> <span class='ocrx_word' id='word_1_138' title='bbox 1305 1779 1401 1849; x_wconf 92' lang='lat' dir='ltr'>qui</span> <span class='ocrx_word' id='word_1_139' title='bbox 1432 1795 1527 1834; x_wconf 91' lang='lat' dir='ltr'>ac-</span> 
     </span>
     <span class='ocr_line' id='line_1_19' title="bbox 163 1857 1527 1932; baseline 0.001 -18"><span class='ocrx_word' id='word_1_140' title='bbox 163 1867 286 1915; x_wconf 81' lang='lat' dir='ltr'>tum</span> <span class='ocrx_word' id='word_1_141' title='bbox 310 1860 572 1932; x_wconf 87' lang='lat' dir='ltr'>primum</span> <span class='ocrx_word' id='word_1_142' title='bbox 601 1859 671 1915; x_wconf 90' lang='lat' dir='ltr'>ab</span> <span class='ocrx_word' id='word_1_143' title='bbox 687 1860 803 1916; x_wconf 92' lang='lat' dir='ltr'>otio</span> <span class='ocrx_word' id='word_1_144' title='bbox 823 1857 1181 1927; x_wconf 80' lang='lat' dir='ltr'>submoveat,</span> <span class='ocrx_word' id='word_1_145' title='bbox 1204 1866 1258 1917; x_wconf 90' lang='lat' dir='ltr'>et</span> <span class='ocrx_word' id='word_1_146' title='bbox 1280 1861 1527 1932; x_wconf 85' lang='lat' dir='ltr'>applicet</span> 
     </span>
     <span class='ocr_line' id='line_1_20' title="bbox 161 1941 1521 2014; baseline -0.001 -16"><span class='ocrx_word' id='word_1_147' title='bbox 161 1942 236 1998; x_wconf 87' lang='lat' dir='ltr'>ad</span> <span class='ocrx_word' id='word_1_148' title='bbox 260 1941 596 1999; x_wconf 89' lang='lat' dir='ltr'>secundum.</span> <span class='ocrx_word' id='word_1_149' title='bbox 632 1943 815 1997; x_wconf 89' lang='lat' dir='ltr'>Immo</span> <span class='ocrx_word' id='word_1_150' title='bbox 868 1941 1120 1997; x_wconf 82' lang='lat' dir='ltr'>insertur</span> <span class='ocrx_word' id='word_1_151' title='bbox 1165 1943 1521 2014; x_wconf 87' lang='lat' dir='ltr'>oppositum;</span> 
     </span>
     <span class='ocr_line' id='line_1_21' title="bbox 169 2022 1523 2097; baseline -0.001 -16"><span class='ocrx_word' id='word_1_152' title='bbox 169 2042 301 2081; x_wconf 89' lang='lat' dir='ltr'>nam</span> <span class='ocrx_word' id='word_1_153' title='bbox 349 2028 499 2081; x_wconf 88' lang='lat' dir='ltr'>Deus</span> <span class='ocrx_word' id='word_1_154' title='bbox 550 2023 865 2097; x_wconf 90' lang='lat' dir='ltr'>producens</span> <span class='ocrx_word' id='word_1_155' title='bbox 912 2023 1160 2080; x_wconf 89' lang='lat' dir='ltr'>liberum</span> <span class='ocrx_word' id='word_1_156' title='bbox 1208 2022 1523 2080; x_wconf 84' lang='lat' dir='ltr'>arbitrium</span> 
     </span>
     <span class='ocr_line' id='line_1_22' title="bbox 157 2101 1525 2175; baseline -0.001 -16"><span class='ocrx_word' id='word_1_157' title='bbox 157 2108 438 2172; x_wconf 76' lang='lat' dir='ltr'>creatum,</span> <span class='ocrx_word' id='word_1_158' title='bbox 467 2119 585 2160; x_wconf 89' lang='lat' dir='ltr'>non</span> <span class='ocrx_word' id='word_1_159' title='bbox 610 2101 757 2159; x_wconf 92' lang='lat' dir='ltr'>illud</span> <span class='ocrx_word' id='word_1_160' title='bbox 795 2102 1000 2158; x_wconf 80' lang='lat' dir='ltr'>eximit</span> <span class='ocrx_word' id='word_1_161' title='bbox 1026 2119 1059 2160; x_wconf 92' lang='lat' dir='ltr'>a</span> <span class='ocrx_word' id='word_1_162' title='bbox 1084 2119 1199 2174; x_wconf 81' lang='lat' dir='ltr'>suae</span> <span class='ocrx_word' id='word_1_163' title='bbox 1228 2103 1525 2175; x_wconf 88' lang='lat' dir='ltr'>potestatis</span> 
     </span>
     <span class='ocr_line' id='line_1_23' title="bbox 159 2182 1526 2255; baseline 0.001 -17"><span class='ocrx_word' id='word_1_164' title='bbox 159 2183 442 2248; x_wconf 80' lang='lat' dir='ltr'>dominio,</span> <span class='ocrx_word' id='word_1_165' title='bbox 473 2200 576 2239; x_wconf 88' lang='lat' dir='ltr'>nec</span> <span class='ocrx_word' id='word_1_166' title='bbox 600 2183 730 2239; x_wconf 82' lang='lat' dir='ltr'>fecit</span> <span class='ocrx_word' id='word_1_167' title='bbox 752 2183 1005 2255; x_wconf 89' lang='lat' dir='ltr'>primum</span> <span class='ocrx_word' id='word_1_168' title='bbox 1028 2198 1143 2238; x_wconf 81' lang='lat' dir='ltr'>suae</span> <span class='ocrx_word' id='word_1_169' title='bbox 1169 2182 1526 2241; x_wconf 87' lang='lat' dir='ltr'>determina-</span> 
     </span>
     <span class='ocr_line' id='line_1_24' title="bbox 162 2263 1524 2336; baseline 0.001 -17"><span class='ocrx_word' id='word_1_170' title='bbox 162 2265 334 2321; x_wconf 76' lang='lat' dir='ltr'>tionis</span> <span class='ocrx_word' id='word_1_171' title='bbox 357 2265 664 2320; x_wconf 88' lang='lat' dir='ltr'>authorem</span> <span class='ocrx_word' id='word_1_172' title='bbox 686 2288 699 2331; x_wconf 91' lang='lat'>;</span> <span class='ocrx_word' id='word_1_173' title='bbox 731 2264 835 2320; x_wconf 92' lang='lat' dir='ltr'>hoc</span> <span class='ocrx_word' id='word_1_174' title='bbox 860 2264 1069 2336; x_wconf 88' lang='lat' dir='ltr'>quippe</span> <span class='ocrx_word' id='word_1_175' title='bbox 1093 2269 1149 2320; x_wconf 92' lang='lat' dir='ltr'>et</span> <span class='ocrx_word' id='word_1_176' title='bbox 1175 2263 1400 2320; x_wconf 82' lang='lat' dir='ltr'>dedecet</span> <span class='ocrx_word' id='word_1_177' title='bbox 1424 2282 1524 2320; x_wconf 92' lang='lat' dir='ltr'>su-</span> 
     </span>
     <span class='ocr_line' id='line_1_25' title="bbox 165 2343 1523 2419; baseline 0 -17"><span class='ocrx_word' id='word_1_178' title='bbox 165 2363 426 2419; x_wconf 85' lang='lat' dir='ltr'>premum</span> <span class='ocrx_word' id='word_1_179' title='bbox 459 2348 559 2402; x_wconf 90' lang='lat' dir='ltr'>Dei</span> <span class='ocrx_word' id='word_1_180' title='bbox 585 2347 697 2419; x_wconf 89' lang='lat' dir='ltr'>jus,</span> <span class='ocrx_word' id='word_1_181' title='bbox 741 2351 797 2401; x_wconf 89' lang='lat' dir='ltr'>et</span> <span class='ocrx_word' id='word_1_182' title='bbox 823 2343 1285 2403; x_wconf 89' lang='lat' dir='ltr'>subordinationi</span> <span class='ocrx_word' id='word_1_183' title='bbox 1326 2361 1523 2402; x_wconf 85' lang='lat' dir='ltr'>essen-</span> 
     </span>
     <span class='ocr_line' id='line_1_26' title="bbox 162 2425 1523 2500; baseline -0.001 -19"><span class='ocrx_word' id='word_1_184' title='bbox 162 2428 283 2483; x_wconf 86' lang='lat' dir='ltr'>tiali</span> <span class='ocrx_word' id='word_1_185' title='bbox 336 2432 618 2483; x_wconf 76' lang='lat' dir='ltr'>creaturae</span> <span class='ocrx_word' id='word_1_186' title='bbox 668 2431 964 2498; x_wconf 82' lang='lat' dir='ltr'>repugnat.</span> <span class='ocrx_word' id='word_1_187' title='bbox 1011 2425 1172 2483; x_wconf 87' lang='lat' dir='ltr'>Unde</span> <span class='ocrx_word' id='word_1_188' title='bbox 1209 2431 1523 2500; x_wconf 89' lang='lat' dir='ltr'>quantum-</span> 
     </span>
     <span class='ocr_line' id='line_1_27' title="bbox 161 2505 1521 2580; baseline -0.001 -17"><span class='ocrx_word' id='word_1_189' title='bbox 161 2524 401 2580; x_wconf 87' lang='lat' dir='ltr'>cumque</span> <span class='ocrx_word' id='word_1_190' title='bbox 469 2513 826 2579; x_wconf 86' lang='lat' dir='ltr'>supponatur</span> <span class='ocrx_word' id='word_1_191' title='bbox 894 2505 1143 2562; x_wconf 88' lang='lat' dir='ltr'>liberum</span> <span class='ocrx_word' id='word_1_192' title='bbox 1209 2506 1521 2562; x_wconf 88' lang='lat' dir='ltr'>arbitrium</span> 
     </span>
     <span class='ocr_line' id='line_1_28' title="bbox 159 2586 1524 2660; baseline -0.002 -15"><span class='ocrx_word' id='word_1_193' title='bbox 159 2595 412 2645; x_wconf 87' lang='lat' dir='ltr'>creatum</span> <span class='ocrx_word' id='word_1_194' title='bbox 434 2589 811 2647; x_wconf 83' lang='lat' dir='ltr'>constitutum</span> <span class='ocrx_word' id='word_1_195' title='bbox 842 2586 903 2641; x_wconf 91' lang='lat' dir='ltr'>in</span> <span class='ocrx_word' id='word_1_196' title='bbox 927 2592 1049 2642; x_wconf 91' lang='lat' dir='ltr'>actu</span> <span class='ocrx_word' id='word_1_197' title='bbox 1080 2587 1270 2659; x_wconf 89' lang='lat' dir='ltr'>primo</span> <span class='ocrx_word' id='word_1_198' title='bbox 1321 2588 1524 2660; x_wconf 85' lang='lat' dir='ltr'>proxi-</span> 
     </span>
     <span class='ocr_line' id='line_1_29' title="bbox 162 2669 1522 2741; baseline 0 -16"><span class='ocrx_word' id='word_1_199' title='bbox 162 2687 272 2734; x_wconf 84' lang='lat' dir='ltr'>mo,</span> <span class='ocrx_word' id='word_1_200' title='bbox 301 2676 360 2726; x_wconf 89' lang='lat' dir='ltr'>et</span> <span class='ocrx_word' id='word_1_201' title='bbox 384 2688 449 2725; x_wconf 90' lang='lat' dir='ltr'>su</span> <span class='ocrx_word' id='word_1_202' title='bbox 462 2669 694 2725; x_wconf 81' lang='lat' dir='ltr'>fficienti</span> <span class='ocrx_word' id='word_1_203' title='bbox 720 2693 734 2736; x_wconf 86' lang='lat'>;</span> <span class='ocrx_word' id='word_1_204' title='bbox 762 2684 1054 2741; x_wconf 89' lang='lat' dir='ltr'>nunquam</span> <span class='ocrx_word' id='word_1_205' title='bbox 1087 2674 1278 2726; x_wconf 89' lang='lat' dir='ltr'>tamen</span> <span class='ocrx_word' id='word_1_206' title='bbox 1327 2675 1522 2725; x_wconf 88' lang='lat' dir='ltr'>trans-</span> 
     </span>
     <span class='ocr_line' id='line_1_30' title="bbox 163 2749 1520 2823; baseline -0.001 -16"><span class='ocrx_word' id='word_1_207' title='bbox 163 2752 263 2808; x_wconf 85' lang='lat' dir='ltr'>ibit</span> <span class='ocrx_word' id='word_1_208' title='bbox 278 2753 348 2809; x_wconf 86' lang='lat' dir='ltr'>ad</span> <span class='ocrx_word' id='word_1_209' title='bbox 371 2759 567 2809; x_wconf 86' lang='lat' dir='ltr'>actum</span> <span class='ocrx_word' id='word_1_210' title='bbox 588 2749 923 2815; x_wconf 88' lang='lat' dir='ltr'>secundum,</span> <span class='ocrx_word' id='word_1_211' title='bbox 945 2750 1058 2806; x_wconf 90' lang='lat' dir='ltr'>nisi</span> <span class='ocrx_word' id='word_1_212' title='bbox 1081 2752 1226 2806; x_wconf 90' lang='lat' dir='ltr'>Deus</span> <span class='ocrx_word' id='word_1_213' title='bbox 1249 2749 1520 2823; x_wconf 87' lang='lat' dir='ltr'>ipsumad</span> 
     </span>
     <span class='ocr_line' id='line_1_31' title="bbox 162 2829 1523 2905; baseline -0.001 -18"><span class='ocrx_word' id='word_1_214' title='bbox 162 2831 215 2887; x_wconf 88' lang='lat' dir='ltr'>id</span> <span class='ocrx_word' id='word_1_215' title='bbox 238 2833 502 2905; x_wconf 81' lang='lat' dir='ltr'>applicet,</span> <span class='ocrx_word' id='word_1_216' title='bbox 536 2836 592 2886; x_wconf 89' lang='lat' dir='ltr'>et</span> <span class='ocrx_word' id='word_1_217' title='bbox 634 2835 995 2903; x_wconf 81' lang='lat' dir='ltr'>praemoveat.</span> <span class='ocrx_word' id='word_1_218' title='bbox 1041 2829 1200 2894; x_wconf 90' lang='lat' dir='ltr'>Quod</span> <span class='ocrx_word' id='word_1_219' title='bbox 1247 2830 1523 2902; x_wconf 87' lang='lat' dir='ltr'>quamvis</span> 
     </span>
     <span class='ocr_line' id='line_1_32' title="bbox 161 2910 1521 2983; baseline -0.001 -16"><span class='ocrx_word' id='word_1_220' title='bbox 161 2912 398 2969; x_wconf 85' lang='lat' dir='ltr'>ubilibet</span> <span class='ocrx_word' id='word_1_221' title='bbox 428 2911 722 2969; x_wconf 81' lang='lat' dir='ltr'>verificari</span> <span class='ocrx_word' id='word_1_222' title='bbox 751 2910 970 2976; x_wconf 87' lang='lat' dir='ltr'>debeat,</span> <span class='ocrx_word' id='word_1_223' title='bbox 1004 2910 1297 2983; x_wconf 86' lang='lat' dir='ltr'>potissime</span> <span class='ocrx_word' id='word_1_224' title='bbox 1326 2916 1521 2967; x_wconf 88' lang='lat' dir='ltr'>tamen</span> 
     </span>
     <span class='ocr_line' id='line_1_33' title="bbox 161 2991 1520 3065; baseline -0.002 -15"><span class='ocrx_word' id='word_1_225' title='bbox 161 2994 321 3051; x_wconf 86' lang='lat' dir='ltr'>habet</span> <span class='ocrx_word' id='word_1_226' title='bbox 344 2996 541 3051; x_wconf 86' lang='lat' dir='ltr'>locum</span> <span class='ocrx_word' id='word_1_227' title='bbox 567 2994 628 3048; x_wconf 81' lang='lat' dir='ltr'>i’n</span> <span class='ocrx_word' id='word_1_228' title='bbox 653 2993 759 3056; x_wconf 90' lang='lat' dir='ltr'>his,</span> <span class='ocrx_word' id='word_1_229' title='bbox 779 3009 904 3065; x_wconf 81' lang='lat' dir='ltr'>quae</span> <span class='ocrx_word' id='word_1_230' title='bbox 926 2991 994 3047; x_wconf 90' lang='lat' dir='ltr'>ad</span> <span class='ocrx_word' id='word_1_231' title='bbox 1019 2993 1520 3063; x_wconf 81' lang='lat' dir='ltr'>supernaturalem</span> 
     </span>
     <span class='ocr_line' id='line_1_34' title="bbox 156 3073 1521 3147; baseline -0.001 -16"><span class='ocrx_word' id='word_1_232' title='bbox 156 3077 419 3131; x_wconf 83' lang='lat' dir='ltr'>ordinem</span> <span class='ocrx_word' id='word_1_233' title='bbox 451 3079 730 3147; x_wconf 89' lang='lat' dir='ltr'>spectant,</span> <span class='ocrx_word' id='word_1_234' title='bbox 757 3080 812 3130; x_wconf 92' lang='lat' dir='ltr'>et</span> <span class='ocrx_word' id='word_1_235' title='bbox 830 3090 956 3146; x_wconf 72' lang='lat' dir='ltr'>quaa</span> <span class='ocrx_word' id='word_1_236' title='bbox 980 3073 1041 3128; x_wconf 89' lang='lat' dir='ltr'>in</span> <span class='ocrx_word' id='word_1_237' title='bbox 1070 3073 1335 3145; x_wconf 81' lang='lat' dir='ltr'>praesenti</span> <span class='ocrx_word' id='word_1_238' title='bbox 1376 3089 1521 3129; x_wconf 90' lang='lat' dir='ltr'>con-</span> 
     </span>
     <span class='ocr_line' id='line_1_35' title="bbox 153 3154 1520 3228; baseline -0.001 -15"><span class='ocrx_word' id='word_1_239' title='bbox 153 3158 480 3215; x_wconf 84' lang='lat' dir='ltr'>sideramus</span> <span class='ocrx_word' id='word_1_240' title='bbox 501 3181 513 3221; x_wconf 86' lang='lat'>;</span> <span class='ocrx_word' id='word_1_241' title='bbox 543 3157 757 3228; x_wconf 88' lang='lat' dir='ltr'>alioqui</span> <span class='ocrx_word' id='word_1_242' title='bbox 780 3155 1070 3227; x_wconf 83' lang='lat' dir='ltr'>supposito</span> <span class='ocrx_word' id='word_1_243' title='bbox 1093 3154 1312 3210; x_wconf 83' lang='lat' dir='ltr'>auxilio</span> <span class='ocrx_word' id='word_1_244' title='bbox 1335 3156 1520 3226; x_wconf 88' lang='lat' dir='ltr'>possi-</span> 
     </span>
     <span class='ocr_line' id='line_1_36' title="bbox 154 3232 1521 3302; baseline 0 -11"><span class='ocrx_word' id='word_1_245' title='bbox 154 3237 414 3302; x_wconf 71' lang='lat' dir='ltr'>bilitatiS,</span> <span class='ocrx_word' id='word_1_246' title='bbox 450 3235 863 3292; x_wconf 87' lang='lat' dir='ltr'>determinatio</span> <span class='ocrx_word' id='word_1_247' title='bbox 885 3233 1140 3297; x_wconf 74' lang='lat' dir='ltr'>actualiS,</span> <span class='ocrx_word' id='word_1_248' title='bbox 1170 3237 1228 3288; x_wconf 92' lang='lat' dir='ltr'>et</span> <span class='ocrx_word' id='word_1_249' title='bbox 1253 3232 1521 3291; x_wconf 87' lang='lat' dir='ltr'>discretio</span> 
     </span>
     <span class='ocr_line' id='line_1_37' title="bbox 151 3314 1516 3389; baseline -0.001 -17"><span class='ocrx_word' id='word_1_250' title='bbox 151 3317 220 3372; x_wconf 80' lang='lat' dir='ltr'>ad</span> <span class='ocrx_word' id='word_1_251' title='bbox 242 3334 370 3374; x_wconf 85' lang='lat' dir='ltr'>eam</span> <span class='ocrx_word' id='word_1_252' title='bbox 392 3321 747 3389; x_wconf 85' lang='lat' dir='ltr'>consequuta</span> <span class='ocrx_word' id='word_1_253' title='bbox 795 3331 913 3372; x_wconf 92' lang='lat' dir='ltr'>non</span> <span class='ocrx_word' id='word_1_254' title='bbox 939 3316 1002 3370; x_wconf 91' lang='lat' dir='ltr'>in</span> <span class='ocrx_word' id='word_1_255' title='bbox 1028 3314 1292 3388; x_wconf 84' lang='lat' dir='ltr'>gratiam,</span> <span class='ocrx_word' id='word_1_256' title='bbox 1319 3314 1418 3370; x_wconf 90' lang='lat' dir='ltr'>sed</span> <span class='ocrx_word' id='word_1_257' title='bbox 1453 3317 1516 3372; x_wconf 91' lang='lat' dir='ltr'>in</span> 
     </span>
     <span class='ocr_line' id='line_1_38' title="bbox 156 3396 1520 3469; baseline 0 -15"><span class='ocrx_word' id='word_1_258' title='bbox 156 3398 404 3456; x_wconf 84' lang='lat' dir='ltr'>liberum</span> <span class='ocrx_word' id='word_1_259' title='bbox 442 3397 759 3454; x_wconf 87' lang='lat' dir='ltr'>arbitrium</span> <span class='ocrx_word' id='word_1_260' title='bbox 790 3397 1059 3469; x_wconf 89' lang='lat' dir='ltr'>primitus</span> <span class='ocrx_word' id='word_1_261' title='bbox 1089 3396 1405 3452; x_wconf 81' lang='lat' dir='ltr'>revocanda</span> <span class='ocrx_word' id='word_1_262' title='bbox 1429 3397 1520 3455; x_wconf 83' lang='lat' dir='ltr'>fo-</span> 
     </span>
     <span class='ocr_line' id='line_1_39' title="bbox 157 3479 1518 3554; baseline 0 -19"><span class='ocrx_word' id='word_1_263' title='bbox 157 3488 282 3537; x_wconf 90' lang='lat' dir='ltr'>ret:</span> <span class='ocrx_word' id='word_1_264' title='bbox 310 3482 467 3554; x_wconf 87' lang='lat' dir='ltr'>quod</span> <span class='ocrx_word' id='word_1_265' title='bbox 492 3481 697 3552; x_wconf 89' lang='lat' dir='ltr'>nequit</span> <span class='ocrx_word' id='word_1_266' title='bbox 738 3479 982 3546; x_wconf 87' lang='lat' dir='ltr'>admitti,</span> <span class='ocrx_word' id='word_1_267' title='bbox 1014 3482 1300 3534; x_wconf 88' lang='lat' dir='ltr'>utcontra</span> <span class='ocrx_word' id='word_1_268' title='bbox 1344 3479 1518 3536; x_wconf 90' lang='lat' dir='ltr'>Moli-</span> 
     </span>
     <span class='ocr_line' id='line_1_40' title="bbox 157 3558 1520 3634; baseline 0.001 -19"><span class='ocrx_word' id='word_1_269' title='bbox 157 3577 292 3617; x_wconf 84' lang='lat' dir='ltr'>nam</span> <span class='ocrx_word' id='word_1_270' title='bbox 342 3577 526 3634; x_wconf 85' lang='lat' dir='ltr'>supra</span> <span class='ocrx_word' id='word_1_271' title='bbox 571 3559 928 3616; x_wconf 84' lang='lat' dir='ltr'>ostendimus</span> <span class='ocrx_word' id='word_1_272' title='bbox 968 3558 1132 3613; x_wconf 79' lang='lat' dir='ltr'>dubio</span> <span class='ocrx_word' id='word_1_273' title='bbox 1188 3560 1232 3624; x_wconf 94' lang='lat'>1,</span> <span class='ocrx_word' id='word_1_274' title='bbox 1275 3561 1306 3627; x_wconf 64' lang='grc' dir='ltr'><strong>ς</strong></span> <span class='ocrx_word' id='word_1_275' title='bbox 1344 3560 1397 3614; x_wconf 90' lang='grc'>4.</span> <span class='ocrx_word' id='word_1_276' title='bbox 1451 3563 1520 3616; x_wconf 87' lang='lat' dir='ltr'>Et</span> 
     </span>
     <span class='ocr_line' id='line_1_41' title="bbox 155 3638 1518 3714; baseline 0.001 -19"><span class='ocrx_word' id='word_1_277' title='bbox 155 3641 406 3712; x_wconf 76' lang='lat' dir='ltr'>prolecto</span> <span class='ocrx_word' id='word_1_278' title='bbox 428 3642 557 3714; x_wconf 86' lang='lat' dir='ltr'>ipse</span> <span class='ocrx_word' id='word_1_279' title='bbox 585 3642 814 3706; x_wconf 87' lang='lat' dir='ltr'>Suarez‚</span> <span class='ocrx_word' id='word_1_280' title='bbox 845 3640 941 3712; x_wconf 88' lang='lat' dir='ltr'>qui</span> <span class='ocrx_word' id='word_1_281' title='bbox 969 3639 1120 3695; x_wconf 88' lang='lat' dir='ltr'>hanc</span> <span class='ocrx_word' id='word_1_282' title='bbox 1139 3638 1518 3712; x_wconf 82' lang='lat' dir='ltr'>obJ‘ectionem</span> 
     </span>
     <span class='ocr_line' id='line_1_42' title="bbox 156 3719 1519 3792; baseline -0.001 -14"><span class='ocrx_word' id='word_1_283' title='bbox 156 3721 448 3786; x_wconf 76' lang='lat' dir='ltr'>formavit,</span> <span class='ocrx_word' id='word_1_284' title='bbox 482 3720 681 3792; x_wconf 91' lang='lat' dir='ltr'>nequit</span> <span class='ocrx_word' id='word_1_285' title='bbox 728 3721 898 3776; x_wconf 89' lang='lat' dir='ltr'>illum</span> <span class='ocrx_word' id='word_1_286' title='bbox 926 3719 1328 3778; x_wconf 90' lang='lat' dir='ltr'>immediatum</span> <span class='ocrx_word' id='word_1_287' title='bbox 1351 3728 1519 3778; x_wconf 89' lang='lat' dir='ltr'>tran-</span> 
     </span>
     <span class='ocr_line' id='line_1_43' title="bbox 154 3799 1516 3872; baseline 0.002 -17"><span class='ocrx_word' id='word_1_288' title='bbox 154 3804 325 3857; x_wconf 81' lang='lat' dir='ltr'>situm</span> <span class='ocrx_word' id='word_1_289' title='bbox 349 3800 632 3858; x_wconf 79' lang='lat' dir='ltr'>sabricari</span> <span class='ocrx_word' id='word_1_290' title='bbox 674 3799 1127 3872; x_wconf 88' lang='lat' dir='ltr'>independenter</span> <span class='ocrx_word' id='word_1_291' title='bbox 1160 3817 1192 3856; x_wconf 90' lang='lat' dir='ltr'>a</span> <span class='ocrx_word' id='word_1_292' title='bbox 1237 3817 1516 3858; x_wconf 89' lang='lat' dir='ltr'>concursu</span> 
     </span>
     <span class='ocr_line' id='line_1_44' title="bbox 157 3881 1518 3954; baseline 0.002 -18"><span class='ocrx_word' id='word_1_293' title='bbox 157 3882 251 3937; x_wconf 89' lang='lat' dir='ltr'>Dei</span> <span class='ocrx_word' id='word_1_294' title='bbox 275 3883 665 3947; x_wconf 89' lang='lat' dir='ltr'>simultaneo;</span> <span class='ocrx_word' id='word_1_295' title='bbox 695 3882 793 3954; x_wconf 92' lang='lat' dir='ltr'>qui</span> <span class='ocrx_word' id='word_1_296' title='bbox 839 3881 1109 3953; x_wconf 87' lang='lat' dir='ltr'>quamvis</span> <span class='ocrx_word' id='word_1_297' title='bbox 1155 3882 1377 3953; x_wconf 84' lang='lat' dir='ltr'>passive</span> <span class='ocrx_word' id='word_1_298' title='bbox 1433 3898 1518 3939; x_wconf 87' lang='lat' dir='ltr'>ac-</span> 
     </span>
     <span class='ocr_line' id='line_1_45' title="bbox 155 3960 1519 4032; baseline 0.001 -17"><span class='ocrx_word' id='word_1_299' title='bbox 155 3967 344 4032; x_wconf 86' lang='lat' dir='ltr'>ceptus</span> <span class='ocrx_word' id='word_1_300' title='bbox 406 3962 484 4015; x_wconf 85' lang='lat' dir='ltr'>sit</span> <span class='ocrx_word' id='word_1_301' title='bbox 538 3960 664 4030; x_wconf 87' lang='lat' dir='ltr'>ipsa</span> <span class='ocrx_word' id='word_1_302' title='bbox 716 3960 860 4016; x_wconf 91' lang='lat' dir='ltr'>actio</span> <span class='ocrx_word' id='word_1_303' title='bbox 917 3965 1222 4025; x_wconf 71' lang='lat' dir='ltr'>c&#39;reaturae,</span> <span class='ocrx_word' id='word_1_304' title='bbox 1277 3976 1519 4032; x_wconf 91' lang='lat' dir='ltr'>eamque</span> 
     </span>
     <span class='ocr_line' id='line_1_46' title="bbox 160 4039 1517 4111; baseline -0.001 -15"><span class='ocrx_word' id='word_1_305' title='bbox 160 4041 395 4111; x_wconf 84' lang='lat' dir='ltr'>proinde</span> <span class='ocrx_word' id='word_1_306' title='bbox 445 4056 570 4096; x_wconf 90' lang='lat' dir='ltr'>non</span> <span class='ocrx_word' id='word_1_307' title='bbox 617 4039 941 4106; x_wconf 89' lang='lat' dir='ltr'>antecedat;</span> <span class='ocrx_word' id='word_1_308' title='bbox 990 4041 1174 4096; x_wconf 87' lang='lat' dir='ltr'>active</span> <span class='ocrx_word' id='word_1_309' title='bbox 1217 4046 1431 4106; x_wconf 88' lang='lat' dir='ltr'>tamen,</span> <span class='ocrx_word' id='word_1_310' title='bbox 1461 4046 1517 4098; x_wconf 90' lang='lat' dir='ltr'>et</span> 
     </span>
     <span class='ocr_line' id='line_1_47' title="bbox 158 4119 1518 4182; baseline 0.003 -7"><span class='ocrx_word' id='word_1_311' title='bbox 158 4121 479 4180; x_wconf 76' lang='lat' dir='ltr'>formaliter</span> <span class='ocrx_word' id='word_1_312' title='bbox 503 4119 894 4182; x_wconf 82' lang='lat' dir='ltr'>consideratus</span> <span class='ocrx_word' id='word_1_313' title='bbox 913 4127 995 4177; x_wconf 88' lang='lat' dir='ltr'>est</span> <span class='ocrx_word' id='word_1_314' title='bbox 1016 4121 1161 4178; x_wconf 90' lang='lat' dir='ltr'>actio</span> <span class='ocrx_word' id='word_1_315' title='bbox 1191 4122 1289 4178; x_wconf 88' lang='lat' dir='ltr'>Dei</span> <span class='ocrx_word' id='word_1_316' title='bbox 1313 4123 1518 4179; x_wconf 89' lang='lat' dir='ltr'>imma-</span> 
     </span>
     <span class='ocr_line' id='line_1_48' title="bbox 162 4202 1517 4275; baseline 0.002 -19"><span class='ocrx_word' id='word_1_317' title='bbox 162 4218 457 4275; x_wconf 78' lang='lat' dir='ltr'>nens,quae</span> <span class='ocrx_word' id='word_1_318' title='bbox 487 4203 767 4259; x_wconf 87' lang='lat' dir='ltr'>virtutem</span> <span class='ocrx_word' id='word_1_319' title='bbox 793 4208 1068 4259; x_wconf 76' lang='lat' dir='ltr'>creaturae</span> <span class='ocrx_word' id='word_1_320' title='bbox 1089 4202 1153 4258; x_wconf 90' lang='lat' dir='ltr'>in</span> <span class='ocrx_word' id='word_1_321' title='bbox 1177 4208 1299 4258; x_wconf 88' lang='lat' dir='ltr'>actu</span> <span class='ocrx_word' id='word_1_322' title='bbox 1327 4203 1517 4274; x_wconf 90' lang='lat' dir='ltr'>primo</span> 
     </span>
     <span class='ocr_line' id='line_1_49' title="bbox 159 4284 1512 4357; baseline 0.001 -21"><span class='ocrx_word' id='word_1_323' title='bbox 159 4286 444 4357; x_wconf 77' lang='lat' dir='ltr'>supponit,</span> <span class='ocrx_word' id='word_1_324' title='bbox 477 4290 536 4340; x_wconf 89' lang='lat' dir='ltr'>et</span> <span class='ocrx_word' id='word_1_325' title='bbox 578 4284 967 4355; x_wconf 87' lang='lat' dir='ltr'>operationem</span> <span class='ocrx_word' id='word_1_326' title='bbox 1008 4287 1258 4339; x_wconf 88' lang='lat' dir='ltr'>creatam</span> <span class='ocrx_word' id='word_1_327' title='bbox 1304 4287 1512 4347; x_wconf 89' lang='lat' dir='ltr'>causat,</span> 
     </span>
     <span class='ocr_line' id='line_1_50' title="bbox 155 4363 1519 4438; baseline 0 -18"><span class='ocrx_word' id='word_1_328' title='bbox 155 4372 211 4420; x_wconf 90' lang='lat' dir='ltr'>et</span> <span class='ocrx_word' id='word_1_329' title='bbox 231 4366 504 4438; x_wconf 63' lang='lat' dir='ltr'>praecedit</span> <span class='ocrx_word' id='word_1_330' title='bbox 532 4364 742 4430; x_wconf 82' lang='lat' dir='ltr'>ordine</span> <span class='ocrx_word' id='word_1_331' title='bbox 763 4365 1108 4421; x_wconf 85' lang='lat' dir='ltr'>causalitatis</span> <span class='ocrx_word' id='word_1_332' title='bbox 1143 4385 1155 4419; x_wconf 92' lang='lat'>:</span> <span class='ocrx_word' id='word_1_333' title='bbox 1185 4369 1350 4436; x_wconf 90' lang='lat' dir='ltr'>atque</span> <span class='ocrx_word' id='word_1_334' title='bbox 1392 4363 1519 4420; x_wconf 91' lang='lat' dir='ltr'>ideo</span> 
     </span>
     <span class='ocr_line' id='line_1_51' title="bbox 159 4444 1519 4519; baseline 0 -19"><span class='ocrx_word' id='word_1_335' title='bbox 159 4446 483 4510; x_wconf 85' lang='lat' dir='ltr'>intercedit,</span> <span class='ocrx_word' id='word_1_336' title='bbox 517 4451 575 4501; x_wconf 88' lang='lat' dir='ltr'>et</span> <span class='ocrx_word' id='word_1_337' title='bbox 600 4444 816 4501; x_wconf 88' lang='lat' dir='ltr'>mediat</span> <span class='ocrx_word' id='word_1_338' title='bbox 838 4446 985 4503; x_wconf 91' lang='lat' dir='ltr'>inter</span> <span class='ocrx_word' id='word_1_339' title='bbox 1014 4452 1333 4519; x_wconf 88' lang='lat' dir='ltr'>utramque.</span> <span class='ocrx_word' id='word_1_340' title='bbox 1365 4446 1519 4501; x_wconf 89' lang='lat' dir='ltr'>Sicut</span> 
     </span>
     <span class='ocr_line' id='line_1_52' title="bbox 159 4526 1518 4600; baseline 0 -18"><span class='ocrx_word' id='word_1_341' title='bbox 159 4526 329 4600; x_wconf 84' lang='lat' dir='ltr'>igitur</span> <span class='ocrx_word' id='word_1_342' title='bbox 359 4527 674 4583; x_wconf 84' lang='lat' dir='ltr'>necessitas</span> <span class='ocrx_word' id='word_1_343' title='bbox 701 4526 868 4599; x_wconf 89' lang='lat' dir='ltr'>hujus</span> <span class='ocrx_word' id='word_1_344' title='bbox 904 4543 1209 4584; x_wconf 70' lang='lat' dir='ltr'>concursus</span> <span class='ocrx_word' id='word_1_345' title='bbox 1238 4543 1353 4582; x_wconf 92' lang='lat' dir='ltr'>non</span> <span class='ocrx_word' id='word_1_346' title='bbox 1401 4527 1518 4582; x_wconf 90' lang='lat' dir='ltr'>im-</span> 
     </span>
     <span class='ocr_line' id='line_1_53' title="bbox 161 4607 1518 4678; baseline 0 -16"><span class='ocrx_word' id='word_1_347' title='bbox 161 4607 326 4677; x_wconf 84' lang='lat' dir='ltr'>pedit,</span> <span class='ocrx_word' id='word_1_348' title='bbox 369 4607 522 4678; x_wconf 76' lang='lat' dir='ltr'>quIn</span> <span class='ocrx_word' id='word_1_349' title='bbox 550 4607 819 4661; x_wconf 84' lang='lat' dir='ltr'>voluntas</span> <span class='ocrx_word' id='word_1_350' title='bbox 867 4614 1052 4664; x_wconf 88' lang='lat' dir='ltr'>creata</span> <span class='ocrx_word' id='word_1_351' title='bbox 1092 4608 1281 4664; x_wconf 91' lang='lat' dir='ltr'>eliciat</span> <span class='ocrx_word' id='word_1_352' title='bbox 1307 4608 1518 4662; x_wconf 90' lang='lat' dir='ltr'>imme-</span> 
     </span>
     <span class='ocr_line' id='line_1_54' title="bbox 161 4684 1519 4759; baseline -0.001 -18"><span class='ocrx_word' id='word_1_353' title='bbox 161 4687 306 4743; x_wconf 88' lang='lat' dir='ltr'>diate</span> <span class='ocrx_word' id='word_1_354' title='bbox 357 4702 534 4741; x_wconf 89' lang='lat' dir='ltr'>suam</span> <span class='ocrx_word' id='word_1_355' title='bbox 585 4686 995 4758; x_wconf 85' lang='lat' dir='ltr'>operationem,</span> <span class='ocrx_word' id='word_1_356' title='bbox 1042 4693 1402 4759; x_wconf 84' lang='lat' dir='ltr'>transeatque</span> <span class='ocrx_word' id='word_1_357' title='bbox 1448 4684 1519 4742; x_wconf 87' lang='lat' dir='ltr'>ab</span> 
     </span>
     <span class='ocr_line' id='line_1_55' title="bbox 160 4765 1520 4839; baseline 0 -17"><span class='ocrx_word' id='word_1_358' title='bbox 160 4774 278 4824; x_wconf 85' lang='lat' dir='ltr'>actu</span> <span class='ocrx_word' id='word_1_359' title='bbox 304 4769 505 4839; x_wconf 90' lang='lat' dir='ltr'>primo</span> <span class='ocrx_word' id='word_1_360' title='bbox 529 4765 600 4821; x_wconf 93' lang='lat' dir='ltr'>ad</span> <span class='ocrx_word' id='word_1_361' title='bbox 629 4766 942 4823; x_wconf 87' lang='lat' dir='ltr'>secundum</span> <span class='ocrx_word' id='word_1_362' title='bbox 974 4769 1083 4824; x_wconf 90' lang='lat' dir='ltr'>:ita</span> <span class='ocrx_word' id='word_1_363' title='bbox 1109 4784 1212 4825; x_wconf 89' lang='lat' dir='ltr'>nec</span> <span class='ocrx_word' id='word_1_364' title='bbox 1246 4767 1303 4823; x_wconf 92' lang='lat' dir='ltr'>id</span> <span class='ocrx_word' id='word_1_365' title='bbox 1333 4769 1520 4839; x_wconf 49' lang='lat' dir='ltr'>impes:</span> 
     </span>
     <span class='ocr_line' id='line_1_56' title="bbox 155 4845 1520 4918; baseline 0.002 -18"><span class='ocrx_word' id='word_1_366' title='bbox 155 4847 238 4902; x_wconf 89' lang='lat' dir='ltr'>dit</span> <span class='ocrx_word' id='word_1_367' title='bbox 262 4847 557 4903; x_wconf 86' lang='lat' dir='ltr'>auxilium</span> <span class='ocrx_word' id='word_1_368' title='bbox 591 4845 874 4918; x_wconf 79' lang='lat' dir='ltr'>praevium</span> <span class='ocrx_word' id='word_1_369' title='bbox 899 4864 969 4904; x_wconf 83' lang='lat' dir='ltr'>ex</span> <span class='ocrx_word' id='word_1_370' title='bbox 993 4865 1068 4914; x_wconf 91' lang='lat' dir='ltr'>se,</span> <span class='ocrx_word' id='word_1_371' title='bbox 1106 4852 1163 4906; x_wconf 92' lang='lat' dir='ltr'>et</span> <span class='ocrx_word' id='word_1_372' title='bbox 1183 4847 1253 4904; x_wconf 90' lang='lat' dir='ltr'>ab</span> <span class='ocrx_word' id='word_1_373' title='bbox 1301 4848 1520 4904; x_wconf 89' lang='lat' dir='ltr'>intrin-</span> 
     </span>
     <span class='ocr_line' id='line_1_57' title="bbox 155 4925 1515 5000; baseline 0 -17"><span class='ocrx_word' id='word_1_374' title='bbox 155 4944 278 4985; x_wconf 77' lang='lat' dir='ltr'>seco</span> <span class='ocrx_word' id='word_1_375' title='bbox 301 4928 529 4984; x_wconf 83' lang='lat' dir='ltr'>efficax.</span> <span class='ocrx_word' id='word_1_376' title='bbox 557 4928 628 4982; x_wconf 82' lang='lat' dir='ltr'>Et</span> <span class='ocrx_word' id='word_1_377' title='bbox 673 4925 821 4983; x_wconf 90' lang='lat' dir='ltr'>ratio</span> <span class='ocrx_word' id='word_1_378' title='bbox 846 4932 925 4983; x_wconf 89' lang='lat' dir='ltr'>est</span> <span class='ocrx_word' id='word_1_379' title='bbox 951 4929 1147 4988; x_wconf 88' lang='lat' dir='ltr'>eadem</span> <span class='ocrx_word' id='word_1_380' title='bbox 1193 4928 1515 5000; x_wconf 89' lang='lat' dir='ltr'>utrobique,</span> 
     </span>
    </p>
   </div>
   <div class='ocr_carea' id='block_1_5' title="bbox 1660 494 3239 1945">
    <p class='ocr_par' dir='ltr' id='par_1_5' title="bbox 1660 494 3239 1945">
     <span class='ocr_line' id='line_1_58' title="bbox 1668 494 3028 575; baseline 0.007 -27"><span class='ocrx_word' id='word_1_381' title='bbox 1668 494 1945 565; x_wconf 87' lang='lat' dir='ltr'>quoniam</span> <span class='ocrx_word' id='word_1_382' title='bbox 1985 514 2088 556; x_wconf 90' lang='lat' dir='ltr'>nec</span> <span class='ocrx_word' id='word_1_383' title='bbox 2130 515 2435 559; x_wconf 83' lang='lat' dir='ltr'>concursus</span> <span class='ocrx_word' id='word_1_384' title='bbox 2463 501 2734 575; x_wconf 79' lang='lat' dir='ltr'>praevius,</span> <span class='ocrx_word' id='word_1_385' title='bbox 2793 516 2896 557; x_wconf 91' lang='lat' dir='ltr'>nec</span> <span class='ocrx_word' id='word_1_386' title='bbox 2940 501 3028 556; x_wconf 90' lang='lat' dir='ltr'>si-</span> 
     </span>
     <span class='ocr_line' id='line_1_59' title="bbox 1669 574 3022 653; baseline 0.005 -25"><span class='ocrx_word' id='word_1_387' title='bbox 1669 574 1997 633; x_wconf 88' lang='lat' dir='ltr'>multaneus</span> <span class='ocrx_word' id='word_1_388' title='bbox 2011 582 2325 653; x_wconf 88' lang='lat' dir='ltr'>requiritur</span> <span class='ocrx_word' id='word_1_389' title='bbox 2339 587 2398 637; x_wconf 91' lang='lat' dir='ltr'>ut</span> <span class='ocrx_word' id='word_1_390' title='bbox 2411 581 2711 639; x_wconf 80' lang='lat' dir='ltr'>conferens</span> <span class='ocrx_word' id='word_1_391' title='bbox 2728 581 3022 647; x_wconf 87' lang='lat' dir='ltr'>virtutem,</span> 
     </span>
     <span class='ocr_line' id='line_1_60' title="bbox 1670 654 3018 732; baseline 0.004 -24"><span class='ocrx_word' id='word_1_392' title='bbox 1670 654 2132 719; x_wconf 76' lang='lat' dir='ltr'>velconstituens</span> <span class='ocrx_word' id='word_1_393' title='bbox 2151 666 2338 716; x_wconf 88' lang='lat' dir='ltr'>actum</span> <span class='ocrx_word' id='word_1_394' title='bbox 2377 658 2791 732; x_wconf 90' lang='lat' dir='ltr'>primum;sed</span> <span class='ocrx_word' id='word_1_395' title='bbox 2828 660 3018 715; x_wconf 79' lang='lat' dir='ltr'>solum</span> 
     </span>
     <span class='ocr_line' id='line_1_61' title="bbox 1670 735 3025 812; baseline 0.003 -23"><span class='ocrx_word' id='word_1_396' title='bbox 1670 746 1770 803; x_wconf 87' lang='lat' dir='ltr'>per</span> <span class='ocrx_word' id='word_1_397' title='bbox 1791 735 2028 793; x_wconf 88' lang='lat' dir='ltr'>modum</span> <span class='ocrx_word' id='word_1_398' title='bbox 2044 740 2401 812; x_wconf 79' lang='lat' dir='ltr'>applicantiS,</span> <span class='ocrx_word' id='word_1_399' title='bbox 2422 739 2666 795; x_wconf 90' lang='lat' dir='ltr'>etsimul</span> <span class='ocrx_word' id='word_1_400' title='bbox 2687 738 3025 812; x_wconf 86' lang='lat' dir='ltr'>attingentis</span> 
     </span>
     <span class='ocr_line' id='line_1_62' title="bbox 1667 815 3027 883; baseline 0.007 -17"><span class='ocrx_word' id='word_1_401' title='bbox 1667 815 2059 883; x_wconf 88' lang='lat' dir='ltr'>operationem</span> <span class='ocrx_word' id='word_1_402' title='bbox 2093 840 2105 875; x_wconf 73' lang='grc' dir='ltr'><strong><em>ε</em></strong></span> <span class='ocrx_word' id='word_1_403' title='bbox 2134 819 2283 877; x_wconf 91' lang='lat' dir='ltr'>unde</span> <span class='ocrx_word' id='word_1_404' title='bbox 2307 829 2421 876; x_wconf 86' lang='lat' dir='ltr'>non</span> <span class='ocrx_word' id='word_1_405' title='bbox 2445 821 2655 876; x_wconf 90' lang='lat' dir='ltr'>tollunt</span> <span class='ocrx_word' id='word_1_406' title='bbox 2676 835 2709 874; x_wconf 90' lang='lat' dir='ltr'>a</span> <span class='ocrx_word' id='word_1_407' title='bbox 2731 820 3027 876; x_wconf 81' lang='lat' dir='ltr'>voluntate</span> 
     </span>
     <span class='ocr_line' id='line_1_63' title="bbox 1665 898 3022 966; baseline 0.006 -18"><span class='ocrx_word' id='word_1_408' title='bbox 1665 901 1852 951; x_wconf 88' lang='lat' dir='ltr'>creata</span> <span class='ocrx_word' id='word_1_409' title='bbox 1885 898 2375 958; x_wconf 86' lang='lat' dir='ltr'>immediationem</span> <span class='ocrx_word' id='word_1_410' title='bbox 2422 901 2673 966; x_wconf 57' lang='lat' dir='ltr'>virtum,</span> <span class='ocrx_word' id='word_1_411' title='bbox 2704 901 2827 956; x_wconf 84' lang='lat' dir='ltr'>sive</span> <span class='ocrx_word' id='word_1_412' title='bbox 2855 906 3022 956; x_wconf 89' lang='lat' dir='ltr'>tran-</span> 
     </span>
     <span class='ocr_line' id='line_1_64' title="bbox 1665 972 3022 1053; baseline 0.008 -26"><span class='ocrx_word' id='word_1_413' title='bbox 1665 972 1840 1030; x_wconf 88' lang='lat' dir='ltr'>situm</span> <span class='ocrx_word' id='word_1_414' title='bbox 1870 977 2272 1036; x_wconf 88' lang='lat' dir='ltr'>immediatum</span> <span class='ocrx_word' id='word_1_415' title='bbox 2299 980 2369 1037; x_wconf 92' lang='lat' dir='ltr'>ab</span> <span class='ocrx_word' id='word_1_416' title='bbox 2397 988 2523 1037; x_wconf 90' lang='lat' dir='ltr'>actu</span> <span class='ocrx_word' id='word_1_417' title='bbox 2575 981 2763 1053; x_wconf 89' lang='lat' dir='ltr'>primo</span> <span class='ocrx_word' id='word_1_418' title='bbox 2810 979 2881 1036; x_wconf 91' lang='lat' dir='ltr'>ad</span> <span class='ocrx_word' id='word_1_419' title='bbox 2926 995 3022 1038; x_wconf 91' lang='lat' dir='ltr'>se-</span> 
     </span>
     <span class='ocr_line' id='line_1_65' title="bbox 1666 1055 3019 1136; baseline 0.006 -26"><span class='ocrx_word' id='word_1_420' title='bbox 1666 1055 1937 1115; x_wconf 89' lang='lat' dir='ltr'>cundum.</span> <span class='ocrx_word' id='word_1_421' title='bbox 1970 1061 2148 1127; x_wconf 91' lang='lat' dir='ltr'>Quod,</span> <span class='ocrx_word' id='word_1_422' title='bbox 2204 1068 2260 1118; x_wconf 90' lang='lat' dir='ltr'>et</span> <span class='ocrx_word' id='word_1_423' title='bbox 2286 1062 2435 1118; x_wconf 89' lang='lat' dir='ltr'>nihil</span> <span class='ocrx_word' id='word_1_424' title='bbox 2464 1063 2734 1135; x_wconf 84' lang='lat' dir='ltr'>amplius,</span> <span class='ocrx_word' id='word_1_425' title='bbox 2790 1060 3019 1136; x_wconf 85' lang='lat' dir='ltr'>signifi-</span> 
     </span>
     <span class='ocr_line' id='line_1_66' title="bbox 1666 1139 2870 1217; baseline 0.003 -23"><span class='ocrx_word' id='word_1_426' title='bbox 1666 1144 1794 1195; x_wconf 89' lang='lat' dir='ltr'>cant</span> <span class='ocrx_word' id='word_1_427' title='bbox 1818 1139 1992 1198; x_wconf 89' lang='lat' dir='ltr'>verba</span> <span class='ocrx_word' id='word_1_428' title='bbox 2020 1142 2121 1198; x_wconf 90' lang='lat' dir='ltr'>illa</span> <span class='ocrx_word' id='word_1_429' title='bbox 2143 1144 2456 1202; x_wconf 86' lang='lat' dir='ltr'>testimonii</span> <span class='ocrx_word' id='word_1_430' title='bbox 2477 1161 2651 1217; x_wconf 89' lang='lat' dir='ltr'>supra</span> <span class='ocrx_word' id='word_1_431' title='bbox 2682 1143 2870 1199; x_wconf 87' lang='lat' dir='ltr'>relati.</span> 
     </span>
     <span class='ocr_line' id='line_1_67' title="bbox 1739 1223 3239 1293; baseline 0.006 -16"><span class='ocrx_word' id='word_1_432' title='bbox 1739 1223 2132 1281; x_wconf 87' lang='lat' dir='ltr'>Tertullianus</span> <span class='ocrx_word' id='word_1_433' title='bbox 2158 1230 2367 1293; x_wconf 70' lang='lat' dir='ltr'>autem,</span> <span class='ocrx_word' id='word_1_434' title='bbox 2386 1227 2435 1281; x_wconf 88' lang='lat' dir='ltr'>si</span> <span class='ocrx_word' id='word_1_435' title='bbox 2465 1226 2520 1282; x_wconf 90' lang='lat' dir='ltr'>id</span> <span class='ocrx_word' id='word_1_436' title='bbox 2546 1242 2747 1283; x_wconf 89' lang='lat' dir='ltr'>revera</span> <span class='ocrx_word' id='word_1_437' title='bbox 2769 1224 3014 1291; x_wconf 86' lang='lat' dir='ltr'>doceret,</span> <span class='ocrx_word' id='word_1_438' title='bbox 3032 1245 3239 1289; x_wconf 71' lang='lat' dir='ltr'>&#39;resumo-</span> 
     </span>
     <span class='ocr_line' id='line_1_68' title="bbox 1663 1294 3212 1387; baseline 0.003 -27"><span class='ocrx_word' id='word_1_439' title='bbox 1663 1305 1812 1377; x_wconf 92' lang='lat' dir='ltr'>quod</span> <span class='ocrx_word' id='word_1_440' title='bbox 1837 1305 1960 1378; x_wconf 86' lang='lat' dir='ltr'>ejus</span> <span class='ocrx_word' id='word_1_441' title='bbox 1993 1306 2166 1363; x_wconf 90' lang='lat' dir='ltr'>verba</span> <span class='ocrx_word' id='word_1_442' title='bbox 2197 1307 2385 1379; x_wconf 90' lang='lat' dir='ltr'>primo</span> <span class='ocrx_word' id='word_1_443' title='bbox 2412 1313 2637 1380; x_wconf 88' lang='lat' dir='ltr'>aspectu</span> <span class='ocrx_word' id='word_1_444' title='bbox 2690 1306 3021 1381; x_wconf 88' lang='lat' dir='ltr'>significare</span> <span class='ocrx_word' id='word_1_445' title='bbox 3049 1294 3212 1387; x_wconf 57' lang='grc' dir='ltr'>Ίὶξξρῗξι,</span> 
     </span>
     <span class='ocr_line' id='line_1_69' title="bbox 1666 1383 3219 1453; baseline 0.003 -14"><span class='ocrx_word' id='word_1_446' title='bbox 1666 1383 1953 1450; x_wconf 89' lang='lat' dir='ltr'>videntur,</span> <span class='ocrx_word' id='word_1_447' title='bbox 1987 1385 2304 1443; x_wconf 89' lang='lat' dir='ltr'>audiendus</span> <span class='ocrx_word' id='word_1_448' title='bbox 2331 1402 2449 1443; x_wconf 91' lang='lat' dir='ltr'>non</span> <span class='ocrx_word' id='word_1_449' title='bbox 2470 1392 2611 1453; x_wconf 88' lang='lat' dir='ltr'>erat,</span> <span class='ocrx_word' id='word_1_450' title='bbox 2643 1385 2739 1442; x_wconf 91' lang='lat' dir='ltr'>sed</span> <span class='ocrx_word' id='word_1_451' title='bbox 2763 1403 2892 1442; x_wconf 91' lang='lat' dir='ltr'>cum</span> <span class='ocrx_word' id='word_1_452' title='bbox 2920 1388 3131 1443; x_wconf 72' lang='lat' dir='ltr'>Pe—liani</span> <span class='ocrx_word' id='word_1_453' title='bbox 3150 1404 3219 1435; x_wconf 78' lang='lat' dir='ltr'>vo-</span> 
     </span>
     <span class='ocr_line' id='line_1_70' title="bbox 1665 1442 3223 1542; baseline 0.003 -21"><span class='ocrx_word' id='word_1_454' title='bbox 1665 1466 1815 1540; x_wconf 92' lang='lat' dir='ltr'>lagio</span> <span class='ocrx_word' id='word_1_455' title='bbox 1839 1468 2213 1542; x_wconf 88' lang='lat' dir='ltr'>rejiciendus;</span> <span class='ocrx_word' id='word_1_456' title='bbox 2239 1484 2375 1525; x_wconf 90' lang='lat' dir='ltr'>nam</span> <span class='ocrx_word' id='word_1_457' title='bbox 2406 1469 2599 1525; x_wconf 90' lang='lat' dir='ltr'>innuit</span> <span class='ocrx_word' id='word_1_458' title='bbox 2625 1472 2805 1526; x_wconf 92' lang='lat' dir='ltr'>Deum</span> <span class='ocrx_word' id='word_1_459' title='bbox 2826 1471 3014 1526; x_wconf 90' lang='lat' dir='ltr'>solum</span> <span class='ocrx_word' id='word_1_460' title='bbox 3030 1442 3223 1536; x_wconf 55' lang='grc' dir='ltr'>ῗχζᾜέἆι,</span> 
     </span>
     <span class='ocr_line' id='line_1_71' title="bbox 1663 1546 3018 1622; baseline 0.003 -20"><span class='ocrx_word' id='word_1_461' title='bbox 1663 1546 1924 1605; x_wconf 81' lang='lat' dir='ltr'>conferre</span> <span class='ocrx_word' id='word_1_462' title='bbox 1938 1550 2221 1605; x_wconf 80' lang='lat' dir='ltr'>auxilium</span> <span class='ocrx_word' id='word_1_463' title='bbox 2245 1548 2637 1621; x_wconf 88' lang='lat' dir='ltr'>possibilitatis</span> <span class='ocrx_word' id='word_1_464' title='bbox 2651 1549 3018 1622; x_wconf 90' lang='lat' dir='ltr'>producendo</span> 
     </span>
     <span class='ocr_line' id='line_1_72' title="bbox 1664 1628 3031 1705; baseline 0.002 -21"><span class='ocrx_word' id='word_1_465' title='bbox 1664 1628 1913 1685; x_wconf 87' lang='lat' dir='ltr'>liberum</span> <span class='ocrx_word' id='word_1_466' title='bbox 1961 1629 2269 1687; x_wconf 89' lang='lat' dir='ltr'>arbitrium</span> <span class='ocrx_word' id='word_1_467' title='bbox 2285 1638 2377 1697; x_wconf 90' lang='lat' dir='ltr'>;et</span> <span class='ocrx_word' id='word_1_468' title='bbox 2429 1630 2533 1688; x_wconf 92' lang='lat' dir='ltr'>hoc</span> <span class='ocrx_word' id='word_1_469' title='bbox 2569 1638 2745 1705; x_wconf 88' lang='lat' dir='ltr'>pacto,</span> <span class='ocrx_word' id='word_1_470' title='bbox 2775 1648 3031 1688; x_wconf 38' lang='lat' dir='ltr'>manum*</span> 
     </span>
     <span class='ocr_line' id='line_1_73' title="bbox 1661 1709 3016 1778; baseline 0.004 -14"><span class='ocrx_word' id='word_1_471' title='bbox 1661 1709 2017 1778; x_wconf 88' lang='lat' dir='ltr'>subtrahere,</span> <span class='ocrx_word' id='word_1_472' title='bbox 2044 1717 2098 1767; x_wconf 88' lang='lat' dir='ltr'>et</span> <span class='ocrx_word' id='word_1_473' title='bbox 2128 1727 2245 1768; x_wconf 91' lang='lat' dir='ltr'>non</span> <span class='ocrx_word' id='word_1_474' title='bbox 2271 1712 2535 1768; x_wconf 85' lang='lat' dir='ltr'>conferre</span> <span class='ocrx_word' id='word_1_475' title='bbox 2579 1715 2866 1769; x_wconf 85' lang='lat' dir='ltr'>auxilium</span> <span class='ocrx_word' id='word_1_476' title='bbox 2919 1730 3016 1770; x_wconf 90' lang='lat' dir='ltr'>ac-</span> 
     </span>
     <span class='ocr_line' id='line_1_74' title="bbox 1663 1790 3011 1865; baseline 0.002 -20"><span class='ocrx_word' id='word_1_477' title='bbox 1663 1790 1855 1857; x_wconf 80' lang='lat' dir='ltr'>tionis,</span> <span class='ocrx_word' id='word_1_478' title='bbox 1879 1790 1978 1846; x_wconf 90' lang='lat' dir='ltr'>sed</span> <span class='ocrx_word' id='word_1_479' title='bbox 2003 1796 2202 1847; x_wconf 81' lang='lat' dir='ltr'>caetera</span> <span class='ocrx_word' id='word_1_480' title='bbox 2222 1797 2422 1849; x_wconf 86' lang='lat' dir='ltr'>cuncta</span> <span class='ocrx_word' id='word_1_481' title='bbox 2444 1792 2623 1865; x_wconf 90' lang='lat' dir='ltr'>ipsius</span> <span class='ocrx_word' id='word_1_482' title='bbox 2649 1792 3011 1865; x_wconf 86' lang='lat' dir='ltr'>dispositioni</span> 
     </span>
     <span class='ocr_line' id='line_1_75' title="bbox 1660 1870 3016 1945; baseline 0.001 -20"><span class='ocrx_word' id='word_1_483' title='bbox 1660 1871 2036 1926; x_wconf 88' lang='lat' dir='ltr'>committere.</span> <span class='ocrx_word' id='word_1_484' title='bbox 2068 1870 2226 1934; x_wconf 88' lang='lat' dir='ltr'>Quod</span> <span class='ocrx_word' id='word_1_485' title='bbox 2268 1872 2331 1927; x_wconf 92' lang='lat' dir='ltr'>in</span> <span class='ocrx_word' id='word_1_486' title='bbox 2367 1872 2598 1945; x_wconf 87' lang='lat' dir='ltr'>Pelagio</span> <span class='ocrx_word' id='word_1_487' title='bbox 2646 1871 3016 1945; x_wconf 87' lang='lat' dir='ltr'>reprehendit</span> 
     </span>
    </p>
   </div>
   <div class='ocr_carea' id='block_1_6' title="bbox 1598 1949 3194 2024">
    <p class='ocr_par' dir='ltr' id='par_1_6' title="bbox 1598 1949 3194 2024">
     <span class='ocr_line' id='line_1_76' title="bbox 1598 1949 3194 2024; baseline 0.002 -22"><span class='ocrx_word' id='word_1_488' title='bbox 1598 1956 1606 1963; x_wconf 84' lang='lat'>&#39;</span> <span class='ocrx_word' id='word_1_489' title='bbox 1664 1951 1726 2005; x_wconf 91' lang='lat' dir='ltr'>D.</span> <span class='ocrx_word' id='word_1_490' title='bbox 1752 1949 2103 2023; x_wconf 84' lang='lat' dir='ltr'>Augustinus</span> <span class='ocrx_word' id='word_1_491' title='bbox 2124 1950 2216 2006; x_wconf 79' lang='lat' dir='ltr'>tib.</span> <span class='ocrx_word' id='word_1_492' title='bbox 2250 1951 2313 2006; x_wconf 84' lang='lat' dir='ltr'>de</span> <span class='ocrx_word' id='word_1_493' title='bbox 2338 1954 2522 2021; x_wconf 71' lang='lat' dir='ltr'>qratia</span> <span class='ocrx_word' id='word_1_494' title='bbox 2551 1952 2781 2017; x_wconf 79' lang='lat' dir='ltr'>Christi,</span> <span class='ocrx_word' id='word_1_495' title='bbox 2808 1969 2927 2024; x_wconf 83' lang='lat' dir='ltr'>cap.</span> <span class='ocrx_word' id='word_1_496' title='bbox 2957 1953 3011 2016; x_wconf 82' lang='lat'>5,</span> <span class='ocrx_word' id='word_1_497' title='bbox 3054 1956 3092 1995; x_wconf 88' lang='lat' dir='ltr'>D</span> <span class='ocrx_word' id='word_1_498' title='bbox 3111 1956 3194 1997; x_wconf 76' lang='lat' dir='ltr'>Au-</span> 
     </span>
    </p>
   </div>
   <div class='ocr_carea' id='block_1_7' title="bbox 1649 2006 3235 4518">
    <p class='ocr_par' dir='ltr' id='par_1_7' title="bbox 1660 2006 3235 2187">
     <span class='ocr_line' id='line_1_77' title="bbox 1660 2006 3235 2104; baseline 0.004 -21"><span class='ocrx_word' id='word_1_499' title='bbox 1660 2027 1759 2084; x_wconf 92' lang='lat' dir='ltr'>ubi</span> <span class='ocrx_word' id='word_1_500' title='bbox 1813 2031 1894 2084; x_wconf 90' lang='lat' dir='ltr'>ait</span> <span class='ocrx_word' id='word_1_501' title='bbox 1943 2050 1955 2086; x_wconf 89' lang='lat'>:</span> <span class='ocrx_word' id='word_1_502' title='bbox 2011 2053 2037 2082; x_wconf 78' lang='grc' dir='ltr'><strong>α</strong></span> <span class='ocrx_word' id='word_1_503' title='bbox 2079 2029 2560 2103; x_wconf 90' lang='lat' dir='ltr'>Quandocumque</span> <span class='ocrx_word' id='word_1_504' title='bbox 2601 2032 2863 2104; x_wconf 89' lang='lat' dir='ltr'>legimus,</span> <span class='ocrx_word' id='word_1_505' title='bbox 2921 2006 3235 2088; x_wconf 53' lang='lat' dir='ltr'>vel⁸¹¹⁵¹³⁰¹¹³⁸</span> 
     </span>
     <span class='ocr_line' id='line_1_78' title="bbox 1667 2109 3012 2187; baseline 0.005 -24"><span class='ocrx_word' id='word_1_506' title='bbox 1667 2132 1692 2163; x_wconf 83' lang='lat'>«</span> <span class='ocrx_word' id='word_1_507' title='bbox 1735 2109 2001 2166; x_wconf 90' lang='lat' dir='ltr'>audimus</span> <span class='ocrx_word' id='word_1_508' title='bbox 2021 2128 2153 2168; x_wconf 89' lang='lat' dir='ltr'>eum</span> <span class='ocrx_word' id='word_1_509' title='bbox 2176 2111 2391 2169; x_wconf 82' lang='lat' dir='ltr'>divinae</span> <span class='ocrx_word' id='word_1_510' title='bbox 2418 2115 2617 2187; x_wconf 58' lang='lat' dir='ltr'>gratiae</span> <span class='ocrx_word' id='word_1_511' title='bbox 2662 2112 3012 2185; x_wconf 88' lang='lat' dir='ltr'>adjutorium</span> 
     </span>
    </p>

    <p class='ocr_par' dir='ltr' id='par_1_8' title="bbox 1666 2189 3016 2258">
     <span class='ocr_line' id='line_1_79' title="bbox 1666 2189 3016 2258; baseline 0.003 -15"><span class='ocrx_word' id='word_1_512' title='bbox 1666 2212 1691 2243; x_wconf 77' lang='grc' dir='ltr'>α</span> <span class='ocrx_word' id='word_1_513' title='bbox 1732 2189 2014 2258; x_wconf 85' lang='lat' dir='ltr'>confiteri,</span> <span class='ocrx_word' id='word_1_514' title='bbox 2039 2196 2099 2246; x_wconf 89' lang='lat' dir='ltr'>ut</span> <span class='ocrx_word' id='word_1_515' title='bbox 2125 2207 2157 2248; x_wconf 90' lang='lat' dir='ltr'>a</span> <span class='ocrx_word' id='word_1_516' title='bbox 2178 2192 2330 2248; x_wconf 91' lang='lat' dir='ltr'>malo</span> <span class='ocrx_word' id='word_1_517' title='bbox 2357 2191 2729 2256; x_wconf 79' lang='lat' dir='ltr'>declinemuS,</span> <span class='ocrx_word' id='word_1_518' title='bbox 2759 2191 3016 2249; x_wconf 88' lang='lat' dir='ltr'>bonum-</span> 
     </span>
    </p>

    <p class='ocr_par' dir='ltr' id='par_1_9' title="bbox 1666 2271 3010 2346">
     <span class='ocr_line' id='line_1_80' title="bbox 1666 2271 3010 2346; baseline 0.005 -23"><span class='ocrx_word' id='word_1_519' title='bbox 1666 2293 1690 2323; x_wconf 80' lang='lat'>«</span> <span class='ocrx_word' id='word_1_520' title='bbox 1731 2271 2142 2343; x_wconf 79' lang='lat' dir='ltr'>queraciamus,</span> <span class='ocrx_word' id='word_1_521' title='bbox 2162 2272 2362 2328; x_wconf 88' lang='lat' dir='ltr'>sivein</span> <span class='ocrx_word' id='word_1_522' title='bbox 2385 2274 2523 2346; x_wconf 89' lang='lat' dir='ltr'>lege,</span> <span class='ocrx_word' id='word_1_523' title='bbox 2541 2282 2705 2346; x_wconf 89' lang='lat' dir='ltr'>atque</span> <span class='ocrx_word' id='word_1_524' title='bbox 2727 2274 3010 2338; x_wconf 89' lang='lat' dir='ltr'>doctrina,</span> 
     </span>
    </p>

    <p class='ocr_par' dir='ltr' id='par_1_10' title="bbox 1665 2353 3008 2427">
     <span class='ocr_line' id='line_1_81' title="bbox 1665 2353 3008 2427; baseline 0.002 -20"><span class='ocrx_word' id='word_1_525' title='bbox 1665 2376 1690 2407; x_wconf 87' lang='lat'>«</span> <span class='ocrx_word' id='word_1_526' title='bbox 1731 2355 1855 2409; x_wconf 90' lang='lat' dir='ltr'>sive</span> <span class='ocrx_word' id='word_1_527' title='bbox 1893 2353 2133 2411; x_wconf 85' lang='lat' dir='ltr'>ubilibet</span> <span class='ocrx_word' id='word_1_528' title='bbox 2183 2354 2488 2410; x_wconf 89' lang='lat' dir='ltr'>constituat</span> <span class='ocrx_word' id='word_1_529' title='bbox 2506 2377 2519 2419; x_wconf 95' lang='lat'>;</span> <span class='ocrx_word' id='word_1_530' title='bbox 2575 2355 2819 2411; x_wconf 87' lang='lat' dir='ltr'>sciamus</span> <span class='ocrx_word' id='word_1_531' title='bbox 2870 2354 3008 2427; x_wconf 91' lang='lat' dir='ltr'>quid</span> 
     </span>
    </p>

    <p class='ocr_par' dir='ltr' id='par_1_11' title="bbox 1664 2433 3010 2508">
     <span class='ocr_line' id='line_1_82' title="bbox 1664 2433 3010 2508; baseline 0.004 -21"><span class='ocrx_word' id='word_1_532' title='bbox 1664 2457 1690 2488; x_wconf 87' lang='lat'>«</span> <span class='ocrx_word' id='word_1_533' title='bbox 1733 2433 2004 2507; x_wconf 87' lang='lat' dir='ltr'>loquitur,</span> <span class='ocrx_word' id='word_1_534' title='bbox 2034 2450 2105 2491; x_wconf 93' lang='lat' dir='ltr'>ne</span> <span class='ocrx_word' id='word_1_535' title='bbox 2130 2450 2391 2491; x_wconf 87' lang='lat' dir='ltr'>erremus</span> <span class='ocrx_word' id='word_1_536' title='bbox 2413 2435 2581 2490; x_wconf 84' lang='lat' dir='ltr'>aliter</span> <span class='ocrx_word' id='word_1_537' title='bbox 2608 2435 3010 2508; x_wconf 89' lang='lat' dir='ltr'>intelligendo,</span> 
     </span>
    </p>

    <p class='ocr_par' dir='ltr' id='par_1_12' title="bbox 1664 2514 3016 2588">
     <span class='ocr_line' id='line_1_83' title="bbox 1664 2514 3016 2588; baseline 0.004 -20"><span class='ocrx_word' id='word_1_538' title='bbox 1664 2538 1689 2568; x_wconf 78' lang='grc' dir='ltr'>α</span> <span class='ocrx_word' id='word_1_539' title='bbox 1733 2532 1902 2588; x_wconf 84' lang='lat' dir='ltr'>quam</span> <span class='ocrx_word' id='word_1_540' title='bbox 1935 2516 2125 2571; x_wconf 90' lang='lat' dir='ltr'>sentit.</span> <span class='ocrx_word' id='word_1_541' title='bbox 2153 2515 2308 2571; x_wconf 90' lang='lat' dir='ltr'>Scire</span> <span class='ocrx_word' id='word_1_542' title='bbox 2326 2514 2535 2587; x_wconf 88' lang='lat' dir='ltr'>quippe</span> <span class='ocrx_word' id='word_1_543' title='bbox 2548 2514 2839 2582; x_wconf 86' lang='lat' dir='ltr'>debemus,</span> <span class='ocrx_word' id='word_1_544' title='bbox 2866 2516 3016 2588; x_wconf 88' lang='lat' dir='ltr'>quod</span> 
     </span>
    </p>

    <p class='ocr_par' dir='ltr' id='par_1_13' title="bbox 1665 2596 3011 2658">
     <span class='ocr_line' id='line_1_84' title="bbox 1665 2596 3011 2658; baseline 0.002 -8"><span class='ocrx_word' id='word_1_545' title='bbox 1665 2619 1689 2650; x_wconf 76' lang='grc' dir='ltr'>α</span> <span class='ocrx_word' id='word_1_546' title='bbox 1733 2612 1836 2653; x_wconf 88' lang='lat' dir='ltr'>nec</span> <span class='ocrx_word' id='word_1_547' title='bbox 1866 2596 2216 2652; x_wconf 88' lang='lat' dir='ltr'>voluntatem</span> <span class='ocrx_word' id='word_1_548' title='bbox 2266 2601 2541 2658; x_wconf 89' lang='lat' dir='ltr'>nostram,</span> <span class='ocrx_word' id='word_1_549' title='bbox 2574 2612 2678 2652; x_wconf 87' lang='lat' dir='ltr'>nec</span> <span class='ocrx_word' id='word_1_550' title='bbox 2729 2598 3011 2653; x_wconf 89' lang='lat' dir='ltr'>actionem</span> 
     </span>
    </p>

    <p class='ocr_par' dir='ltr' id='par_1_14' title="bbox 1663 2673 3121 2829">
     <span class='ocr_line' id='line_1_85' title="bbox 1663 2673 3121 2747; baseline 0.003 -19"><span class='ocrx_word' id='word_1_551' title='bbox 1663 2698 1689 2728; x_wconf 76' lang='grc' dir='ltr'>α</span> <span class='ocrx_word' id='word_1_552' title='bbox 1732 2675 1931 2731; x_wconf 89' lang='lat' dir='ltr'>divino</span> <span class='ocrx_word' id='word_1_553' title='bbox 1954 2673 2211 2747; x_wconf 88' lang='lat' dir='ltr'>adjuvari</span> <span class='ocrx_word' id='word_1_554' title='bbox 2236 2674 2415 2732; x_wconf 88' lang='lat' dir='ltr'>credit</span> <span class='ocrx_word' id='word_1_555' title='bbox 2444 2676 2679 2743; x_wconf 86' lang='lat' dir='ltr'>auxilio,</span> <span class='ocrx_word' id='word_1_556' title='bbox 2707 2676 2801 2732; x_wconf 86' lang='lat' dir='ltr'>sed</span> <span class='ocrx_word' id='word_1_557' title='bbox 2824 2677 3011 2732; x_wconf 89' lang='lat' dir='ltr'>solum</span> <span class='ocrx_word' id='word_1_558' title='bbox 3108 2701 3121 2715; x_wconf 63' lang='lat'><strong>&lt;</strong></span> 
     </span>
     <span class='ocr_line' id='line_1_86' title="bbox 1663 2756 3004 2829; baseline 0.002 -20"><span class='ocrx_word' id='word_1_559' title='bbox 1663 2778 1689 2809; x_wconf 78' lang='grc' dir='ltr'><strong>α</strong></span> <span class='ocrx_word' id='word_1_560' title='bbox 1732 2756 2171 2828; x_wconf 87' lang='lat' dir='ltr'>possibilitatem</span> <span class='ocrx_word' id='word_1_561' title='bbox 2203 2756 2532 2821; x_wconf 74' lang='lat' dir='ltr'>voluntatiS,</span> <span class='ocrx_word' id='word_1_562' title='bbox 2584 2762 2750 2829; x_wconf 89' lang='lat' dir='ltr'>atque</span> <span class='ocrx_word' id='word_1_563' title='bbox 2792 2757 3004 2828; x_wconf 90' lang='lat' dir='ltr'>operis,</span> 
     </span>
    </p>

    <p class='ocr_par' dir='ltr' id='par_1_15' title="bbox 1663 2836 3009 2910">
     <span class='ocr_line' id='line_1_87' title="bbox 1663 2836 3009 2910; baseline 0.004 -20"><span class='ocrx_word' id='word_1_564' title='bbox 1663 2859 1689 2890; x_wconf 86' lang='lat'>«</span> <span class='ocrx_word' id='word_1_565' title='bbox 1732 2853 1903 2910; x_wconf 90' lang='lat' dir='ltr'>quam</span> <span class='ocrx_word' id='word_1_566' title='bbox 1925 2837 2107 2894; x_wconf 89' lang='lat' dir='ltr'>solam</span> <span class='ocrx_word' id='word_1_567' title='bbox 2157 2836 2218 2893; x_wconf 90' lang='lat' dir='ltr'>in</span> <span class='ocrx_word' id='word_1_568' title='bbox 2271 2836 2360 2893; x_wconf 91' lang='lat' dir='ltr'>his</span> <span class='ocrx_word' id='word_1_569' title='bbox 2412 2836 2596 2893; x_wconf 90' lang='lat' dir='ltr'>tribus</span> <span class='ocrx_word' id='word_1_570' title='bbox 2648 2853 2751 2908; x_wconf 90' lang='lat' dir='ltr'>nos</span> <span class='ocrx_word' id='word_1_571' title='bbox 2797 2836 3009 2896; x_wconf 86' lang='lat' dir='ltr'>habero</span> 
     </span>
    </p>

    <p class='ocr_par' dir='ltr' id='par_1_16' title="bbox 1662 2919 3010 2991">
     <span class='ocr_line' id='line_1_88' title="bbox 1662 2919 3010 2991; baseline 0.002 -20"><span class='ocrx_word' id='word_1_572' title='bbox 1662 2941 1688 2971; x_wconf 76' lang='grc' dir='ltr'>ιι</span> <span class='ocrx_word' id='word_1_573' title='bbox 1731 2920 1977 2975; x_wconf 85' lang='lat' dir='ltr'>affirmat</span> <span class='ocrx_word' id='word_1_574' title='bbox 2003 2933 2073 2974; x_wconf 88' lang='lat' dir='ltr'>ex</span> <span class='ocrx_word' id='word_1_575' title='bbox 2105 2921 2246 2984; x_wconf 85' lang='lat' dir='ltr'>Deo;</span> <span class='ocrx_word' id='word_1_576' title='bbox 2296 2924 2566 2991; x_wconf 88' lang='lat' dir='ltr'>tanquam</span> <span class='ocrx_word' id='word_1_577' title='bbox 2598 2919 2699 2975; x_wconf 90' lang='lat' dir='ltr'>hoc</span> <span class='ocrx_word' id='word_1_578' title='bbox 2738 2920 2810 2974; x_wconf 90' lang='lat' dir='ltr'>sit</span> <span class='ocrx_word' id='word_1_579' title='bbox 2839 2919 3010 2975; x_wconf 85' lang='lat' dir='ltr'>infir-</span> 
     </span>
    </p>

    <p class='ocr_par' dir='ltr' id='par_1_17' title="bbox 1663 2998 3009 3073">
     <span class='ocr_line' id='line_1_89' title="bbox 1663 2998 3009 3073; baseline 0.004 -20"><span class='ocrx_word' id='word_1_580' title='bbox 1663 3023 1688 3053; x_wconf 82' lang='grc' dir='ltr'>α</span> <span class='ocrx_word' id='word_1_581' title='bbox 1730 3017 1911 3067; x_wconf 90' lang='lat' dir='ltr'>mum,</span> <span class='ocrx_word' id='word_1_582' title='bbox 1944 2998 2092 3072; x_wconf 91' lang='lat' dir='ltr'>quod</span> <span class='ocrx_word' id='word_1_583' title='bbox 2138 3001 2257 3072; x_wconf 87' lang='lat' dir='ltr'>ipse</span> <span class='ocrx_word' id='word_1_584' title='bbox 2286 3003 2431 3056; x_wconf 89' lang='lat' dir='ltr'>Deus</span> <span class='ocrx_word' id='word_1_585' title='bbox 2459 3002 2642 3073; x_wconf 88' lang='lat' dir='ltr'>posuit</span> <span class='ocrx_word' id='word_1_586' title='bbox 2670 3000 2732 3056; x_wconf 93' lang='lat' dir='ltr'>in</span> <span class='ocrx_word' id='word_1_587' title='bbox 2781 3009 3009 3059; x_wconf 90' lang='lat' dir='ltr'>natura.</span> 
     </span>
    </p>

    <p class='ocr_par' dir='ltr' id='par_1_18' title="bbox 1661 3083 3013 3152">
     <span class='ocr_line' id='line_1_90' title="bbox 1661 3083 3013 3152; baseline 0.004 -20"><span class='ocrx_word' id='word_1_588' title='bbox 1661 3103 1685 3132; x_wconf 68' lang='grc' dir='ltr'>α</span> <span class='ocrx_word' id='word_1_589' title='bbox 1730 3083 1945 3137; x_wconf 84' lang='lat' dir='ltr'>Caetera</span> <span class='ocrx_word' id='word_1_590' title='bbox 1996 3095 2174 3146; x_wconf 88' lang='lat' dir='ltr'>vero,</span> <span class='ocrx_word' id='word_1_591' title='bbox 2232 3097 2356 3152; x_wconf 83' lang='lat' dir='ltr'>quae</span> <span class='ocrx_word' id='word_1_592' title='bbox 2401 3087 2596 3137; x_wconf 91' lang='lat' dir='ltr'>nostra</span> <span class='ocrx_word' id='word_1_593' title='bbox 2645 3097 2767 3138; x_wconf 82' lang='lat' dir='ltr'>esse</span> <span class='ocrx_word' id='word_1_594' title='bbox 2828 3083 3013 3138; x_wconf 74' lang='lat' dir='ltr'>voluit</span> 
     </span>
    </p>

    <p class='ocr_par' dir='ltr' id='par_1_19' title="bbox 1661 3160 3013 3233">
     <span class='ocr_line' id='line_1_91' title="bbox 1661 3160 3013 3233; baseline 0.005 -21"><span class='ocrx_word' id='word_1_595' title='bbox 1661 3182 1688 3212; x_wconf 70' lang='lat' dir='ltr'>&lt;t</span> <span class='ocrx_word' id='word_1_596' title='bbox 1728 3162 1957 3231; x_wconf 90' lang='lat' dir='ltr'>(nempe</span> <span class='ocrx_word' id='word_1_597' title='bbox 1982 3160 2126 3216; x_wconf 82' lang='lat' dir='ltr'>velle</span> <span class='ocrx_word' id='word_1_598' title='bbox 2163 3165 2219 3216; x_wconf 90' lang='lat' dir='ltr'>et</span> <span class='ocrx_word' id='word_1_599' title='bbox 2246 3162 2495 3233; x_wconf 89' lang='lat' dir='ltr'>operari)</span> <span class='ocrx_word' id='word_1_600' title='bbox 2517 3162 2595 3217; x_wconf 88' lang='lat' dir='ltr'>ita</span> <span class='ocrx_word' id='word_1_601' title='bbox 2610 3161 2729 3216; x_wconf 91' lang='lat' dir='ltr'>sint</span> <span class='ocrx_word' id='word_1_602' title='bbox 2756 3161 2928 3218; x_wconf 88' lang='lat' dir='ltr'>firma</span> <span class='ocrx_word' id='word_1_603' title='bbox 2954 3168 3013 3219; x_wconf 90' lang='lat' dir='ltr'>et</span> 
     </span>
    </p>

    <p class='ocr_par' dir='ltr' id='par_1_20' title="bbox 1661 3239 3000 3304">
     <span class='ocr_line' id='line_1_92' title="bbox 1661 3239 3000 3304; baseline 0.004 -11"><span class='ocrx_word' id='word_1_604' title='bbox 1661 3262 1686 3293; x_wconf 80' lang='grc' dir='ltr'><em>α</em></span> <span class='ocrx_word' id='word_1_605' title='bbox 1729 3239 1919 3304; x_wconf 83' lang='lat' dir='ltr'>fortia,</span> <span class='ocrx_word' id='word_1_606' title='bbox 1952 3245 2007 3296; x_wconf 91' lang='lat' dir='ltr'>et</span> <span class='ocrx_word' id='word_1_607' title='bbox 2026 3240 2513 3304; x_wconf 86' lang='lat' dir='ltr'>sibisufficientia,</span> <span class='ocrx_word' id='word_1_608' title='bbox 2550 3246 2609 3296; x_wconf 91' lang='lat' dir='ltr'>ut</span> <span class='ocrx_word' id='word_1_609' title='bbox 2638 3241 2799 3298; x_wconf 82' lang='lat' dir='ltr'>nullo</span> <span class='ocrx_word' id='word_1_610' title='bbox 2839 3241 3000 3298; x_wconf 89' lang='lat' dir='ltr'>indi-</span> 
     </span>
    </p>

    <p class='ocr_par' dir='ltr' id='par_1_21' title="bbox 1661 3319 2997 3395">
     <span class='ocr_line' id='line_1_93' title="bbox 1661 3319 2997 3395; baseline 0.004 -22"><span class='ocrx_word' id='word_1_611' title='bbox 1661 3343 1685 3373; x_wconf 79' lang='lat'>«</span> <span class='ocrx_word' id='word_1_612' title='bbox 1726 3325 1896 3394; x_wconf 89' lang='lat' dir='ltr'>geant</span> <span class='ocrx_word' id='word_1_613' title='bbox 1915 3319 2037 3392; x_wconf 89' lang='lat' dir='ltr'>ejus</span> <span class='ocrx_word' id='word_1_614' title='bbox 2057 3321 2274 3376; x_wconf 83' lang='lat' dir='ltr'>auxilio</span> <span class='ocrx_word' id='word_1_615' title='bbox 2301 3341 2313 3375; x_wconf 73' lang='grc' dir='ltr'>ε</span> <span class='ocrx_word' id='word_1_616' title='bbox 2338 3326 2392 3377; x_wconf 91' lang='lat' dir='ltr'>et</span> <span class='ocrx_word' id='word_1_617' title='bbox 2419 3321 2548 3378; x_wconf 91' lang='lat' dir='ltr'>ideo</span> <span class='ocrx_word' id='word_1_618' title='bbox 2598 3338 2714 3377; x_wconf 91' lang='lat' dir='ltr'>non</span> <span class='ocrx_word' id='word_1_619' title='bbox 2744 3321 2997 3395; x_wconf 89' lang='lat' dir='ltr'>adjuvat,</span> 
     </span>
    </p>

    <p class='ocr_par' dir='ltr' id='par_1_22' title="bbox 1661 3397 3010 3474">
     <span class='ocr_line' id='line_1_94' title="bbox 1661 3397 3010 3474; baseline 0.004 -21"><span class='ocrx_word' id='word_1_620' title='bbox 1661 3421 1687 3452; x_wconf 74' lang='grc' dir='ltr'>α</span> <span class='ocrx_word' id='word_1_621' title='bbox 1729 3403 1791 3454; x_wconf 90' lang='lat' dir='ltr'>ut</span> <span class='ocrx_word' id='word_1_622' title='bbox 1810 3398 2097 3465; x_wconf 85' lang='lat' dir='ltr'>velimus;</span> <span class='ocrx_word' id='word_1_623' title='bbox 2130 3415 2246 3455; x_wconf 90' lang='lat' dir='ltr'>non</span> <span class='ocrx_word' id='word_1_624' title='bbox 2263 3397 2510 3472; x_wconf 87' lang='lat' dir='ltr'>adjuvat,</span> <span class='ocrx_word' id='word_1_625' title='bbox 2540 3406 2846 3474; x_wconf 88' lang='lat' dir='ltr'>utagamus</span> <span class='ocrx_word' id='word_1_626' title='bbox 2872 3426 2885 3468; x_wconf 90' lang='lat'>;</span> <span class='ocrx_word' id='word_1_627' title='bbox 2910 3402 3010 3459; x_wconf 89' lang='lat' dir='ltr'>sed</span> 
     </span>
    </p>

    <p class='ocr_par' dir='ltr' id='par_1_23' title="bbox 1660 3477 3009 3556">
     <span class='ocr_line' id='line_1_95' title="bbox 1660 3477 3009 3556; baseline 0.005 -25"><span class='ocrx_word' id='word_1_628' title='bbox 1660 3500 1686 3531; x_wconf 77' lang='grc' dir='ltr'>α</span> <span class='ocrx_word' id='word_1_629' title='bbox 1728 3477 2126 3535; x_wconf 84' lang='lat' dir='ltr'>tantummodo</span> <span class='ocrx_word' id='word_1_630' title='bbox 2171 3478 2421 3554; x_wconf 87' lang='lat' dir='ltr'>adjuvat,</span> <span class='ocrx_word' id='word_1_631' title='bbox 2449 3487 2508 3534; x_wconf 92' lang='lat' dir='ltr'>ut</span> <span class='ocrx_word' id='word_1_632' title='bbox 2549 3482 2714 3548; x_wconf 86' lang='lat' dir='ltr'>velle,</span> <span class='ocrx_word' id='word_1_633' title='bbox 2740 3487 2796 3537; x_wconf 90' lang='lat' dir='ltr'>et</span> <span class='ocrx_word' id='word_1_634' title='bbox 2841 3499 3009 3556; x_wconf 90' lang='lat' dir='ltr'>agere</span> 
     </span>
    </p>

    <p class='ocr_par' dir='ltr' id='par_1_24' title="bbox 1650 3558 3008 3952">
     <span class='ocr_line' id='line_1_96' title="bbox 1659 3558 3001 3632; baseline 0.004 -20"><span class='ocrx_word' id='word_1_635' title='bbox 1659 3581 1684 3612; x_wconf 80' lang='grc' dir='ltr'><em>α</em></span> <span class='ocrx_word' id='word_1_636' title='bbox 1726 3561 2040 3615; x_wconf 88' lang='lat' dir='ltr'>valeamus.</span> <span class='ocrx_word' id='word_1_637' title='bbox 2086 3580 2112 3610; x_wconf 89' lang='lat'>»</span> <span class='ocrx_word' id='word_1_638' title='bbox 2138 3558 2298 3623; x_wconf 87' lang='lat' dir='ltr'>Quod</span> <span class='ocrx_word' id='word_1_639' title='bbox 2322 3559 2424 3615; x_wconf 92' lang='lat' dir='ltr'>illo</span> <span class='ocrx_word' id='word_1_640' title='bbox 2458 3575 2628 3632; x_wconf 87' lang='lat' dir='ltr'>opere</span> <span class='ocrx_word' id='word_1_641' title='bbox 2658 3560 2924 3632; x_wconf 89' lang='lat' dir='ltr'>reprobat</span> <span class='ocrx_word' id='word_1_642' title='bbox 2944 3563 3001 3618; x_wconf 88' lang='lat' dir='ltr'>S.</span> 
     </span>
     <span class='ocr_line' id='line_1_97' title="bbox 1654 3638 3002 3707; baseline 0.004 -15"><span class='ocrx_word' id='word_1_643' title='bbox 1654 3641 1873 3695; x_wconf 93' lang='lat' dir='ltr'>Doctor.</span> <span class='ocrx_word' id='word_1_644' title='bbox 1922 3638 2084 3693; x_wconf 84' lang='lat' dir='ltr'>Unde</span> <span class='ocrx_word' id='word_1_645' title='bbox 2123 3638 2397 3704; x_wconf 79' lang='lat' dir='ltr'>catholice</span> <span class='ocrx_word' id='word_1_646' title='bbox 2439 3639 2859 3696; x_wconf 89' lang='lat' dir='ltr'>concedendum</span> <span class='ocrx_word' id='word_1_647' title='bbox 2900 3648 3002 3707; x_wconf 89' lang='lat' dir='ltr'>est,</span> 
     </span>
     <span class='ocr_line' id='line_1_98' title="bbox 1650 3716 3008 3789; baseline 0.002 -16"><span class='ocrx_word' id='word_1_648' title='bbox 1650 3717 1940 3789; x_wconf 83' lang='lat' dir='ltr'>supposita</span> <span class='ocrx_word' id='word_1_649' title='bbox 1983 3716 2352 3789; x_wconf 88' lang='lat' dir='ltr'>productione</span> <span class='ocrx_word' id='word_1_650' title='bbox 2405 3716 2572 3773; x_wconf 92' lang='lat' dir='ltr'>liberi</span> <span class='ocrx_word' id='word_1_651' title='bbox 2621 3719 2869 3787; x_wconf 89' lang='lat' dir='ltr'>arbitrii,</span> <span class='ocrx_word' id='word_1_652' title='bbox 2901 3736 3008 3777; x_wconf 89' lang='lat' dir='ltr'>ne-</span> 
     </span>
     <span class='ocr_line' id='line_1_99' title="bbox 1652 3795 3005 3857; baseline 0.004 -4"><span class='ocrx_word' id='word_1_653' title='bbox 1652 3797 1963 3854; x_wconf 89' lang='lat' dir='ltr'>cessarium</span> <span class='ocrx_word' id='word_1_654' title='bbox 1984 3812 2105 3852; x_wconf 87' lang='lat' dir='ltr'>esse</span> <span class='ocrx_word' id='word_1_655' title='bbox 2145 3795 2301 3853; x_wconf 91' lang='lat' dir='ltr'>aliud</span> <span class='ocrx_word' id='word_1_656' title='bbox 2330 3796 2613 3853; x_wconf 81' lang='lat' dir='ltr'>auxilium</span> <span class='ocrx_word' id='word_1_657' title='bbox 2646 3798 2742 3854; x_wconf 90' lang='lat' dir='ltr'>Dei</span> <span class='ocrx_word' id='word_1_658' title='bbox 2772 3798 2840 3854; x_wconf 89' lang='lat' dir='ltr'>ad</span> <span class='ocrx_word' id='word_1_659' title='bbox 2879 3806 3005 3857; x_wconf 88' lang='lat' dir='ltr'>actu</span> 
     </span>
     <span class='ocr_line' id='line_1_100' title="bbox 1650 3878 3000 3952; baseline 0.002 -16"><span class='ocrx_word' id='word_1_660' title='bbox 1650 3878 2100 3952; x_wconf 84' lang='lat' dir='ltr'>operandum,et</span> <span class='ocrx_word' id='word_1_661' title='bbox 2147 3881 2326 3934; x_wconf 91' lang='lat' dir='ltr'>Deum</span> <span class='ocrx_word' id='word_1_662' title='bbox 2355 3894 2519 3938; x_wconf 87' lang='lat' dir='ltr'>suam</span> <span class='ocrx_word' id='word_1_663' title='bbox 2563 3879 3000 3951; x_wconf 65' lang='lat' dir='ltr'>praescientiam,</span> 
     </span>
    </p>

    <p class='ocr_par' dir='ltr' id='par_1_25' title="bbox 1649 3957 3211 4518">
     <span class='ocr_line' id='line_1_101' title="bbox 1649 3957 3007 4031; baseline 0.001 -15"><span class='ocrx_word' id='word_1_664' title='bbox 1649 3965 1705 4016; x_wconf 90' lang='lat' dir='ltr'>et</span> <span class='ocrx_word' id='word_1_665' title='bbox 1754 3958 2069 4031; x_wconf 90' lang='lat' dir='ltr'>potentiam</span> <span class='ocrx_word' id='word_1_666' title='bbox 2107 3957 2381 4030; x_wconf 81' lang='lat' dir='ltr'>deinceps</span> <span class='ocrx_word' id='word_1_667' title='bbox 2413 3973 2530 4014; x_wconf 90' lang='lat' dir='ltr'>non</span> <span class='ocrx_word' id='word_1_668' title='bbox 2578 3958 2909 4026; x_wconf 89' lang='lat' dir='ltr'>subducere,</span> <span class='ocrx_word' id='word_1_669' title='bbox 2947 3968 3007 4019; x_wconf 91' lang='lat' dir='ltr'>et</span> 
     </span>
     <span class='ocr_line' id='line_1_102' title="bbox 1651 4038 3006 4112; baseline 0.003 -18"><span class='ocrx_word' id='word_1_670' title='bbox 1651 4045 1832 4096; x_wconf 90' lang='lat' dir='ltr'>totum</span> <span class='ocrx_word' id='word_1_671' title='bbox 1861 4038 2126 4111; x_wconf 90' lang='lat' dir='ltr'>deinceps</span> <span class='ocrx_word' id='word_1_672' title='bbox 2176 4038 2466 4112; x_wconf 90' lang='lat' dir='ltr'>negotium</span> <span class='ocrx_word' id='word_1_673' title='bbox 2497 4039 2775 4095; x_wconf 77' lang='lat' dir='ltr'>voluntati</span> <span class='ocrx_word' id='word_1_674' title='bbox 2803 4047 3006 4098; x_wconf 68' lang='lat' dir='ltr'>creatzn</span> 
     </span>
     <span class='ocr_line' id='line_1_103' title="bbox 1651 4118 3211 4214; baseline 0.001 -35"><span class='ocrx_word' id='word_1_675' title='bbox 1651 4121 2033 4178; x_wconf 90' lang='lat' dir='ltr'>committere.</span> <span class='ocrx_word' id='word_1_676' title='bbox 2063 4120 2225 4185; x_wconf 92' lang='lat' dir='ltr'>Quod</span> <span class='ocrx_word' id='word_1_677' title='bbox 2244 4118 2292 4174; x_wconf 91' lang='lat' dir='ltr'>si</span> <span class='ocrx_word' id='word_1_678' title='bbox 2312 4118 2369 4173; x_wconf 92' lang='lat' dir='ltr'>id</span> <span class='ocrx_word' id='word_1_679' title='bbox 2399 4125 2563 4194; x_wconf 87' lang='lat' dir='ltr'>neget</span> <span class='ocrx_word' id='word_1_680' title='bbox 2583 4121 2998 4190; x_wconf 87' lang='lat' dir='ltr'>Tertullianus,</span> <span class='ocrx_word' id='word_1_681' title='bbox 3017 4170 3211 4214; x_wconf 54' lang='lat' dir='ltr'>mana-a-</span> 
     </span>
     <span class='ocr_line' id='line_1_104' title="bbox 1653 4200 3147 4275; baseline 0.003 -17"><span class='ocrx_word' id='word_1_682' title='bbox 1653 4202 1977 4275; x_wconf 84' lang='lat' dir='ltr'>Pelagianis</span> <span class='ocrx_word' id='word_1_683' title='bbox 2003 4208 2086 4259; x_wconf 90' lang='lat' dir='ltr'>est</span> <span class='ocrx_word' id='word_1_684' title='bbox 2130 4200 2526 4267; x_wconf 87' lang='lat' dir='ltr'>accensendus,</span> <span class='ocrx_word' id='word_1_685' title='bbox 2561 4217 2661 4258; x_wconf 91' lang='lat' dir='ltr'>nec</span> <span class='ocrx_word' id='word_1_686' title='bbox 2708 4201 2872 4261; x_wconf 91' lang='lat' dir='ltr'>debet</span> <span class='ocrx_word' id='word_1_687' title='bbox 2914 4207 3003 4263; x_wconf 90' lang='lat' dir='ltr'>al-</span> <span class='ocrx_word' id='word_1_688' title='bbox 3070 4211 3147 4264; x_wconf 73' lang='lat' dir='ltr'>nir.</span> 
     </span>
     <span class='ocr_line' id='line_1_105' title="bbox 1652 4282 3005 4355; baseline 0.002 -15"><span class='ocrx_word' id='word_1_689' title='bbox 1652 4284 1832 4355; x_wconf 88' lang='lat' dir='ltr'>legari</span> <span class='ocrx_word' id='word_1_690' title='bbox 1876 4290 2075 4339; x_wconf 89' lang='lat' dir='ltr'>contra</span> <span class='ocrx_word' id='word_1_691' title='bbox 2120 4282 2451 4339; x_wconf 90' lang='lat' dir='ltr'>Catholicos.</span> <span class='ocrx_word' id='word_1_692' title='bbox 2487 4284 2674 4339; x_wconf 84' lang='lat' dir='ltr'>Potest</span> <span class='ocrx_word' id='word_1_693' title='bbox 2705 4289 2897 4341; x_wconf 88' lang='lat' dir='ltr'>tamen</span> <span class='ocrx_word' id='word_1_694' title='bbox 2941 4288 3005 4343; x_wconf 90' lang='lat' dir='ltr'>in</span> 
     </span>
     <span class='ocr_line' id='line_1_106' title="bbox 1651 4364 3003 4439; baseline 0.002 -19"><span class='ocrx_word' id='word_1_695' title='bbox 1651 4365 1908 4439; x_wconf 81' lang='lat' dir='ltr'>legitimo</span> <span class='ocrx_word' id='word_1_696' title='bbox 1927 4380 2095 4420; x_wconf 90' lang='lat' dir='ltr'>sensu</span> <span class='ocrx_word' id='word_1_697' title='bbox 2140 4364 2544 4436; x_wconf 87' lang='lat' dir='ltr'>interpretari;</span> <span class='ocrx_word' id='word_1_698' title='bbox 2576 4380 2712 4420; x_wconf 88' lang='lat' dir='ltr'>nam</span> <span class='ocrx_word' id='word_1_699' title='bbox 2760 4365 3003 4423; x_wconf 83' lang='lat' dir='ltr'>verbum</span> 
     </span>
     <span class='ocr_line' id='line_1_107' title="bbox 1651 4445 3006 4518; baseline 0.003 -17"><span class='ocrx_word' id='word_1_700' title='bbox 1651 4447 1989 4510; x_wconf 77' lang='lat' dir='ltr'>intercedere,</span> <span class='ocrx_word' id='word_1_701' title='bbox 2044 4462 2155 4518; x_wconf 91' lang='lat' dir='ltr'>quo</span> <span class='ocrx_word' id='word_1_702' title='bbox 2201 4446 2381 4500; x_wconf 91' lang='lat' dir='ltr'>utitur</span> <span class='ocrx_word' id='word_1_703' title='bbox 2420 4445 2833 4511; x_wconf 88' lang='lat' dir='ltr'>Tertullianus,</span> <span class='ocrx_word' id='word_1_704' title='bbox 2887 4464 3006 4505; x_wconf 91' lang='lat' dir='ltr'>non</span> 
     </span>
    </p>
   </div>
   <div class='ocr_carea' id='block_1_8' title="bbox 1615 4523 3005 4600">
    <p class='ocr_par' dir='ltr' id='par_1_26' title="bbox 1615 4523 3005 4600">
     <span class='ocr_line' id='line_1_108' title="bbox 1615 4523 3005 4600; baseline 0.002 -19"><span class='ocrx_word' id='word_1_705' title='bbox 1615 4563 1619 4567; x_wconf 92' lang='lat'>-</span> <span class='ocrx_word' id='word_1_706' title='bbox 1653 4525 1939 4599; x_wconf 87' lang='lat' dir='ltr'>significat</span> <span class='ocrx_word' id='word_1_707' title='bbox 1966 4525 2044 4581; x_wconf 92' lang='lat' dir='ltr'>ibi</span> <span class='ocrx_word' id='word_1_708' title='bbox 2070 4527 2323 4591; x_wconf 79' lang='lat' dir='ltr'>mediare,</span> <span class='ocrx_word' id='word_1_709' title='bbox 2353 4526 2442 4581; x_wconf 88' lang='lat' dir='ltr'>vel</span> <span class='ocrx_word' id='word_1_710' title='bbox 2472 4523 2726 4580; x_wconf 90' lang='lat' dir='ltr'>medium</span> <span class='ocrx_word' id='word_1_711' title='bbox 2771 4528 3005 4600; x_wconf 88' lang='lat' dir='ltr'>aliquod</span> 
     </span>
    </p>
   </div>
   <div class='ocr_carea' id='block_1_9' title="bbox 1652 4604 3013 5001">
    <p class='ocr_par' dir='ltr' id='par_1_27' title="bbox 1652 4604 3013 5001">
     <span class='ocr_line' id='line_1_109' title="bbox 1654 4604 3004 4675; baseline 0.001 -14"><span class='ocrx_word' id='word_1_712' title='bbox 1654 4604 1947 4670; x_wconf 88' lang='lat' dir='ltr'>adhibere,</span> <span class='ocrx_word' id='word_1_713' title='bbox 1975 4612 2036 4660; x_wconf 89' lang='lat' dir='ltr'>ut</span> <span class='ocrx_word' id='word_1_714' title='bbox 2056 4605 2294 4661; x_wconf 88' lang='lat' dir='ltr'>Suarius</span> <span class='ocrx_word' id='word_1_715' title='bbox 2308 4604 2504 4659; x_wconf 89' lang='lat' dir='ltr'>minus</span> <span class='ocrx_word' id='word_1_716' title='bbox 2527 4610 2674 4659; x_wconf 83' lang='lat' dir='ltr'>recte</span> <span class='ocrx_word' id='word_1_717' title='bbox 2695 4606 3004 4675; x_wconf 79' lang='lat' dir='ltr'>intel-lexit3</span> 
     </span>
     <span class='ocr_line' id='line_1_110' title="bbox 1652 4684 3007 4756; baseline 0.002 -15"><span class='ocrx_word' id='word_1_718' title='bbox 1652 4684 1750 4741; x_wconf 91' lang='lat' dir='ltr'>sed</span> <span class='ocrx_word' id='word_1_719' title='bbox 1777 4684 1931 4740; x_wconf 91' lang='lat' dir='ltr'>idem</span> <span class='ocrx_word' id='word_1_720' title='bbox 1956 4686 2123 4748; x_wconf 90' lang='lat' dir='ltr'>valet,</span> <span class='ocrx_word' id='word_1_721' title='bbox 2156 4700 2218 4740; x_wconf 92' lang='lat' dir='ltr'>ac</span> <span class='ocrx_word' id='word_1_722' title='bbox 2245 4685 2522 4756; x_wconf 79' lang='lat' dir='ltr'>impedire,</span> <span class='ocrx_word' id='word_1_723' title='bbox 2556 4685 2644 4740; x_wconf 75' lang='lat' dir='ltr'>vel</span> <span class='ocrx_word' id='word_1_724' title='bbox 2669 4685 2899 4751; x_wconf 75' lang='lat' dir='ltr'>obstare,</span> <span class='ocrx_word' id='word_1_725' title='bbox 2935 4704 3007 4746; x_wconf 92' lang='lat' dir='ltr'>ne</span> 
     </span>
     <span class='ocr_line' id='line_1_111' title="bbox 1653 4761 3002 4837; baseline 0.001 -17"><span class='ocrx_word' id='word_1_726' title='bbox 1653 4762 1872 4837; x_wconf 86' lang='lat' dir='ltr'>aliquid</span> <span class='ocrx_word' id='word_1_727' title='bbox 1893 4763 2009 4828; x_wconf 87' lang='lat' dir='ltr'>fiat,</span> <span class='ocrx_word' id='word_1_728' title='bbox 2044 4768 2103 4818; x_wconf 91' lang='lat' dir='ltr'>ut</span> <span class='ocrx_word' id='word_1_729' title='bbox 2126 4762 2202 4818; x_wconf 89' lang='lat' dir='ltr'>ibi</span> <span class='ocrx_word' id='word_1_730' title='bbox 2248 4761 2629 4833; x_wconf 82' lang='lat' dir='ltr'>observarunt</span> <span class='ocrx_word' id='word_1_731' title='bbox 2669 4765 3002 4834; x_wconf 77' lang='lat' dir='ltr'>RhenanuS,</span> 
     </span>
     <span class='ocr_line' id='line_1_112' title="bbox 1653 4844 3010 4911; baseline 0.001 -9"><span class='ocrx_word' id='word_1_732' title='bbox 1653 4850 1710 4902; x_wconf 93' lang='lat' dir='ltr'>et</span> <span class='ocrx_word' id='word_1_733' title='bbox 1731 4845 2039 4911; x_wconf 74' lang='lat' dir='ltr'>pamelius,</span> <span class='ocrx_word' id='word_1_734' title='bbox 2062 4850 2117 4900; x_wconf 90' lang='lat' dir='ltr'>et</span> <span class='ocrx_word' id='word_1_735' title='bbox 2143 4849 2442 4900; x_wconf 83' lang='lat' dir='ltr'>constatex</span> <span class='ocrx_word' id='word_1_736' title='bbox 2471 4844 2823 4901; x_wconf 80' lang='lat' dir='ltr'>Authoribus</span> <span class='ocrx_word' id='word_1_737' title='bbox 2852 4849 3010 4904; x_wconf 88' lang='lat' dir='ltr'>anti-</span> 
     </span>
     <span class='ocr_line' id='line_1_113' title="bbox 1653 4924 3013 5001; baseline 0.005 -17"><span class='ocrx_word' id='word_1_738' title='bbox 1653 4928 1781 5001; x_wconf 91' lang='lat' dir='ltr'>quis</span> <span class='ocrx_word' id='word_1_739' title='bbox 1809 4926 2021 5000; x_wconf 79' lang='lat' dir='ltr'>linguae</span> <span class='ocrx_word' id='word_1_740' title='bbox 2074 4926 2266 4982; x_wconf 81' lang='lat' dir='ltr'>latinae</span> <span class='ocrx_word' id='word_1_741' title='bbox 2298 4946 2310 4981; x_wconf 75' lang='grc' dir='ltr'><strong><em>ε</em></strong></span> <span class='ocrx_word' id='word_1_742' title='bbox 2356 4941 2426 4983; x_wconf 84' lang='lat' dir='ltr'>ex</span> <span class='ocrx_word' id='word_1_743' title='bbox 2453 4924 2658 5000; x_wconf 86' lang='lat' dir='ltr'>quibus</span> <span class='ocrx_word' id='word_1_744' title='bbox 2704 4929 3013 4991; x_wconf 81' lang='lat' dir='ltr'>Terentius</span> 
     </span>
    </p>
   </div>
  </div>
 </body>
</html>
