3647 5753
508 410 619 465 388
1438 409 1531 463 DE
1568 410 1599 462 J
1604 408 2097 473 USTIFICATION
2103 409 2146 463 Ε
2187 410 2389 466 lMPlI.

510 593 611 652 per
635 578 901 652 gratiam,
925 586 982 635 et
1006 581 1303 637 constituit
1329 581 1519 654 ipsum
1550 580 1865 638 intrinsece

510 660 689 725 Deum
738 676 839 732 per
886 662 1383 735 participationem
1409 706 1422 729 ,
1469 668 1528 719 et
1554 663 1868 719 intrinsese

507 739 757 815 dignum·
777 743 896 800 vita
921 749 1154 812 aeterna,
1185 745 1309 802 sive
1334 743 1665 802 haereditate
1685 743 1867 816 patris

507 820 718 890 divini,
762 829 824 880 ut
869 841 1054 898 nuper
1097 824 1354 883 vidimus
1398 841 1473 883 ex
1520 824 1862 899 Augustino.

508 902 894 970 Quamobrem
927 906 1155 963 etiamsi
1181 905 1406 963 deficiat
1429 905 1535 963 illa
1556 906 1865 979 acceptatio

502 985 843 1053 extrinseca,
868 987 992 1045 sive
1010 988 1087 1058 (et
1112 988 1175 1044 in
1198 986 1351 1044 idem
1376 986 1544 1059 redit)
1565 987 1697 1043 licet
1717 988 1865 1043 Deus

500 1066 770 1124 decernat
796 1067 1031 1125 homini
1050 1067 1283 1126 habenti
1303 1068 1550 1142 gratiam
1580 1083 1696 1125 non
1723 1082 1865 1124 con-

501 1149 655 1207 ferre
680 1149 960 1222 gloriam;
990 1149 1175 1205 adhuc
1196 1149 1582 1213 nihilominus
1610 1147 1865 1221 persistit

502 1229 604 1286 ille
629 1229 971 1302 simpliciter
1009 1229 1164 1285 filius
1206 1229 1307 1286 Dei
1335 1244 1436 1302 per
1465 1228 1863 1302 participatio-

503 1326 670 1377 nem;
700 1310 835 1382 quia
862 1309 1046 1366 adhuc
1074 1309 1284 1368 retinet
1311 1310 1581 1376 formam,
1609 1302 1735 1383 quae
1768 1309 1864 1383 ip-

498 1407 631 1447 sum
659 1390 721 1446 in
741 1405 863 1447 esse
884 1390 993 1446 filii
1023 1391 1124 1448 Dei
1145 1391 1458 1457 constituit3
1493 1407 1702 1465 nempe
1721 1406 1861 1465 gra-

501 1471 662 1539 tiam,
688 1487 814 1544 quae
844 1476 930 1528 est
955 1472 1220 1544 formalis
1247 1472 1610 1545 participatio
1637 1478 1861 1529 naturai

497 1554 733 1613 divinae.
765 1559 830 1612 In
857 1572 970 1629 quo
997 1555 1201 1613 filiatio
1231 1556 1348 1614 hae'c
1367 1556 1556 1630 potius
1583 1553 1860 1612 filiationi

502 1636 755 1693 naturali
803 1636 956 1693 inter
1007 1637 1274 1695 homines
1296 1680 1310 1703 ‚
1360 1652 1532 1709 quam
1581 1634 1862 1709 adoptivas

499 1715 887 1789 comparanda
911 1721 1014 1772 est.
1053 1716 1546 1781 Quemadmodum
1572 1716 1733 1772 enim
1759 1716 1859 1790 qui

507 1797 716 1856 retinet
738 1801 1004 1853 naturam
1029 1797 1347 1854 humanam
1387 1802 1673 1869 acceptam
1696 1814 1730 1853 a
1757 1814 1862 1871 pa-

504 1883 591 1934 tre
615 1920 628 1943 ,
663 1882 987 1950 perseverat
1016 1878 1332 1933 necessario
1358 1875 1514 1932 filius
1539 1876 1660 1949 ejus
1688 1884 1861 1934 natu-

502 1958 662 2025 ralis,
715 1958 846 2026 licet
894 1955 1233 2013 excludatur
1269 1956 1340 2013 ab
1386 1956 1716 2014 haereditate
1758 1974 1862 2030 pa-

495 2045 662 2099 terna
686 2061 704 2097 2
734 2040 813 2096 ita
840 2039 1095 2114 quandiu
1143 2040 1315 2097 bomo
1364 2040 1574 2097 retinet
1619 2040 1861 2112 partici-

499 2121 787 2194 pationem
840 2121 1144 2178 formalem
1199 2126 1420 2177 naturae
1483 2119 1703 2178 divinae
1758 2138 1860 2195 per

493 2203 763 2277 gratiam,
797 2206 1123 2276 perseverat
1167 2200 1325 2256 filius
1352 2201 1452 2258 Dei
1491 2217 1591 2275 per
1620 2203 1861 2276 partici-

504 2284 828 2356 pationem,
875 2288 930 2340 et
975 2281 1374 2356 adoptionem;
1416 2284 1682 2357 quamvis
1711 2289 1860 2342 Deus

505 2365 615 2437 ipsi
667 2364 909 2438 denegat
953 2362 1347 2420 haereditatem
1372 2406 1386 2430 ,
1440 2380 1539 2421 seu
1585 2365 1855 2439 gloriam.

506 2444 663 2509 Quod
713 2448 891 2515 potest
934 2441 1214 2498 declarari
1242 2445 1507 2516 exemplo
1545 2445 1855 2518 justorum,

499 2525 624 2581 sive
649 2539 851 2581 eorum
889 2524 987 2596 qui
1035 2521 1249 2579 habent
1271 2525 1536 2597 gratiam,
1564 2530 1620 2582 et
1665 2529 1863 2581 carent

504 2610 726 2680 peccato
749 2648 763 2671 ,
805 2619 947 2676 quos
974 2620 1145 2662 nemo
1173 2605 1404 2679 negabit
1430 2622 1551 2662 esse
1578 2605 1729 2662 filios
1758 2606 1859 2662 Dei

499 2687 828 2759 adoptivos;
858 2691 915 2742 et
960 2686 1344 2744 nihilominus
1392 2703 1511 2748 non
1559 2694 1876 2761 repugnat,

499 2767 648 2841 quod
678 2769 824 2822 Deus
850 2765 1118 2823 decernat
1143 2765 1426 2841 denegare
1459 2767 1581 2823 illis
1604 2768 1858 2841 gloriam

500 2848 564 2904 in
609 2852 911 2904 aeternum.
944 2846 1182 2920 Signum
1211 2853 1296 2905 est
1322 2863 1475 2923 ergo,
1516 2846 1857 2906 filiationem

499 2928 599 2984 Dei
647 2926 974 2999 adoptivam
1021 2942 1139 2983 non
1178 2928 1446 2985 constitui
1481 2943 1579 3000 per
1603 2936 1859 3002 accepta-

499 3010 716 3067 tionem
767 3010 1148 3067 extrinsecam
1195 3009 1267 3067 ad
1310 3011 1595 3086 gloriam,
1625 3012 1724 3068 sed
1757 3029 1859 3086 per

494 3090 678 3147 solam
705 3089 971 3163 gratiam,
1003 3095 1060 3146 et
1095 3090 1567 3166 condignitatem,
1610 3093 1734 3151 sive
1763 3110 1858 3150 ac-

498 3172 940 3246 ceptabilitatem
971 3172 1368 3231 intrinsecam.

1103 3352 1243 3421 gv.

575 3501 828 3572 Refertur
860 3500 1372 3573 opiniocontraria‚
1402 3506 1452 3555 et
1490 3500 1787 3556 diluuntur

880 3593 888 3599 ·
988 3581 1105 3653 ejus
1129 3582 1358 3636 motiva.

307 3746 459 3799 opinio
581 3728 673 3784 131
690 3771 703 3784 .
727 3728 1056 3802 oppositam
1079 3728 1244 3786 nobis
1263 3729 1601 3802 opinionem
1624 3734 1861 3786 tuentur

299 3800 467 3888 “ffifa·
497 3810 563 3863 D.
595 3810 908 3865 Bonavent.
937 3811 996 3866 in
1023 3810 1075 3876 3,
1097 3810 1228 3866 dist.
1259 3811 1350 3876 31,
1383 3816 1492 3866 art.
1525 3812 1569 3876 l,
1595 3817 1777 3886 qtmst.
1808 3812 1856 3876 1,

301 3896 461 3938 D-Bon-
497 3892 800 3947 Durandus
823 3895 883 3948 in
931 3894 977 3958 l,
1007 3893 1136 3948 dist.
1189 3894 1271 3957 17,
1303 3901 1486 3970 quoest.
1525 3895 1589 3949 10
1626 3901 1677 3949 et
1712 3895 1774 3950 in
1799 3895 1855 3960 3,

280 3944 473 4037 ‘'ffl‘l·
494 3970 622 4028 disc.
655 3973 747 4038 31,
780 3980 961 4046 qnaest.
1000 3975 1046 4040 1,
1079 3972 1282 4028 Palud.
1309 3973 1437 4028 dist.
1470 3974 1563 4039 28,
1588 3981 1768 4049 quast.
1800 3975 1855 4041 3,

282 4044 464 4136 0⁸⁰⁰¹¹¹⁵·
495 4058 604 4107 art.
637 4053 691 4119 3,
725 4054 918 4109 Scotus
958 4054 1018 4107 in
1058 4054 1113 4119 2,
1160 4052 1291 4108 dist.
1322 4053 1410 4118 37,
1441 4059 1622 4129 quoest.
1667 4054 1856 4119 unica,

288 4102 546 4193 effigiet
592 4134 653 4188 in
704 4134 754 4199 4,
812 4134 941 4189 dist.
1002 4134 1083 4200 16,
1133 4141 1312 4207 quast.
1362 4135 1418 4199 2,
1463 4135 1629 4207 erog.
1673 4136 1734 4188 in
1809 4135 1855 4201 1,

280 4192 471 4292 Ϊῆξέξό,
498 4216 624 4270 dist.
674 4218 755 4283 17,
787 4222 966 4289 quast.
1019 4217 1064 4281 l,
1094 4223 1204 4273 art.
1239 4218 1297 4282 2,
1328 4214 1559 4272 Gabriel
1586 4224 1771 4291 quaest.
1808 4218 1855 4283 1,

285 4294 461 4356 ¹³²ansp
499 4305 612 4354 art.
644 4300 661 4353 l
695 4306 744 4354 ct
773 4301 827 4366 3,
859 4298 1070 4355 Ocham
1096 4304 1278 4372 quast.
1312 4300 1358 4364 1,
1384 4298 1699 4354 Aliacensis
1720 4300 1780 4356 in
1800 4301 1856 4369 2,

295 4344 466 4442 ’ἑξῗέᾒζ
501 4386 682 4454 quaest.
707 4381 761 4444 9,
792 4387 900 4436 art.
933 4381 987 4445 2,
1016 4378 1296 4436 Henricus
1317 4379 1557 4456 quodlib.
1584 4379 1639 4445 5,
1673 4388 1855 4455 ραι-εει.

499 4459 591 4593 ‘ff’
856 4458 1426 4596 salutata?
1449 4457 1658 4595 2322&
1674 4468 1855 4596 qxzzt·

506 4618 606 4674 188
631 4627 682 4674 et
721 4623 781 4675 in
805 4622 1053 4693 pruenti
1091 4626 1201 4678 art.
1235 4621 1291 4687 2,
1320 4619 1449 4676 dub.
1483 4621 1537 4688 3,
1571 4621 1781 4677 Suarez
1802 4623 1865 4677 in

498 4700 534 4755 3
573 4709 727 4775 part.
767 4703 912 4775 disp.
955 4701 1008 4768 9,
1040 4708 1163 4757 sect.
1209 4702 1245 4756 3
1282 4707 1332 4756 et
1362 4700 1455 4756 lib.
1485 4702 1522 4756 7
1562 4700 1626 4761 dc
1647 4704 1856 4772 qratia,

494 4800 619 4857 cap.
644 4785 736 4851 20,
782 4783 1025 4857 Ripalda
1058 4791 1190 4840 tom.
1218 4785 1273 4851 2,
1303 4783 1446 4857 disp.
1478 4784 1581 4840 ult.
1608 4790 1732 4841 sect.
1773 4784 1857 4852 16,

494 4869 622 4923 c'um
645 4884 754 4944 seq.
778 4871 835 4924 et
856 4865 1100 4940 denique
1119 4872 1392 4940 quotquot
1413 4880 1529 4923 non
1551 4872 1863 4939 agnoscunt

492 4951 912 5021 oppositionem
934 4966 1005 5007 ex
1027 4955 1235 5008 natura
1256 4949 1345 5006 rei
1369 4948 1525 5006 inter
1547 4955 1858 5021 peccatum,

492 5035 553 5085 et
600 5031 867 5104 gratiam,
915 5030 1013 5089 sed
1058 5031 1243 5088 solam
1300 5029 1719 5103 oppositionem
1784 5046 1859 5087 ex

1997 582 2371 655 dispositione
2390 582 2711 641 extrinseca
2726 583 2846 646 Dei,
2867 582 2960 638 vel
2976 580 3047 637 ad
3061 596 3354 637 summum

1997 662 2450 729 demeritoriam,
2494 678 2740 736 quorum
2779 662 2972 735 plures
2998 678 3173 734 supra
3197 661 3362 718 dedi-

1997 759 2127 799 mus
2152 744 2277 800 dub.
2319 745 2363 812 1,
2394 761 2549 800 num.
2579 744 2671 799 39.
2704 743 2875 817 Cujus
2902 741 3197 814 opinionis
3225 743 3362 798 fun-

1997 822 2334 881 damentum
2378 825 2544 896 (sicut
2581 828 2637 882 et
2674 823 2925 898 cujusvis
2972 823 3211 880 alterius
3252 837 3357 879 ne-

1995 904 2185 979 gantis
2235 904 2454 979 aliquid
2505 920 2627 962 esse
2679 904 3059 977 impossibile)
3106 903 3363 960 consistit

1998 985 2205 1058 majori
2225 1001 2298 1042 ex
2324 984 2576 1057 partein
2613 983 2999 1052 evasionibus‚
3039 988 3096 1043 et
3125 999 3364 1057 respon-

1996 1063 2276 1132 sionibuS,
2317 1063 2525 1137 quibus
2569 1066 2691 1139 eJ'us
2730 1065 3014 1122 Authores
3057 1071 3366 1121 occurrunt

1998 1147 2353 1222 argumentis
2401 1153 2609 1205 nostrae
2651 1147 2987 1215 sententian
3034 1162 3131 1204 eas
3169 1152 3363 1204 tamen

1995 1243 2172 1301 supra
2211 1226 2653 1294 confutavimuS,
2696 1233 2753 1284 et
2793 1226 3206 1300 praeclusimus.
3256 1225 3364 1284 Sed
3421 1296 3428 1306 ·

1998 1326 2174 1383 pauca
2188 1307 2369 1366 adhuc
2387 1314 2726 1383 argumenta
2738 1313 3046 1382 supersunt
3065 1308 3359 1365 diluenda.

2067 1391 2346 1465 Arguitur
2382 1390 2604 1462 primo:
2643 1388 2917 1464 quoniam
2954 1392 3258 1462 peccatum,
3307 1391 3548 1445 etPrimum

1994 1472 2241 1545 gratiam
2290 1471 2353 1528 in
2396 1470 2595 1528 eodem
2623 1469 2871 1544 subjecto
2908 1469 3198 1543 conjungi,
3244 1458 3560 1541 nonmssffim

1996 1552 2256 1626 implicat
2269 1569 2341 1609 ex
2363 1557 2524 1626 parte
2544 1552 2760 1609 divinae
2779 1551 3229 1623 omnipotentiae,
3259 1566 3366 1608 nec

1993 1650 2067 1691 ex
2095 1639 2255 1707 parte
2271 1633 2483 1691 divinae
2504 1635 2757 1709 justitias,
2777 1633 2870 1689 vel
2891 1632 3164 1689 bonitatis
3190 1652 3203 1687 ε
3225 1648 3365 1706 ergo

1996 1716 2159 1773 nullo
2188 1714 2357 1772 modo
2386 1721 2682 1789 repugnat.
2715 1713 2996 1771 Suadetur
3024 1712 3364 1770 antecedens

1993 1796 2178 1870 quoad
2221 1797 2471 1870 primam
2500 1802 2739 1869 partem,
2767 1795 2903 1867 quia
2929 1794 3018 1851 vel
3050 1795 3367 1869 intergra-

1995 1879 2156 1945 tiam,
2187 1885 2245 1937 et
2271 1883 2558 1953 peccatum
2586 1878 2754 1934 datur
2780 1877 3059 1950 oppositio
3105 1877 3362 1950 physica.

1994 1961 2087 2018 vel
2126 1963 2313 2019 solum
2340 1961 2580 2018 moralis
2601 1963 2639 2016 ‘1¹
2665 1960 2722 2016 Si
2752 1958 2921 2016 detur
2951 1959 3130 2030 prior,
3173 1960 3368 2025 solum

1997 2047 2178 2115 potest
2196 2057 2315 2100 esse
2339 2041 2646 2105 contraria,
2670 2040 2859 2113 qualis
2880 2038 3048 2095 datur
3078 2039 3230 2096 inter
3251 2038 3367 2098 duo

1995 2122 2282 2183 contraria
2316 2121 2483 2179 valde
2523 2122 2791 2187 intensa3
2841 2136 2965 2193 quae
2991 2124 3186 2176 tamen
3223 2135 3368 2177 con-

1990 2205 2155 2280 jungi
2210 2210 2447 2277 possunt
2493 2220 2592 2277 per
2639 2202 2900 2259 divinam
2947 2202 3242 2258 virtutem.
3301 2204 3362 2258 Si

1994 2292 2185 2343 autem
2224 2286 2391 2343 detur
2433 2285 2730 2358 posterior,
2777 2284 2960 2339 multo
3008 2282 3232 2339 facilius
3259 2281 3365 2339 de·-

1958 2381 1963 2385 ’
1992 2366 2147 2422 vinci
2178 2365 2383 2437 poterit
2412 2381 2512 2437 per
2540 2364 3019 2437 omnipotentiam
3050 2362 3183 2428 Dei;
3216 2376 3357 2417 nam

1995 2446 2126 2502 licet
2170 2451 2458 2518 peccatum
2485 2445 2676 2520 exigat
2703 2445 3001 2523 moraliter
3039 2441 3363 2499 absentiam

1992 2525 2209 2598 gratim,
2240 2530 2297 2580 et
2316 2541 2347 2581 e
2369 2539 2660 2590 converso,
2684 2529 2864 2597 potest
2885 2526 3031 2579 Deus
3052 2522 3156 2578 illa
3176 2522 3361 2577 simul

1993 2618 2334 2661 conservare
2377 2610 2577 2661 contra
2615 2619 2816 2660 eorum
2862 2603 3236 2676 exigentiam.
3268 2603 3365 2659 Se·

1991 2684 2177 2741 cunda
2204 2686 2378 2741 etiam
2408 2684 2792 2741 antecedentis
2834 2700 2964 2756 pars
2990 2682 3316 2741 ostenditur
3343 2709 3356 2748 ;

1993 2781 2130 2821 nam
2175 2766 2590 2838 gratiamcum
2633 2770 2854 2836 peccato
2889 2764 3011 2836 jam
3050 2763 3362 2820 commisso

1990 2848 2281 2924 conjungi,
2316 2863 2431 2905 non
2453 2854 2536 2906 est
2562 2847 2631 2905 ab
2655 2847 2968 2905 intrinseco
2994 2845 3237 2911 malum,
3270 2845 3361 2901 si-

1990 2937 2084 2988 cut
2112 2929 2368 2996 mentiri,
2402 2946 2459 2986 v.
2488 2946 2542 3002 g.
2573 2945 2709 3003 ergo
2737 2927 3001 3001 praedicta
3027 2926 3363 3000 conjunctio

1993 3029 2111 3070 non
2133 3015 2410 3083 repugnat
2440 3010 2653 3068 divinas
2680 3009 2941 3074 bonitati,
2965 3008 3067 3065 ‘vel
3089 3007 3357 3080 justitiae.

2066 3091 2463 3166 Respondetur
2504 3090 2765 3166 negando
2805 3088 3182 3162 antecedens3
3214 3105 3361 3146 nam
3376 3094 3562 3138 Solvitur·

1988 3172 2313 3248 conjunctio
2343 3172 2570 3244 peccati,
2601 3176 2657 3227 et
2682 3170 2879 3245 gratias
2914 3176 2999 3227 est
3026 3168 3364 3241 implicato-

1992 3254 2100 3320 ria,
2123 3258 2180 3310 et
2200 3250 2579 3324 impossibilis
2607 3253 2670 3308 in
2710 3251 2911 3323 seipsa,
2944 3248 3015 3306 ob
3039 3250 3297 3306 rationes
3322 3265 3363 3306 a

1992 3332 2159 3393 nobis
2204 3334 2441 3390 allatas:
2488 3332 2640 3390 unde
2682 3348 2798 3389 non
2837 3330 3022 3404 magis
3060 3329 3212 3386 cadit
3251 3328 3362 3387 suh

1992 3413 2207 3489 objecto
2246 3413 2461 3468 divium
2497 3411 2953 3485 omnipotentiae,
2996 3425 3169 3481 quam
3216 3424 3362 3465 con—

1986 3494 2207 3568 junctio
2237 3492 2397 3560 luciS,
2440 3498 2496 3549 et
2524 3491 2787 3554 tenebrae,
2822 3492 2911 3547 vel
2943 3490 3065 3546 alia·
3087 3488 3361 3561 impossi-

1992 3575 2172 3630 bilia:
2218 3578 2500 3647 repugnat
2535 3573 2713 3629 etiam
2754 3571 2971 3627 divinae
3007 3569 3270 3635 bonitati,
3302 3576 3360 3625 et

1985 3655 2240 3728 justitias,
2272 3655 2410 3726 quia
2439 3651 2633 3725 nequit
2680 3650 2807 3707 fieri
2848 3650 2979 3707 talis
3006 3649 3355 3723 conjunctio,

1991 3738 2135 3809 quin
2163 3739 2308 3792 Deus
2345 3735 2422 3789 sit
2454 3749 2621 3790 causa
2646 3732 2971 3805 specialiter
3011 3745 3359 3788 conservans
3397 3777 3400 3780 .

1996 3821 2303 3889 peccatum,
2337 3821 2398 3870 ut
2437 3830 2610 3886 supra
2655 3812 3102 3886 ponderavimus
3126 3815 3158 3881 ἕ
3185 3814 3238 3867 2.
3272 3809 3359 3865 Ad

1995 3894 2390 3969 probationem
2409 3894 2620 3967 prioris
2636 3895 2812 3967 partis
2827 3892 3214 3950 antecedentis
3239 3907 3355 3948 res-

1996 3976 2296 4049 pondetur,
2325 3980 2633 4047 peccatum,
2658 3980 2716 4031 et
2734 3974 2981 4048 gratiam
3003 3972 3215 4046 opponi
3241 3977 3357 4027 tam

1996 4055 2241 4130 physice,
2270 4070 2444 4126 quarn
2470 4054 2802 4120 moraliter;
2833 4052 2967 4125 quia
2998 4056 3283 4125 peccatum
3304 4057 3361 4106 et

1992 4136 2324 4195 demeretur
2361 4136 2629 4208 gratiam,
2678 4139 2734 4191 et
2777 4150 2906 4192 eam
2949 4149 3047 4205 per
3073 4149 3134 4190 se
3169 4133 3359 4206 ipsum

1993 4218 2270 4290 expellit;
2312 4221 2368 4272 et
2404 4216 2678 4274 similiter
2719 4215 2921 4290 gratias
2967 4213 3362 4288 dignitasex-

1997 4300 2173 4372 poscit
2193 4296 2511 4354 absentiam
2542 4297 2832 4370 peccati,et
2861 4294 3004 4351 illud
3030 4312 3129 4369 per
3148 4302 3362 4353 semet-

1995 4380 2178 4452 ipsam
2218 4377 2504 4454 excludit:
2553 4383 2794 4450 utraque
2834 4380 3025 4432 autem
3077 4377 3360 4449 oppositio

1995 4464 2152 4516 tanta
2173 4463 2276 4525 est,
2302 4463 2366 4514 ut
2387 4462 2625 4530 nequeat
2641 4474 2741 4530 per
2758 4456 3018 4512 divinam
3043 4457 3357 4530 potentiam

1994 4538 2241 4604 devinci,
2293 4544 2355 4594 ut
2380 4543 2598 4596 constat
2622 4555 2694 4595 ex
2721 4536 2908 4593 dictis.
2940 4535 3026 4592 Ad
3065 4537 3357 4610 probatio-

1997 4636 2142 4676 nem·
2169 4618 2430 4677 secundas
2467 4619 2645 4692 partis
2684 4616 2938 4692 ejusdem
2967 4617 3357 4676 antecedentis

1995 4705 2213 4759 constat
2238 4716 2310 4757 ex
2334 4698 2594 4772 proxime
2616 4697 2798 4754 dictis.
2824 4696 3042 4762 Quibus
3069 4697 3356 4764 addimus,

1998 4796 2318 4856 repugnare
2338 4779 2436 4836 Dei
2456 4779 2809 4853 perfectioni,
2830 4778 2981 4852 quod
3001 4775 3206 4853 diligat
3225 4779 3361 4839 sim·

1997 4864 2220 4936 pliciter
2242 4862 2541 4921 hominem
2566 4866 2951 4935 peccatorem
2979 4868 3036 4919 et
3062 4877 3181 4918 non
3204 4879 3364 4936 posse

1996 4949 2176 5003 Deum
2217 4944 2280 5002 in
2306 4960 2374 5002 eo
2394 4960 2734 5002 conservare
2758 4943 3026 5019 gratiam,
3057 4945 3201 5016 quin
3227 4951 3382 5010 eum·

1994 5025 2197 5101 diligat
2215 5024 2574 5097 simpliciter,
2596 5031 2658 5081 ut
2678 5022 3065 5097 §praecedenti
3084 5024 3358 5082 vidimus.

2732 5111 2738 5117 “
3063 5110 3358 5182 Repugnat
