3647 5753
286 886 486 931 Confuta-

343 941 425 981 tur.

317 4626 462 4670 Altera

290 4675 477 4734 exsilim-

343 4730 419 4769 (10.

510 373 620 426 438

507 541 775 614 gratiam.
837 540 1018 607 Q'uam
1073 544 1611 616 interpretationem
1658 544 1874 603 contir-

509 627 689 687 mant,
722 621 857 694 quia
884 630 1289 696 argumentum
1324 624 1435 683 Sed
1478 633 1671 682 contra
1695 668 1708 692 ‚
1762 642 1874 699 quo

511 704 691 759 utitur
750 708 804 762 S.
871 707 1020 763 Doct.
1064 709 1251 764 solum
1308 710 1509 782 probat
1557 707 1873 767 secundum

512 789 849 855 praesentem
887 786 1331 857 providentiam.

585 865 691 923 Sed
722 868 837 923 haec
864 868 1039 924 etiam
1067 872 1345 944 expositio
1371 871 1669 928 evidenter
1699 870 1874 927 refel-

513 948 652 1004 litur
671 965 741 1006 ex
766 950 1046 1021 praedictis
1083 954 1449 1010 testimoniis,
1467 956 1615 1009 Tum
1637 953 1772 1026 quia
1794 953 1869 1019 id,

507 1028 657 1101 quod
702 1038 785 1086 est
833 1030 1089 1088 absolute
1117 1033 1385 1103 possibile
1413 1051 1513 1108 per
1555 1038 1873 1106 respectum

508 1108 577 1164 ad
608 1111 921 1181 potentiam
971 1112 1069 1166 Dei
1113 1114 1640 1182 extraordinariam
1672 1156 1684 1178 ,
1744 1113 1874 1170 licet

508 1205 625 1245 non
670 1191 743 1246 sit
789 1190 1041 1247 factibile
1084 1192 1397 1250 secundum
1448 1193 1873 1267 providentiam

500 1274 877 1341 -praesentem,
927 1276 1013 1327 est
1056 1270 1311 1346 absolute
1338 1271 1740 1347 intelligibile;
1776 1273 1873 1328 in-

503 1351 897 1424 telligibilitas
922 1354 1100 1420 enim,
1130 1354 1276 1411 sicut
1318 1362 1374 1412 et
1421 1357 1633 1413 veritas
1680 1361 1873 1413 trans-

495 1433 876 1499 cendentalis,
903 1442 1329 1508 consequuntur
1348 1439 1647 1494 entitatem
1674 1437 1777 1502 rei,
1813 1441 1874 1493 ut

507 1514 762 1572 absolute
810 1514 1130 1587 possibilis;
1173 1521 1229 1573 et
1255 1516 1382 1574 ideo
1413 1518 1591 1589 ‚plura
1615 1522 1750 1573 sunt
1775 1516 1873 1574 in-

503 1595 832 1669 telligibilia
858 1638 870 1660 ,
922 1614 1045 1669 qua>
1089 1599 1402 1655 secundum
1443 1598 1872 1669 providentiam

502 1675 863 1732 ordinariam
888 1683 1003 1733 non
1027 1677 1195 1746 fiunt,
1231 1683 1429 1751 utputa
1457 1681 1657 1736 omnia
1685 1677 1873 1734 mira-

506 1758 634 1814 cula
662 1778 673 1811 :
698 1762 755 1812 at
776 1760 839 1813 D.
866 1758 1068 1815 Thom.
1096 1760 1160 1815 in
1183 1761 1448 1833 praesenti
1472 1760 1695 1825 asserit,
1722 1758 1872 1832 quod

506 1855 616 1892 non
667 1846 840 1910 posset
893 1839 1126 1910 intelligi
1177 1842 1427 1897 remissio
1471 1842 1655 1912 culpae,
1686 1842 1737 1894 si
1764 1856 1874 1893 non

496 1921 707 1975 adesset
734 1921 942 1992 infusio
960 1924 1153 1991 qratia
1178 1941 1196 1975 .·
1223 1939 1358 1997 ergo
1388 1939 1506 1979 non
1536 1925 1738 1978 tractat
1762 1920 1872 1976 dir-

502 2000 815 2058 ficultatem
861 2002 1006 2059 hanc
1053 2019 1153 2076 per
1198 2005 1387 2062 solum
1440 2008 1757 2075 respectum
1800 2000 1872 2058 ad

507 2082 927 2154 providentiam
977 2084 1075 2139 Dei
1122 2084 1484 2142 ordinariam
1510 2127 1524 2152 ,
1568 2083 1665 2140 sed
1693 2083 1872 2139 etiam

504 2178 606 2233 per
648 2167 965 2234 respectum
1011 2163 1081 2219 ad
1130 2163 1551 2237 providentiam
1581 2160 1874 2219 Deiabso-

504 2243 685 2299 'lutam
710 2267 723 2310 ;
747 2249 803 2300 et
822 2245 884 2300 in
908 2250 1146 2317 utroque
1165 2262 1335 2302 sensu
1361 2245 1624 2320 negative
1647 2242 1874 2301 conclu·

498 2323 625 2378 dn.-
660 2327 807 2381 Tum
835 2327 1040 2392 etiam,
1091 2327 1226 2399 quia
1252 2327 1312 2382 id
1340 2327 1489 2401 quod
1518 2328 1715 2400 nequit
1744 2324 1873 2382 fieri

498 2406 820 2463 secundum
873 2408 1233 2466 ordinariam
1296 2409 1721 2482 providentiam
1747 2451 1761 2475 ,
1817 2414 1875 2466 et

506 2485 636 2542 fieri
664 2488 815 2543 valet
839 2506 937 2561 per
960 2492 1272 2562 potentiam
1299 2492 1400 2548 Dei
1424 2491 1763 2557 absolutam,
1790 2498 1874 2548 est

510 2566 701 2639 aliquo
730 2569 900 2625 modo
927 2569 1197 2638 factibile,
1223 2572 1489 2628 videlicet
1521 2589 1619 2644 per
1649 2571 1874 2629 absolu-

506 2651 628 2701 tam
678 2647 776 2702 Dei
826 2650 1182 2719 potentiam:
1214 2652 1370 2724 atqui
1398 2655 1465 2707 l).
1497 2652 1700 2708 Thom.
1753 2653 1874 2708 loco

507 2728 678 2783 citato
704 2743 775 2783 ex
799 2730 1109 2800 quaestione
1136 2730 1205 2786 de
1233 2734 1411 2789 Verit.
1444 2735 1646 2789 asserit
1670 2776 1683 2799 ,
1724 2732 1871 2806 quod

507 2809 756 2862 remissio
771 2816 1118 2882 peccatorum
1142 2812 1294 2867 nullo
1328 2813 1481 2868 modo
1524 2815 1643 2868 sine
1684 2816 1873 2884 qratia

505 2896 732 2958 qratiam
777 2890 1008 2962 faciente
1052 2910 1160 2948 esse
1193 2901 1367 2966 potest
1395 2910 1575 2968 :ergo
1611 2895 1875 2968 negative

507 2968 810 3035 concludit,
839 2986 956 3027 non
977 2974 1165 3028 solum
1190 2990 1289 3046 per
1311 2981 1628 3048 respectum
1652 2974 1722 3031 ad
1744 2991 1874 3031 mo·-

509 3048 648 3105 dum
679 3050 1056 3121 providentiae
1096 3053 1441 3120 ordinariae,
1472 3054 1570 3110 sed
1596 3056 1771 3112 etiam
1800 3054 1872 3111 ad

508 3129 746 3187 modum
788 3130 1163 3204 providentias
1192 3133 1484 3192 absolutae.
1513 3137 1661 3191 Tum
1701 3136 1873 3192 deni-

505 3227 633 3282 que,
667 3212 800 3284 quia
830 3212 887 3268 id
918 3214 1086 3286 plane
1107 3215 1320 3272 evincit
1346 3218 1676 3289 exemplum
1702 3259 1715 3283 ,
1758 3231 1872 3289 quo

509 3291 591 3347 ibi
623 3293 799 3349 utitur
853 3314 865 3349 :
907 3294 1001 3350 Ad
1025 3297 1356 3363 sanandam,
1403 3297 1610 3370 inquit,
1636 3298 1873 3370 proedic-

506 3380 624 3429 tam
668 3377 1001 3431 aversionem
1030 3379 1340 3455 requiritur
1360 3380 1571 3449 qratia,
1602 3386 1653 3432 et
1677 3379 1873 3434 chari-

507 3458 642 3511 tatis
680 3458 889 3529 infusi-o
912 3476 929 3522 ,·
965 3461 1107 3515 sicut
1132 3461 1207 3515 ad
1232 3464 1576 3517 sanationem
1617 3464 1873 3517 caecitatis

504 3539 809 3613 requiritur
858 3543 1108 3611 potentiae
1156 3543 1343 3597 visivax
1386 3544 1678 3598 restitutio,
1723 3545 1872 3599 Nam

505 3623 726 3673 certum
747 3625 849 3686 est,
894 3621 1253 3679 sanationem
1293 3623 1558 3680 caecitatis
1587 3639 1689 3680 nec
1715 3623 1871 3681 divi-

508 3699 663 3753 nitus
690 3697 817 3755 fieri
848 3717 1006 3773 posse
1034 3701 1246 3775 absque
1276 3705 1639 3762 restitutione
1666 3710 1872 3777 poten-

508 3781 602 3836 tiae
626 3781 847 3838 visivae.
879 3782 939 3837 Id
968 3799 1105 3842 vero
1143 3785 1291 3858 quod
1329 3801 1434 3859 pro
1474 3786 1871 3845 confirmanda

509 3861 613 3917 hac
639 3864 907 3919 evasione
947 3863 1351 3934 adducebatur,
1385 3867 1609 3923 nullius
1649 3868 1872 3925 roboris

507 3947 624 4009 est;
648 3945 922 4015 quoniam
969 3946 1115 4001 sicut
1143 3949 1434 4006 multoties
1461 3952 1524 4006 D.
1556 3950 1760 4007 Thom.
1807 3951 1871 4008 in

509 4029 848 4097 argumento
861 4026 971 4083 Sed
990 4034 1202 4093 contra,
1222 4029 1509 4085 concludit
1524 4031 1870 4087 sententiam

506 4110 765 4162 extreme
790 4108 1108 4180 oppositam
1137 4111 1492 4184 argumentis
1516 4112 1819 4185 propositis
1838 4129 1872 4169 a

510 4185 814 4258 principi0,
847 4193 902 4243 et
928 4193 1120 4261 postea
1146 4190 1207 4245 in
1236 4206 1474 4263 corpore
1501 4192 1732 4247 articuli
1759 4193 1872 4249 eli-

507 4266 593 4340 git
629 4269 974 4326 sententiam
1022 4270 1295 4339 mediam,
1326 4288 1500 4345 quam
1529 4278 1764 4329 tuetur:
1791 4274 1872 4332 ita

511 4350 574 4405 in
600 4356 941 4424 argumento
966 4352 1077 4410 Sed
1094 4363 1306 4421 contra,
1336 4355 1478 4411 solet
1510 4356 1707 4411 minus
1732 4372 1871 4413 con-

509 4428 759 4496 cludere,
791 4449 962 4504 quam
997 4432 1261 4501 intendit,
1293 4439 1348 4492 et
1394 4441 1586 4511 postea
1632 4436 1696 4492 in
1740 4452 1872 4495 cor-

512 4525 649 4582 pore
675 4510 888 4569 firmat.

584 4593 714 4649 200.
747 4592 959 4650 Eadem
984 4594 1160 4652 etiam
1188 4595 1480 4664 facilitate,
1504 4602 1560 4654 et
1579 4595 1872 4655 evidentia

511 4673 860 4731 refelluntur
882 4676 1003 4742 alii,
1029 4677 1127 4749 qui
1147 4676 1344 4734 dicunt
1363 4680 1427 4735 D.
1452 4678 1662 4741 Thom.,
1681 4680 1870 4736 solum

509 4756 729 4823 docere,
779 4756 929 4829 quod
957 4758 1026 4815 ad
1053 4759 1494 4818 destructionem
1524 4762 1734 4834 peccati
1776 4777 1872 4819 re-

508 4837 763 4910 quiritur
806 4838 990 4912 gratia
1040 4841 1276 4896 actualis
1300 4883 1313 4907 ,
1347 4841 1438 4898 vel
1463 4842 1651 4916 gratia
1678 4842 1749 4899 ab
1776 4858 1873 4899 ac-

508 4917 672 4983 tuali,
698 4922 755 4973 et
774 4918 1055 4975 habituali
1081 4920 1461 4993 praescindens
1483 4946 1499 4989 ;
1529 4938 1667 4978 nam
1693 4922 1870 4980 etiam

506 4999 693 5070 gratia
718 5000 954 5056 actualis
981 4999 1191 5058 dicitur
1217 5008 1448 5077 gratum
1492 5003 1725 5073 taciens,
1752 5020 1872 5062 non

1439 375 1530 428 DE
1569 374 2150 431 JUS'I'IFICATIONE
2193 377 2393 430 1M1²11.
2459 432 2464 435 ,

2007 546 2238 619 quidem
2267 546 2609 611 formaliter,
2635 546 2731 602 sed
2754 546 3106 619 dispositive,
3132 553 3229 602 aut
3254 547 3374 603 alio

2009 625 2197 691 modo,
2233 632 2292 681 ut
2318 643 2423 683 nos
2449 628 2622 683 etiam
2645 627 2943 683 docuimus
2963 635 3124 683 tract.
3139 628 3369 700 praeced.

2005 708 2149 779 disp.
2188 709 2232 773 l,
2264 725 2388 780 cap.
2427 710 2471 775 1,
2498 726 2649 765 num.
2677 711 2733 764 8.

2083 789 2210 842 Haec
2240 829 2252 853 ,
2313 787 2548 860 inquam
2573 830 2584 849 .
2640 788 3041 860 interpretatio
3091 792 3178 844 est
3228 787 3372 845 adeo
3403 806 3576 850 neretu-

2006 869 2198 925 aliena
2215 886 2245 926 a
2265 872 2325 924 D.
2346 870 2548 925 Thom.
2572 876 2631 925 ut
2656 869 2859 941 pudeat
2882 871 2943 925 in
2964 886 3030 926 ea
3054 868 3373 927 refellenda
3385 863 3555 949 „fg-'50-

2008 949 2332 1006 immorari.
2363 953 2504 1005 Nam
2540 953 2601 1007 D.
2636 951 2839 1007 Thom.
2881 951 2944 1006 in
2986 951 3089 1007 hoc
3128 951 3373 1007 articulo

2005 1030 2385 1094 cumasserit,
2419 1047 2539 1087 non⁴
2565 1046 2725 1103 posse
2770 1030 3020 1105 intelligi
3072 1032 3370 1088 remissio-

2007 1124 2141 1165 nem
2187 1111 2365 1182 culpae
2409 1111 2536 1166 sine
2584 1111 2873 1167 infusione
2898 1112 3096 1184 gratiae
3122 1154 3134 1175 ,
3167 1110 3238 1167 de
3268 1112 3369 1168 illa

2004 1190 2191 1264 gratia
2240 1190 2491 1262 loquitur
2517 1233 2529 1255 ‚
2580 1190 2650 1246 de
2688 1207 2799 1263 qua
2847 1189 3182 1247 immediate
3211 1192 3369 1264 prius

2005 1271 2217 1328 dixerit
2252 1292 2264 1326 :
2297 1270 2538 1344 Effectus
2559 1280 2742 1328 autem
2762 1274 2962 1328 divin-v
2980 1274 3285 1328 dilectionis
3309 1275 3367 1329 in

2006 1353 2177 1418 nobis,
2208 1356 2305 1429 qui
2329 1373 2424 1425 per
2450 1361 2730 1426 per-catum
2771 1355 3001 1419 tollitur,
3044 1362 3120 1407 est
3156 1357 3363 1421 qratia,

2005 1453 2116 1513 qua
2141 1435 2298 1489 homo
2318 1437 2378 1507 fit
2404 1435 2603 1504 diynus
2629 1438 2748 1489 vita
2770 1442 2966 1490 :eterna
2994 1453 3012 1487 .·
3041 1434 3369 1507 hujusmodi

2007 1522 2197 1573 autem
2243 1517 2430 1590 gratia
2485 1516 2736 1588 profecto
2786 1522 2872 1572 est
2916 1515 3227 1572 habitualis
3249 1558 3263 1580 ,
3313 1519 3370 1572 et

2005 1595 2367 1653 sanctificans
2388 1621 2401 1663 3
2428 1598 2667 1653 actualis
2692 1598 2903 1670 qnippe
2926 1613 3028 1653 nec
3050 1596 3236 1653 reddit
3264 1596 3367 1652 ho-

2006 1678 2227 1734 minem
2256 1679 2375 1733 vita
2414 1682 2631 1733 {eterna
2671 1677 2910 1750 dignum
2937 1720 2951 1742 ,
3003 1693 3105 1733 nec
3143 1692 3369 1749 semper

2007 1758 2229 1816 tollitur
2260 1775 2356 1831 per
2385 1764 2693 1831 peccatum.
2723 1758 3049 1814 Praesertim
3075 1757 3210 1829 quia
3234 1774 3368 1830 gra-

2007 1838 2104 1903 tia,
2129 1856 2254 1911 quae
2280 1844 2366 1896 est
2393 1841 2679 1896 terminus
2704 1839 2920 1895 divinae
2956 1838 3279 1894 dilectionis
3308 1839 3369 1894 in

2007 1918 2191 1985 nobiS‚
2225 1925 2310 1976 est
2337 1921 2442 1976 illa
2468 1936 2591 1992 quae
2615 1936 2716 1975 nos
2740 1918 2924 1975 reddit
2948 1921 3059 1973 Deo
3079 1923 3289 1992 gratos
3315 1923 3370 1975 et

2006 2001 2388 2059 amicabiliter
2415 2002 2524 2075 ipsi
2544 2002 2874 2075 conjunctos
2894 2024 2907 2067 ;
2940 2000 3056 2056 haec
3076 2006 3263 2057 autem
3287 2006 3372 2056 est

2005 2083 2191 2156 gratia
2218 2081 2529 2139 habitualis
2554 2125 2566 2146 ,
2616 2088 2676 2137 ut
2709 2086 2928 2138 constat
2953 2097 3024 2155 ex
3067 2082 3129 2136 D.
3164 2082 3365 2138 Thom.

2005 2178 2179 2234 supra
2204 2171 2385 2240 quaest.
2440 2163 2559 2227 110,
2588 2170 2697 2220 art.
2755 2164 2799 2229 1,
2830 2180 2951 2218 cum
2993 2165 3274 2239 sequenti,
3316 2168 3374 2219 et

2005 2243 2208 2302 docent
2238 2244 2452 2302 ibidem
2482 2261 2683 2301 omnes
2711 2243 3092 2318 Exposito‘reS.
3125 2247 3194 2300 Et
3227 2260 3372 2302 ean-

2006 2325 2136 2383 dem
2175 2327 2296 2383 vim
2327 2325 2540 2382 habent
2563 2324 2741 2382 verba
2764 2326 2937 2382 citata
2961 2341 3030 2381 ex
3059 2326 3374 2397 quaestione

2006 2406 2076 2463 de
2100 2406 2371 2463 veritate:
2400 2406 2661 2463 Remissio
2678 2413 3020 2479 peccatorum
3041 2406 3191 2461 nullo
3211 2407 3372 2462 modo

2005 2491 2122 2544 sine
2144 2490 2333 2558 gyratio
2356 2495 2581 2558 qratum
2608 2489 2844 2560 faciente
2867 2505 2977 2543 esse
2998 2495 3167 2559 potest
3191 2503 3369 2544 :nam

2009 2570 2139 2625 licet
2182 2569 2369 2641 gratia
2413 2568 2652 2624 actualis
2693 2569 2866 2641 possit
2893 2567 3205 2625 secundum
3234 2568 3374 2640 quid

2007 2648 2118 2704 dici
2163 2654 2391 2722 gratum
2440 2646 2653 2704 faciens
2680 2672 2692 2714 ;
2743 2649 2929 2721 gratia
2981 2654 3177 2705 tamen
3202 2691 3216 2712 ‚
3247 2664 3376 2721 quae

2007 2729 2261 2787 absolute
2287 2774 2299 2796 ,
2330 2734 2385 2786 et
2430 2730 2879 2786 antonomastice
2917 2728 3029 2801 sibi
3049 2730 3376 2795 ,vindicavit

2009 2814 2159 2869 hunc
2186 2813 2441 2875 titulum,
2473 2817 2558 2867 est
2577 2813 2761 2886 gratia
2784 2810 3111 2881 habitualiS,
3138 2815 3194 2868 et
3214 2829 3374 2868 sanc-

2008 2893 2249 2960 tificanS,
2283 2899 2346 2949 ut
2374 2894 2493 2949 loco
2518 2894 2688 2950 citato
2707 2892 3099 2959 ostendimus;
3132 2892 3202 2948 ad
3223 2893 3374 2949 hanc

2006 2976 2216 3049 quippe
2261 2979 2474 3047 spectat
2518 2975 2864 3040 constituere
2911 2974 3209 3031 hominem
3257 2975 3375 3031 Deo

2008 3056 2332 3114 formaliter
2353 3060 2603 3129 gratum,
2635 3059 2691 3111 et
2717 3054 2787 3112 de
2813 3055 2918 3110 hac
2946 3052 3282 3126 loquebatur
3305 3056 3369 3111 D.

2007 3139 2210 3196 Thom.
2262 3154 2329 3194 eo
2377 3139 2534 3204 loc0,
2571 3142 2631 3192 ut
2657 3141 2877 3193 constat
2901 3151 2972 3192 ex
3002 3137 3378 3208 responsione

2007 3219 2077 3277 ad
2121 3222 2199 3285 9,
2222 3218 2320 3274 ubi
2348 3219 2428 3274 ait
2462 3240 2475 3274 ε
2511 3239 2532 3268 u
2580 3217 2778 3274 Gratia
2803 3234 2928 3289 quas
2968 3221 3071 3283 est,
3103 3221 3159 3274 et
3198 3216 3370 3280 inest,

2013 3326 2039 3356 α
2079 3303 2308 3375 culpam
2353 3302 2626 3373 expellit,
2658 3316 2775 3356 non
2802 3315 2932 3356 eam
2958 3316 3083 3372 quae
3108 3304 3229 3365 est,
3273 3299 3374 3356 sed

2013 3405 2038 3436 c<
2079 3397 2204 3455 quse
2226 3396 2342 3439 non
2362 3387 2465 3447 est,
2493 3381 2652 3453 prius
2679 3384 2868 3436 autem
2890 3384 3046 3448 erat;
3071 3394 3191 3436 non
3210 3378 3372 3436 enim

2013 3486 2039 3516 α
2078 3462 2317 3535 expellit
2340 3463 2570 3535 culpam
2605 3476 2705 3533 per
2745 3459 2982 3517 modum
3022 3475 3206 3516 causae
3249 3457 3374 3515 effi-

2013 3568 2038 3598 «
2080 3544 2301 3609 cientis,
2331 3542 2430 3600 sed
2476 3542 2711 3616 expellit
2749 3542 2977 3614 culpam
3022 3540 3368 3598 formaliter.

2010 3649 2036 3680 α
2083 3629 2164 3681 Ex
2193 3626 2297 3682 hoc
2322 3626 2479 3682 enim
2510 3625 2654 3698 ipso,
2677 3624 2826 3697 quod
2849 3624 3128 3679 informat
3147 3621 3373 3697 subjec-

2013 3731 2039 3761 «
2081 3715 2223 3775 tum,
2249 3709 2506 3779 sequitur
2525 3705 2676 3779 quod
2696 3706 2863 3779 culpa
2891 3705 2953 3761 in
2980 3706 3230 3779 subiecto
3251 3721 3371 3762 non

2012 3813 2039 3844 α
2079 3792 2189 3858 sit,
2239 3790 2384 3846 sicut
2430 3795 2581 3863 patet
2605 3788 2675 3845 de
2701 3788 2985 3854 sanitate,
3023 3794 3080 3844 et
3108 3787 3370 3846 infirmi-

2012 3895 2037 3926 «
2080 3879 2212 3930 tate.
2264 3894 2288 3924 n

2078 3956 2207 4010 201.
2252 3953 2435 4009 Aliter
2458 3953 2870 4024 interpretatur
2893 3953 3078 4008 ‘relata
3107 3951 3370 4009 testimo·
3385 3970 3580 4014 nltimam

2008 4036 2106 4092 nia
2128 4040 2359 4091 Arauxo
2388 4038 2446 4090 in
2472 4052 2629 4107 praes.
2651 4033 2777 4089 dub.
2810 4035 2864 4100 3,
2896 4051 2932 4088 a
2960 4050 3015 4089 n.
3049 4035 3139 4098 25,
3166 4049 3370 4094 conee-

3437 4023 3534 4077 qm

3429 4081 3549 4122 giam.

2006 4116 2090 4172 dit
2115 4117 2273 4173 enim
2302 4118 2356 4171 S.
2404 4119 2700 4172 Doctorem
2729 4114 2882 4186 loqui
2920 4130 3020 4186 per
3051 4120 3369 4187 respectum
3401 4124 3573 4163 Aramo.

2006 4197 2076 4254 ad
2099 4197 2408 4270 potentiam
2437 4197 2534 4251 Dei
2564 4194 2901 4261 absolutam,
2927 4198 2983 4250 et
3028 4194 3369 4252 concludere

2006 4278 2396 4336 necessitatem
2412 4277 2610 4350 gratim
2625 4275 2934 4332 habitualis
2956 4296 2968 4331 ε
2986 4275 3084 4332 sed
3108 4281 3368 4333 autumat

2006 4374 2124 4416 non
2165 4359 2320 4431 loqui
2366 4356 2437 4413 de
2479 4356 2820 4414 remissione
2847 4355 3076 4428 peccati,
3111 4362 3173 4412 ut
3199 4356 3366 4414 abso-

2006 4440 2143 4506 lute,
2176 4445 2230 4496 et
2251 4438 2564 4495 secundum
2590 4454 2651 4494 se
2672 4435 2950 4510 possibili,
2981 4435 3080 4492 sed
3110 4442 3172 4493 ut
3197 4453 3369 4496 exer-

2005 4518 2184 4577 cenda
2208 4518 2522 4576 secundum
2557 4518 2740 4592 legem
2781 4515 3167 4583 ordinariam,
3201 4520 3368 4590 prout

2005 4600 2077 4657 de
2097 4600 2241 4657 facto
2268 4599 2331 4655 fit
2358 4599 2420 4655 in
2443 4597 2713 4655 Ecclesia.
2757 4598 2826 4651 Et
2850 4597 2987 4669 quia
3007 4597 3078 4654 de
3106 4597 3253 4655 facto
3274 4613 3370 4654 re-

2006 4680 2206 4737 missio
2234 4681 2443 4753 peceati
2472 4675 2866 4751 complectitur
2889 4677 3232 4734 interiorem
3273 4678 3372 4734 ho-

2006 4762 2187 4820 minis
2234 4762 2668 4819 renovationem
2695 4802 2708 4826 ,
2758 4764 2815 4816 et
2858 4758 3332 4832 justificationem
3351 4802 3364 4826 ,

2005 4860 2131 4917 quae
2152 4842 2216 4899 fit
2238 4859 2338 4915 per
2361 4841 2713 4898 habitualem
2733 4840 3010 4914 gratiam;
3044 4844 3364 4913 propterea,

2009 4925 2199 4997 inquit
2238 4924 2339 4981 ille
2363 4966 2376 4990 ,
2426 4921 2637 4979 merito
2682 4921 3031 4978 asseveravit
3058 4923 3123 4978 D.
3156 4920 3365 4978 Thom.

2008 5004 2339 5080 hujusmodi
2401 5003 2607 5078 peccati
2662 5000 3366 5074 remissionem-intelligi

3249 5099 3368 5141 non
