3647 5753
529 416 644 471 764
1465 417 1560 471 DE
1598 416 1924 473 INFLUXU
1964 416 2416 473 CHARITATIS.

530 589 651 644 tota
695 586 800 643 illa
845 586 1154 653 ordinatio,
1198 592 1257 644 et
1306 588 1621 663 imperium
1646 594 1733 647 est
1780 587 1894 645 cito

531 668 840 735 transiens,
884 676 942 726 et
992 668 1193 726 tandiu
1220 670 1392 727 durat
1434 671 1693 743 quandiu
1719 670 1895 726 durat

529 752 655 825 ipse
700 758 856 808 actus
888 753 1171 820 formalis,
1206 771 1261 810 v.
1285 772 1339 829 g.
1367 754 1742 829 poenitentiae,
1796 753 1892 809 vel

530 835 684 892 alius
722 836 934 910 aliquis
962 841 1116 892 actus
1149 837 1414 895 formalis
1442 835 1514 892 ab
1539 852 1606 893 eo
1632 837 1892 909 impera-

529 923 642 973 tus.
680 916 789 973 Ubi
814 933 950 974 vero
975 917 1168 974 omnis
1192 926 1349 976 actus
1373 919 1640 976 formalis
1660 918 1886 984 finitur,

528 999 683 1056 nihil
708 1005 793 1056 est
819 1000 882 1054 in
907 1016 1020 1071 quo
1045 1004 1201 1056 actus
1223 1002 1577 1074 poenitentiae
1616 1001 1890 1057 virtuali-

524 1084 615 1137 ter
640 1085 903 1147 maneat;
926 1086 984 1137 et
1009 1080 1140 1138 ideo
1161 1082 1372 1156 absque
1400 1099 1552 1140 novo
1592 1088 1718 1139 actu
1765 1098 1891 1154 pce-

524 1163 785 1220 nitentiae
848 1162 1045 1221 habito
1085 1164 1431 1231 formaliter,
1501 1166 1702 1238 nequit
1757 1163 1889 1220 dari

525 1258 744 1300 novum
770 1245 894 1319 ejus
920 1244 1253 1316 imperium,
1284 1245 1469 1303 adhuc
1487 1246 1740 1302 virtuale
1762 1260 1889 1301 res-

523 1330 686 1398 pectu
713 1331 1054 1383 caeterarum
1080 1326 1386 1384 virtutum.
1437 1328 1609 1402 Cujus
1653 1326 1888 1399 opposi-

523 1411 649 1462 tnm
694 1407 973 1481 contingit
1013 1407 1077 1463 in
1126 1408 1406 1464 charitate
1424 1431 1439 1475 3
1495 1423 1633 1463 nam
1680 1407 1889 1465 modus

521 1486 645 1552 ille,
677 1502 789 1559 quo
816 1487 1128 1545 intrinsece
1172 1487 1452 1545 informat
1496 1493 1728 1545 caeteras
1754 1504 1888 1546 om-

520 1583 624 1625 nes
652 1569 910 1636 virtutes,
941 1574 1000 1626 et
1024 1570 1088 1626 in
1113 1585 1224 1643 quo
1246 1570 1576 1627 virtualiter
1618 1571 1887 1627 contine-

519 1651 763 1723 turipsa
781 1652 1049 1719 charitas,
1098 1659 1156 1709 et
1192 1653 1317 1728 ejus
1364 1659 1539 1721 actus,
1573 1655 1723 1711 inest
1763 1653 1888 1710 illis

519 1740 950 1805 permanenter,
976 1733 1230 1807 quandiu
1258 1735 1510 1792 charitas
1552 1740 1640 1792 est
1679 1735 1748 1791 in
1776 1752 1886 1792 vo-

520 1816 761 1881 luntate.
795 1818 863 1871 Et
889 1814 1018 1872 ideo
1043 1816 1115 1871 ad
1141 1816 1265 1884 hoc,
1298 1823 1360 1873 ιιι
1384 1817 1637 1874 charitas
1661 1816 1884 1873 virtua-

520 1895 656 1953 liter
682 1897 927 1969 imperet
970 1902 1127 1954 actus
1179 1903 1517 1955 caeterarum
1570 1899 1878 1967 virtutum,

521 1994 642 2037 non
667 1986 754 2036 est
780 1980 1133 2037 necessarius
1160 1997 1345 2039 novus
1358 1982 1481 2055 ejus
1501 1987 1675 2050 actus,
1703 1983 1882 2040 etiam

520 2067 822 2136 postquam
842 2064 1035 2120 omnis
1073 2069 1228 2120 actus
1249 2064 1515 2121 formalis
1566 2065 1631 2121 in
1665 2065 1881 2121 volun-

517 2150 637 2202 tate
662 2146 934 2213 cessavit;
976 2146 1075 2203 sed
1094 2147 1233 2204 satis
1253 2152 1359 2213 est,
1393 2147 1543 2220 quod
1592 2148 1730 2220 ipsae
1752 2148 1881 2204 vir-

518 2234 665 2287 tutes
685 2235 1017 2303 operentur,
1048 2230 1183 2302 quia
1202 2246 1272 2287 eo
1300 2230 1424 2303 ipso
1463 2235 1707 2287 utuntur
1729 2247 1867 2303 prae-

514 2310 665 2369 dicto
691 2309 988 2367 charitatis
1034 2310 1223 2378 modo,
1274 2316 1331 2368 et
1366 2311 1448 2367 sic
1486 2312 1738 2369 charitas
1775 2327 1881 2385 per

515 2392 647 2449 illas
665 2406 891 2463 semper
919 2391 1249 2448 virtualiter
1274 2397 1570 2465 operatur.

590 2472 758 2529 Ratio
797 2486 954 2537 vero,
1012 2470 1084 2528 ob
1128 2488 1302 2545 quam
1343 2472 1647 2546 praedictus
1672 2473 1880 2531 modus

515 2552 879 2609 informandi
917 2554 1098 2610 solius
1141 2554 1440 2611 charitatis
1477 2556 1551 2610 sit
1584 2556 1876 2628 proprius,

513 2648 586 2690 ex
624 2632 792 2690 dictis
810 2633 1035 2690 desumi
1059 2639 1239 2706 potest
1252 2659 1267 2702 ;
1289 2636 1425 2708 quia
1448 2636 1737 2693 nimirum
1759 2637 1880 2694 haec

513 2713 853 2772 informatio
872 2713 1111 2771 debetur
1131 2718 1241 2773 soli
1273 2717 1478 2773 ultimo
1500 2715 1627 2786 fini,
1654 2718 1746 2774 cui
1773 2718 1879 2776 de-

514 2795 681 2853 betur
704 2796 1039 2853 omnimoda
1051 2796 1325 2873 subjectio
1340 2800 1591 2856 aliorum
1605 2801 1876 2858 omnium

511 2874 722 2934 finium
778 2878 1233 2951 particularium.
1287 2879 1452 2936 Unde
1499 2886 1585 2937 est
1638 2885 1878 2955 propria

511 2958 675 3015 illius
704 2959 1002 3016 dumtaxat
1029 2960 1312 3033 potentiae,
1344 2962 1437 3018 vel
1466 2962 1718 3028 virtutis,
1749 2981 1877 3038 qnae

508 3055 612 3113 per
657 3056 718 3097 se
760 3041 992 3114 respicit
1039 3041 1371 3114 praedictum
1399 3040 1596 3109 finem,
1645 3060 1771 3116 quae
1808 3047 1874 3104 in

509 3120 716 3178 ordine
759 3123 1210 3194 supernaturali,
1282 3138 1380 3180 seu
1430 3130 1685 3197 respectu
1736 3124 1874 3184 finis

510 3203 753 3259 omnino
783 3202 996 3268 ultimi,
1028 3204 1128 3276 qui
1155 3209 1241 3261 est
1259 3206 1739 3277 supernaturalis,
1788 3214 1875 3266 est

508 3282 631 3338 sola
651 3282 900 3339 charitas
914 3308 928 3350 3
953 3288 1007 3340 et
1030 3284 1094 3340 in
1109 3283 1316 3342 ordine
1333 3287 1608 3352 naturali,
1634 3303 1734 3344 seu
1758 3305 1874 3345 res-

509 3368 670 3434 pectu
694 3361 829 3419 finis
853 3365 1044 3420 ultimi
1073 3364 1377 3434 naturalis,
1399 3370 1483 3423 est
1508 3367 1631 3423 sola
1665 3373 1873 3440 poten-

506 3443 591 3499 tia
610 3445 941 3501 voluntatis,

314 3545 477 3588 1raeoo-
580 3524 671 3581 90.
694 3526 806 3583 Pro
832 3527 991 3600 cujus
1018 3525 1226 3600 majori
1255 3526 1639 3601 intelligentia
1660 3529 1871 3585 adver-

292 3593 492 3688 uo‘i‘ii'iin

315 3692 452 3744 expu-
504 3687 679 3743 turali
700 3705 900 3745 omnes
931 3690 1169 3746 virtutes
1196 3690 1524 3747 formantur
1552 3707 1653 3763 per
1673 3692 1869 3749 chari-

282 3745 493 3847 0131}ng
505 3771 698 3837 tatem,
732 3776 793 3825 ut
818 3769 1034 3827 dictum
1055 3775 1139 3827 est
1172 3792 1185 3826 :
1209 3771 1289 3827 ita
1315 3772 1489 3827 etiam
1519 3771 1583 3827 in
1611 3774 1867 3830 naturali

504 3605 740 3662 tendum
761 3614 863 3674 est,
889 3607 1039 3682 quod
1069 3609 1213 3664 sicut
1241 3608 1303 3663 in
1345 3607 1551 3666 ordine
1584 3625 1870 3683 superna-

503 3865 705 3907 omnes
721 3849 1097 3918 habitu3,sive
1113 3850 1343 3907 virtutis
1358 3851 1623 3919 sint,sive
1645 3853 1793 3918 vitii,
1810 3859 1868 3910 et

502 3949 704 3991 omnes
725 3934 878 3990 vires
919 3933 1204 3991 voluntati
1237 3932 1499 4010 subJ'ectae
1523 3936 1866 4009 participant

500 4016 792 4088 quandam
832 4015 955 4087 ejus
981 4015 1251 4081 formam,
1286 4016 1508 4073 ratione
1534 4019 1693 4092 cujus
1719 4035 1866 4090 quo-

499 4096 607 4154 ties
633 4104 965 4170 operantur,
987 4103 1164 4172 agunt
1185 4098 1247 4153 in
1270 4097 1474 4155 ordine
1495 4098 1566 4155 ad
1590 4099 1864 4156 ultimum

500 4178 680 4238 finem
708 4179 934 4236 ordinis
962 4179 1264 4245 naturalis,
1295 4180 1393 4253 qui
1419 4187 1506 4237 est
1533 4182 1857 4254 proprium,

496 4263 554 4314 et
593 4261 970 4317 connaturale
1019 4259 1235 4317 bonum
1279 4261 1461 4333 ipsius
1512 4264 1853 4333 appetentis,

497 4340 792 4415 adaequate
811 4342 1145 4400 satiativum
1197 4343 1287 4398 sui
1336 4343 1639 4415 appetitus.
1672 4345 1741 4399 Et
1780 4344 1861 4400 ita

493 4422 780 4489 videmus,
808 4423 956 4497 quod
983 4423 1259 4498 quidquid
1300 4424 1473 4481 homo
1514 4426 1860 4483 naturaliter

494 4504 639 4568 vult,
690 4520 918 4578 semper
964 4506 1091 4562 vult
1131 4509 1364 4578 propter
1404 4505 1704 4578 proprium
1752 4506 1858 4563 bo-

496 4598 640 4639 num
669 4604 682 4639 ε
714 4601 816 4642 nec
836 4584 965 4643 fieri
1013 4591 1212 4659 potest,
1244 4584 1405 4659 quod.
1433 4585 1634 4644 anima
1662 4593 1858 4645 nostra

494 4680 848 4740 quocumque
871 4668 1196 4735 habitu,aut
1212 4670 1426 4726 virtute
1453 4670 1708 4727 naturali
1728 4676 1857 4728 uta-

490 4751 606 4814 tur,
633 4747 713 4804 ita
754 4753 905 4804 amet
947 4749 1208 4807 alienum
1236 4751 1475 4817 honum,
1505 4755 1568 4806 ut
1604 4765 1721 4807 non
1750 4767 1857 4822 po-

490 4827 604 4885 tius
630 4827 712 4886 ibi
741 4826 944 4903 diligat
982 4847 1188 4899 suum;
1238 4848 1377 4889 nam
1425 4830 1754 4888 amicabilia
1783 4832 1855 4889 ad

487 4913 735 4969 alterum
760 4914 1125 4982 (naturaliter
1166 4914 1471 4988 loquendo)
1511 4913 1756 4971 veniunt
1781 4931 1855 4972 ex

488 4990 890 5050 amicabilibus
942 4993 1012 5050 ad
1052 5011 1133 5062 se,
1184 5000 1248 5051 ιιι
1274 4995 1657 5069 Philosophus
1709 4997 1853 5053 ait9

489 5072 677 5130 Ethic.
726 5093 846 5149 cap.
890 5077 944 5132 8.
997 5078 1157 5134 Hanc
1192 5092 1327 5152 ergo
1374 5077 1847 5147 inclinationem,

2017 604 2199 661 quam
2221 603 2424 645 omnes
2461 587 2674 645 animm
2693 586 2868 656 vires,
2898 604 3025 660 quae
3043 589 3374 662 participant

2026 668 2374 735 libertatem,
2411 668 2629 727 habent
2670 668 3129 742 adfoperandum
3159 679 3374 743 propter

2025 748 2244 806 bonum
2286 751 2510 824 proprii
2530 750 2831 825 suppositi,
2862 752 3011 823 quod
3033 755 3120 807 est
3146 751 3372 809 ultimus

2022 828 2159 887 finis
2178 832 2302 906 ejus
2322 831 2387 887 in
2413 832 2619 889 ordine
2641 831 2917 897 naturali,
2943 831 3149 888 tribuit
3176 833 3260 890 eis
3278 850 3371 891 vo-

2022 910 2237 977 luntas,
2268 911 2429 984 quus
2451 912 2751 985 proprium
2796 912 3082 987 objectum
3121 918 3206 970 est
3233 930 3370 986 prae-

2022 989 2206 1048 dictus
2232 990 2385 1058 finis,
2416 997 2475 1049 et
2497 993 2580 1049 sic
2605 994 2887 1051 informat
2932 1010 3028 1050 eas
3070 994 3132 1050 in
3180 995 3369 1054 ordine

2022 1072 2094 1129 ad
2115 1074 2306 1140 illum,
2329 1072 2576 1147 facitque
2601 1074 2736 1131 illas
2763 1081 2999 1149 propter
3026 1077 3215 1150 ipsum
3235 1093 3369 1135 sem-

2022 1171 2123 1228 per
2150 1154 2401 1228 operari.

2095 1238 2187 1294 91.
2207 1238 2293 1292 Ex
2314 1236 2420 1292 hac
2440 1234 2618 1310 igitur
2641 1237 2887 1310 paritate
2909 1239 3063 1295 inter
3080 1243 3370 1312 utramque
3406 1245 3529 1303 ,Ιιῐα

2019 1318 2191 1375 istam
2221 1318 2632 1376 formationem
2660 1321 2988 1377 naturalem
3015 1326 3072 1377 et
3096 1296 3548 1394 superna-322

2019 1402 2269 1459 turalem
2311 1406 2494 1474 potest
2517 1402 2704 1476 magis
2744 1402 3046 1476 explicari,
3096 1404 3368 1476 (ΙΠΟῙΠΨ10
3406 1395 3525 1489 Ἓξ

2018 1481 2091 1538 ad
2146 1486 2331 1541 solam
2377 1483 2718 1541 charitatem
2770 1483 2926 1542 inter
2971 1485 3214 1543 virtutae
3261 1486 3372 1543 haec
3523 1479 3531 1485 ’

2018 1564 2300 1635 posterior
2359 1564 2661 1636 pertineat.
2728 1566 3015 1628 Quoniam
3057 1567 3119 1622 in
3174 1566 3372 1625 ordine

2017 1645 2271 1701 naturali
2298 1645 2422 1702 sola
2448 1645 2714 1700 voluntas
2740 1646 2881 1715 (non
2907 1646 3267 1704 excludimus
3291 1649 3373 1704 in·

2016 1725 2275 1782 tellectus
2301 1724 2611 1791 influxum,
2636 1732 2693 1782 et
2712 1725 2897 1783 multo
2923 1728 3121 1783 minus
3141 1729 3368 1796 animae,

2015 1805 2151 1877 quia
2177 1805 2304 1862 sine
2331 1806 2424 1862 his
2449 1807 2717 1864 voluntas
2743 1806 2895 1864 nihil
2920 1812 3098 1880 potest
3123 1810 3368 1880 operari,

2014 1886 2162 1941 sicut
2191 1901 2294 1942 nec
2332 1886 2582 1943 charitas
2606 1887 2736 1944 sine
2775 1888 2984 1962 gratia,
3034 1893 3091 1944 et
3135 1886 3268 1960 fide)
3292 1895 3373 1945 est

2015 1965 2205 2024 forma
2227 1966 2575 2023 universalis
2595 1967 2861 2024 omnium
2886 1969 3265 2025 rationalium
3293 1970 3372 2024 vi-

2016 2049 2172 2108 rium
2203 2054 2413 2107 nostrae
2433 2051 2663 2117 animae,
2718 2053 2950 2124 solaque
2996 2052 3119 2124 ipsa
3172 2050 3372 2108 tribuit

2012 2130 2097 2187 eis
2119 2138 2526 2204 permanenter
2552 2134 2731 2190 talem
2776 2132 3286 2196 modificationem.
3312 2138 3373 2189 ut

2011 2215 2232 2285 quoties
2251 2220 2496 2287 operatas
2517 2215 2752 2280 tuerint,
2777 2222 3116 2273 convertant
3136 2231 3369 2274 omnem

2011 2311 2178 2351 suam
2205 2297 2597 2369 operationem
2617 2298 2682 2354 in
2704 2297 2884 2355 finem
2909 2300 3181 2354 ultimum
3203 2303 3364 2355 natu·

2013 2379 2197 2435 ralem
2225 2378 2446 2452 proprii
2473 2380 2770 2453 suppositi,
2794 2396 2863 2438 eo
2907 2380 3057 2454 quod
3080 2381 3196 2436 haec
3245 2380 3370 2437 for-

2011 2459 2209 2525 mati0,
2257 2466 2314 2517 et
2351 2463 2650 2519 conversio
2712 2461 2953 2520 debetur
3012 2462 3076 2518 in
3120 2461 3373 2536 quolibet

2010 2539 2216 2596 ordine
2242 2541 2349 2597 soli
2373 2542 2581 2600 ultimo
2602 2541 2726 2609 fini,
2769 2548 2828 2600 et
2865 2544 2929 2598 in
2956 2542 3163 2599 ordine
3198 2550 3370 2600 natu-

2011 2622 2123 2699 rali
2152 2621 2479 2696 hujusmodi
2503 2622 2642 2680 finis
2661 2630 2745 2681 est
2759 2625 3062 2699 proprium
3089 2624 3370 2701 objectum

2009 2700 2190 2762 solius
2229 2705 2565 2763 voluntatis.
2591 2708 2740 2782 Ergo
2784 2708 2919 2782 quia
2947 2707 3010 2763 in
3039 2706 3245 2765 ordine
3270 2725 3371 2765 sn·-

2012 2788 2373 2860 pernaturali
2394 2788 2517 2845 sola
2541 2790 2792 2845 charitas
2829 2789 3060 2862 respicit
3084 2805 3184 2861 per
3207 2806 3286 2860 se,
3317 2798 3373 2850 et

2010 2871 2073 2924 ut
2102 2868 2405 2942 proprium
2433 2867 2715 2944 objectum
2739 2869 2916 2928 finem
2959 2871 3232 2928 ultimum
3260 2871 3372 2929 hu-

2003 2952 2097 3024 jus
2132 2952 2376 3018 ordinis,
2413 2957 2581 3025 atque
2621 2951 2762 3010 adeo
2799 2952 2975 3010 finem
3017 2952 3276 3012 absolute
3316 2961 3372 3013 et

2008 3032 2351 3105 simpliciter
2378 3035 2618 3092 omnino
2650 3034 2942 3102 ultimum,
2987 3035 3109 3108 ejus
3134 3034 3370 3093 dumta-

2006 3120 2105 3170 xat
2151 3114 2264 3170 erit
2310 3116 2614 3188 proprium
2656 3115 2913 3173 formare
2960 3123 3371 3188 permanenter

2007 3209 2209 3251 omnes
2235 3195 2380 3251 alias
2425 3196 2689 3265 virtutes,
2720 3202 2779 3253 et
2810 3195 2893 3251 ita
2936 3195 3269 3255 modificare
3289 3199 3369 3254 il-

2007 3276 2111 3341 laS,
2145 3281 2207 3330 ut
2232 3291 2466 3334 omnem
2505 3293 2672 3333 suam
2723 3277 3122 3349 operationem
3167 3280 3231 3335 in
3252 3279 3367 3335 hn-

1999 3355 2254 3430 jusmodi
2277 3357 2454 3415 finem
2493 3363 2856 3416 convertant.

2081 3438 2380 3512 Potestque
2402 3439 2508 3496 hoc
2528 3440 2713 3514 magis
2738 3440 3036 3513 explicari,
3069 3445 3126 3497 et
3150 3439 3369 3498 confir-

2005 3519 2157 3576 mari
2179 3535 2250 3577 ex
2277 3535 2363 3588 eo,
2386 3520 2535 3592 quod
2559 3520 2802 3593 quilibet
2823 3527 2979 3577 actus
3018 3520 3250 3578 habitus
3270 3539 3368 3580 so-

2003 3600 2127 3655 lum
2168 3599 2338 3659 habet
2391 3618 2495 3674 pro
2539 3601 2757 3676 oDJecto
2803 3603 3095 3675 peculiare
3131 3603 3368 3677 aliquod

2004 3678 2240 3750 bonum,
2295 3688 2353 3738 et
2397 3680 2575 3739 finem
2628 3681 2880 3754 aliquem
2928 3684 3363 3755 particularem.

2003 3766 2170 3834 atque
2200 3761 2340 3819 adeo
2379 3765 2568 3820 solum
2609 3769 2791 3836 potest
2816 3765 2868 3821 ei
2914 3767 3260 3838 competere,
3310 3770 3369 3822 et

2003 3844 2371 3917 particularis
2416 3846 2754 3904 informatio
2807 3853 3064 3921 respectu
3111 3850 3367 3906 aliorum

2002 3926 2349 3997 particulare
2369 3927 2705 4002 imperium;
2732 3929 3067 4002 particulari
3084 3930 3241 3988 enim
3255 3928 3365 3987 fini

1997 4010 2189 4067 solum
2221 4017 2400 4084 potest
2420 4020 2742 4087 competere
2762 4030 2834 4071 ex
2855 4018 3018 4087 parte
3043 4030 3147 4071 sua
3181 4016 3366 4072 motio

2001 4092 2389 4165 particularis,
2419 4100 2476 4150 et
2495 4112 2567 4152 ex
2595 4101 2755 4168 parte
2780 4093 3009 4151 habitus
3035 4095 3208 4152 illum
3231 4112 3364 4153 res-

2000 4173 2264 4248 picientis
2288 4178 2655 4247 particularis
2676 4177 3034 4243 informatiO,
3079 4185 3134 4235 et
3169 4179 3368 4252 impe-

1998 4257 2155 4313 rium
2188 4281 2201 4316 :
2229 4261 2285 4315 at
2305 4275 2373 4316 eo
2397 4259 2538 4331 ipso,
2577 4257 2726 4333 quod
2754 4258 3097 4317 informatio
3121 4260 3240 4318 haec
3257 4260 3370 4319 de-

1996 4337 2127 4397 beat
2175 4357 2296 4399 esse
2334 4343 2524 4399 solum
2566 4341 2949 4414 particularis,
3004 4341 3201 4413 nequit
3238 4358 3375 4399 esse

1999 4429 2252 4495 respectu
2283 4423 2534 4480 aliorum
2564 4422 2888 4489 habituum,
2924 4439 3113 4496 neque
3140 4424 3372 4497 aliquid

1995 4502 2060 4559 in
2100 4504 2183 4561 eis
2208 4520 2589 4577 permanens;
2621 4506 2765 4561 alias
2792 4521 2910 4562 non
2934 4511 3083 4562 esset
3105 4506 3372 4578 particu-

1995 4585 2156 4653 lariS,
2189 4587 2286 4645 sed
2313 4587 2834 4654 universalissima,
2877 4588 3012 4661 quia
3059 4593 3208 4646 esset
3235 4604 3373 4646 res-

1994 4674 2157 4741 pectu
2214 4672 2502 4737 omnium,
2551 4675 2609 4728 et
2654 4672 2716 4726 in
2768 4669 3074 4738 omnibus;
3120 4671 3374 4729 daretur

1991 4752 2151 4809 enim
2177 4770 2281 4827 pro
2303 4753 2574 4811 omnibus
2596 4752 2813 4810 actibus
2833 4767 2901 4809 eo
2924 4752 3225 4827 ipso,quod
3261 4770 3375 4827 per

1992 4834 2227 4890 modum
2307 4834 2702 4908 permanentis
2748 4833 3125 4891 tribueretur.
3181 4835 3377 4894 Debet

1989 4931 2126 4992 ergo
2169 4916 2436 4991 praedicta
2464 4918 2800 4976 informatio
2827 4915 2953 4973 fieri
2985 4932 3087 4988 per
3114 4917 3370 4975 modum

1989 4999 2368 5066 transeuntis,
2413 4999 2493 5055 ita
2528 5005 2589 5055 ut
2634 4998 2832 5055 tandiu
2874 4997 3062 5065 duret,
3094 4999 3371 5073 quandin

1989 5081 2161 5140 durat
2183 5082 2508 5141 formaliter
2548 5089 2703 5139 actus
2731 5083 3045 5156 imperans,
3091 5089 3192 5142 aut
3223 5083 3371 5175 alii,

3259 5181 3376 5240 qni
