<?xml version="1.0" encoding="UTF-8"?>
<!DOCTYPE html PUBLIC "-//W3C//DTD XHTML 1.0 Transitional//EN"
    "http://www.w3.org/TR/xhtml1/DTD/xhtml1-transitional.dtd">
<html xmlns="http://www.w3.org/1999/xhtml" xml:lang="en" lang="en">
 <head>
  <title>
</title>
<meta http-equiv="Content-Type" content="text/html;charset=utf-8" />
  <meta name='ocr-system' content='tesseract 3.04.00' />
  <meta name='ocr-capabilities' content='ocr_page ocr_carea ocr_par ocr_line ocrx_word'/>
</head>
<body>
  <div class='ocr_page' id='page_1' title='image "./collegiisalmant00carmgoog_0807.png"; bbox 0 0 3647 5753; ppageno 0'>
   <div class='ocr_carea' id='block_1_1' title="bbox 1271 359 3140 427">
    <p class='ocr_par' dir='ltr' id='par_1_1' title="bbox 1271 359 3140 427">
     <span class='ocr_line' id='line_1_1' title="bbox 1271 359 3140 427; baseline 0 -12"><span class='ocrx_word' id='word_1_1' title='bbox 1271 359 1452 417; x_wconf 89' lang='lat' dir='ltr'><strong>DISP.</strong></span> <span class='ocrx_word' id='word_1_2' title='bbox 1496 360 1567 427; x_wconf 77' lang='lat' dir='ltr'><strong>V,</strong></span> <span class='ocrx_word' id='word_1_3' title='bbox 1610 361 1775 419; x_wconf 90' lang='lat' dir='ltr'><strong>DUB.</strong></span> <span class='ocrx_word' id='word_1_4' title='bbox 1820 363 2129 424; x_wconf 83' lang='lat' dir='ltr'><strong>UNICUM.</strong></span> <span class='ocrx_word' id='word_1_5' title='bbox 3025 359 3140 416; x_wconf 86' lang='lat'><strong>785</strong></span> 
     </span>
    </p>
   </div>
   <div class='ocr_carea' id='block_1_2' title="bbox 252 527 1649 2238">
    <p class='ocr_par' dir='ltr' id='par_1_2' title="bbox 252 527 1649 1748">
     <span class='ocr_line' id='line_1_2' title="bbox 280 527 1647 603; baseline 0.002 -17"><span class='ocrx_word' id='word_1_6' title='bbox 280 527 546 603; x_wconf 84' lang='lat' dir='ltr'><strong>procedat</strong></span> <span class='ocrx_word' id='word_1_7' title='bbox 574 528 644 586; x_wconf 86' lang='lat' dir='ltr'><strong>ab</strong></span> <span class='ocrx_word' id='word_1_8' title='bbox 684 530 921 598; x_wconf 88' lang='lat' dir='ltr'><strong>auxilio,</strong></span> <span class='ocrx_word' id='word_1_9' title='bbox 956 535 1018 586; x_wconf 91' lang='lat' dir='ltr'><strong>ut</strong></span> <span class='ocrx_word' id='word_1_10' title='bbox 1058 531 1229 588; x_wconf 90' lang='lat' dir='ltr'><strong>multi</strong></span> <span class='ocrx_word' id='word_1_11' title='bbox 1268 532 1492 600; x_wconf 87' lang='lat' dir='ltr'><strong>volunt,</strong></span> <span class='ocrx_word' id='word_1_12' title='bbox 1522 532 1647 589; x_wconf 87' lang='lat' dir='ltr'><strong>sive</strong></span> 
     </span>
     <span class='ocr_line' id='line_1_3' title="bbox 279 611 1649 687; baseline 0.002 -19"><span class='ocrx_word' id='word_1_13' title='bbox 279 617 342 668; x_wconf 90' lang='lat' dir='ltr'><strong>ut</strong></span> <span class='ocrx_word' id='word_1_14' title='bbox 382 611 736 685; x_wconf 82' lang='lat' dir='ltr'><strong>probabilius</strong></span> <span class='ocrx_word' id='word_1_15' title='bbox 762 618 867 681; x_wconf 89' lang='lat' dir='ltr'><strong>est,</strong></span> <span class='ocrx_word' id='word_1_16' title='bbox 911 612 1133 687; x_wconf 90' lang='lat' dir='ltr'><strong>abipso</strong></span> <span class='ocrx_word' id='word_1_17' title='bbox 1169 614 1368 671; x_wconf 91' lang='lat' dir='ltr'><strong>habitu</strong></span> <span class='ocrx_word' id='word_1_18' title='bbox 1392 614 1649 671; x_wconf 85' lang='lat' dir='ltr'><strong>charita-</strong></span> 
     </span>
     <span class='ocr_line' id='line_1_4' title="bbox 278 695 1649 773; baseline 0.003 -22"><span class='ocrx_word' id='word_1_19' title='bbox 278 695 372 762; x_wconf 91' lang='lat' dir='ltr'><strong>tis,</strong></span> <span class='ocrx_word' id='word_1_20' title='bbox 416 696 539 770; x_wconf 84' lang='lat' dir='ltr'><strong>jam</strong></span> <span class='ocrx_word' id='word_1_21' title='bbox 578 695 753 752; x_wconf 89' lang='lat' dir='ltr'><strong>etiam</strong></span> <span class='ocrx_word' id='word_1_22' title='bbox 796 697 861 753; x_wconf 93' lang='lat' dir='ltr'><strong>in</strong></span> <span class='ocrx_word' id='word_1_23' title='bbox 905 711 1028 754; x_wconf 87' lang='lat' dir='ltr'><strong>esse</strong></span> <span class='ocrx_word' id='word_1_24' title='bbox 1073 698 1310 773; x_wconf 86' lang='lat' dir='ltr'><strong>physico</strong></span> <span class='ocrx_word' id='word_1_25' title='bbox 1354 714 1510 772; x_wconf 78' lang='lat' dir='ltr'><strong>aeque</strong></span> <span class='ocrx_word' id='word_1_26' title='bbox 1549 699 1649 754; x_wconf 89' lang='lat' dir='ltr'><strong>in-</strong></span> 
     </span>
     <span class='ocr_line' id='line_1_5' title="bbox 277 776 1647 855; baseline 0.004 -24"><span class='ocrx_word' id='word_1_27' title='bbox 277 778 462 848; x_wconf 87' lang='lat' dir='ltr'><strong>tenso)</strong></span> <span class='ocrx_word' id='word_1_28' title='bbox 484 791 600 833; x_wconf 92' lang='lat' dir='ltr'><strong>non</strong></span> <span class='ocrx_word' id='word_1_29' title='bbox 624 776 865 849; x_wconf 83' lang='lat' dir='ltr'><strong>requirit</strong></span> <span class='ocrx_word' id='word_1_30' title='bbox 886 778 1064 834; x_wconf 89' lang='lat' dir='ltr'><strong>aliam</strong></span> <span class='ocrx_word' id='word_1_31' title='bbox 1086 778 1381 855; x_wconf 75' lang='lat' dir='ltr'>physicam</span> <span class='ocrx_word' id='word_1_32' title='bbox 1407 778 1647 854; x_wconf 89' lang='lat' dir='ltr'><strong>disposi-</strong></span> 
     </span>
     <span class='ocr_line' id='line_1_6' title="bbox 278 858 1647 936; baseline 0.002 -21"><span class='ocrx_word' id='word_1_33' title='bbox 278 860 517 925; x_wconf 91' lang='lat' dir='ltr'><strong>tionem,</strong></span> <span class='ocrx_word' id='word_1_34' title='bbox 549 859 648 917; x_wconf 88' lang='lat' dir='ltr'><strong>sed</strong></span> <span class='ocrx_word' id='word_1_35' title='bbox 668 858 873 915; x_wconf 88' lang='lat' dir='ltr'><strong>sufficit</strong></span> <span class='ocrx_word' id='word_1_36' title='bbox 892 875 1059 917; x_wconf 87' lang='lat' dir='ltr'><strong>causa</strong></span> <span class='ocrx_word' id='word_1_37' title='bbox 1080 861 1340 930; x_wconf 89' lang='lat' dir='ltr'><strong>moralis,</strong></span> <span class='ocrx_word' id='word_1_38' title='bbox 1363 879 1491 936; x_wconf 80' lang='lat' dir='ltr'><strong>quae</strong></span> <span class='ocrx_word' id='word_1_39' title='bbox 1512 868 1647 919; x_wconf 89' lang='lat' dir='ltr'><strong>sunt</strong></span> 
     </span>
     <span class='ocr_line' id='line_1_7' title="bbox 278 940 1646 1015; baseline 0.003 -18"><span class='ocrx_word' id='word_1_40' title='bbox 278 941 488 998; x_wconf 89' lang='lat' dir='ltr'><strong>merita</strong></span> <span class='ocrx_word' id='word_1_41' title='bbox 553 940 927 1015; x_wconf 84' lang='lat' dir='ltr'><strong>praecedentia</strong></span> <span class='ocrx_word' id='word_1_42' title='bbox 991 940 1056 998; x_wconf 93' lang='lat' dir='ltr'><strong>in</strong></span> <span class='ocrx_word' id='word_1_43' title='bbox 1120 942 1226 999; x_wconf 90' lang='lat' dir='ltr'><strong>hac</strong></span> <span class='ocrx_word' id='word_1_44' title='bbox 1286 944 1424 1014; x_wconf 87' lang='lat' dir='ltr'><strong>vita,</strong></span> <span class='ocrx_word' id='word_1_45' title='bbox 1472 948 1531 1001; x_wconf 90' lang='lat' dir='ltr'><strong>et</strong></span> <span class='ocrx_word' id='word_1_46' title='bbox 1580 945 1646 1001; x_wconf 91' lang='lat' dir='ltr'><strong>in</strong></span> 
     </span>
     <span class='ocr_line' id='line_1_8' title="bbox 276 1020 1647 1098; baseline 0.004 -22"><span class='ocrx_word' id='word_1_47' title='bbox 276 1020 481 1078; x_wconf 88' lang='lat' dir='ltr'><strong>divina</strong></span> <span class='ocrx_word' id='word_1_48' title='bbox 507 1021 891 1095; x_wconf 77' lang='lat' dir='ltr'>acceptatione</span> <span class='ocrx_word' id='word_1_49' title='bbox 913 1029 1249 1081; x_wconf 89' lang='lat' dir='ltr'><strong>conservata</strong></span> <span class='ocrx_word' id='word_1_50' title='bbox 1274 1046 1288 1090; x_wconf 88' lang='lat'>;</span> <span class='ocrx_word' id='word_1_51' title='bbox 1318 1030 1375 1080; x_wconf 90' lang='lat' dir='ltr'><strong>et</strong></span> <span class='ocrx_word' id='word_1_52' title='bbox 1404 1039 1506 1098; x_wconf 89' lang='lat' dir='ltr'><strong>per</strong></span> <span class='ocrx_word' id='word_1_53' title='bbox 1533 1025 1647 1081; x_wconf 90' lang='lat' dir='ltr'><strong>hu-</strong></span> 
     </span>
     <span class='ocr_line' id='line_1_9' title="bbox 271 1103 1646 1181; baseline 0.003 -21"><span class='ocrx_word' id='word_1_54' title='bbox 271 1104 525 1180; x_wconf 86' lang='lat' dir='ltr'><strong>jusmodi</strong></span> <span class='ocrx_word' id='word_1_55' title='bbox 552 1109 740 1160; x_wconf 90' lang='lat' dir='ltr'><strong>actum</strong></span> <span class='ocrx_word' id='word_1_56' title='bbox 768 1103 1102 1178; x_wconf 88' lang='lat' dir='ltr'><strong>disponetur</strong></span> <span class='ocrx_word' id='word_1_57' title='bbox 1129 1106 1328 1163; x_wconf 89' lang='lat' dir='ltr'><strong>anima</strong></span> <span class='ocrx_word' id='word_1_58' title='bbox 1356 1106 1427 1163; x_wconf 90' lang='lat' dir='ltr'><strong>ad</strong></span> <span class='ocrx_word' id='word_1_59' title='bbox 1454 1123 1646 1181; x_wconf 81' lang='lat' dir='ltr'><strong>aequa-</strong></span> 
     </span>
     <span class='ocr_line' id='line_1_10' title="bbox 277 1185 1638 1263; baseline 0.002 -20"><span class='ocrx_word' id='word_1_60' title='bbox 277 1186 396 1244; x_wconf 90' lang='lat' dir='ltr'><strong>lem</strong></span> <span class='ocrx_word' id='word_1_61' title='bbox 435 1187 684 1261; x_wconf 79' lang='lat' dir='ltr'><strong>gratiam</strong></span> <span class='ocrx_word' id='word_1_62' title='bbox 713 1185 779 1241; x_wconf 90' lang='lat' dir='ltr'><strong>in</strong></span> <span class='ocrx_word' id='word_1_63' title='bbox 805 1201 928 1244; x_wconf 91' lang='lat' dir='ltr'><strong>esse</strong></span> <span class='ocrx_word' id='word_1_64' title='bbox 969 1186 1200 1263; x_wconf 91' lang='lat' dir='ltr'><strong>physico</strong></span> <span class='ocrx_word' id='word_1_65' title='bbox 1228 1186 1638 1260; x_wconf 86' lang='lat' dir='ltr'><strong>recipiendam.</strong></span> 
     </span>
     <span class='ocr_line' id='line_1_11' title="bbox 279 1266 1647 1341; baseline 0.003 -19"><span class='ocrx_word' id='word_1_66' title='bbox 279 1269 467 1333; x_wconf 88' lang='lat' dir='ltr'><strong>Quare</strong></span> <span class='ocrx_word' id='word_1_67' title='bbox 506 1266 579 1323; x_wconf 90' lang='lat' dir='ltr'><strong>ad</strong></span> <span class='ocrx_word' id='word_1_68' title='bbox 614 1272 915 1340; x_wconf 90' lang='lat' dir='ltr'><strong>utramque</strong></span> <span class='ocrx_word' id='word_1_69' title='bbox 942 1267 1325 1326; x_wconf 85' lang='lat' dir='ltr'><strong>antecedentis</strong></span> <span class='ocrx_word' id='word_1_70' title='bbox 1352 1266 1647 1341; x_wconf 89' lang='lat' dir='ltr'><strong>probatio-</strong></span> 
     </span>
     <span class='ocr_line' id='line_1_12' title="bbox 277 1347 1647 1425; baseline 0.002 -19"><span class='ocrx_word' id='word_1_71' title='bbox 277 1365 413 1406; x_wconf 86' lang='lat' dir='ltr'><strong>nem</strong></span> <span class='ocrx_word' id='word_1_72' title='bbox 464 1347 771 1407; x_wconf 89' lang='lat' dir='ltr'><strong>dicendum</strong></span> <span class='ocrx_word' id='word_1_73' title='bbox 816 1353 919 1416; x_wconf 87' lang='lat' dir='ltr'><strong>est,</strong></span> <span class='ocrx_word' id='word_1_74' title='bbox 966 1349 1117 1422; x_wconf 90' lang='lat' dir='ltr'><strong>quod</strong></span> <span class='ocrx_word' id='word_1_75' title='bbox 1168 1351 1435 1425; x_wconf 88' lang='lat' dir='ltr'><strong>quamvis</strong></span> <span class='ocrx_word' id='word_1_76' title='bbox 1483 1355 1647 1409; x_wconf 87' lang='lat' dir='ltr'><strong>extra</strong></span> 
     </span>
     <span class='ocr_line' id='line_1_13' title="bbox 252 1430 1646 1503; baseline 0.001 -17"><span class='ocrx_word' id='word_1_77' title='bbox 252 1430 434 1498; x_wconf 67' lang='lat' dir='ltr'><strong>⁸viam</strong></span> <span class='ocrx_word' id='word_1_78' title='bbox 463 1445 581 1486; x_wconf 90' lang='lat' dir='ltr'><strong>non</strong></span> <span class='ocrx_word' id='word_1_79' title='bbox 607 1430 682 1485; x_wconf 89' lang='lat' dir='ltr'><strong>sit</strong></span> <span class='ocrx_word' id='word_1_80' title='bbox 724 1435 949 1503; x_wconf 87' lang='lat' dir='ltr'><strong>tempus</strong></span> <span class='ocrx_word' id='word_1_81' title='bbox 996 1430 1282 1499; x_wconf 90' lang='lat' dir='ltr'><strong>merendi,</strong></span> <span class='ocrx_word' id='word_1_82' title='bbox 1324 1438 1410 1489; x_wconf 89' lang='lat' dir='ltr'><strong>est</strong></span> <span class='ocrx_word' id='word_1_83' title='bbox 1450 1436 1646 1489; x_wconf 87' lang='lat' dir='ltr'><strong>tamen</strong></span> 
     </span>
     <span class='ocr_line' id='line_1_14' title="bbox 276 1512 1645 1588; baseline 0.001 -19"><span class='ocrx_word' id='word_1_84' title='bbox 276 1518 501 1586; x_wconf 87' lang='lat' dir='ltr'><strong>tempus</strong></span> <span class='ocrx_word' id='word_1_85' title='bbox 529 1512 871 1586; x_wconf 86' lang='lat' dir='ltr'><strong>disponendi</strong></span> <span class='ocrx_word' id='word_1_86' title='bbox 893 1528 952 1569; x_wconf 90' lang='lat' dir='ltr'><strong>se</strong></span> <span class='ocrx_word' id='word_1_87' title='bbox 980 1512 1050 1570; x_wconf 90' lang='lat' dir='ltr'><strong>ad</strong></span> <span class='ocrx_word' id='word_1_88' title='bbox 1092 1513 1480 1586; x_wconf 82' lang='lat' dir='ltr'><strong>recipiendam</strong></span> <span class='ocrx_word' id='word_1_89' title='bbox 1508 1529 1645 1588; x_wconf 90' lang='lat' dir='ltr'><strong>gra-</strong></span> 
     </span>
     <span class='ocr_line' id='line_1_15' title="bbox 275 1593 1640 1669; baseline 0 -19"><span class='ocrx_word' id='word_1_90' title='bbox 275 1594 438 1660; x_wconf 89' lang='lat' dir='ltr'><strong>tiam,</strong></span> <span class='ocrx_word' id='word_1_91' title='bbox 462 1610 635 1668; x_wconf 89' lang='lat' dir='ltr'><strong>quam</strong></span> <span class='ocrx_word' id='word_1_92' title='bbox 669 1594 844 1653; x_wconf 90' lang='lat' dir='ltr'><strong>homo</strong></span> <span class='ocrx_word' id='word_1_93' title='bbox 882 1595 947 1651; x_wconf 91' lang='lat' dir='ltr'><strong>in</strong></span> <span class='ocrx_word' id='word_1_94' title='bbox 985 1599 1135 1651; x_wconf 87' lang='lat' dir='ltr'><strong>statu</strong></span> <span class='ocrx_word' id='word_1_95' title='bbox 1162 1596 1276 1653; x_wconf 80' lang='lat' dir='ltr'><strong>viae</strong></span> <span class='ocrx_word' id='word_1_96' title='bbox 1299 1593 1640 1669; x_wconf 85' lang='lat' dir='ltr'><strong>promeruit,</strong></span> 
     </span>
     <span class='ocr_line' id='line_1_16' title="bbox 275 1673 1397 1748; baseline 0 -15"><span class='ocrx_word' id='word_1_97' title='bbox 275 1682 332 1733; x_wconf 92' lang='lat' dir='ltr'><strong>et</strong></span> <span class='ocrx_word' id='word_1_98' title='bbox 357 1675 576 1733; x_wconf 75' lang='lat' dir='ltr'><strong>defectu</strong></span> <span class='ocrx_word' id='word_1_99' title='bbox 606 1673 1000 1748; x_wconf 80' lang='lat' dir='ltr'><strong>dispositionis</strong></span> <span class='ocrx_word' id='word_1_100' title='bbox 1028 1692 1147 1733; x_wconf 91' lang='lat' dir='ltr'><strong>non</strong></span> <span class='ocrx_word' id='word_1_101' title='bbox 1170 1676 1397 1748; x_wconf 89' lang='lat' dir='ltr'><strong>recepit.</strong></span> 
     </span>
    </p>

    <p class='ocr_par' dir='ltr' id='par_1_3' title="bbox 270 1756 1647 2238">
     <span class='ocr_line' id='line_1_17' title="bbox 356 1756 1646 1833; baseline -0.002 -19"><span class='ocrx_word' id='word_1_102' title='bbox 356 1758 443 1814; x_wconf 87' lang='lat'><strong>13.</strong></span> <span class='ocrx_word' id='word_1_103' title='bbox 461 1761 675 1823; x_wconf 89' lang='lat' dir='ltr'><strong>Quarto</strong></span> <span class='ocrx_word' id='word_1_104' title='bbox 701 1756 931 1830; x_wconf 89' lang='lat' dir='ltr'><strong>objicies</strong></span> <span class='ocrx_word' id='word_1_105' title='bbox 958 1777 973 1813; x_wconf 74' lang='lat' dir='ltr'><strong><em>z</em></strong></span> <span class='ocrx_word' id='word_1_106' title='bbox 1007 1759 1194 1833; x_wconf 88' lang='lat' dir='ltr'><strong>gratia</strong></span> <span class='ocrx_word' id='word_1_107' title='bbox 1212 1756 1646 1815; x_wconf 83' lang='lat' dir='ltr'><strong>sacramentalis</strong></span> 
     </span>
     <span class='ocr_line' id='line_1_18' title="bbox 275 1838 1647 1915; baseline -0.002 -17"><span class='ocrx_word' id='word_1_108' title='bbox 275 1856 377 1914; x_wconf 89' lang='lat' dir='ltr'><strong>per</strong></span> <span class='ocrx_word' id='word_1_109' title='bbox 404 1845 693 1914; x_wconf 87' lang='lat' dir='ltr'><strong>peccatum</strong></span> <span class='ocrx_word' id='word_1_110' title='bbox 722 1838 1069 1897; x_wconf 78' lang='lat' dir='ltr'><strong>mortificata</strong></span> <span class='ocrx_word' id='word_1_111' title='bbox 1097 1841 1393 1898; x_wconf 81' lang='lat' dir='ltr'><strong>reviviscit</strong></span> <span class='ocrx_word' id='word_1_112' title='bbox 1416 1839 1647 1915; x_wconf 83' lang='lat' dir='ltr'><strong>physice</strong></span> 
     </span>
     <span class='ocr_line' id='line_1_19' title="bbox 274 1919 1646 1995; baseline -0.003 -16"><span class='ocrx_word' id='word_1_113' title='bbox 274 1938 376 1995; x_wconf 91' lang='lat' dir='ltr'><strong>per</strong></span> <span class='ocrx_word' id='word_1_114' title='bbox 420 1919 863 1994; x_wconf 87' lang='lat' dir='ltr'><strong>subsequentem</strong></span> <span class='ocrx_word' id='word_1_115' title='bbox 920 1920 1327 1979; x_wconf 87' lang='lat' dir='ltr'><strong>contritionem</strong></span> <span class='ocrx_word' id='word_1_116' title='bbox 1348 1965 1361 1989; x_wconf 93' lang='lat'><strong>,</strong></span> <span class='ocrx_word' id='word_1_117' title='bbox 1418 1926 1475 1977; x_wconf 92' lang='lat' dir='ltr'><strong>et</strong></span> <span class='ocrx_word' id='word_1_118' title='bbox 1525 1934 1646 1978; x_wconf 91' lang='lat' dir='ltr'><strong>non</strong></span> 
     </span>
     <span class='ocr_line' id='line_1_20' title="bbox 272 1999 1645 2076; baseline -0.003 -16"><span class='ocrx_word' id='word_1_119' title='bbox 272 2019 403 2060; x_wconf 89' lang='lat' dir='ltr'><strong>cum</strong></span> <span class='ocrx_word' id='word_1_120' title='bbox 444 2002 814 2075; x_wconf 81' lang='lat' dir='ltr'><strong>proportione</strong></span> <span class='ocrx_word' id='word_1_121' title='bbox 843 2000 913 2058; x_wconf 90' lang='lat' dir='ltr'><strong>ad</strong></span> <span class='ocrx_word' id='word_1_122' title='bbox 956 2001 1123 2058; x_wconf 89' lang='lat' dir='ltr'><strong>illam</strong></span> <span class='ocrx_word' id='word_1_123' title='bbox 1152 2021 1165 2057; x_wconf 76' lang='grc' dir='ltr'><strong>ε</strong></span> <span class='ocrx_word' id='word_1_124' title='bbox 1195 2017 1331 2076; x_wconf 91' lang='lat' dir='ltr'><strong>ergo</strong></span> <span class='ocrx_word' id='word_1_125' title='bbox 1369 2000 1526 2058; x_wconf 90' lang='lat' dir='ltr'><strong>idem</strong></span> <span class='ocrx_word' id='word_1_126' title='bbox 1550 1999 1645 2056; x_wconf 91' lang='lat' dir='ltr'><strong>di-</strong></span> 
     </span>
     <span class='ocr_line' id='line_1_21' title="bbox 270 2084 1646 2158; baseline -0.001 -15"><span class='ocrx_word' id='word_1_127' title='bbox 270 2084 517 2143; x_wconf 85' lang='lat' dir='ltr'><strong>cendum</strong></span> <span class='ocrx_word' id='word_1_128' title='bbox 544 2090 629 2142; x_wconf 88' lang='lat' dir='ltr'><strong>est</strong></span> <span class='ocrx_word' id='word_1_129' title='bbox 655 2084 725 2141; x_wconf 91' lang='lat' dir='ltr'><strong>de</strong></span> <span class='ocrx_word' id='word_1_130' title='bbox 751 2085 953 2158; x_wconf 88' lang='lat' dir='ltr'><strong>gratia,</strong></span> <span class='ocrx_word' id='word_1_131' title='bbox 985 2101 1111 2157; x_wconf 79' lang='lat' dir='ltr'><strong>quae</strong></span> <span class='ocrx_word' id='word_1_132' title='bbox 1132 2089 1296 2140; x_wconf 87' lang='lat' dir='ltr'><strong>extra</strong></span> <span class='ocrx_word' id='word_1_133' title='bbox 1314 2085 1646 2142; x_wconf 89' lang='lat' dir='ltr'><strong>Sacramen-</strong></span> 
     </span>
     <span class='ocr_line' id='line_1_22' title="bbox 272 2165 1646 2238; baseline -0.001 -16"><span class='ocrx_word' id='word_1_134' title='bbox 272 2173 394 2223; x_wconf 85' lang='lat' dir='ltr'><strong>tum</strong></span> <span class='ocrx_word' id='word_1_135' title='bbox 422 2165 755 2238; x_wconf 85' lang='lat' dir='ltr'><strong>suscipitur.</strong></span> <span class='ocrx_word' id='word_1_136' title='bbox 787 2166 1204 2238; x_wconf 85' lang='lat' dir='ltr'><strong>Consequentia</strong></span> <span class='ocrx_word' id='word_1_137' title='bbox 1246 2170 1398 2238; x_wconf 89' lang='lat' dir='ltr'><strong>patet</strong></span> <span class='ocrx_word' id='word_1_138' title='bbox 1426 2181 1457 2222; x_wconf 87' lang='lat' dir='ltr'><strong>a</strong></span> <span class='ocrx_word' id='word_1_139' title='bbox 1485 2166 1646 2237; x_wconf 92' lang='lat' dir='ltr'><strong>pari-</strong></span> 
     </span>
    </p>
   </div>
   <div class='ocr_carea' id='block_1_3' title="bbox 30 1765 258 1869">
    <p class='ocr_par' dir='ltr' id='par_1_4' title="bbox 30 1765 258 1869">
     <span class='ocr_line' id='line_1_23' title="bbox 60 1765 236 1810; baseline -0.011 0"><span class='ocrx_word' id='word_1_140' title='bbox 60 1765 236 1810; x_wconf 74' lang='lat' dir='ltr'><strong>Ultima</strong></span> 
     </span>
     <span class='ocr_line' id='line_1_24' title="bbox 30 1815 258 1869; baseline 0 -9"><span class='ocrx_word' id='word_1_141' title='bbox 30 1815 258 1869; x_wconf 75' lang='lat' dir='ltr'><strong>objectio.</strong></span> 
     </span>
    </p>
   </div>
   <div class='ocr_carea' id='block_1_4' title="bbox 272 2244 1679 2319">
    <p class='ocr_par' dir='ltr' id='par_1_5' title="bbox 272 2244 1679 2319">
     <span class='ocr_line' id='line_1_25' title="bbox 272 2244 1679 2319; baseline 0.001 -16"><span class='ocrx_word' id='word_1_142' title='bbox 272 2250 405 2312; x_wconf 90' lang='lat' dir='ltr'><strong>tate,</strong></span> <span class='ocrx_word' id='word_1_143' title='bbox 451 2247 586 2319; x_wconf 89' lang='lat' dir='ltr'><strong>quia</strong></span> <span class='ocrx_word' id='word_1_144' title='bbox 613 2246 803 2319; x_wconf 89' lang='lat' dir='ltr'><strong>gratia</strong></span> <span class='ocrx_word' id='word_1_145' title='bbox 827 2244 1084 2318; x_wconf 90' lang='lat' dir='ltr'><strong>ejusdem</strong></span> <span class='ocrx_word' id='word_1_146' title='bbox 1112 2250 1197 2302; x_wconf 67' lang='lat' dir='ltr'><strong>eet</strong></span> <span class='ocrx_word' id='word_1_147' title='bbox 1237 2246 1497 2313; x_wconf 77' lang='lat' dir='ltr'><strong>rationiS,</strong></span> <span class='ocrx_word' id='word_1_148' title='bbox 1523 2245 1647 2305; x_wconf 88' lang='lat' dir='ltr'><strong>sive</strong></span> <span class='ocrx_word' id='word_1_149' title='bbox 1671 2244 1679 2251; x_wconf 63' lang='grc'><em>“</em></span> 
     </span>
    </p>
   </div>
   <div class='ocr_carea' id='block_1_5' title="bbox 62 2327 1648 5093">
    <p class='ocr_par' dir='ltr' id='par_1_6' title="bbox 274 2327 1647 4359">
     <span class='ocr_line' id='line_1_26' title="bbox 274 2327 1647 2393; baseline 0.001 -10"><span class='ocrx_word' id='word_1_150' title='bbox 274 2328 432 2384; x_wconf 87' lang='lat' dir='ltr'><strong>intra</strong></span> <span class='ocrx_word' id='word_1_151' title='bbox 459 2330 911 2393; x_wconf 82' lang='lat' dir='ltr'><strong>Sacramentum,</strong></span> <span class='ocrx_word' id='word_1_152' title='bbox 936 2327 1059 2383; x_wconf 91' lang='lat' dir='ltr'><strong>sive</strong></span> <span class='ocrx_word' id='word_1_153' title='bbox 1078 2332 1242 2384; x_wconf 83' lang='lat' dir='ltr'><strong>extra</strong></span> <span class='ocrx_word' id='word_1_154' title='bbox 1282 2327 1431 2384; x_wconf 91' lang='lat' dir='ltr'><strong>illud</strong></span> <span class='ocrx_word' id='word_1_155' title='bbox 1453 2328 1647 2385; x_wconf 81' lang='lat' dir='ltr'><strong>infun·</strong></span> 
     </span>
     <span class='ocr_line' id='line_1_27' title="bbox 275 2402 1645 2483; baseline 0.001 -20"><span class='ocrx_word' id='word_1_156' title='bbox 275 2407 480 2476; x_wconf 75' lang='lat' dir='ltr'><strong>datur,</strong></span> <span class='ocrx_word' id='word_1_157' title='bbox 508 2413 564 2464; x_wconf 91' lang='lat' dir='ltr'><strong>et</strong></span> <span class='ocrx_word' id='word_1_158' title='bbox 602 2402 734 2464; x_wconf 82' lang='lat' dir='ltr'><strong>ide‘o</strong></span> <span class='ocrx_word' id='word_1_159' title='bbox 759 2407 907 2463; x_wconf 91' lang='lat' dir='ltr'><strong>sicut</strong></span> <span class='ocrx_word' id='word_1_160' title='bbox 932 2412 1175 2480; x_wconf 88' lang='lat' dir='ltr'><strong>utraque</strong></span> <span class='ocrx_word' id='word_1_161' title='bbox 1215 2424 1315 2481; x_wconf 91' lang='lat' dir='ltr'><strong>per</strong></span> <span class='ocrx_word' id='word_1_162' title='bbox 1355 2415 1645 2483; x_wconf 88' lang='lat' dir='ltr'><strong>peccatum</strong></span> 
     </span>
     <span class='ocr_line' id='line_1_28' title="bbox 278 2486 1647 2564; baseline 0.001 -19"><span class='ocrx_word' id='word_1_163' title='bbox 278 2488 584 2555; x_wconf 78' lang='lat' dir='ltr'><strong>amittitur,</strong></span> <span class='ocrx_word' id='word_1_164' title='bbox 620 2488 699 2545; x_wconf 90' lang='lat' dir='ltr'><strong>ita</strong></span> <span class='ocrx_word' id='word_1_165' title='bbox 742 2503 843 2560; x_wconf 83' lang='lat' dir='ltr'><strong>per</strong></span> <span class='ocrx_word' id='word_1_166' title='bbox 881 2486 1319 2562; x_wconf 83' lang='lat' dir='ltr'><strong>subsequentem</strong></span> <span class='ocrx_word' id='word_1_167' title='bbox 1357 2491 1647 2564; x_wconf 85' lang='lat' dir='ltr'><strong>poeniten-</strong></span> 
     </span>
     <span class='ocr_line' id='line_1_29' title="bbox 277 2569 1646 2632; baseline 0.004 -6"><span class='ocrx_word' id='word_1_168' title='bbox 277 2571 420 2628; x_wconf 86' lang='lat' dir='ltr'><strong>tiam</strong></span> <span class='ocrx_word' id='word_1_169' title='bbox 447 2569 614 2627; x_wconf 88' lang='lat' dir='ltr'><strong>debet</strong></span> <span class='ocrx_word' id='word_1_170' title='bbox 632 2571 833 2627; x_wconf 90' lang='lat' dir='ltr'><strong>eodem</strong></span> <span class='ocrx_word' id='word_1_171' title='bbox 872 2570 1043 2628; x_wconf 91' lang='lat' dir='ltr'><strong>modo</strong></span> <span class='ocrx_word' id='word_1_172' title='bbox 1071 2572 1434 2630; x_wconf 84' lang='lat' dir='ltr'><strong>reviviscere.</strong></span> <span class='ocrx_word' id='word_1_173' title='bbox 1467 2576 1646 2632; x_wconf 83' lang='lat' dir='ltr'><strong>Ante-</strong></span> 
     </span>
     <span class='ocr_line' id='line_1_30' title="bbox 274 2652 1647 2728; baseline 0.001 -17"><span class='ocrx_word' id='word_1_174' title='bbox 274 2652 481 2711; x_wconf 89' lang='lat' dir='ltr'><strong>cedens</strong></span> <span class='ocrx_word' id='word_1_175' title='bbox 521 2669 658 2709; x_wconf 90' lang='lat' dir='ltr'><strong>vero</strong></span> <span class='ocrx_word' id='word_1_176' title='bbox 696 2652 1013 2710; x_wconf 87' lang='lat' dir='ltr'><strong>suadetur:</strong></span> <span class='ocrx_word' id='word_1_177' title='bbox 1045 2669 1182 2710; x_wconf 89' lang='lat' dir='ltr'><strong>nam</strong></span> <span class='ocrx_word' id='word_1_178' title='bbox 1222 2655 1271 2710; x_wconf 91' lang='lat' dir='ltr'><strong>si</strong></span> <span class='ocrx_word' id='word_1_179' title='bbox 1315 2656 1446 2728; x_wconf 90' lang='lat' dir='ltr'><strong>quis</strong></span> <span class='ocrx_word' id='word_1_180' title='bbox 1489 2656 1647 2712; x_wconf 90' lang='lat' dir='ltr'><strong>intra</strong></span> 
     </span>
     <span class='ocr_line' id='line_1_31' title="bbox 276 2738 1647 2812; baseline 0.001 -20"><span class='ocrx_word' id='word_1_181' title='bbox 276 2739 730 2804; x_wconf 88' lang='lat' dir='ltr'><strong>Sacramentum,</strong></span> <span class='ocrx_word' id='word_1_182' title='bbox 756 2742 813 2794; x_wconf 90' lang='lat' dir='ltr'><strong>et</strong></span> <span class='ocrx_word' id='word_1_183' title='bbox 849 2753 923 2794; x_wconf 86' lang='lat' dir='ltr'><strong>ex</strong></span> <span class='ocrx_word' id='word_1_184' title='bbox 962 2752 1133 2810; x_wconf 90' lang='lat' dir='ltr'><strong>opere</strong></span> <span class='ocrx_word' id='word_1_185' title='bbox 1171 2744 1405 2811; x_wconf 88' lang='lat' dir='ltr'><strong>operato</strong></span> <span class='ocrx_word' id='word_1_186' title='bbox 1432 2738 1647 2812; x_wconf 89' lang='lat' dir='ltr'><strong>accepit</strong></span> 
     </span>
     <span class='ocr_line' id='line_1_32' title="bbox 274 2818 1646 2894; baseline 0.001 -19"><span class='ocrx_word' id='word_1_187' title='bbox 274 2818 522 2894; x_wconf 83' lang='lat' dir='ltr'><strong>gratiam</strong></span> <span class='ocrx_word' id='word_1_188' title='bbox 558 2825 620 2874; x_wconf 92' lang='lat' dir='ltr'><strong>ut</strong></span> <span class='ocrx_word' id='word_1_189' title='bbox 656 2825 893 2894; x_wconf 84' lang='lat' dir='ltr'><strong>septem,</strong></span> <span class='ocrx_word' id='word_1_190' title='bbox 919 2825 975 2878; x_wconf 92' lang='lat' dir='ltr'><strong>et</strong></span> <span class='ocrx_word' id='word_1_191' title='bbox 1015 2836 1116 2894; x_wconf 89' lang='lat' dir='ltr'><strong>per</strong></span> <span class='ocrx_word' id='word_1_192' title='bbox 1148 2821 1554 2879; x_wconf 88' lang='lat' dir='ltr'><strong>contritionem</strong></span> <span class='ocrx_word' id='word_1_193' title='bbox 1585 2826 1646 2878; x_wconf 93' lang='lat' dir='ltr'><strong>ut</strong></span> 
     </span>
     <span class='ocr_line' id='line_1_33' title="bbox 275 2900 1645 2974; baseline 0.004 -19"><span class='ocrx_word' id='word_1_194' title='bbox 275 2900 530 2974; x_wconf 89' lang='lat' dir='ltr'><strong>quinque</strong></span> <span class='ocrx_word' id='word_1_195' title='bbox 560 2900 752 2958; x_wconf 87' lang='lat' dir='ltr'><strong>redeat</strong></span> <span class='ocrx_word' id='word_1_196' title='bbox 778 2901 849 2958; x_wconf 90' lang='lat' dir='ltr'><strong>ad</strong></span> <span class='ocrx_word' id='word_1_197' title='bbox 876 2900 1140 2959; x_wconf 89' lang='lat' dir='ltr'><strong>divinam</strong></span> <span class='ocrx_word' id='word_1_198' title='bbox 1180 2903 1521 2970; x_wconf 77' lang='lat' dir='ltr'><strong>amicitiam,</strong></span> <span class='ocrx_word' id='word_1_199' title='bbox 1548 2917 1645 2960; x_wconf 89' lang='lat' dir='ltr'><strong>re-</strong></span> 
     </span>
     <span class='ocr_line' id='line_1_34' title="bbox 275 2984 1644 3059; baseline 0.004 -22"><span class='ocrx_word' id='word_1_200' title='bbox 275 2988 471 3056; x_wconf 77' lang='lat' dir='ltr'><strong>surget</strong></span> <span class='ocrx_word' id='word_1_201' title='bbox 500 2998 629 3039; x_wconf 89' lang='lat' dir='ltr'><strong>cum</strong></span> <span class='ocrx_word' id='word_1_202' title='bbox 668 2984 1117 3059; x_wconf 55' lang='lat' dir='ltr'><strong>gratia—physice</strong></span> <span class='ocrx_word' id='word_1_203' title='bbox 1143 2985 1370 3044; x_wconf 88' lang='lat' dir='ltr'><strong>intensa</strong></span> <span class='ocrx_word' id='word_1_204' title='bbox 1398 2991 1461 3043; x_wconf 91' lang='lat' dir='ltr'><strong>ut</strong></span> <span class='ocrx_word' id='word_1_205' title='bbox 1498 2984 1644 3043; x_wconf 88' lang='lat' dir='ltr'><strong>duo-</strong></span> 
     </span>
     <span class='ocr_line' id='line_1_35' title="bbox 277 3063 1643 3140; baseline 0.002 -21"><span class='ocrx_word' id='word_1_206' title='bbox 277 3063 461 3121; x_wconf 90' lang='lat' dir='ltr'><strong>decim</strong></span> <span class='ocrx_word' id='word_1_207' title='bbox 480 3089 496 3132; x_wconf 75' lang='lat'>3</span> <span class='ocrx_word' id='word_1_208' title='bbox 516 3065 791 3138; x_wconf 88' lang='lat' dir='ltr'><strong>quoniam</strong></span> <span class='ocrx_word' id='word_1_209' title='bbox 805 3065 990 3140; x_wconf 89' lang='lat' dir='ltr'><strong>gratia</strong></span> <span class='ocrx_word' id='word_1_210' title='bbox 1006 3067 1439 3123; x_wconf 86' lang='lat' dir='ltr'><strong>sacramentalis</strong></span> <span class='ocrx_word' id='word_1_211' title='bbox 1455 3066 1643 3124; x_wconf 90' lang='lat' dir='ltr'><strong>solum</strong></span> 
     </span>
     <span class='ocr_line' id='line_1_36' title="bbox 278 3146 1646 3218; baseline 0.001 -16"><span class='ocrx_word' id='word_1_212' title='bbox 278 3146 488 3218; x_wconf 91' lang='lat' dir='ltr'><strong>pendet</strong></span> <span class='ocrx_word' id='word_1_213' title='bbox 528 3146 589 3201; x_wconf 90' lang='lat' dir='ltr'><strong>in</strong></span> <span class='ocrx_word' id='word_1_214' title='bbox 634 3147 722 3203; x_wconf 90' lang='lat' dir='ltr'><strong>sui</strong></span> <span class='ocrx_word' id='word_1_215' title='bbox 778 3146 1182 3203; x_wconf 90' lang='lat' dir='ltr'><strong>reviviscentia</strong></span> <span class='ocrx_word' id='word_1_216' title='bbox 1221 3162 1256 3203; x_wconf 90' lang='lat' dir='ltr'><strong>a</strong></span> <span class='ocrx_word' id='word_1_217' title='bbox 1299 3147 1646 3204; x_wconf 86' lang='lat' dir='ltr'><strong>contritione</strong></span> 
     </span>
     <span class='ocr_line' id='line_1_37' title="bbox 274 3226 1647 3300; baseline 0 -17"><span class='ocrx_word' id='word_1_218' title='bbox 274 3227 420 3284; x_wconf 87' lang='lat' dir='ltr'><strong>sicut</strong></span> <span class='ocrx_word' id='word_1_219' title='bbox 481 3243 514 3283; x_wconf 92' lang='lat' dir='ltr'><strong>a</strong></span> <span class='ocrx_word' id='word_1_220' title='bbox 562 3232 897 3284; x_wconf 81' lang='lat' dir='ltr'><strong>removente</strong></span> <span class='ocrx_word' id='word_1_221' title='bbox 951 3226 1301 3300; x_wconf 79' lang='lat' dir='ltr'><strong>prohibens3</strong></span> <span class='ocrx_word' id='word_1_222' title='bbox 1351 3242 1487 3282; x_wconf 89' lang='lat' dir='ltr'><strong>nam</strong></span> <span class='ocrx_word' id='word_1_223' title='bbox 1542 3226 1647 3283; x_wconf 88' lang='lat' dir='ltr'><strong>hoc</strong></span> 
     </span>
     <span class='ocr_line' id='line_1_38' title="bbox 276 3307 1647 3382; baseline 0.001 -18"><span class='ocrx_word' id='word_1_224' title='bbox 276 3309 577 3367; x_wconf 83' lang='lat' dir='ltr'><strong>dumtaxat</strong></span> <span class='ocrx_word' id='word_1_225' title='bbox 604 3314 763 3382; x_wconf 91' lang='lat' dir='ltr'><strong>pacto</strong></span> <span class='ocrx_word' id='word_1_226' title='bbox 791 3307 1000 3381; x_wconf 88' lang='lat' dir='ltr'><strong>pendet</strong></span> <span class='ocrx_word' id='word_1_227' title='bbox 1026 3307 1099 3364; x_wconf 92' lang='lat' dir='ltr'><strong>ab</strong></span> <span class='ocrx_word' id='word_1_228' title='bbox 1125 3308 1248 3374; x_wconf 89' lang='lat' dir='ltr'><strong>illa,</strong></span> <span class='ocrx_word' id='word_1_229' title='bbox 1294 3323 1424 3364; x_wconf 88' lang='lat' dir='ltr'><strong>cum</strong></span> <span class='ocrx_word' id='word_1_230' title='bbox 1455 3308 1647 3380; x_wconf 88' lang='lat' dir='ltr'><strong>primo</strong></span> 
     </span>
     <span class='ocr_line' id='line_1_39' title="bbox 276 3389 1647 3462; baseline -0.001 -14"><span class='ocrx_word' id='word_1_231' title='bbox 276 3391 650 3448; x_wconf 82' lang='lat' dir='ltr'><strong>infunditur:</strong></span> <span class='ocrx_word' id='word_1_232' title='bbox 701 3390 977 3462; x_wconf 88' lang='lat' dir='ltr'><strong>quoniam</strong></span> <span class='ocrx_word' id='word_1_233' title='bbox 1032 3389 1232 3447; x_wconf 89' lang='lat' dir='ltr'><strong>omnia</strong></span> <span class='ocrx_word' id='word_1_234' title='bbox 1276 3390 1647 3447; x_wconf 88' lang='lat' dir='ltr'><strong>Sacramenta</strong></span> 
     </span>
     <span class='ocr_line' id='line_1_40' title="bbox 274 3472 1645 3546; baseline 0.001 -19"><span class='ocrx_word' id='word_1_235' title='bbox 274 3472 585 3529; x_wconf 80' lang='lat' dir='ltr'><strong>conferunt</strong></span> <span class='ocrx_word' id='word_1_236' title='bbox 625 3472 874 3546; x_wconf 90' lang='lat' dir='ltr'><strong>gratiam</strong></span> <span class='ocrx_word' id='word_1_237' title='bbox 919 3488 991 3529; x_wconf 83' lang='lat' dir='ltr'><strong>ex</strong></span> <span class='ocrx_word' id='word_1_238' title='bbox 1029 3487 1203 3544; x_wconf 92' lang='lat' dir='ltr'><strong>opere</strong></span> <span class='ocrx_word' id='word_1_239' title='bbox 1241 3478 1475 3543; x_wconf 88' lang='lat' dir='ltr'><strong>operato</strong></span> <span class='ocrx_word' id='word_1_240' title='bbox 1526 3487 1645 3529; x_wconf 90' lang='lat' dir='ltr'><strong>non</strong></span> 
     </span>
     <span class='ocr_line' id='line_1_41' title="bbox 277 3550 1643 3624; baseline -0.002 -14"><span class='ocrx_word' id='word_1_241' title='bbox 277 3551 624 3624; x_wconf 89' lang='lat' dir='ltr'><strong>ponentibus</strong></span> <span class='ocrx_word' id='word_1_242' title='bbox 638 3551 876 3618; x_wconf 89' lang='lat' dir='ltr'><strong>obicem,</strong></span> <span class='ocrx_word' id='word_1_243' title='bbox 898 3557 959 3607; x_wconf 89' lang='lat' dir='ltr'><strong>ut</strong></span> <span class='ocrx_word' id='word_1_244' title='bbox 977 3551 1190 3607; x_wconf 87' lang='lat' dir='ltr'><strong>diffinit</strong></span> <span class='ocrx_word' id='word_1_245' title='bbox 1212 3550 1643 3608; x_wconf 91' lang='lat' dir='ltr'><strong>Tridentinum.</strong></span> 
     </span>
     <span class='ocr_line' id='line_1_42' title="bbox 277 3631 1645 3706; baseline 0.003 -20"><span class='ocrx_word' id='word_1_246' title='bbox 277 3631 445 3689; x_wconf 90' lang='lat' dir='ltr'><strong>Unde</strong></span> <span class='ocrx_word' id='word_1_247' title='bbox 481 3633 627 3689; x_wconf 87' lang='lat' dir='ltr'><strong>sicut</strong></span> <span class='ocrx_word' id='word_1_248' title='bbox 678 3632 994 3706; x_wconf 86' lang='lat' dir='ltr'><strong>baptismus</strong></span> <span class='ocrx_word' id='word_1_249' title='bbox 1050 3634 1227 3690; x_wconf 89' lang='lat' dir='ltr'><strong>etiam</strong></span> <span class='ocrx_word' id='word_1_250' title='bbox 1280 3639 1537 3706; x_wconf 89' lang='lat' dir='ltr'><strong>receptus</strong></span> <span class='ocrx_word' id='word_1_251' title='bbox 1580 3633 1645 3690; x_wconf 89' lang='lat' dir='ltr'><strong>in</strong></span> 
     </span>
     <span class='ocr_line' id='line_1_43' title="bbox 280 3711 1646 3786; baseline 0 -17"><span class='ocrx_word' id='word_1_252' title='bbox 280 3717 501 3785; x_wconf 89' lang='lat' dir='ltr'><strong>peccato</strong></span> <span class='ocrx_word' id='word_1_253' title='bbox 546 3714 799 3780; x_wconf 89' lang='lat' dir='ltr'><strong>mortali,</strong></span> <span class='ocrx_word' id='word_1_254' title='bbox 851 3713 1147 3770; x_wconf 90' lang='lat' dir='ltr'><strong>recedente</strong></span> <span class='ocrx_word' id='word_1_255' title='bbox 1192 3717 1384 3786; x_wconf 87' lang='lat' dir='ltr'><strong>postea</strong></span> <span class='ocrx_word' id='word_1_256' title='bbox 1416 3711 1646 3769; x_wconf 87' lang='lat' dir='ltr'><strong>fictione</strong></span> 
     </span>
     <span class='ocr_line' id='line_1_44' title="bbox 277 3792 1640 3866; baseline -0.001 -16"><span class='ocrx_word' id='word_1_257' title='bbox 277 3794 643 3866; x_wconf 87' lang='lat' dir='ltr'><strong>consequitur</strong></span> <span class='ocrx_word' id='word_1_258' title='bbox 670 3810 838 3850; x_wconf 90' lang='lat' dir='ltr'><strong>suum</strong></span> <span class='ocrx_word' id='word_1_259' title='bbox 859 3793 1140 3856; x_wconf 82' lang='lat' dir='ltr'><strong>effectum.</strong></span> <span class='ocrx_word' id='word_1_260' title='bbox 1173 3799 1234 3848; x_wconf 89' lang='lat' dir='ltr'><strong>ut</strong></span> <span class='ocrx_word' id='word_1_261' title='bbox 1261 3792 1422 3850; x_wconf 86' lang='lat' dir='ltr'><strong>docet</strong></span> <span class='ocrx_word' id='word_1_262' title='bbox 1442 3795 1507 3850; x_wconf 90' lang='lat' dir='ltr'><strong>D.</strong></span> <span class='ocrx_word' id='word_1_263' title='bbox 1532 3792 1640 3849; x_wconf 91' lang='lat' dir='ltr'><strong>Th.</strong></span> 
     </span>
     <span class='ocr_line' id='line_1_45' title="bbox 277 3873 1646 3951; baseline 0 -20"><span class='ocrx_word' id='word_1_264' title='bbox 277 3877 312 3931; x_wconf 89' lang='grc'><strong>3</strong></span> <span class='ocrx_word' id='word_1_265' title='bbox 332 3883 485 3949; x_wconf 81' lang='lat' dir='ltr'><strong>part.</strong></span> <span class='ocrx_word' id='word_1_266' title='bbox 511 3883 693 3951; x_wconf 59' lang='lat' dir='ltr'><strong>quast.</strong></span> <span class='ocrx_word' id='word_1_267' title='bbox 724 3877 816 3942; x_wconf 87' lang='grc'><strong>69,</strong></span> <span class='ocrx_word' id='word_1_268' title='bbox 842 3882 951 3932; x_wconf 81' lang='lat' dir='ltr'><strong>art.</strong></span> <span class='ocrx_word' id='word_1_269' title='bbox 988 3876 1073 3945; x_wconf 88' lang='lat'><strong>10,</strong></span> <span class='ocrx_word' id='word_1_270' title='bbox 1097 3875 1197 3941; x_wconf 87' lang='lat' dir='ltr'><strong>ita,</strong></span> <span class='ocrx_word' id='word_1_271' title='bbox 1229 3879 1286 3931; x_wconf 89' lang='lat' dir='ltr'><strong>et</strong></span> <span class='ocrx_word' id='word_1_272' title='bbox 1312 3873 1496 3931; x_wconf 90' lang='lat' dir='ltr'><strong>multo</strong></span> <span class='ocrx_word' id='word_1_273' title='bbox 1516 3890 1646 3931; x_wconf 85' lang='lat' dir='ltr'><strong>ma·</strong></span> 
     </span>
     <span class='ocr_line' id='line_1_46' title="bbox 275 3954 1647 4032; baseline -0.001 -19"><span class='ocrx_word' id='word_1_274' title='bbox 275 3960 378 4032; x_wconf 78' lang='lat' dir='ltr'><strong>giS,</strong></span> <span class='ocrx_word' id='word_1_275' title='bbox 408 3955 636 4030; x_wconf 90' lang='lat' dir='ltr'><strong>quando</strong></span> <span class='ocrx_word' id='word_1_276' title='bbox 663 3955 817 4013; x_wconf 89' lang='lat' dir='ltr'><strong>idem</strong></span> <span class='ocrx_word' id='word_1_277' title='bbox 856 3954 1192 4029; x_wconf 84' lang='lat' dir='ltr'><strong>baptismus,</strong></span> <span class='ocrx_word' id='word_1_278' title='bbox 1233 3956 1326 4013; x_wconf 92' lang='lat' dir='ltr'><strong>vel</strong></span> <span class='ocrx_word' id='word_1_279' title='bbox 1352 3954 1647 4029; x_wconf 89' lang='lat' dir='ltr'><strong>quodlibet</strong></span> 
     </span>
     <span class='ocr_line' id='line_1_47' title="bbox 277 4036 1640 4111; baseline -0.003 -15"><span class='ocrx_word' id='word_1_280' title='bbox 277 4037 438 4096; x_wconf 88' lang='lat' dir='ltr'><strong>aliud</strong></span> <span class='ocrx_word' id='word_1_281' title='bbox 465 4042 890 4094; x_wconf 84' lang='lat' dir='ltr'><strong>sacramentum</strong></span> <span class='ocrx_word' id='word_1_282' title='bbox 913 4037 1090 4094; x_wconf 90' lang='lat' dir='ltr'><strong>semel</strong></span> <span class='ocrx_word' id='word_1_283' title='bbox 1112 4036 1287 4111; x_wconf 84' lang='lat' dir='ltr'><strong>digne</strong></span> <span class='ocrx_word' id='word_1_284' title='bbox 1310 4036 1640 4110; x_wconf 86' lang='lat' dir='ltr'><strong>suscipitur,</strong></span> 
     </span>
     <span class='ocr_line' id='line_1_48' title="bbox 275 4118 1643 4194; baseline -0.001 -17"><span class='ocrx_word' id='word_1_285' title='bbox 275 4118 442 4179; x_wconf 90' lang='lat' dir='ltr'><strong>debet</strong></span> <span class='ocrx_word' id='word_1_286' title='bbox 465 4119 696 4194; x_wconf 78' lang='lat' dir='ltr'><strong>physice</strong></span> <span class='ocrx_word' id='word_1_287' title='bbox 733 4118 1003 4193; x_wconf 90' lang='lat' dir='ltr'><strong>consequi</strong></span> <span class='ocrx_word' id='word_1_288' title='bbox 1037 4135 1209 4175; x_wconf 88' lang='lat' dir='ltr'><strong>suum</strong></span> <span class='ocrx_word' id='word_1_289' title='bbox 1235 4118 1515 4186; x_wconf 81' lang='lat' dir='ltr'><strong>effectum,</strong></span> <span class='ocrx_word' id='word_1_290' title='bbox 1544 4120 1643 4193; x_wconf 91' lang='lat' dir='ltr'><strong>qui</strong></span> 
     </span>
     <span class='ocr_line' id='line_1_49' title="bbox 279 4200 1645 4278; baseline 0.001 -19"><span class='ocrx_word' id='word_1_291' title='bbox 279 4219 380 4278; x_wconf 89' lang='lat' dir='ltr'><strong>per</strong></span> <span class='ocrx_word' id='word_1_292' title='bbox 430 4207 721 4275; x_wconf 88' lang='lat' dir='ltr'><strong>peceatum</strong></span> <span class='ocrx_word' id='word_1_293' title='bbox 761 4201 949 4259; x_wconf 82' lang='lat' dir='ltr'><strong>fuerat</strong></span> <span class='ocrx_word' id='word_1_294' title='bbox 987 4200 1383 4270; x_wconf 87' lang='lat' dir='ltr'><strong>mortificatus,</strong></span> <span class='ocrx_word' id='word_1_295' title='bbox 1415 4200 1645 4274; x_wconf 87' lang='lat' dir='ltr'><strong>quando</strong></span> 
     </span>
     <span class='ocr_line' id='line_1_50' title="bbox 278 4283 1291 4359; baseline -0.004 -16"><span class='ocrx_word' id='word_1_296' title='bbox 278 4286 453 4343; x_wconf 89' lang='lat' dir='ltr'><strong>homo</strong></span> <span class='ocrx_word' id='word_1_297' title='bbox 473 4284 723 4359; x_wconf 89' lang='lat' dir='ltr'><strong>resurgit</strong></span> <span class='ocrx_word' id='word_1_298' title='bbox 744 4299 844 4355; x_wconf 90' lang='lat' dir='ltr'><strong>per</strong></span> <span class='ocrx_word' id='word_1_299' title='bbox 872 4283 1291 4357; x_wconf 85' lang='lat' dir='ltr'><strong>poenitentiam.</strong></span> 
     </span>
    </p>

    <p class='ocr_par' dir='ltr' id='par_1_7' title="bbox 85 4365 1646 4442">
     <span class='ocr_line' id='line_1_51' title="bbox 85 4365 1646 4442; baseline 0 -16"><span class='ocrx_word' id='word_1_300' title='bbox 85 4395 228 4441; x_wconf 61' lang='lat' dir='ltr'><strong>mm,</strong></span> <span class='ocrx_word' id='word_1_301' title='bbox 318 4370 461 4426; x_wconf 88' lang='lat' dir='ltr'><strong>Huic</strong></span> <span class='ocrx_word' id='word_1_302' title='bbox 481 4367 784 4441; x_wconf 89' lang='lat' dir='ltr'><strong>objectioni</strong></span> <span class='ocrx_word' id='word_1_303' title='bbox 809 4365 1113 4440; x_wconf 87' lang='lat' dir='ltr'><strong>respondet</strong></span> <span class='ocrx_word' id='word_1_304' title='bbox 1131 4368 1362 4425; x_wconf 86' lang='lat' dir='ltr'><strong>Bannez</strong></span> <span class='ocrx_word' id='word_1_305' title='bbox 1383 4367 1646 4442; x_wconf 90' lang='lat' dir='ltr'><strong>negando</strong></span> 
     </span>
    </p>

    <p class='ocr_par' dir='ltr' id='par_1_8' title="bbox 76 4448 1640 4540">
     <span class='ocr_line' id='line_1_52' title="bbox 76 4448 1640 4540; baseline -0.001 -32"><span class='ocrx_word' id='word_1_306' title='bbox 76 4455 250 4540; x_wconf 60' lang='lat' dir='ltr'><strong>ffigfgfl·</strong></span> <span class='ocrx_word' id='word_1_307' title='bbox 280 4450 745 4522; x_wconf 87' lang='lat' dir='ltr'><strong>consequentiam</strong></span> <span class='ocrx_word' id='word_1_308' title='bbox 792 4448 864 4507; x_wconf 89' lang='lat' dir='ltr'><strong>ob</strong></span> <span class='ocrx_word' id='word_1_309' title='bbox 920 4451 1205 4507; x_wconf 90' lang='lat' dir='ltr'><strong>rationem</strong></span> <span class='ocrx_word' id='word_1_310' title='bbox 1251 4448 1640 4522; x_wconf 89' lang='lat' dir='ltr'><strong>disparitatis,</strong></span> 
     </span>
    </p>

    <p class='ocr_par' dir='ltr' id='par_1_9' title="bbox 62 4528 1648 5093">
     <span class='ocr_line' id='line_1_53' title="bbox 62 4528 1645 4605; baseline -0.002 -14"><span class='ocrx_word' id='word_1_311' title='bbox 62 4528 248 4592; x_wconf 69' lang='lat' dir='ltr'><strong>nannet.</strong></span> <span class='ocrx_word' id='word_1_312' title='bbox 281 4548 407 4605; x_wconf 80' lang='lat' dir='ltr'><strong>quae</strong></span> <span class='ocrx_word' id='word_1_313' title='bbox 448 4530 703 4603; x_wconf 83' lang='lat' dir='ltr'><strong>tangitur</strong></span> <span class='ocrx_word' id='word_1_314' title='bbox 730 4531 794 4586; x_wconf 90' lang='lat' dir='ltr'><strong>in</strong></span> <span class='ocrx_word' id='word_1_315' title='bbox 823 4529 1178 4587; x_wconf 88' lang='lat' dir='ltr'><strong>antecedenti</strong></span> <span class='ocrx_word' id='word_1_316' title='bbox 1199 4553 1214 4596; x_wconf 90' lang='lat'>;</span> <span class='ocrx_word' id='word_1_317' title='bbox 1256 4531 1444 4605; x_wconf 90' lang='lat' dir='ltr'><strong>gratia</strong></span> <span class='ocrx_word' id='word_1_318' title='bbox 1483 4530 1645 4588; x_wconf 91' lang='lat' dir='ltr'><strong>enim</strong></span> 
     </span>
     <span class='ocr_line' id='line_1_54' title="bbox 279 4612 1646 4684; baseline 0.001 -16"><span class='ocrx_word' id='word_1_319' title='bbox 279 4612 714 4670; x_wconf 86' lang='lat' dir='ltr'><strong>sacramentalis</strong></span> <span class='ocrx_word' id='word_1_320' title='bbox 758 4613 1051 4669; x_wconf 80' lang='lat' dir='ltr'><strong>confertur</strong></span> <span class='ocrx_word' id='word_1_321' title='bbox 1076 4626 1146 4667; x_wconf 87' lang='lat' dir='ltr'><strong>ex</strong></span> <span class='ocrx_word' id='word_1_322' title='bbox 1195 4626 1368 4684; x_wconf 86' lang='lat' dir='ltr'><strong>opere</strong></span> <span class='ocrx_word' id='word_1_323' title='bbox 1411 4616 1646 4684; x_wconf 85' lang='lat' dir='ltr'><strong>operato</strong></span> 
     </span>
     <span class='ocr_line' id='line_1_55' title="bbox 283 4691 1647 4768; baseline 0.001 -20"><span class='ocrx_word' id='word_1_324' title='bbox 283 4708 402 4749; x_wconf 91' lang='lat' dir='ltr'><strong>non</strong></span> <span class='ocrx_word' id='word_1_325' title='bbox 424 4694 659 4767; x_wconf 90' lang='lat' dir='ltr'><strong>ponenti</strong></span> <span class='ocrx_word' id='word_1_326' title='bbox 686 4691 927 4758; x_wconf 89' lang='lat' dir='ltr'><strong>obicem,</strong></span> <span class='ocrx_word' id='word_1_327' title='bbox 958 4692 1146 4768; x_wconf 88' lang='lat' dir='ltr'><strong>gratia</strong></span> <span class='ocrx_word' id='word_1_328' title='bbox 1173 4707 1311 4749; x_wconf 88' lang='lat' dir='ltr'><strong>vero</strong></span> <span class='ocrx_word' id='word_1_329' title='bbox 1336 4698 1500 4750; x_wconf 89' lang='lat' dir='ltr'><strong>extra</strong></span> <span class='ocrx_word' id='word_1_330' title='bbox 1539 4693 1647 4749; x_wconf 92' lang='lat' dir='ltr'><strong>Sa-</strong></span> 
     </span>
     <span class='ocr_line' id='line_1_56' title="bbox 280 4773 1647 4847; baseline 0.002 -17"><span class='ocrx_word' id='word_1_331' title='bbox 280 4779 644 4831; x_wconf 91' lang='lat' dir='ltr'><strong>cramentum</strong></span> <span class='ocrx_word' id='word_1_332' title='bbox 696 4780 952 4847; x_wconf 90' lang='lat' dir='ltr'><strong>suscepta</strong></span> <span class='ocrx_word' id='word_1_333' title='bbox 1011 4773 1306 4831; x_wconf 81' lang='lat' dir='ltr'><strong>confertur</strong></span> <span class='ocrx_word' id='word_1_334' title='bbox 1350 4788 1422 4830; x_wconf 85' lang='lat' dir='ltr'><strong>ex</strong></span> <span class='ocrx_word' id='word_1_335' title='bbox 1473 4789 1647 4846; x_wconf 87' lang='lat' dir='ltr'><strong>opere</strong></span> 
     </span>
     <span class='ocr_line' id='line_1_57' title="bbox 282 4851 1647 4926; baseline 0.001 -15"><span class='ocrx_word' id='word_1_336' title='bbox 282 4852 594 4926; x_wconf 89' lang='lat' dir='ltr'><strong>operantis,</strong></span> <span class='ocrx_word' id='word_1_337' title='bbox 625 4858 682 4911; x_wconf 90' lang='lat' dir='ltr'><strong>et</strong></span> <span class='ocrx_word' id='word_1_338' title='bbox 720 4870 850 4911; x_wconf 88' lang='lat' dir='ltr'><strong>cum</strong></span> <span class='ocrx_word' id='word_1_339' title='bbox 894 4851 1231 4911; x_wconf 90' lang='lat' dir='ltr'><strong>omnimoda</strong></span> <span class='ocrx_word' id='word_1_340' title='bbox 1277 4854 1647 4926; x_wconf 86' lang='lat' dir='ltr'><strong>proportione</strong></span> 
     </span>
     <span class='ocr_line' id='line_1_58' title="bbox 284 4935 1648 5013; baseline 0.001 -19"><span class='ocrx_word' id='word_1_341' title='bbox 284 4937 355 4994; x_wconf 91' lang='lat' dir='ltr'><strong>ad</strong></span> <span class='ocrx_word' id='word_1_342' title='bbox 376 4936 812 5011; x_wconf 88' lang='lat' dir='ltr'><strong>dispositionem</strong></span> <span class='ocrx_word' id='word_1_343' title='bbox 834 4937 1090 5013; x_wconf 85' lang='lat' dir='ltr'><strong>subjecti.</strong></span> <span class='ocrx_word' id='word_1_344' title='bbox 1119 4935 1283 4992; x_wconf 91' lang='lat' dir='ltr'><strong>Unde</strong></span> <span class='ocrx_word' id='word_1_345' title='bbox 1304 4937 1437 4993; x_wconf 89' lang='lat' dir='ltr'><strong>licet</strong></span> <span class='ocrx_word' id='word_1_346' title='bbox 1455 4937 1553 5012; x_wconf 88' lang='lat' dir='ltr'><strong>huj</strong></span> <span class='ocrx_word' id='word_1_347' title='bbox 1562 4955 1648 4995; x_wconf 89' lang='lat' dir='ltr'><strong>us·</strong></span> 
     </span>
     <span class='ocr_line' id='line_1_59' title="bbox 284 5017 1647 5093; baseline 0.001 -18"><span class='ocrx_word' id='word_1_348' title='bbox 284 5017 443 5077; x_wconf 89' lang='lat' dir='ltr'><strong>modi</strong></span> <span class='ocrx_word' id='word_1_349' title='bbox 487 5018 674 5093; x_wconf 89' lang='lat' dir='ltr'><strong>gratia</strong></span> <span class='ocrx_word' id='word_1_350' title='bbox 718 5035 836 5077; x_wconf 93' lang='lat' dir='ltr'><strong>non</strong></span> <span class='ocrx_word' id='word_1_351' title='bbox 884 5018 1059 5091; x_wconf 86' lang='lat' dir='ltr'><strong>possit</strong></span> <span class='ocrx_word' id='word_1_352' title='bbox 1102 5017 1332 5092; x_wconf 80' lang='lat' dir='ltr'><strong>physice</strong></span> <span class='ocrx_word' id='word_1_353' title='bbox 1371 5018 1647 5077; x_wconf 84' lang='lat' dir='ltr'><strong>excedere</strong></span> 
     </span>
    </p>
   </div>
   <div class='ocr_carea' id='block_1_6' title="bbox 1774 529 3342 3196">
    <p class='ocr_par' dir='ltr' id='par_1_10' title="bbox 1774 529 3147 1327">
     <span class='ocr_line' id='line_1_60' title="bbox 1775 529 3145 608; baseline -0.006 -17"><span class='ocrx_word' id='word_1_354' title='bbox 1775 536 2157 608; x_wconf 87' lang='lat' dir='ltr'><strong>quantitatem</strong></span> <span class='ocrx_word' id='word_1_355' title='bbox 2182 535 2536 594; x_wconf 87' lang='lat' dir='ltr'><strong>intensivam</strong></span> <span class='ocrx_word' id='word_1_356' title='bbox 2551 530 2934 594; x_wconf 90' lang='lat' dir='ltr'><strong>contritionis,</strong></span> <span class='ocrx_word' id='word_1_357' title='bbox 2955 529 3018 585; x_wconf 92' lang='lat' dir='ltr'><strong>in</strong></span> <span class='ocrx_word' id='word_1_358' title='bbox 3034 543 3145 602; x_wconf 90' lang='lat' dir='ltr'><strong>qua</strong></span> 
     </span>
     <span class='ocr_line' id='line_1_61' title="bbox 1777 612 3145 694; baseline -0.007 -20"><span class='ocrx_word' id='word_1_359' title='bbox 1777 624 2034 688; x_wconf 87' lang='lat' dir='ltr'><strong>peccator</strong></span> <span class='ocrx_word' id='word_1_360' title='bbox 2058 619 2305 694; x_wconf 87' lang='lat' dir='ltr'><strong>resurgit</strong></span> <span class='ocrx_word' id='word_1_361' title='bbox 2333 635 2366 674; x_wconf 92' lang='lat' dir='ltr'><strong>a</strong></span> <span class='ocrx_word' id='word_1_362' title='bbox 2393 618 2591 689; x_wconf 89' lang='lat' dir='ltr'><strong>culpa;</strong></span> <span class='ocrx_word' id='word_1_363' title='bbox 2618 612 2806 690; x_wconf 89' lang='lat' dir='ltr'><strong>gratia</strong></span> <span class='ocrx_word' id='word_1_364' title='bbox 2833 617 3028 668; x_wconf 90' lang='lat' dir='ltr'><strong>tamen</strong></span> <span class='ocrx_word' id='word_1_365' title='bbox 3050 626 3145 666; x_wconf 89' lang='lat' dir='ltr'><strong>sa-</strong></span> 
     </span>
     <span class='ocr_line' id='line_1_62' title="bbox 1776 691 3147 757; baseline -0.005 -3"><span class='ocrx_word' id='word_1_366' title='bbox 1776 701 2148 756; x_wconf 86' lang='lat' dir='ltr'><strong>cramentalis</strong></span> <span class='ocrx_word' id='word_1_367' title='bbox 2170 700 2337 757; x_wconf 89' lang='lat' dir='ltr'><strong>debet</strong></span> <span class='ocrx_word' id='word_1_368' title='bbox 2359 697 2703 756; x_wconf 86' lang='lat' dir='ltr'><strong>reviviscere</strong></span> <span class='ocrx_word' id='word_1_369' title='bbox 2730 691 3044 753; x_wconf 91' lang='lat' dir='ltr'><strong>secundum</strong></span> <span class='ocrx_word' id='word_1_370' title='bbox 3066 697 3147 748; x_wconf 88' lang='lat' dir='ltr'><strong>to-</strong></span> 
     </span>
     <span class='ocr_line' id='line_1_63' title="bbox 1776 772 3146 854; baseline -0.004 -20"><span class='ocrx_word' id='word_1_371' title='bbox 1776 784 1898 834; x_wconf 89' lang='lat' dir='ltr'><strong>tam</strong></span> <span class='ocrx_word' id='word_1_372' title='bbox 1947 781 2336 839; x_wconf 87' lang='lat' dir='ltr'><strong>intensionem</strong></span> <span class='ocrx_word' id='word_1_373' title='bbox 2389 778 2709 854; x_wconf 82' lang='lat' dir='ltr'><strong>physicam,</strong></span> <span class='ocrx_word' id='word_1_374' title='bbox 2759 776 2823 832; x_wconf 91' lang='lat' dir='ltr'><strong>in</strong></span> <span class='ocrx_word' id='word_1_375' title='bbox 2876 790 2988 848; x_wconf 88' lang='lat' dir='ltr'><strong>qua</strong></span> <span class='ocrx_word' id='word_1_376' title='bbox 3034 772 3146 828; x_wconf 82' lang='lat' dir='ltr'><strong>fuit</strong></span> 
     </span>
     <span class='ocr_line' id='line_1_64' title="bbox 1778 855 3144 935; baseline -0.006 -19"><span class='ocrx_word' id='word_1_377' title='bbox 1778 864 1911 917; x_wconf 89' lang='lat' dir='ltr'><strong>ante</strong></span> <span class='ocrx_word' id='word_1_378' title='bbox 1956 868 2265 935; x_wconf 89' lang='lat' dir='ltr'><strong>peccatum,</strong></span> <span class='ocrx_word' id='word_1_379' title='bbox 2309 878 2377 919; x_wconf 92' lang='lat' dir='ltr'><strong>eo</strong></span> <span class='ocrx_word' id='word_1_380' title='bbox 2416 859 2564 934; x_wconf 91' lang='lat' dir='ltr'><strong>quod</strong></span> <span class='ocrx_word' id='word_1_381' title='bbox 2608 874 2725 916; x_wconf 92' lang='lat' dir='ltr'><strong>non</strong></span> <span class='ocrx_word' id='word_1_382' title='bbox 2766 855 3084 930; x_wconf 88' lang='lat' dir='ltr'><strong>dependeat</strong></span> <span class='ocrx_word' id='word_1_383' title='bbox 3111 869 3144 909; x_wconf 88' lang='lat' dir='ltr'><strong>a</strong></span> 
     </span>
     <span class='ocr_line' id='line_1_65' title="bbox 1777 937 3139 1015; baseline -0.006 -16"><span class='ocrx_word' id='word_1_384' title='bbox 1777 944 2049 1015; x_wconf 70' lang='lat' dir='ltr'><strong>praesenti</strong></span> <span class='ocrx_word' id='word_1_385' title='bbox 2094 943 2442 1000; x_wconf 86' lang='lat' dir='ltr'><strong>contritione</strong></span> <span class='ocrx_word' id='word_1_386' title='bbox 2484 941 2630 998; x_wconf 91' lang='lat' dir='ltr'><strong>sicut</strong></span> <span class='ocrx_word' id='word_1_387' title='bbox 2668 956 2701 996; x_wconf 89' lang='lat' dir='ltr'><strong>a</strong></span> <span class='ocrx_word' id='word_1_388' title='bbox 2744 937 3139 1011; x_wconf 88' lang='lat' dir='ltr'><strong>dispositione,</strong></span> 
     </span>
     <span class='ocr_line' id='line_1_66' title="bbox 1776 1018 3140 1098; baseline -0.005 -18"><span class='ocrx_word' id='word_1_389' title='bbox 1776 1040 1907 1081; x_wconf 90' lang='lat' dir='ltr'><strong>cum</strong></span> <span class='ocrx_word' id='word_1_390' title='bbox 1935 1040 2046 1098; x_wconf 91' lang='lat' dir='ltr'><strong>qua</strong></span> <span class='ocrx_word' id='word_1_391' title='bbox 2076 1023 2277 1082; x_wconf 90' lang='lat' dir='ltr'><strong>debeat</strong></span> <span class='ocrx_word' id='word_1_392' title='bbox 2296 1022 2632 1082; x_wconf 90' lang='lat' dir='ltr'><strong>omnimode</strong></span> <span class='ocrx_word' id='word_1_393' title='bbox 2671 1018 3098 1094; x_wconf 90' lang='lat' dir='ltr'><strong>proportionari</strong></span> <span class='ocrx_word' id='word_1_394' title='bbox 3125 1042 3140 1084; x_wconf 89' lang='lat'>;</span> 
     </span>
     <span class='ocr_line' id='line_1_67' title="bbox 1774 1100 3138 1174; baseline -0.005 -11"><span class='ocrx_word' id='word_1_395' title='bbox 1774 1105 1877 1163; x_wconf 90' lang='lat' dir='ltr'><strong>sed</strong></span> <span class='ocrx_word' id='word_1_396' title='bbox 1918 1107 2107 1165; x_wconf 91' lang='lat' dir='ltr'><strong>solum</strong></span> <span class='ocrx_word' id='word_1_397' title='bbox 2152 1107 2300 1164; x_wconf 90' lang='lat' dir='ltr'><strong>sicut</strong></span> <span class='ocrx_word' id='word_1_398' title='bbox 2344 1123 2377 1164; x_wconf 94' lang='lat' dir='ltr'><strong>a</strong></span> <span class='ocrx_word' id='word_1_399' title='bbox 2427 1108 2759 1163; x_wconf 89' lang='lat' dir='ltr'><strong>removente</strong></span> <span class='ocrx_word' id='word_1_400' title='bbox 2806 1100 3138 1174; x_wconf 91' lang='lat' dir='ltr'><strong>prohibens,</strong></span> 
     </span>
     <span class='ocr_line' id='line_1_68' title="bbox 1774 1183 3144 1262; baseline -0.005 -18"><span class='ocrx_word' id='word_1_401' title='bbox 1774 1202 1875 1244; x_wconf 90' lang='lat' dir='ltr'><strong>seu</strong></span> <span class='ocrx_word' id='word_1_402' title='bbox 1901 1186 2143 1256; x_wconf 89' lang='lat' dir='ltr'><strong>obicem,</strong></span> <span class='ocrx_word' id='word_1_403' title='bbox 2169 1205 2281 1262; x_wconf 91' lang='lat' dir='ltr'><strong>quo</strong></span> <span class='ocrx_word' id='word_1_404' title='bbox 2308 1186 2732 1262; x_wconf 90' lang='lat' dir='ltr'><strong>impediebatur</strong></span> <span class='ocrx_word' id='word_1_405' title='bbox 2760 1184 3016 1240; x_wconf 86' lang='lat' dir='ltr'><strong>influxus</strong></span> <span class='ocrx_word' id='word_1_406' title='bbox 3039 1183 3144 1237; x_wconf 80' lang='lat' dir='ltr'><strong>Sa-</strong></span> 
     </span>
     <span class='ocr_line' id='line_1_69' title="bbox 1775 1269 2081 1327; baseline 0.003 -2"><span class='ocrx_word' id='word_1_407' title='bbox 1775 1269 2081 1327; x_wconf 77' lang='lat' dir='ltr'><strong>crementi.</strong></span> 
     </span>
    </p>

    <p class='ocr_par' dir='ltr' id='par_1_11' title="bbox 1774 1338 3342 3196">
     <span class='ocr_line' id='line_1_70' title="bbox 1859 1338 3342 1432; baseline -0.005 -28"><span class='ocrx_word' id='word_1_408' title='bbox 1859 1350 1942 1405; x_wconf 78' lang='lat'><strong>14.</strong></span> <span class='ocrx_word' id='word_1_409' title='bbox 1968 1348 2076 1406; x_wconf 82' lang='lat' dir='ltr'><strong>Sed</strong></span> <span class='ocrx_word' id='word_1_410' title='bbox 2105 1347 2483 1423; x_wconf 90' lang='lat' dir='ltr'><strong>respondetur</strong></span> <span class='ocrx_word' id='word_1_411' title='bbox 2509 1347 2721 1405; x_wconf 90' lang='lat' dir='ltr'><strong>melius</strong></span> <span class='ocrx_word' id='word_1_412' title='bbox 2748 1361 2879 1403; x_wconf 88' lang='lat' dir='ltr'><strong>cum</strong></span> <span class='ocrx_word' id='word_1_413' title='bbox 2903 1346 3146 1401; x_wconf 87' lang='lat' dir='ltr'><strong>Alvarez</strong></span> <span class='ocrx_word' id='word_1_414' title='bbox 3173 1338 3342 1432; x_wconf 51' lang='lat' dir='ltr'><strong>slgfflgffi</strong></span> 
     </span>
     <span class='ocr_line' id='line_1_71' title="bbox 1777 1423 3330 1503; baseline -0.004 -18"><span class='ocrx_word' id='word_1_415' title='bbox 1777 1430 1875 1486; x_wconf 75' lang='lat' dir='ltr'><strong>tib.</strong></span> <span class='ocrx_word' id='word_1_416' title='bbox 1897 1434 1954 1497; x_wconf 87' lang='lat'><strong>7,</strong></span> <span class='ocrx_word' id='word_1_417' title='bbox 1980 1431 2044 1486; x_wconf 83' lang='lat' dir='ltr'><strong>de</strong></span> <span class='ocrx_word' id='word_1_418' title='bbox 2063 1433 2322 1497; x_wconf 74' lang='lat' dir='ltr'><strong>auxiliis,</strong></span> <span class='ocrx_word' id='word_1_419' title='bbox 2354 1431 2495 1503; x_wconf 76' lang='lat' dir='ltr'><strong>disp.</strong></span> <span class='ocrx_word' id='word_1_420' title='bbox 2515 1432 2609 1495; x_wconf 84' lang='lat'><strong>61,</strong></span> <span class='ocrx_word' id='word_1_421' title='bbox 2629 1447 2783 1484; x_wconf 74' lang='lat' dir='ltr'><strong>mam.</strong></span> <span class='ocrx_word' id='word_1_422' title='bbox 2804 1430 2859 1492; x_wconf 79' lang='lat'><strong>4,</strong></span> <span class='ocrx_word' id='word_1_423' title='bbox 2881 1423 3145 1499; x_wconf 89' lang='lat' dir='ltr'><strong>negando</strong></span> <span class='ocrx_word' id='word_1_424' title='bbox 3185 1438 3330 1482; x_wconf 64' lang='lat' dir='ltr'><strong>atvar.</strong></span> 
     </span>
     <span class='ocr_line' id='line_1_72' title="bbox 1776 1508 3144 1587; baseline -0.004 -19"><span class='ocrx_word' id='word_1_425' title='bbox 1776 1513 2136 1580; x_wconf 88' lang='lat' dir='ltr'><strong>antecedens,</strong></span> <span class='ocrx_word' id='word_1_426' title='bbox 2151 1512 2300 1587; x_wconf 90' lang='lat' dir='ltr'><strong>quod</strong></span> <span class='ocrx_word' id='word_1_427' title='bbox 2319 1528 2436 1570; x_wconf 90' lang='lat' dir='ltr'><strong>non</strong></span> <span class='ocrx_word' id='word_1_428' title='bbox 2459 1512 2674 1568; x_wconf 88' lang='lat' dir='ltr'><strong>evincit</strong></span> <span class='ocrx_word' id='word_1_429' title='bbox 2696 1508 2986 1583; x_wconf 87' lang='lat' dir='ltr'><strong>probatio;</strong></span> <span class='ocrx_word' id='word_1_430' title='bbox 3006 1523 3144 1563; x_wconf 91' lang='lat' dir='ltr'><strong>nam</strong></span> 
     </span>
     <span class='ocr_line' id='line_1_73' title="bbox 1774 1589 3149 1667; baseline -0.004 -17"><span class='ocrx_word' id='word_1_431' title='bbox 1774 1594 2042 1667; x_wconf 87' lang='lat' dir='ltr'><strong>quamvis</strong></span> <span class='ocrx_word' id='word_1_432' title='bbox 2066 1595 2145 1651; x_wconf 91' lang='lat' dir='ltr'><strong>ita</strong></span> <span class='ocrx_word' id='word_1_433' title='bbox 2164 1595 2255 1658; x_wconf 87' lang='lat' dir='ltr'><strong>sit,</strong></span> <span class='ocrx_word' id='word_1_434' title='bbox 2286 1592 2434 1666; x_wconf 91' lang='lat' dir='ltr'><strong>quod</strong></span> <span class='ocrx_word' id='word_1_435' title='bbox 2463 1594 2897 1649; x_wconf 90' lang='lat' dir='ltr'><strong>Sacramentum</strong></span> <span class='ocrx_word' id='word_1_436' title='bbox 2927 1604 2960 1644; x_wconf 94' lang='lat' dir='ltr'><strong>a</strong></span> <span class='ocrx_word' id='word_1_437' title='bbox 2989 1589 3149 1661; x_wconf 90' lang='lat' dir='ltr'><strong>prin·</strong></span> 
     </span>
     <span class='ocr_line' id='line_1_74' title="bbox 1775 1673 3149 1747; baseline -0.004 -17"><span class='ocrx_word' id='word_1_438' title='bbox 1775 1673 1926 1746; x_wconf 90' lang='lat' dir='ltr'><strong>cipio</strong></span> <span class='ocrx_word' id='word_1_439' title='bbox 1966 1674 2166 1732; x_wconf 90' lang='lat' dir='ltr'><strong>intulit</strong></span> <span class='ocrx_word' id='word_1_440' title='bbox 2191 1674 2443 1747; x_wconf 86' lang='lat' dir='ltr'><strong>gratiam</strong></span> <span class='ocrx_word' id='word_1_441' title='bbox 2463 1689 2535 1731; x_wconf 86' lang='lat' dir='ltr'><strong>ex</strong></span> <span class='ocrx_word' id='word_1_442' title='bbox 2561 1686 2733 1745; x_wconf 91' lang='lat' dir='ltr'><strong>opere</strong></span> <span class='ocrx_word' id='word_1_443' title='bbox 2759 1674 3026 1741; x_wconf 81' lang='lat' dir='ltr'><strong>operat03</strong></span> <span class='ocrx_word' id='word_1_444' title='bbox 3057 1673 3149 1725; x_wconf 88' lang='lat' dir='ltr'><strong>ta-</strong></span> 
     </span>
     <span class='ocr_line' id='line_1_75' title="bbox 1777 1752 3150 1829; baseline -0.004 -16"><span class='ocrx_word' id='word_1_445' title='bbox 1777 1772 1913 1813; x_wconf 91' lang='lat' dir='ltr'><strong>men</strong></span> <span class='ocrx_word' id='word_1_446' title='bbox 1943 1762 2243 1829; x_wconf 90' lang='lat' dir='ltr'><strong>postquam</strong></span> <span class='ocrx_word' id='word_1_447' title='bbox 2271 1758 2449 1814; x_wconf 89' lang='lat' dir='ltr'><strong>semel</strong></span> <span class='ocrx_word' id='word_1_448' title='bbox 2499 1757 2663 1812; x_wconf 89' lang='lat' dir='ltr'><strong>illam</strong></span> <span class='ocrx_word' id='word_1_449' title='bbox 2707 1752 2930 1819; x_wconf 87' lang='lat' dir='ltr'><strong>tribuit,</strong></span> <span class='ocrx_word' id='word_1_450' title='bbox 2962 1752 3150 1827; x_wconf 89' lang='lat' dir='ltr'><strong>gratia</strong></span> 
     </span>
     <span class='ocr_line' id='line_1_76' title="bbox 1776 1838 3149 1908; baseline -0.004 -13"><span class='ocrx_word' id='word_1_451' title='bbox 1776 1838 1881 1895; x_wconf 84' lang='lat' dir='ltr'><strong>illa</strong></span> <span class='ocrx_word' id='word_1_452' title='bbox 1908 1839 2364 1906; x_wconf 89' lang='lat' dir='ltr'><strong>sacramentalis,</strong></span> <span class='ocrx_word' id='word_1_453' title='bbox 2395 1840 2446 1895; x_wconf 89' lang='lat' dir='ltr'><strong>si</strong></span> <span class='ocrx_word' id='word_1_454' title='bbox 2477 1838 2780 1894; x_wconf 87' lang='lat' dir='ltr'><strong>amittatur</strong></span> <span class='ocrx_word' id='word_1_455' title='bbox 2822 1851 2923 1908; x_wconf 91' lang='lat' dir='ltr'><strong>per</strong></span> <span class='ocrx_word' id='word_1_456' title='bbox 2950 1850 3149 1907; x_wconf 91' lang='lat' dir='ltr'><strong>pecca-</strong></span> 
     </span>
     <span class='ocr_line' id='line_1_77' title="bbox 1776 1916 3144 1993; baseline -0.003 -18"><span class='ocrx_word' id='word_1_457' title='bbox 1776 1924 1923 1987; x_wconf 85' lang='lat' dir='ltr'><strong>tum,</strong></span> <span class='ocrx_word' id='word_1_458' title='bbox 1945 1935 2063 1976; x_wconf 90' lang='lat' dir='ltr'><strong>non</strong></span> <span class='ocrx_word' id='word_1_459' title='bbox 2088 1927 2390 1993; x_wconf 89' lang='lat' dir='ltr'><strong>reparatur</strong></span> <span class='ocrx_word' id='word_1_460' title='bbox 2419 1934 2521 1992; x_wconf 89' lang='lat' dir='ltr'><strong>per</strong></span> <span class='ocrx_word' id='word_1_461' title='bbox 2548 1923 2736 1975; x_wconf 89' lang='lat' dir='ltr'><strong>actum</strong></span> <span class='ocrx_word' id='word_1_462' title='bbox 2758 1916 3144 1979; x_wconf 89' lang='lat' dir='ltr'><strong>contritionis,</strong></span> 
     </span>
     <span class='ocr_line' id='line_1_78' title="bbox 1776 1999 3147 2075; baseline -0.002 -16"><span class='ocrx_word' id='word_1_463' title='bbox 1776 2002 1893 2059; x_wconf 89' lang='lat' dir='ltr'><strong>nisi</strong></span> <span class='ocrx_word' id='word_1_464' title='bbox 1941 2018 2013 2059; x_wconf 82' lang='lat' dir='ltr'><strong>ex</strong></span> <span class='ocrx_word' id='word_1_465' title='bbox 2057 2018 2231 2075; x_wconf 90' lang='lat' dir='ltr'><strong>opere</strong></span> <span class='ocrx_word' id='word_1_466' title='bbox 2270 2002 2599 2075; x_wconf 85' lang='lat' dir='ltr'><strong>operantis;</strong></span> <span class='ocrx_word' id='word_1_467' title='bbox 2644 2006 2941 2073; x_wconf 90' lang='lat' dir='ltr'><strong>postquam</strong></span> <span class='ocrx_word' id='word_1_468' title='bbox 2986 1999 3147 2056; x_wconf 90' lang='lat' dir='ltr'><strong>enim</strong></span> 
     </span>
     <span class='ocr_line' id='line_1_79' title="bbox 1776 2081 3147 2157; baseline -0.001 -19"><span class='ocrx_word' id='word_1_469' title='bbox 1776 2084 2218 2141; x_wconf 89' lang='lat' dir='ltr'><strong>Sacramentum</strong></span> <span class='ocrx_word' id='word_1_470' title='bbox 2245 2085 2426 2141; x_wconf 89' lang='lat' dir='ltr'><strong>semel</strong></span> <span class='ocrx_word' id='word_1_471' title='bbox 2456 2081 2725 2157; x_wconf 83' lang='lat' dir='ltr'><strong>produxit</strong></span> <span class='ocrx_word' id='word_1_472' title='bbox 2753 2085 2936 2138; x_wconf 89' lang='lat' dir='ltr'><strong>totum</strong></span> <span class='ocrx_word' id='word_1_473' title='bbox 2976 2097 3147 2137; x_wconf 86' lang='lat' dir='ltr'><strong>suum</strong></span> 
     </span>
     <span class='ocr_line' id='line_1_80' title="bbox 1776 2162 3152 2239; baseline -0.001 -18"><span class='ocrx_word' id='word_1_474' title='bbox 1776 2163 2062 2234; x_wconf 77' lang='lat' dir='ltr'><strong>effectum,</strong></span> <span class='ocrx_word' id='word_1_475' title='bbox 2087 2181 2203 2222; x_wconf 91' lang='lat' dir='ltr'><strong>non</strong></span> <span class='ocrx_word' id='word_1_476' title='bbox 2220 2166 2471 2239; x_wconf 87' lang='lat' dir='ltr'><strong>amplius</strong></span> <span class='ocrx_word' id='word_1_477' title='bbox 2489 2162 2750 2237; x_wconf 87' lang='lat' dir='ltr'><strong>producit</strong></span> <span class='ocrx_word' id='word_1_478' title='bbox 2771 2165 2960 2220; x_wconf 89' lang='lat' dir='ltr'><strong>illum.</strong></span> <span class='ocrx_word' id='word_1_479' title='bbox 2983 2162 3152 2219; x_wconf 92' lang='lat' dir='ltr'><strong>Unde</strong></span> 
     </span>
     <span class='ocr_line' id='line_1_81' title="bbox 1775 2243 3143 2320; baseline -0.001 -19"><span class='ocrx_word' id='word_1_480' title='bbox 1775 2244 1827 2301; x_wconf 90' lang='lat' dir='ltr'><strong>si</strong></span> <span class='ocrx_word' id='word_1_481' title='bbox 1847 2247 2145 2320; x_wconf 88' lang='lat' dir='ltr'><strong>contingat</strong></span> <span class='ocrx_word' id='word_1_482' title='bbox 2161 2247 2310 2302; x_wconf 91' lang='lat' dir='ltr'><strong>hunc</strong></span> <span class='ocrx_word' id='word_1_483' title='bbox 2327 2245 2566 2314; x_wconf 89' lang='lat' dir='ltr'><strong>destrui,</strong></span> <span class='ocrx_word' id='word_1_484' title='bbox 2582 2251 2638 2302; x_wconf 89' lang='lat' dir='ltr'><strong>et</strong></span> <span class='ocrx_word' id='word_1_485' title='bbox 2656 2250 2845 2318; x_wconf 91' lang='lat' dir='ltr'><strong>postea</strong></span> <span class='ocrx_word' id='word_1_486' title='bbox 2863 2243 3143 2317; x_wconf 89' lang='lat' dir='ltr'><strong>reparari,</strong></span> 
     </span>
     <span class='ocr_line' id='line_1_82' title="bbox 1777 2325 3149 2401; baseline -0.001 -18"><span class='ocrx_word' id='word_1_487' title='bbox 1777 2326 1881 2383; x_wconf 90' lang='lat' dir='ltr'><strong>illa</strong></span> <span class='ocrx_word' id='word_1_488' title='bbox 1913 2329 2204 2401; x_wconf 88' lang='lat' dir='ltr'><strong>reparatio</strong></span> <span class='ocrx_word' id='word_1_489' title='bbox 2234 2344 2350 2385; x_wconf 90' lang='lat' dir='ltr'><strong>non</strong></span> <span class='ocrx_word' id='word_1_490' title='bbox 2377 2333 2463 2384; x_wconf 89' lang='lat' dir='ltr'><strong>est</strong></span> <span class='ocrx_word' id='word_1_491' title='bbox 2489 2327 2718 2385; x_wconf 78' lang='lat' dir='ltr'><strong>effectus</strong></span> <span class='ocrx_word' id='word_1_492' title='bbox 2739 2325 3015 2401; x_wconf 69' lang='lat' dir='ltr'><strong>praeteriti</strong></span> <span class='ocrx_word' id='word_1_493' title='bbox 3044 2327 3149 2382; x_wconf 90' lang='lat' dir='ltr'><strong>Sa-</strong></span> 
     </span>
     <span class='ocr_line' id='line_1_83' title="bbox 1776 2407 3148 2481; baseline -0.002 -16"><span class='ocrx_word' id='word_1_494' title='bbox 1776 2412 2079 2475; x_wconf 89' lang='lat' dir='ltr'><strong>cramenti,</strong></span> <span class='ocrx_word' id='word_1_495' title='bbox 2107 2408 2205 2466; x_wconf 90' lang='lat' dir='ltr'><strong>sed</strong></span> <span class='ocrx_word' id='word_1_496' title='bbox 2235 2409 2532 2481; x_wconf 70' lang='lat' dir='ltr'><strong>praesentis</strong></span> <span class='ocrx_word' id='word_1_497' title='bbox 2572 2407 2984 2481; x_wconf 89' lang='lat' dir='ltr'><strong>dispositionis,</strong></span> <span class='ocrx_word' id='word_1_498' title='bbox 3017 2422 3148 2463; x_wconf 91' lang='lat' dir='ltr'><strong>cum</strong></span> 
     </span>
     <span class='ocr_line' id='line_1_84' title="bbox 1775 2488 3144 2564; baseline -0.002 -18"><span class='ocrx_word' id='word_1_499' title='bbox 1775 2507 1887 2564; x_wconf 89' lang='lat' dir='ltr'><strong>qua</strong></span> <span class='ocrx_word' id='word_1_500' title='bbox 1931 2488 2173 2563; x_wconf 75' lang='lat' dir='ltr'><strong>proinde</strong></span> <span class='ocrx_word' id='word_1_501' title='bbox 2212 2489 2380 2547; x_wconf 86' lang='lat' dir='ltr'><strong>debet</strong></span> <span class='ocrx_word' id='word_1_502' title='bbox 2421 2490 2653 2564; x_wconf 83' lang='lat' dir='ltr'><strong>physice</strong></span> <span class='ocrx_word' id='word_1_503' title='bbox 2694 2488 3144 2563; x_wconf 89' lang='lat' dir='ltr'><strong>proportionari.</strong></span> 
     </span>
     <span class='ocr_line' id='line_1_85' title="bbox 1778 2570 3145 2644; baseline -0.002 -15"><span class='ocrx_word' id='word_1_504' title='bbox 1778 2571 1946 2629; x_wconf 90' lang='lat' dir='ltr'><strong>Unde</strong></span> <span class='ocrx_word' id='word_1_505' title='bbox 1972 2576 2255 2644; x_wconf 91' lang='lat' dir='ltr'><strong>quantum</strong></span> <span class='ocrx_word' id='word_1_506' title='bbox 2285 2572 2492 2628; x_wconf 87' lang='lat' dir='ltr'><strong>attinet</strong></span> <span class='ocrx_word' id='word_1_507' title='bbox 2536 2571 2606 2627; x_wconf 90' lang='lat' dir='ltr'><strong>ad</strong></span> <span class='ocrx_word' id='word_1_508' title='bbox 2653 2570 3145 2636; x_wconf 88' lang='lat' dir='ltr'><strong>reviviscentiam,</strong></span> 
     </span>
     <span class='ocr_line' id='line_1_86' title="bbox 1775 2649 3152 2726; baseline -0.003 -15"><span class='ocrx_word' id='word_1_509' title='bbox 1775 2652 1978 2711; x_wconf 87' lang='lat' dir='ltr'><strong>eadem</strong></span> <span class='ocrx_word' id='word_1_510' title='bbox 2009 2653 2251 2710; x_wconf 90' lang='lat' dir='ltr'><strong>omnino</strong></span> <span class='ocrx_word' id='word_1_511' title='bbox 2290 2658 2377 2709; x_wconf 90' lang='lat' dir='ltr'><strong>est</strong></span> <span class='ocrx_word' id='word_1_512' title='bbox 2419 2652 2568 2709; x_wconf 90' lang='lat' dir='ltr'><strong>ratio</strong></span> <span class='ocrx_word' id='word_1_513' title='bbox 2607 2649 2679 2708; x_wconf 91' lang='lat' dir='ltr'><strong>de</strong></span> <span class='ocrx_word' id='word_1_514' title='bbox 2723 2651 2910 2726; x_wconf 89' lang='lat' dir='ltr'><strong>gratia</strong></span> <span class='ocrx_word' id='word_1_515' title='bbox 2956 2666 3152 2707; x_wconf 89' lang='lat' dir='ltr'><strong>sacra-</strong></span> 
     </span>
     <span class='ocr_line' id='line_1_87' title="bbox 1776 2731 3152 2803; baseline -0.001 -14"><span class='ocrx_word' id='word_1_516' title='bbox 1776 2731 2053 2798; x_wconf 89' lang='lat' dir='ltr'><strong>mentali,</strong></span> <span class='ocrx_word' id='word_1_517' title='bbox 2108 2739 2167 2790; x_wconf 91' lang='lat' dir='ltr'><strong>et</strong></span> <span class='ocrx_word' id='word_1_518' title='bbox 2224 2749 2341 2790; x_wconf 91' lang='lat' dir='ltr'><strong>non</strong></span> <span class='ocrx_word' id='word_1_519' title='bbox 2410 2731 2819 2790; x_wconf 86' lang='lat' dir='ltr'><strong>sacramentali</strong></span> <span class='ocrx_word' id='word_1_520' title='bbox 2845 2749 2858 2796; x_wconf 87' lang='lat'><strong>;</strong></span> <span class='ocrx_word' id='word_1_521' title='bbox 2913 2736 3152 2803; x_wconf 87' lang='lat' dir='ltr'><strong>utraque</strong></span> 
     </span>
     <span class='ocr_line' id='line_1_88' title="bbox 1774 2812 3152 2891; baseline -0.003 -20"><span class='ocrx_word' id='word_1_522' title='bbox 1774 2814 1937 2871; x_wconf 92' lang='lat' dir='ltr'><strong>enim</strong></span> <span class='ocrx_word' id='word_1_523' title='bbox 1964 2813 2258 2871; x_wconf 86' lang='lat' dir='ltr'><strong>reviviscit</strong></span> <span class='ocrx_word' id='word_1_524' title='bbox 2281 2814 2513 2891; x_wconf 79' lang='lat' dir='ltr'><strong>physice</strong></span> <span class='ocrx_word' id='word_1_525' title='bbox 2535 2813 2599 2870; x_wconf 90' lang='lat' dir='ltr'><strong>in</strong></span> <span class='ocrx_word' id='word_1_526' title='bbox 2621 2812 2801 2889; x_wconf 91' lang='lat' dir='ltr'><strong>gradu</strong></span> <span class='ocrx_word' id='word_1_527' title='bbox 2819 2827 3152 2885; x_wconf 88' lang='lat' dir='ltr'><strong>correspon-</strong></span> 
     </span>
     <span class='ocr_line' id='line_1_89' title="bbox 1774 2896 3208 2972; baseline -0.002 -19"><span class='ocrx_word' id='word_1_528' title='bbox 1774 2896 1947 2955; x_wconf 90' lang='lat' dir='ltr'><strong>dente</strong></span> <span class='ocrx_word' id='word_1_529' title='bbox 1977 2898 2244 2970; x_wconf 83' lang='lat' dir='ltr'><strong>praesenti</strong></span> <span class='ocrx_word' id='word_1_530' title='bbox 2271 2897 2636 2972; x_wconf 89' lang='lat' dir='ltr'><strong>dispositioni</strong></span> <span class='ocrx_word' id='word_1_531' title='bbox 2659 2896 2896 2971; x_wconf 85' lang='lat' dir='ltr'><strong>subjecti</strong></span> <span class='ocrx_word' id='word_1_532' title='bbox 2920 2919 2932 2962; x_wconf 87' lang='lat'><strong>;</strong></span> <span class='ocrx_word' id='word_1_533' title='bbox 2958 2910 3149 2951; x_wconf 89' lang='lat' dir='ltr'><strong>mora·</strong></span> <span class='ocrx_word' id='word_1_534' title='bbox 3201 2951 3208 2956; x_wconf 75' lang='grc'><strong>,</strong></span> 
     </span>
     <span class='ocr_line' id='line_1_90' title="bbox 1776 2973 3146 3051; baseline -0.003 -17"><span class='ocrx_word' id='word_1_535' title='bbox 1776 2979 1914 3035; x_wconf 90' lang='lat' dir='ltr'><strong>liter</strong></span> <span class='ocrx_word' id='word_1_536' title='bbox 1934 2993 2094 3045; x_wconf 90' lang='lat' dir='ltr'><strong>vero,</strong></span> <span class='ocrx_word' id='word_1_537' title='bbox 2125 2980 2266 3036; x_wconf 89' lang='lat' dir='ltr'><strong>etin</strong></span> <span class='ocrx_word' id='word_1_538' title='bbox 2290 2980 2422 3051; x_wconf 82' lang='lat' dir='ltr'><strong>jure</strong></span> <span class='ocrx_word' id='word_1_539' title='bbox 2452 2979 2516 3035; x_wconf 91' lang='lat' dir='ltr'><strong>in</strong></span> <span class='ocrx_word' id='word_1_540' title='bbox 2544 2983 2659 3034; x_wconf 89' lang='lat' dir='ltr'><strong>tota</strong></span> <span class='ocrx_word' id='word_1_541' title='bbox 2687 2993 2789 3032; x_wconf 92' lang='lat' dir='ltr'><strong>sua</strong></span> <span class='ocrx_word' id='word_1_542' title='bbox 2818 2973 3146 3031; x_wconf 89' lang='lat' dir='ltr'><strong>latitudine.</strong></span> 
     </span>
     <span class='ocr_line' id='line_1_91' title="bbox 1777 3056 3152 3133; baseline -0.002 -19"><span class='ocrx_word' id='word_1_543' title='bbox 1777 3061 1863 3115; x_wconf 80' lang='lat' dir='ltr'><strong>Ex</strong></span> <span class='ocrx_word' id='word_1_544' title='bbox 1887 3076 2000 3133; x_wconf 89' lang='lat' dir='ltr'><strong>qua</strong></span> <span class='ocrx_word' id='word_1_545' title='bbox 2027 3060 2292 3117; x_wconf 89' lang='lat' dir='ltr'><strong>doctrina</strong></span> <span class='ocrx_word' id='word_1_546' title='bbox 2320 3060 2505 3117; x_wconf 90' lang='lat' dir='ltr'><strong>obiter</strong></span> <span class='ocrx_word' id='word_1_547' title='bbox 2527 3058 2836 3114; x_wconf 90' lang='lat' dir='ltr'><strong>diluuntur</strong></span> <span class='ocrx_word' id='word_1_548' title='bbox 2864 3056 3152 3129; x_wconf 90' lang='lat' dir='ltr'><strong>probatio·</strong></span> 
     </span>
     <span class='ocr_line' id='line_1_92' title="bbox 1777 3137 2651 3196; baseline -0.002 -2"><span class='ocrx_word' id='word_1_549' title='bbox 1777 3154 1881 3195; x_wconf 90' lang='lat' dir='ltr'><strong>nes</strong></span> <span class='ocrx_word' id='word_1_550' title='bbox 1902 3139 1966 3195; x_wconf 89' lang='lat' dir='ltr'><strong>in</strong></span> <span class='ocrx_word' id='word_1_551' title='bbox 1989 3140 2350 3196; x_wconf 89' lang='lat' dir='ltr'><strong>contrarium</strong></span> <span class='ocrx_word' id='word_1_552' title='bbox 2381 3137 2651 3195; x_wconf 81' lang='lat' dir='ltr'><strong>adductae.</strong></span> 
     </span>
    </p>
   </div>
   <div class='ocr_carea' id='block_1_7' title="bbox 1875 3335 3070 3552">
    <p class='ocr_par' dir='ltr' id='par_1_12' title="bbox 1875 3335 3070 3552">
     <span class='ocr_line' id='line_1_93' title="bbox 2380 3335 2544 3404; baseline 0.006 -15"><span class='ocrx_word' id='word_1_553' title='bbox 2380 3337 2411 3404; x_wconf 64' lang='lat'>5</span> <span class='ocrx_word' id='word_1_554' title='bbox 2451 3335 2544 3391; x_wconf 89' lang='lat' dir='ltr'><strong>IV.</strong></span> 
     </span>
     <span class='ocr_line' id='line_1_94' title="bbox 1875 3480 3070 3552; baseline 0 -13"><span class='ocrx_word' id='word_1_555' title='bbox 1875 3480 1966 3539; x_wconf 81' lang='lat' dir='ltr'><strong>Fit</strong></span> <span class='ocrx_word' id='word_1_556' title='bbox 1987 3483 2126 3539; x_wconf 78' lang='lat' dir='ltr'><strong>satis</strong></span> <span class='ocrx_word' id='word_1_557' title='bbox 2144 3485 2484 3552; x_wconf 76' lang='lat' dir='ltr'><strong>aryumentis</strong></span> <span class='ocrx_word' id='word_1_558' title='bbox 2509 3483 2751 3540; x_wconf 63' lang='lat' dir='ltr'><strong>secunda</strong></span> <span class='ocrx_word' id='word_1_559' title='bbox 2776 3485 3070 3539; x_wconf 70' lang='lat' dir='ltr'><strong>sententia.</strong></span> 
     </span>
    </p>
   </div>
   <div class='ocr_carea' id='block_1_8' title="bbox 1774 3630 3365 5016">
    <p class='ocr_par' dir='ltr' id='par_1_13' title="bbox 1774 3630 3365 5016">
     <span class='ocr_line' id='line_1_95' title="bbox 1863 3630 3365 3705; baseline 0.001 -20"><span class='ocrx_word' id='word_1_560' title='bbox 1863 3631 1948 3686; x_wconf 89' lang='lat'><strong>15.</strong></span> <span class='ocrx_word' id='word_1_561' title='bbox 1993 3633 2347 3704; x_wconf 85' lang='lat' dir='ltr'><strong>Argumenta</strong></span> <span class='ocrx_word' id='word_1_562' title='bbox 2397 3646 2522 3703; x_wconf 85' lang='lat' dir='ltr'><strong>quae</strong></span> <span class='ocrx_word' id='word_1_563' title='bbox 2562 3647 2665 3705; x_wconf 91' lang='lat' dir='ltr'><strong>pro</strong></span> <span class='ocrx_word' id='word_1_564' title='bbox 2707 3630 2916 3703; x_wconf 89' lang='lat' dir='ltr'><strong>primis</strong></span> <span class='ocrx_word' id='word_1_565' title='bbox 2961 3630 3365 3702; x_wconf 56' lang='lat' dir='ltr'><strong>tribus-mum.</strong></span> 
     </span>
     <span class='ocr_line' id='line_1_96' title="bbox 1775 3697 3350 3802; baseline 0.002 -33"><span class='ocrx_word' id='word_1_566' title='bbox 1775 3713 2082 3770; x_wconf 87' lang='lat' dir='ltr'><strong>sententiis</strong></span> <span class='ocrx_word' id='word_1_567' title='bbox 2109 3697 2475 3778; x_wconf 79' lang='lat' dir='ltr'><strong>adduximuS,</strong></span> <span class='ocrx_word' id='word_1_568' title='bbox 2501 3713 2709 3786; x_wconf 85' lang='lat' dir='ltr'><strong>majori</strong></span> <span class='ocrx_word' id='word_1_569' title='bbox 2731 3731 2803 3771; x_wconf 86' lang='lat' dir='ltr'><strong>ex</strong></span> <span class='ocrx_word' id='word_1_570' title='bbox 2833 3720 2993 3787; x_wconf 90' lang='lat' dir='ltr'><strong>parte</strong></span> <span class='ocrx_word' id='word_1_571' title='bbox 3021 3730 3149 3771; x_wconf 90' lang='lat' dir='ltr'><strong>ma-</strong></span> <span class='ocrx_word' id='word_1_572' title='bbox 3181 3706 3350 3802; x_wconf 42' lang='lat'><strong>{2353</strong></span> 
     </span>
     <span class='ocr_line' id='line_1_97' title="bbox 1777 3793 3322 3867; baseline 0 -18"><span class='ocrx_word' id='word_1_573' title='bbox 1777 3798 1919 3850; x_wconf 90' lang='lat' dir='ltr'><strong>nent</strong></span> <span class='ocrx_word' id='word_1_574' title='bbox 1937 3795 2126 3851; x_wconf 86' lang='lat' dir='ltr'><strong>soluta</strong></span> <span class='ocrx_word' id='word_1_575' title='bbox 2152 3812 2221 3852; x_wconf 84' lang='lat' dir='ltr'><strong>ex</strong></span> <span class='ocrx_word' id='word_1_576' title='bbox 2252 3795 2539 3867; x_wconf 89' lang='lat' dir='ltr'><strong>hucusque</strong></span> <span class='ocrx_word' id='word_1_577' title='bbox 2566 3793 2761 3862; x_wconf 89' lang='lat' dir='ltr'><strong>dictis;</strong></span> <span class='ocrx_word' id='word_1_578' title='bbox 2791 3800 2846 3852; x_wconf 89' lang='lat' dir='ltr'><strong>et</strong></span> <span class='ocrx_word' id='word_1_579' title='bbox 2876 3796 3003 3853; x_wconf 91' lang='lat' dir='ltr'><strong>ideo</strong></span> <span class='ocrx_word' id='word_1_580' title='bbox 3031 3812 3151 3854; x_wconf 89' lang='lat' dir='ltr'><strong>non</strong></span> <span class='ocrx_word' id='word_1_581' title='bbox 3187 3806 3322 3860; x_wconf 77' lang='lat' dir='ltr'><strong>expu-</strong></span> 
     </span>
     <span class='ocr_line' id='line_1_98' title="bbox 1774 3862 3341 3936; baseline 0.003 -4"><span class='ocrx_word' id='word_1_582' title='bbox 1774 3879 1861 3932; x_wconf 88' lang='lat' dir='ltr'><strong>est</strong></span> <span class='ocrx_word' id='word_1_583' title='bbox 1886 3890 1989 3930; x_wconf 89' lang='lat' dir='ltr'><strong>cur</strong></span> <span class='ocrx_word' id='word_1_584' title='bbox 2029 3875 2180 3932; x_wconf 90' lang='lat' dir='ltr'><strong>circa</strong></span> <span class='ocrx_word' id='word_1_585' title='bbox 2221 3890 2424 3932; x_wconf 87' lang='lat' dir='ltr'><strong>eorum</strong></span> <span class='ocrx_word' id='word_1_586' title='bbox 2453 3876 2860 3934; x_wconf 88' lang='lat' dir='ltr'><strong>enodationem</strong></span> <span class='ocrx_word' id='word_1_587' title='bbox 2887 3875 3152 3936; x_wconf 84' lang='lat' dir='ltr'><strong>detinea-</strong></span> <span class='ocrx_word' id='word_1_588' title='bbox 3182 3862 3341 3902; x_wconf 62' lang='lat' dir='ltr'><strong>mm·</strong></span> 
     </span>
     <span class='ocr_line' id='line_1_99' title="bbox 1775 3958 3152 4018; baseline 0.004 -5"><span class='ocrx_word' id='word_1_589' title='bbox 1775 3974 1930 4015; x_wconf 90' lang='lat' dir='ltr'><strong>mur.</strong></span> <span class='ocrx_word' id='word_1_590' title='bbox 1981 3958 2263 4014; x_wconf 90' lang='lat' dir='ltr'><strong>Nonnihil</strong></span> <span class='ocrx_word' id='word_1_591' title='bbox 2305 3958 2657 4015; x_wconf 86' lang='lat' dir='ltr'><strong>difficultatis</strong></span> <span class='ocrx_word' id='word_1_592' title='bbox 2696 3960 2997 4016; x_wconf 89' lang='lat' dir='ltr'><strong>continent</strong></span> <span class='ocrx_word' id='word_1_593' title='bbox 3037 3960 3152 4018; x_wconf 91' lang='lat' dir='ltr'><strong>duo</strong></span> 
     </span>
     <span class='ocr_line' id='line_1_100' title="bbox 1775 4038 3149 4114; baseline 0.003 -19"><span class='ocrx_word' id='word_1_594' title='bbox 1775 4038 1883 4095; x_wconf 87' lang='lat' dir='ltr'><strong>illa</strong></span> <span class='ocrx_word' id='word_1_595' title='bbox 1928 4041 1995 4096; x_wconf 89' lang='lat' dir='ltr'><strong>D.</strong></span> <span class='ocrx_word' id='word_1_596' title='bbox 2024 4039 2232 4096; x_wconf 90' lang='lat' dir='ltr'><strong>Thom.</strong></span> <span class='ocrx_word' id='word_1_597' title='bbox 2272 4039 2623 4106; x_wconf 85' lang='lat' dir='ltr'><strong>testimonia,</strong></span> <span class='ocrx_word' id='word_1_598' title='bbox 2673 4056 2800 4114; x_wconf 82' lang='lat' dir='ltr'><strong>quae</strong></span> <span class='ocrx_word' id='word_1_599' title='bbox 2846 4041 3149 4100; x_wconf 89' lang='lat' dir='ltr'><strong>attulimus</strong></span> 
     </span>
     <span class='ocr_line' id='line_1_101' title="bbox 1777 4120 3152 4195; baseline 0.001 -17"><span class='ocrx_word' id='word_1_600' title='bbox 1777 4138 1883 4195; x_wconf 90' lang='lat' dir='ltr'><strong>pro</strong></span> <span class='ocrx_word' id='word_1_601' title='bbox 1919 4120 2171 4179; x_wconf 88' lang='lat' dir='ltr'><strong>secunda</strong></span> <span class='ocrx_word' id='word_1_602' title='bbox 2211 4120 2515 4187; x_wconf 89' lang='lat' dir='ltr'><strong>sententia,</strong></span> <span class='ocrx_word' id='word_1_603' title='bbox 2559 4126 2616 4178; x_wconf 91' lang='lat' dir='ltr'><strong>et</strong></span> <span class='ocrx_word' id='word_1_604' title='bbox 2661 4120 2790 4179; x_wconf 91' lang='lat' dir='ltr'><strong>ideo</strong></span> <span class='ocrx_word' id='word_1_605' title='bbox 2827 4129 3049 4195; x_wconf 89' lang='lat' dir='ltr'><strong>oportet</strong></span> <span class='ocrx_word' id='word_1_606' title='bbox 3088 4128 3152 4180; x_wconf 90' lang='lat' dir='ltr'><strong>ut</strong></span> 
     </span>
     <span class='ocr_line' id='line_1_102' title="bbox 1776 4202 3146 4280; baseline 0.002 -20"><span class='ocrx_word' id='word_1_607' title='bbox 1776 4205 1883 4261; x_wconf 91' lang='lat' dir='ltr'><strong>illa</strong></span> <span class='ocrx_word' id='word_1_608' title='bbox 1921 4205 2294 4278; x_wconf 86' lang='lat' dir='ltr'><strong>explicemus.</strong></span> <span class='ocrx_word' id='word_1_609' title='bbox 2352 4202 2439 4258; x_wconf 88' lang='lat' dir='ltr'><strong>Ad</strong></span> <span class='ocrx_word' id='word_1_610' title='bbox 2481 4205 2739 4276; x_wconf 89' lang='lat' dir='ltr'><strong>primum</strong></span> <span class='ocrx_word' id='word_1_611' title='bbox 2786 4220 2923 4280; x_wconf 88' lang='lat' dir='ltr'><strong>ergo</strong></span> <span class='ocrx_word' id='word_1_612' title='bbox 2974 4225 3046 4263; x_wconf 74' lang='lat' dir='ltr'><strong>ea:</strong></span> <span class='ocrx_word' id='word_1_613' title='bbox 3091 4207 3146 4274; x_wconf 88' lang='lat'><strong>3,</strong></span> 
     </span>
     <span class='ocr_line' id='line_1_103' title="bbox 1774 4282 3147 4358; baseline 0.001 -17"><span class='ocrx_word' id='word_1_614' title='bbox 1774 4286 1905 4341; x_wconf 80' lang='lat' dir='ltr'><strong>dist.</strong></span> <span class='ocrx_word' id='word_1_615' title='bbox 1938 4286 1993 4350; x_wconf 87' lang='lat'><strong>3,</strong></span> <span class='ocrx_word' id='word_1_616' title='bbox 2036 4282 2434 4357; x_wconf 89' lang='lat' dir='ltr'><strong>respondetur,</strong></span> <span class='ocrx_word' id='word_1_617' title='bbox 2466 4284 2616 4358; x_wconf 91' lang='lat' dir='ltr'><strong>quod</strong></span> <span class='ocrx_word' id='word_1_618' title='bbox 2655 4300 2788 4341; x_wconf 89' lang='lat' dir='ltr'><strong>cum</strong></span> <span class='ocrx_word' id='word_1_619' title='bbox 2828 4288 2891 4341; x_wconf 92' lang='lat' dir='ltr'><strong>D.</strong></span> <span class='ocrx_word' id='word_1_620' title='bbox 2938 4287 3147 4344; x_wconf 89' lang='lat' dir='ltr'><strong>Thom.</strong></span> 
     </span>
     <span class='ocr_line' id='line_1_104' title="bbox 1776 4367 3150 4443; baseline 0.001 -18"><span class='ocrx_word' id='word_1_621' title='bbox 1776 4368 1969 4443; x_wconf 90' lang='lat' dir='ltr'><strong>inquit</strong></span> <span class='ocrx_word' id='word_1_622' title='bbox 1996 4367 2315 4435; x_wconf 90' lang='lat' dir='ltr'><strong>hominem,</strong></span> <span class='ocrx_word' id='word_1_623' title='bbox 2342 4368 2478 4441; x_wconf 89' lang='lat' dir='ltr'><strong>quia</strong></span> <span class='ocrx_word' id='word_1_624' title='bbox 2505 4383 2607 4440; x_wconf 87' lang='lat' dir='ltr'><strong>per</strong></span> <span class='ocrx_word' id='word_1_625' title='bbox 2635 4373 2923 4440; x_wconf 91' lang='lat' dir='ltr'><strong>peccatum</strong></span> <span class='ocrx_word' id='word_1_626' title='bbox 2966 4368 3150 4427; x_wconf 75' lang='lat' dir='ltr'><strong>factus</strong></span> 
     </span>
     <span class='ocr_line' id='line_1_105' title="bbox 1777 4448 3147 4523; baseline 0.003 -18"><span class='ocrx_word' id='word_1_627' title='bbox 1777 4449 1889 4506; x_wconf 76' lang='lat' dir='ltr'><strong>fuit</strong></span> <span class='ocrx_word' id='word_1_628' title='bbox 1915 4450 2081 4515; x_wconf 89' lang='lat' dir='ltr'><strong>alter,</strong></span> <span class='ocrx_word' id='word_1_629' title='bbox 2111 4457 2168 4508; x_wconf 88' lang='lat' dir='ltr'><strong>et</strong></span> <span class='ocrx_word' id='word_1_630' title='bbox 2195 4467 2313 4510; x_wconf 91' lang='lat' dir='ltr'><strong>non</strong></span> <span class='ocrx_word' id='word_1_631' title='bbox 2341 4450 2411 4507; x_wconf 92' lang='lat' dir='ltr'><strong>ad</strong></span> <span class='ocrx_word' id='word_1_632' title='bbox 2440 4448 2756 4523; x_wconf 89' lang='lat' dir='ltr'><strong>pristinum</strong></span> <span class='ocrx_word' id='word_1_633' title='bbox 2784 4454 3015 4515; x_wconf 83' lang='lat' dir='ltr'><strong>statum,</strong></span> <span class='ocrx_word' id='word_1_634' title='bbox 3048 4451 3147 4509; x_wconf 92' lang='lat' dir='ltr'><strong>vel</strong></span> 
     </span>
     <span class='ocr_line' id='line_1_106' title="bbox 1774 4530 3152 4608; baseline 0 -19"><span class='ocrx_word' id='word_1_635' title='bbox 1774 4531 2021 4608; x_wconf 89' lang='lat' dir='ltr'><strong>gradum</strong></span> <span class='ocrx_word' id='word_1_636' title='bbox 2074 4548 2176 4604; x_wconf 91' lang='lat' dir='ltr'><strong>per</strong></span> <span class='ocrx_word' id='word_1_637' title='bbox 2222 4530 2623 4605; x_wconf 88' lang='lat' dir='ltr'><strong>poenitentiam</strong></span> <span class='ocrx_word' id='word_1_638' title='bbox 2672 4531 2985 4598; x_wconf 88' lang='lat' dir='ltr'><strong>restitutus,</strong></span> <span class='ocrx_word' id='word_1_639' title='bbox 3031 4547 3152 4591; x_wconf 92' lang='lat' dir='ltr'><strong>non</strong></span> 
     </span>
     <span class='ocr_line' id='line_1_107' title="bbox 1779 4614 3153 4688; baseline 0.001 -17"><span class='ocrx_word' id='word_1_640' title='bbox 1779 4614 2042 4687; x_wconf 86' lang='lat' dir='ltr'><strong>plenarie</strong></span> <span class='ocrx_word' id='word_1_641' title='bbox 2066 4615 2320 4688; x_wconf 89' lang='lat' dir='ltr'><strong>recipere</strong></span> <span class='ocrx_word' id='word_1_642' title='bbox 2340 4615 2603 4672; x_wconf 78' lang='lat' dir='ltr'><strong>effectum</strong></span> <span class='ocrx_word' id='word_1_643' title='bbox 2629 4615 2883 4687; x_wconf 88' lang='lat' dir='ltr'><strong>priorem</strong></span> <span class='ocrx_word' id='word_1_644' title='bbox 2907 4616 3153 4675; x_wconf 88' lang='lat' dir='ltr'><strong>merito-</strong></span> 
     </span>
     <span class='ocr_line' id='line_1_108' title="bbox 1778 4696 3145 4770; baseline 0.001 -16"><span class='ocrx_word' id='word_1_645' title='bbox 1778 4713 1933 4763; x_wconf 90' lang='lat' dir='ltr'><strong>rum,</strong></span> <span class='ocrx_word' id='word_1_646' title='bbox 1953 4698 2160 4754; x_wconf 90' lang='lat' dir='ltr'><strong>saltem</strong></span> <span class='ocrx_word' id='word_1_647' title='bbox 2180 4696 2365 4770; x_wconf 91' lang='lat' dir='ltr'><strong>quoad</strong></span> <span class='ocrx_word' id='word_1_648' title='bbox 2384 4697 2689 4770; x_wconf 79' lang='lat' dir='ltr'><strong>praemium</strong></span> <span class='ocrx_word' id='word_1_649' title='bbox 2705 4698 3145 4765; x_wconf 84' lang='lat' dir='ltr'><strong>essentiale‚etc.</strong></span> 
     </span>
     <span class='ocr_line' id='line_1_109' title="bbox 1776 4776 3152 4856; baseline -0.001 -20"><span class='ocrx_word' id='word_1_650' title='bbox 1776 4780 1968 4836; x_wconf 90' lang='lat' dir='ltr'><strong>solum</strong></span> <span class='ocrx_word' id='word_1_651' title='bbox 2014 4776 2282 4845; x_wconf 89' lang='lat' dir='ltr'><strong>intendit,</strong></span> <span class='ocrx_word' id='word_1_652' title='bbox 2313 4777 2464 4851; x_wconf 88' lang='lat' dir='ltr'><strong>quod</strong></span> <span class='ocrx_word' id='word_1_653' title='bbox 2492 4778 2628 4836; x_wconf 91' lang='lat' dir='ltr'><strong>licet</strong></span> <span class='ocrx_word' id='word_1_654' title='bbox 2656 4778 2828 4836; x_wconf 90' lang='lat' dir='ltr'><strong>homo</strong></span> <span class='ocrx_word' id='word_1_655' title='bbox 2857 4784 2991 4856; x_wconf 81' lang='lat' dir='ltr'><strong>ante</strong></span> <span class='ocrx_word' id='word_1_656' title='bbox 3018 4794 3152 4852; x_wconf 86' lang='lat' dir='ltr'><strong>pec-</strong></span> 
     </span>
     <span class='ocr_line' id='line_1_110' title="bbox 1778 4858 3145 4933; baseline 0 -16"><span class='ocrx_word' id='word_1_657' title='bbox 1778 4865 1971 4917; x_wconf 89' lang='lat' dir='ltr'><strong>catum</strong></span> <span class='ocrx_word' id='word_1_658' title='bbox 2017 4858 2312 4916; x_wconf 87' lang='lat' dir='ltr'><strong>habuisset</strong></span> <span class='ocrx_word' id='word_1_659' title='bbox 2335 4859 2587 4933; x_wconf 90' lang='lat' dir='ltr'><strong>gratiam</strong></span> <span class='ocrx_word' id='word_1_660' title='bbox 2629 4860 2798 4918; x_wconf 89' lang='lat' dir='ltr'><strong>valde</strong></span> <span class='ocrx_word' id='word_1_661' title='bbox 2832 4859 3145 4928; x_wconf 88' lang='lat' dir='ltr'><strong>intensam,</strong></span> 
     </span>
     <span class='ocr_line' id='line_1_111' title="bbox 1777 4938 3148 5016; baseline -0.001 -19"><span class='ocrx_word' id='word_1_662' title='bbox 1777 4955 1853 4998; x_wconf 84' lang='lat' dir='ltr'><strong>ex</strong></span> <span class='ocrx_word' id='word_1_663' title='bbox 1890 4956 2003 5013; x_wconf 88' lang='lat' dir='ltr'><strong>quo</strong></span> <span class='ocrx_word' id='word_1_664' title='bbox 2035 4940 2229 5013; x_wconf 87' lang='lat' dir='ltr'><strong>colligi</strong></span> <span class='ocrx_word' id='word_1_665' title='bbox 2271 4938 2592 5009; x_wconf 86' lang='lat' dir='ltr'><strong>videbatur,</strong></span> <span class='ocrx_word' id='word_1_666' title='bbox 2623 4941 2775 5014; x_wconf 90' lang='lat' dir='ltr'><strong>quod</strong></span> <span class='ocrx_word' id='word_1_667' title='bbox 2823 4946 3148 5016; x_wconf 88' lang='lat' dir='ltr'><strong>resurgeret</strong></span> 
     </span>
    </p>
   </div>
   <div class='ocr_carea' id='block_1_9' title="bbox 1781 5019 3148 5098">
    <p class='ocr_par' dir='ltr' id='par_1_14' title="bbox 1781 5019 3148 5098">
     <span class='ocr_line' id='line_1_112' title="bbox 1781 5019 3148 5098; baseline -0.001 -17"><span class='ocrx_word' id='word_1_668' title='bbox 1781 5037 1885 5096; x_wconf 84' lang='lat' dir='ltr'><strong>per</strong></span> <span class='ocrx_word' id='word_1_669' title='bbox 1918 5019 2389 5097; x_wconf 79' lang='lat' dir='ltr'><strong>justificationem</strong></span> <span class='ocrx_word' id='word_1_670' title='bbox 2431 5021 2496 5079; x_wconf 92' lang='lat' dir='ltr'><strong>in</strong></span> <span class='ocrx_word' id='word_1_671' title='bbox 2533 5023 2741 5096; x_wconf 80' lang='lat' dir='ltr'><strong>aequali</strong></span> <span class='ocrx_word' id='word_1_672' title='bbox 2772 5022 2997 5098; x_wconf 87' lang='lat' dir='ltr'><strong>gratia;</strong></span> <span class='ocrx_word' id='word_1_673' title='bbox 3027 5039 3148 5081; x_wconf 92' lang='lat' dir='ltr'><strong>non</strong></span> 
     </span>
    </p>
   </div>
  </div>
 </body>
</html>
