3647 5753
1359 362 1535 419 DtSP.
1583 364 1700 430 vn,
1747 364 1912 419 DUB.
1957 365 2051 419 111.
3021 370 3088 423 71

888 540 920 606 g
963 537 1084 592 vn.

219 691 584 767 lz'oeplodieur
611 692 805 748 ultimo
819 693 1012 762 qratia
1034 691 1276 764 efficacia
1302 690 1600 765 dependens

669 789 705 826 a
732 773 960 828 scientia
987 769 1186 825 media.

119 955 158 997 ιιι
303 935 683 991 102.Κθὶίοῑίε
698 935 830 992 aliis
856 932 1450 1008 argumentis,quibus
1469 948 1599 1005 gra-

118 1006 184 1098 ξπ]
215 1017 368 1071 tiam
396 1015 688 1072 efficacem
728 1031 793 1071 ea
820 1017 942 1071 sola
986 1012 1300 1070 directione
1345 1013 1596 1091 scientiae

118 1116 152 1147 ε
217 1095 434 1152 mediae
453 1098 798 1169 impugnare
810 1101 1437 1167 possemus,etquorum
1457 1109 1597 1150 non-

116 1164 188 1245 eu·
217 1177 386 1234 nulla
406 1176 794 1251 expendimus
813 1178 1003 1241 tom.l,
1029 1176 1252 1240 tract.3,
1280 1175 1420 1247 disp.
1439 1177 1515 1241 10,
1533 1178 1589 1231 ll

213 1264 266 1313 et
304 1259 393 1322 12,
429 1257 711 1329 probatur
732 1255 978 1328 denique
999 1254 1235 1311 assertio
1271 1260 1465 1310 nostra
1481 1254 1596 1311 alio

218 1337 603 1403 motivo,non
630 1333 1144 1408 metaphysico,sed
1169 1335 1379 1391 morali
1388 1359 1402 1400 ;
1430 1333 1594 1391 nobis

216 1423 442 1484 tamen,
464 1424 524 1474 et
534 1416 751 1473 cunctis
762 1416 1020 1472 veritatis
1036 1413 1388 1470 amatoribus
1404 1413 1595 1471 admo-

215 1496 360 1552 dum
381 1496 625 1560 efficaci,
674 1493 821 1568 quod
849 1500 1029 1567 potest
1057 1495 1136 1550 ita
1157 1495 1422 1552 formari.
1461 1497 1594 1552 Ete-

216 1578 345 1634 nim
396 1576 709 1634 difficultas
734 1575 1082 1633 conciliandi
1107 1574 1432 1632 libertatem
1457 1591 1594 1631 nos-

213 1665 372 1717 tram
417 1674 556 1715 cum
597 1658 798 1714 divina
845 1657 1224 1730 praescientia,
1254 1662 1310 1713 et
1346 1657 1593 1715 efficacia

212 1741 446 1814 gratiae,
486 1755 631 1796 nova
678 1755 795 1797 non
819 1744 902 1795 est
930 1738 992 1793 in
1016 1738 1282 1803 Ecclesia,
1313 1738 1411 1795 sed
1435 1740 1555 1795 anti
1572 1772 1592 1781 -

216 1820 532 1892 quissima,
584 1826 642 1874 ut
689 1824 837 1888 recte
876 1818 1118 1874 asseruit
1164 1818 1413 1875 eximius
1459 1822 1591 1876 Doc-

115 1909 160 1952 ω
215 1907 307 1959 tor
349 1907 555 1959 noster
582 1902 915 1958 Waldensis
960 1907 1090 1956 tom.
1160 1902 1205 1965 l,
1260 1901 1590 1960 doctrinalis

114 1971 185 2051 ῑζξζ
220 1983 381 2039 Fidei
405 1986 671 2060 antique,
706 1984 798 2038 lib.
837 1984 880 2046 1,
904 1989 1014 2037 art.
1049 1984 1095 2045 l,
1120 1999 1240 2053 vap.
1271 1984 1362 2049 26,
1396 1983 1457 2039 in
1480 2001 1590 2056 qua

114 2065 559 2151 fige-difficultate
603 2063 924 2137 superando
978 2061 1313 2119 laborarunt
1359 2067 1425 2120 D.
1468 2070 1589 2122 Au-

137 2189 145 2195 .
176 2141 185 2150 '
215 2148 508 2223 gustinus,
540 2151 597 2201 et
627 2147 691 2201 D.
720 2146 985 2211 Thomas,
1013 2146 1076 2199 D.
1104 2146 1428 2213 Anselmus,
1455 2150 1589 2205 Sco-

217 2235 330 2293 tus,
361 2233 422 2285 et
475 2226 577 2282 alii
607 2225 934 2282 Scholastici
971 2224 1191 2297 antiqui
1222 2232 1353 2282 ante
1385 2228 1588 2284 Conci-

112 2309 163 2355 ”2
220 2309 367 2366 lium
390 2305 909 2364 Tridentinum.Et
927 2304 1201 2360 rursusin
1222 2305 1421 2362 eodem
1446 2310 1588 2365 Con·

112 2361 191 2443 {⁸29¹}
218 2390 354 2446 cilio
380 2387 711 2460 specialiter
763 2388 949 2442 actum
978 2390 1064 2442 est
1087 2384 1157 2441 de
1180 2385 1284 2442 hac
1323 2389 1581 2457 materia,

112 2454 187 2542 ξῖξζ
223 2477 285 2523 ut
321 2465 750 2541 objectionibus
802 2466 1264 2521 Lutheranorum
1319 2482 1586 2525 asseren-

220 2551 367 2606 tium
386 2548 642 2623 gratiam
684 2546 966 2603 efficacem
997 2544 1292 2603 destruere
1345 2547 1585 2607 liberta-

216 2636 354 2693 tem,
382 2628 715 2686 satisfieret.
743 2629 811 2683 Et
847 2627 1234 2683 nihilominus
1263 2630 1324 2684 D.
1360 2633 1585 2704 Augus-

217 2712 393 2776 tinus,
412 2716 474 2766 et
502 2712 570 2765 D.
593 2709 796 2764 Thom.
823 2712 879 2764 et
897 2707 998 2763 alii
1022 2709 1321 2775 AuthoreS,
1340 2710 1584 2781 quiante

214 2793 550 2850 Concilium
597 2790 1006 2848 Tridentinum
1059 2788 1399 2857 floruerunt,
1436 2792 1584 2851 hanc

211 2872 613 2931 difficultatem
652 2878 970 2929 tractarunt
1015 2870 1226 2945 absque
1257 2888 1486 2929 recursu
1513 2874 1581 2931 ad

213 2956 522 3013 scientiam
585 2952 837 3010 mediam
865 2977 878 3019 ;
932 2952 1244 3026 eodemque
1310 2955 1478 3011 modo
1523 2973 1582 3014 se

207 3044 517 3110 gesserunt
567 3038 785 3098 Patres,
816 3041 872 3091 et
916 3036 1190 3108 Theologi
1240 3036 1303 3092 in
1326 3038 1581 3096 Concilio

211 3117 602 3175 Tridentino:
648 3115 765 3171 imo
807 3120 930 3187 post
957 3116 1298 3180 Concilium,
1348 3123 1404 3173 et
1457 3124 1582 3191 post

211 3198 642 3271 apparitionem
674 3196 925 3258 Molinae,
955 3193 1154 3251 eodem
1186 3194 1354 3252 modo
1382 3213 1580 3268 proce-

209 3277 356 3335 dunt
399 3278 703 3353 graviores
754 3275 1024 3350 Theologi
1052 3319 1065 3332 .
1122 3276 1270 3350 Ergo
1334 3277 1579 3335 efficacia

209 3357 433 3415 divinae
483 3356 688 3431 gratiae
713 3361 796 3412 est
843 3355 1291 3429 independensa
1338 3358 1578 3415 scientia

214 3440 424 3504 media,
460 3455 564 3495 nec
590 3438 691 3493 tali
716 3437 1072 3509 praescientia
1094 3437 1327 3512 indiget,
1363 3445 1422 3494 ut
1449 3456 1578 3496 con-

209 3522 588 3578 cilieturcum
613 3517 1317 3591 libertate.Consequentia
1336 3527 1421 3576 est
1448 3537 1575 3578 rno-

216 3603 417 3659 raliter
461 3601 722 3666 evidens,
766 3601 902 3673 quia
949 3599 1289 3657 incredibile
1333 3603 1575 3660 omnino

211 3688 298 3740 aet
316 3684 384 3739 D.
439 3680 846 3755 Augustinum,
895 3682 961 3736 D.
991 3681 1294 3748 Thomam,
1322 3685 1568 3748 Scotum,

212 3777 414 3818 omnes
440 3760 786 3826 Thomistas,
817 3765 874 3815 et
913 3761 1197 3827 scotistas,
1236 3768 1575 3836 caeterosque

217 3843 480 3898 Doctores
531 3844 667 3896 ante
711 3839 993 3895 Molinam
1030 3840 1370 3899 allucinatos
1399 3843 1573 3899 fuisse

218 3921 278 3978 in
298 3922 543 3979 materia
570 3919 712 3977 adeo
757 3920 942 3994 gravi,
973 3926 1029 3977 et
1054 3924 1573 3980 concertationibus

210 4005 510 4076 exposita3
560 4002 712 4058 solos
753 4008 944 4068 autem
972 4003 1272 4069 Molinam,
1316 4010 1373 4060 et
1397 4006 1573 4063 Moli—

217 4083 412 4149 nistas‚
467 4082 569 4155 qui
595 4085 925 4138 senescente
963 4081 1084 4154 jam
1127 4082 1343 4140 mundo
1394 4101 1571 4158 appa-

219 4168 475 4228 ruerunt,
506 4161 772 4219 veritatis
797 4177 1029 4234 scopum
1082 4162 1353 4236 attigisse.
1386 4166 1571 4238 Major

217 4246 406 4300 autem
432 4240 633 4314 nequit
670 4240 741 4296 ab
791 4240 1154 4298 Adversariis
1183 4244 1403 4316 negari,
1435 4247 1570 4316 quia

214 4330 412 4380 cuncta
435 4339 561 4396 quae
606 4323 671 4378 in
696 4338 763 4379 ea
811 4328 1197 4387 recensentur,
1240 4324 1570 4382 acciderunt

216 4401 284 4459 de
303 4403 465 4466 facto.
485 4408 541 4459 et
556 4408 817 4460 constant
839 4408 956 4459 tam
978 4419 1050 4459 ex
1077 4404 1416 4461 authenticis
1446 4406 1570 4463 his-

216 4483 396 4551 toriis,
420 4499 593 4554 quam
634 4498 705 4539 ex
729 4475 1022 4539 communi
1052 4484 1356 4540 hominum
1391 4485 1563 4553 fama,

185 4570 271 4621 ‘et
307 4565 704 4637 acceptatione.
756 4566 950 4622 Minor
1001 4571 1212 4631 autem,
1260 4559 1452 4639 inqua
1485 4574 1570 4625 est

217 4643 531 4710 difficultas,
562 4644 703 4699 satis
727 4644 900 4716 liquet
919 4661 989 4702 ex
1016 4643 1180 4701 dictis
1199 4653 1333 4703 tom.
1369 4650 1414 4713 l,
1449 4648 1569 4706 loco

215 4724 399 4790 citato,
429 4728 486 4782 et
506 4724 572 4779 in
589 4723 696 4780 hoc
708 4725 971 4780 Tractatu
987 4725 1130 4797 disp.
1165 4727 1210 4791 l,
1223 4728 1563 4799 prooemiali,

216 4821 332 4874 cap.
361 4805 398 4858 5
420 4811 472 4858 et
496 4805 555 4868 6,
587 4819 659 4861 ex
684 4802 888 4875 quibus
932 4810 1149 4870 tamen,
1202 4821 1276 4862 ne
1316 4806 1570 4864 dehiscat

220 4882 507 4954 praesentis
560 4883 884 4954 argumenti
925 4881 1230 4949 discursus,
1263 4884 1430 4941 illam
1478 4885 1569 4942 hic

219 4960 465 5018 breviter
510 4960 894 5020 ostendemus.
942 4963 1049 5020 Sed
1097 4964 1235 5037 quia
1269 4965 1567 5037 prolixum

1730 540 1876 592 esset
1923 552 2217 594 recensere
2257 537 2522 594 omnium
2574 540 2875 597 Doctorum
2917 538 3088 604 dicta,

1732 614 1942 673 idcirco
1963 617 2079 674 alia
2102 618 2197 675 via
2221 618 2519 676 ostendere
2544 624 2764 691 oportet
2794 619 3089 676 veritatem

1730 699 1890 754 illius
1929 699 2197 767 minoris,
2257 700 2522 758 videlicet
2568 701 3087 758 universalioribus

1729 779 2070 853 quibusdam
2098 782 2350 849 motivis,
2381 789 2436 839 et
2460 790 2778 856 spontanea
2800 782 3074 841 Adversa·

1732 860 1953 917 riorum
1983 861 2355 928 confessione,
2388 879 2448 919 ac
2469 864 2736 937 gravium
2762 864 3085 919 Authorum

1730 942 2099 999 testimoniis.

1810 1017 1931 1071 103.
1976 1019 2124 1091 Ergo
2143 1017 2290 1090 quod
2317 1021 2382 1074 D.
2414 1018 2768 1091 Augustinus
2800 1017 2870 1074 ad
2893 1018 3085 1075 conci·
3121 1030 3283 1081 naug.

1729 1094 1986 1151 liandam
2032 1094 2339 1152 efficaciam
2386 1097 2585 1171 gratiae
2628 1113 2744 1153 non
2774 1098 3087 1154 recurrerit
3138 1089 3252 1172 ῗῑῖζξὲ

1728 1172 1799 1229 ad
1818 1174 2119 1230 scientiam
2148 1175 2419 1242 mediam,
2446 1176 2720 1231 evincunt
2746 1176 2961 1231 invicta
2985 1192 3087 1232 ar·-
3142 1187 3257 1267 {²³⁰⁰}

1725 1260 2016 1328 gumenta.
2046 1255 2309 1311 Primum
2339 1261 2423 1312 est
2456 1261 2773 1328 spontanea
2800 1256 3086 1313 confessio
3100 1232 3288 1320 sfnffi‘iiff

1727 1336 1959 1393 Molinae
1998 1341 2331 1393 caeterorum
2361 1338 2646 1395 sociorum
2697 1337 2758 1392 in
2797 1337 2901 1393 hac
2925 1344 3086 1409 parte
3101 1326 3286 1426 niessgffl

1727 1416 2091 1489 antesignani
2127 1441 2140 1484 ;
2170 1434 2306 1473 nam
2336 1417 2399 1473 in
2421 1416 2719 1474 concordia
2743 1417 3087 1490 Ulyssipone
3100 1425 3283 1468 ostenui-

1725 1494 1880 1552 edita
1909 1513 2065 1553 anno
2099 1498 2255 1562 1588,
2284 1499 2384 1570 fol.
2415 1499 2545 1562 489,
2575 1498 2893 1572 loquensde
2915 1498 3083 1570 prin-
3100 1480 3297 1574 prifflgex

1724 1578 1891 1650 cipiis
1918 1596 1949 1635 a
1974 1578 2303 1635 seinventis
2330 1578 2398 1635 ad
2427 1580 2810 1652 superandam
2842 1595 3086 1652 praesen·
3116 1572 3280 1630 copres-

1724 1662 1841 1713 tem
1887 1657 2300 1725 difficultatem,
2355 1657 2544 1731 inquit
2572 1680 2584 1715 :
2641 1659 2770 1731 Quas
2824 1661 2879 1714 si
2925 1660 3078 1724 data,
3103 1631 3290 1730 Μῗιῗὲἓ,

1723 1740 2129 1818 explanataque
2178 1757 2385 1813 semper
2409 1742 2661 1813 finissent,
2692 1743 2832 1814 forte
2857 1759 2929 1796 ea:
2956 1740 3083 1798 Au—
3098 1725 3281 1813 “fimf'‘

1719 1823 1931 1890 ¹qustini
1971 1824 2223 1894 opinione
2247 1864 2260 1887 ,
2304 1824 2896 1901 concertationibusque
2960 1841 3083 1879 cum

1725 1900 2044 1972 Pelayianis
2070 1910 2147 1958 tot
2185 1903 2397 1960 Fideles
2421 1921 2530 1958 non
2575 1905 2808 1976 fuissent
2849 1905 3077 1969 turbati,

1722 1982 1798 2035 ad
1821 1981 2252 2059 Pelaqianosque
2270 1983 2604 2054 defecissent.
2632 1985 2698 2038 Et
2719 1984 2813 2055 sol.
2834 1985 2963 2049 491,
2990 1984 3085 2041 ad·

1722 2061 1807 2118 dit
1834 2085 1847 2118 ε
1889 2063 2076 2142 Neque
2102 2082 2226 2120 vero
2263 2064 2470 2127 dubito,
2502 2066 2639 2141 quin
2657 2065 2726 2118 ab
2746 2064 3078 2135 AuyustinO,

1720 2152 1770 2199 et
1797 2148 1998 2200 caeteris
2023 2144 2283 2201 Patribus
2311 2145 2568 2199 unanimi
2594 2163 2851 2200 consensu
2877 2163 3084 2218 appro-

1719 2224 1852 2279 bata
1902 2227 2095 2298 fuisset
2130 2225 2236 2279 litae
2279 2232 2466 2279 nostra
2511 2225 2576 2280 de
2613 2225 3083 2297 predestinatione

1719 2308 2005 2371 sententia,
2062 2307 2311 2382 ratioque
2378 2306 2710 2361 conciliandi
2777 2305 3077 2363 libertatem

1719 2387 1945 2441 arbitrii
1976 2404 2099 2441 cum
2142 2386 2337 2441 divina
2379 2388 2585 2455 qratia,
2625 2388 2987 2458 praescientia,
3031 2396 3080 2443 et

1715 2466 2200 2540 praedestinatione,
2230 2468 2281 2521 si
2303 2468 2381 2520 eis
2423 2468 2700 2537 proposita
2747 2466 2959 2537 fuisset.
3013 2470 3081 2522 Et

1717 2549 1781 2604 in
1806 2547 1922 2604 fine
1948 2546 2156 2619 disput.
2187 2546 2473 2603 concludit
2506 2567 2518 2602 :
2559 2545 2686 2602 Hac
2718 2556 2906 2604 nostra
2934 2552 3079 2605 ratio

1716 2628 2051 2683 conciliandi
2079 2626 2379 2683 libertatem
2405 2644 2528 2681 cum
2567 2626 2763 2681 divina
2800 2628 3078 2700 pradesti-

1716 2710 1954 2773 natione,
1998 2726 2032 2763 a
2056 2708 2283 2767 nemine.
2309 2724 2466 2783 quem
2502 2706 2755 2773 viderim,
2804 2710 3077 2787 hucusque

1716 2789 1928 2843 tradita
1942 2795 2045 2844 est.

1788 2867 2111 2927 Secundum
2145 2872 2247 2936 est,
2273 2868 2421 2942 quod
2464 2868 2779 2944 pelagiani,
2812 2876 2868 2927 et
2887 2872 3075 2928 Semi-
3099 2891 3160 2946 nx
3175 2900 3273 2942 que-

1715 2953 2002 3026 pelagiani
2025 2952 2402 3010 causabantur
2429 2953 2676 3026 gratiam
2704 2953 2981 3010 efficacem
3004 2954 3074 3011 ab
3090 2941 3283 3042 {Jffifflf

1714 3034 2033 3107 Augustino
2080 3039 2359 3089 assertam
2401 3032 2695 3089 destruere
2724 3033 3067 3100 libertatem,
3106 3047 3266 3097 nomm.

1713 3120 1775 3170 ut
1800 3121 2019 3172 constat
2042 3120 2162 3170 tum
2183 3131 2255 3171 ex
2278 3118 2482 3171 Fausto
2502 3088 3270 3188 semipelagianolib.1⁸a‘}'i¹2¹1⁸ss‡

1711 3198 1774 3252 de
1801 3197 1964 3253 libero
2008 3196 2259 3262 arbitria,
2290 3215 2414 3269 cap.
2442 3198 2497 3264 4,
2537 3196 2636 3252 ubi
2684 3199 3069 3271 Augustinum
3087 3196 3275 3279 5533&-

1714 3278 2079 3352 impugnanS,
2102 3277 2288 3348 inquit
2321 3299 2334 3333 ε
2365 3276 2482 3334 Sub
2495 3278 2722 3350 pietatis
2741 3278 2919 3349 fronte
2935 3297 3071 3350 yen-

1710 3358 1933 3413 tilitatis
1971 3357 2201 3421 malum,
2252 3363 2301 3411 et
2343 3358 2484 3410 inter
2512 3358 2704 3425 9ratiae
2747 3358 3069 3415 vocabulum

1709 3439 2084 3495 absconditum
2104 3441 2207 3493 erit
2235 3437 2411 3513 fatale
2432 3438 2721 3494 decretum.
2750 3441 2818 3492 Et
2848 3456 3067 3495 rursus:

1711 3518 1860 3590 Ouid
1901 3523 2046 3576 enim
2088 3521 2238 3575 ultra
2292 3524 2480 3590 speret,
2536 3535 2693 3595 quem
2723 3520 2848 3589 jam
2879 3523 3067 3589 qratia

1706 3617 1870 3656 suum
1890 3602 2027 3671 faeit
2050 3601 2080 3654 ?
2102 3599 2174 3656 In
2200 3616 2305 3673 quo
2330 3616 2357 3652 e
2379 3599 2655 3652 contrario
2682 3615 2790 3653 non
2812 3599 3068 3670 desperet,

1707 3698 1864 3757 quem
1878 3681 2235 3752 praedefinitio
2261 3679 2496 3733 violenta
2517 3678 2853 3732 damnavit?
2873 3680 2941 3733 Et
2963 3679 3073 3736 ite-

1710 3777 1840 3816 rum
1875 3782 1888 3816 ε
1921 3760 2071 3833 Quid
2084 3778 2242 3815 orare
2266 3761 2479 3813 homini
2505 3758 2744 3831 proderit
2766 3760 2824 3813 in
2847 3777 2961 3815 una
2976 3761 3073 3816 ha·

1705 3859 1830 3896 rum
1853 3842 2156 3896 conditione
2182 3838 2514 3894 omnimodis
2539 3838 2830 3893 constituto
2857 3840 2888 3893 Ρ
2914 3841 3070 3898 Nam

1704 3923 1806 3976 etsi
1841 3922 2101 3998 adquam
2122 3926 2339 3991 partem
2369 3918 2537 3989 suerit
2576 3918 2886 3990 deputatus,
2912 3922 3069 3991 ἑρπο-

1704 4009 1795 4056 rat
1815 4019 1836 4067 ,·
1876 4008 2166 4077 utramque
2225 4006 2408 4054 tamen
2441 4005 2656 4071 partem
2700 3998 2940 4069 defixam
2962 4045 2975 4068 ‚
3019 4011 3067 4057 et

1704 4082 2103 4138 immutabilem
2156 4098 2266 4135 non
2296 4082 2531 4150 iynorat.
2562 4081 2709 4134 Tum
2749 4094 2822 4135 ex
2847 4081 3067 4139 Sanctis

1705 4163 2004 4235 Prospero,
2035 4167 2092 4218 et
2132 4159 2374 4224 Hilario,
2407 4159 2505 4232 qui
2544 4158 2665 4214 suis
2703 4158 2959 4230 epistolis
2997 4160 3067 4219 de
3083 4164 3283 4216 D-Prosv·

1705 4243 1808 4300 hoc
1845 4240 2442 4315 semipelagianorum
2469 4238 2737 4296 scandalo
2764 4241 2819 4295 S.
2866 4242 3066 4299 Docto-

1705 4339 1828 4380 rem
1844 4327 2213 4379 monuerunt.
2228 4322 2468 4394 Prosper
2494 4320 2665 4377 refert
2677 4320 3068 4379 Massilienses

1703 4405 2070 4461 inclamasse:
2144 4401 2263 4458 Hoc
2308 4404 2650 4475 propositum
2690 4403 2995 4458 vocationis
3017 4413 3065 4459 et

1703 4485 1875 4557 lapsis
1920 4501 2114 4538 curam
2152 4482 2472 4551 resuryendi
2491 4481 2748 4547 adimere,
2772 4489 2822 4536 et
2843 4481 3069 4540 Sanctis

1701 4568 2036 4621 occasionem
2082 4566 2283 4637 teporis
2328 4564 2543 4634 afferre,
2570 4580 2627 4618 eo
2663 4564 2804 4640 quod
2838 4573 3069 4644 utraque

1697 4653 1856 4719 parte
1882 4644 2195 4718 superfluus
2218 4643 2370 4699 labor
2390 4645 2481 4698 sit.
2500 4640 2730 4718 Quoquo
2746 4646 2893 4699 enim
2912 4645 3070 4700 modo

1699 4743 1753 4781 se
1793 4726 2016 4795 σθεν-ἰπὶ,
2068 4740 2176 4777 non
2206 4738 2363 4795 posse
2411 4721 2572 4776 aliud
2593 4737 2721 4792 erqa
2767 4740 2872 4788 eost,
2903 4742 3069 4801 quam

1773 4806 1844 4860 od
1882 4803 2029 4861 Deus
2067 4803 2333 4874 definivit,
2365 4800 2627 4856 accidere.
2654 4802 2913 4858 Hilarius
2941 4804 3022 4860 ait
3054 4827 3065 4861 :

1697 4824 1807 4944 Ξῗίε
1833 4885 2167 4944 Sanctitatis
2206 4889 2309 4937 tua
2336 4881 2512 4937 verbis
2538 4884 2618 4938 ita
2664 4890 2968 4952 moventur,
3002 4894 3061 4940 ut

1696 4966 1886 5024 dicant
1926 4964 2207 5042 quandam
2274 4963 2698 5037 desperationem
2751 4965 3062 5024 hominibus
