3647 5753
550 409 661 464 554

554 577 748 635 fidem.
806 580 988 641 Quam
1070 578 1487 650 expositionem
1553 577 1915 651 prosequitur

556 661 621 714 D.
653 661 887 732 August.
928 659 1039 714 loco
1066 662 1155 714 cit.
1198 660 1263 715 de
1299 661 1522 732 spiritu,
1556 675 1676 731 cap.
1720 659 1813 723 29,
1861 661 1916 713 et

555 739 649 793 lib.
681 738 744 793 de
779 741 988 807 yratia,
1036 747 1087 795 et
1113 740 1276 795 libero
1310 740 1560 805 arbitria,
1610 756 1731 811 cap.
1764 739 1818 804 8,
1860 742 1916 794 et

556 818 697 875 alibi
751 835 901 891 saepe
941 836 1114 894 agens
1141 825 1338 877 contra
1361 819 1716 894 Pelagianos,

629 899 1071 957 Tertiodicendo
1094 902 1302 957 relatas
1324 901 1699 957 authoritates
1718 898 1917 956 exclu-

556 979 691 1037 dere
720 981 1109 1038 uecessitatem
1125 997 1383 1054 operum,
1414 998 1537 1055 quae
1559 983 1650 1037 lex
1670 982 1918 1036 Mosalca

560 1061 994 1133 praescribebat;
1049 1078 1184 1117 nam
1235 1062 1467 1128 abolita,
1517 1066 1574 1117 et
1624 1061 1919 1132 antiquata

557 1147 692 1196 sunt
715 1158 814 1213 per
853 1141 1033 1215 legem
1065 1157 1292 1208 novam,
1318 1158 1441 1215 quas
1484 1145 1567 1197 est
1608 1141 1699 1197 lex
1743 1139 1914 1196 fidei:

552 1223 654 1280 sed
702 1224 946 1280 minime
980 1223 1358 1280 excluduntur
1410 1223 1675 1287 charitaS,
1726 1236 1918 1277 sacra-

561 1310 775 1370 menta,
802 1310 857 1359 et
877 1310 1098 1371 caetera,
1123 1322 1250 1377 quae
1278 1304 1399 1376 ipsa
1422 1305 1541 1377 lege
1557 1302 1689 1360 fidei
1714 1301 1919 1375 praeci-

562 1386 821 1457 piantur.
844 1389 980 1450 Quae
1006 1386 1282 1459 expositio
1329 1385 1637 1441 familiaris
1669 1389 1756 1439 est
1794 1389 1917 1438 tum

349 1479 406 1521 n.
423 1478 528 1531 Aug.
562 1467 696 1523 aliis
713 1467 978 1523 Patribus
994 1473 1114 1522 tum
1131 1468 1452 1540 specialiter
1466 1468 1677 1540 D.Aug.
1694 1465 1790 1538 qui
1816 1465 1918 1521 illa

562 1549 849 1606 utiturlib.
882 1552 973 1605 cit.
1008 1551 1070 1603 de
1083 1551 1304 1622 spiritu,
1337 1551 1600 1624 cap.l3et
1617 1565 1723 1625 seq.
1749 1555 1799 1602 et
1820 1547 1914 1603 lib.

556 1634 619 1688 de
634 1630 1183 1705 praedest.SS.cap.7,
1208 1637 1265 1688 et
1280 1631 1417 1688 alibi
1435 1648 1597 1705 saepe.
1610 1631 1800 1686 Ethaec
1821 1630 1921 1686 in-

556 1714 887 1787 terpretatio
904 1716 1182 1787 praecipue
1204 1713 1524 1770 adhibenda
1545 1713 1914 1778 estD.Paulo,

557 1812 697 1853 nam
724 1796 845 1869 ejus
886 1795 1129 1861 intentio
1156 1810 1222 1851 eo
1254 1795 1529 1863 collimat,
1558 1801 1620 1850 ut
1658 1793 1921 1851 ostendat

558 1877 824 1934 homines
851 1892 968 1932 non
981 1874 1286 1950 justificari
1310 1891 1411 1947 per
1447 1891 1622 1948 opera
1651 1875 1791 1950 legis
1817 1889 1920 1931 ve-

557 1957 698 2015 teris
723 1959 916 2028 (quam
944 1956 1124 2028 aliqui
1169 1972 1239 2013 ex
1280 1957 1693 2013 circuncisione
1738 1954 1920 2013 vocati

558 2056 624 2097 eo
675 2043 932 2110 tempore
987 2037 1171 2094 adhuc
1212 2037 1615 2111 praedicabant)
1665 2036 1762 2094 sed
1821 2053 1922 2110 per

557 2121 743 2194 legem
773 2117 930 2175 fidei.
979 2122 1113 2183 Quae
1142 2124 1334 2175 tamen
1381 2120 1474 2175 lex
1496 2134 1612 2175 non
1663 2117 1923 2192 praecipit

558 2200 808 2272 praecise,
846 2205 905 2254 ut
931 2198 1250 2265 credamuS,
1281 2196 1379 2255 sed
1418 2199 1593 2256 etiam
1616 2205 1680 2254 ut
1708 2198 1923 2273 diliga-

342 2312 409 2358 Ad
429 2312 525 2357 00¹,
558 2298 706 2350 mus,
742 2285 803 2336 ut
848 2280 1035 2352 inquit
1071 2281 1194 2353 ipse
1236 2283 1428 2353 Apost.
1463 2281 1508 2345 l,
1540 2278 1612 2336 ad
1658 2280 1918 2337 Corinth.

567 2365 631 2419 15
662 2361 768 2419 :Si
805 2362 1040 2418 habuero
1079 2362 1479 2434 mnnemfidem,
1509 2363 1591 2416 ita
1618 2368 1680 2416 ut
1720 2368 1924 2416 montes

558 2444 917 2516 transferam,
962 2443 1288 2498 charitatem
1327 2449 1511 2496 autem
1530 2459 1640 2497 non
1659 2440 1917 2510 habuere,

558 2525 703 2580 nihil
722 2541 845 2579 sum
871 2521 1007 2580 :sed
1028 2524 1205 2581 etiam
1229 2528 1289 2580 ut
1307 2523 1655 2580 detestemur
1676 2527 1918 2596 peccata,

342 2625 399 2665 D.
423 2624 525 2667 Luc.
554 2606 720 2680 juxta
765 2605 871 2661 illa
917 2604 1066 2660 illud
1095 2607 1255 2662 Lucae
1277 2607 1314 2661 7
1341 2604 1510 2661 :Nisi
1542 2606 1925 2677 poenitentiam

556 2688 791 2758 eyeriliS,
817 2702 999 2740 omnes
1018 2686 1447 2760 simulperibitis
1475 2704 1491 2739 :
1516 2684 1612 2742 sed
1640 2686 1815 2742 etiam
1861 2690 1925 2741 ut

557 2784 658 2841 per
701 2767 849 2823 bona
893 2782 1071 2840 opera
1118 2767 1494 2842 invigilemus
1541 2769 1733 2835 saluti,
1760 2769 1925 2842 juxta

336 2848 705 2915 n.1›etr.i11ud
765 2853 782 2906 l
821 2852 887 2905 D.
913 2850 1068 2907 Petri
1123 2851 1142 2906 1
1182 2872 1195 2908 ε
1234 2851 1483 2922 Satayite
1527 2858 1589 2906 ut
1633 2869 1735 2925 per
1783 2851 1924 2909 bona

555 2949 718 3004 opera
740 2938 944 2986 certam
979 2937 1217 2986 vestram
1262 2934 1615 2998 vocationem,
1640 2939 1689 2988 et
1709 2933 1925 2989 electio-

555 3032 679 3069 nem
704 3014 952 3086 faciatis.
971 3014 1039 3068 Et
1062 3012 1178 3069 haec
1204 3013 1269 3068 in
1295 3016 1591 3070 communi
1613 3012 1918 3082 sufficiunt,

556 3110 659 3151 nec
685 3110 825 3167 opus
851 3099 936 3150 est
963 3093 1033 3150 ad
1074 3094 1302 3169 singula
1328 3095 1656 3153 testimonia
1682 3112 1923 3168 respon-

554 3174 691 3232 dere
717 3192 729 3238 ;
758 3175 1076 3248 praesertim
1105 3175 1332 3232 cumin
1368 3176 1531 3233 nullo
1559 3175 1918 3245 adhibeatur,

555 3253 691 3312 fidei
740 3257 1020 3330 particula
1063 3256 1200 3323 sola,
1229 3255 1360 3315 licet
1407 3258 1720 3316 Lutherani
1751 3258 1815 3315 in
1855 3274 1923 3317 eo

555 3339 826 3397 thesauro
847 3337 1188 3397 defodiendo
1216 3337 1634 3397 insudaverint.

1045 3551 1329 3606 DUBIUM
1353 3552 1420 3606 11.

563 3719 759 3776 Utrum
787 3719 993 3790 impius
1018 3718 1244 3774 adultus
1265 3719 1436 3790 possit
1462 3719 1526 3774 de
1544 3722 1790 3792 potentia
1818 3720 1923 3776 ab-

626 3801 1123 3936 ἒῖῑειιιιιίιιιᾶιὲειῆὶοανί
1143 3801 1343 3876 absque
1356 3801 1549 3879 aliqua
1569 3802 1922 3876 dispositione

630 4040 894 4113 Expediti
923 4040 995 4097 ab
1036 4040 1438 4098 haereticorum
1461 4041 1760 4106 molestiis,
1792 4059 1923 4100 con-

552 4123 899 4180 troversiam
949 4121 1317 4196 aggredimur
1378 4139 1509 4179 cum
1573 4123 1918 4193 Catholicis;

554 4201 708 4260 haud
755 4209 949 4259 tamen
991 4202 1253 4270 arduam,
1299 4203 1397 4260 sed
1440 4219 1614 4276 quam
1667 4203 1924 4263 breviter

553 4283 934 4341 absolvemus.
956 4284 1227 4341 Consulto
1254 4288 1445 4341 autem
1469 4284 1532 4340 in
1558 4284 1727 4342 titulo
1754 4283 1923 4342 addi-

552 4364 747 4420 dimus
776 4364 1121 4438 particulam
1148 4363 1376 4420 adultus
1396 4382 1417 4432 ,·
1438 4380 1574 4421 nam
1613 4364 1762 4437 quod
1786 4383 1923 4440 par—

555 4443 678 4500 vuli
708 4445 925 4516 possint
959 4442 1279 4518 justificari,
1312 4443 1431 4500 imo
1463 4442 1534 4500 de
1571 4443 1715 4502 facto
1760 4445 1924 4519 justi-

563 4522 806 4581 ficentur
833 4543 934 4599 per
978 4526 1226 4601 gratiam
1275 4524 1679 4598 baptismalem
1712 4527 1923 4602 absque

563 4606 771 4662 actuali
835 4623 1037 4664 eorum
1110 4606 1498 4679 dispositione,
1548 4607 1758 4664 certius
1816 4616 1918 4678 est,

563 4703 734 4760 quam
759 4688 935 4761 possit
954 4688 1018 4745 in
1039 4685 1280 4744 dubium
1308 4703 1341 4744 a
1375 4687 1679 4745 Catholicis
1704 4690 1918 4748 vocari.

562 4768 809 4825 Nomine
842 4784 980 4827 vero
1005 4767 1397 4841 dispositionis
1443 4769 1679 4826 actualis
1717 4785 1923 4842 opera-

561 4851 779 4908 tionem
827 4849 1209 4925 intelligimus
1236 4849 1306 4907 ab
1332 4849 1526 4907 adulto
1570 4850 1842 4920 elicitam,
1867 4857 1926 4911 et

560 4950 689 4990 eam
719 4933 1018 5006 praecipue,
1047 4949 1160 5005 qua
1198 4931 1507 4992 detestatur
1531 4940 1842 5007 peccatum,
1867 4941 1926 4993 et

561 5013 914 5071 convertitur
940 5014 1003 5071 in
1025 5016 1226 5072 Deum.

1219 408 1310 462 DE
1353 404 1959 462 DISPOSITIONIBUS
1996 402 2093 457 AD
2130 400 2791 456 JUSTIFICATIONEM.

2681 572 2777 641 §1

2245 718 2544 793 Praesertur
2562 718 2908 792 affirmativa
2933 720 3219 775 sententia.

2124 879 2215 936 34.
2262 876 2574 935 Dicendum
2619 883 2722 943 est,
2754 876 2882 934 fieri
2925 893 3084 950 posse
3112 894 3213 951 per
3253 877 3559 980 abso-093*
3643 929 3644 956 ,

2049 961 2231 1017 lutam
2262 960 2360 1018 Dei
2388 960 2721 1032 potentiam,
2751 958 2901 1031 quod
2941 958 3155 1031 impius
3182 958 3413 1017 adultus

2042 1038 2382 1115 justificetur
2394 1038 2603 1113 absque
2618 1038 2779 1095 omni
2793 1039 2998 1095 actuali
3014 1038 3407 1112 dispositione.

2052 1124 2134 1177 Ita
2173 1122 2235 1176 D.
2291 1121 2495 1176 Thom.
2547 1126 2728 1197 quast.
2754 1121 2847 1185 28,
2908 1119 2973 1175 de
3035 1118 3199 1185 Ver-it,
3233 1129 3347 1177 art.
3375 1116 3564 1177 3⁰³1*-

2050 1204 2125 1258 ad
2168 1204 2223 1269 3,
2295 1209 2344 1256 et
2393 1202 2469 1257 ad
2523 1204 2604 1267 13,
2656 1206 2712 1258 et
2758 1199 2961 1258 docent
3023 1204 3413 1261 communiter

2052 1285 2382 1342 Thomistae.
2407 1284 2582 1357 CaJ’et.
2612 1286 2673 1339 in
2707 1300 2863 1356 prees.
2889 1291 2938 1338 et
2983 1293 3165 1359 qums-t.
3183 1288 3407 1359 praeoed.
3425 1294 3580 1391 Q

2051 1373 2159 1423 art.
2193 1369 2230 1421 2
2264 1371 2322 1422 et
2345 1366 2399 1432 3,
2440 1372 2591 1439 part.
2638 1372 2823 1443 quaest.
2850 1367 2942 1431 86,
2968 1373 3079 1423 art.
3121 1368 3175 1432 2,
3206 1368 3414 1425 Marti-
3584 1376 3592 1387 ‘

2053 1463 2161 1503 nus
2186 1446 2255 1504 de
2277 1446 2567 1513 Ledesma,
2600 1448 2654 1512 2,
2689 1453 2840 1519 part.
2885 1455 3065 1521 quast.
3096 1448 3187 1516 27,
3212 1456 3324 1504 art.
3353 1453 3408 1515 2.

2050 1530 2248 1585 Zumel
2274 1531 2334 1583 in
2350 1545 2505 1601 proes.
2546 1527 2690 1600 disp.
2729 1529 2775 1593 l,
2806 1535 2856 1582 et
2884 1529 2937 1595 2,
2962 1530 3196 1586 Arauxo
3220 1538 3329 1588 art.
3353 1531 3408 1597 3,
3443 1528 3586 1572 annet.

2051 1609 2178 1666 dab.
2215 1611 2395 1675 unico,
2446 1608 2614 1664 c'oncl.
2657 1609 2712 1674 2,
2764 1609 2930 1681 Greg.
2985 1609 3153 1666 Mart.
3196 1610 3325 1667 dab.
3364 1580 3590 1679 Lssssssl

2052 1692 2214 1746 Joan.
2242 1706 2275 1746 a
2299 1691 2357 1745 S.
2405 1690 2607 1746 Thom.
2641 1689 2752 1745 loco
2791 1691 2883 1745 vit.
2909 1707 2982 1745 ex
3010 1690 3046 1745 3
3090 1699 3239 1763 part.
3269 1692 3410 1766 disp.
3438 1676 3595 1769 {¹33¹}

2054 1773 2145 1841 35,
2175 1770 2271 1827 ubi
2313 1772 2489 1828 etiam
2524 1775 2706 1828 Gonet
2754 1772 2895 1845 disp.
2928 1773 2983 1838 3,
3014 1779 3125 1829 art.
3156 1775 3210 1841 2,
3242 1775 3605 1832 muchs-'rhoffi

2054 1854 2108 1917 3,
2134 1859 2190 1910 et
2210 1853 2313 1909 alii
2334 1854 2737 1918 communiter,
2773 1853 2963 1926 paucis
2994 1856 3241 1927 exceptis
3261 1855 3416 1912 infra
3453 1827 3597 1870 σθω

2055 1933 2389 1991 referendis.
2466 1933 2619 1991 Idem
2686 1934 2861 1991 etiam
2931 1939 3166 1992 tuentur
3217 1952 3418 1993 omnes

2053 2015 2326 2090 Theologi
2378 2021 2540 2072 extra
2578 2015 2841 2073 Scholam
2881 2016 2946 2072 D.
2999 2015 3251 2084 Thomae,
3275 2034 3417 2090 quos

2056 2096 2300 2171 proinde
2318 2096 2640 2169 superfluus
2665 2097 2740 2152 sit
2763 2096 2998 2154 referre.

2130 2178 2413 2236 Probatur
2437 2178 2691 2241 ratione;
2715 2177 2988 2249 quoniam
3011 2179 3418 2250 peccatum-ha·
3457 2179 3576 2272 affl>

2056 2259 2270 2316 bituale
2293 2258 2550 2316 consistit
2572 2259 2633 2314 in
2657 2258 2980 2332 privatione
2998 2258 3193 2332 gratiae
3207 2260 3419 2317 sancti·
3449 2276 3591 2322 dame

2055 2342 2308 2401 ficantis:
2331 2358 2467 2416 ergo
2486 2342 2666 2415 posita
2687 2340 2951 2415 praedicta
2973 2343 3421 2415 gratia,tollitur
3471 2328 3573 2372 ¹²¹¹*

2057 2430 2343 2498 peccatum
2360 2423 2679 2481 habitua’le:
2702 2422 2800 2480 sed
2816 2439 2931 2480 non
2949 2430 3242 2501 repugnat,
3263 2425 3422 2499 quod

2057 2508 2205 2563 Deus
2244 2505 2629 2563 communicet
2671 2505 2921 2579 gratiam
2965 2503 3421 2565 sanctificantem

2058 2587 2252 2645 adulto
2272 2585 2611 2660 impio,licet
2639 2585 2732 2640 hic
2753 2585 2983 2641 nullum
2999 2589 3186 2642 actum
3209 2587 3418 2655 eliciat,

2055 2684 2168 2742 quo
2206 2684 2267 2724 se
2293 2666 2361 2724 ad
2384 2668 2506 2741 ejus
2534 2665 2917 2738 receptionem
2946 2664 3218 2739 disponat
3245 2689 3257 2723 ε
3286 2683 3422 2743 ergo

2059 2763 2177 2806 non
2221 2751 2520 2823 repugnat,
2549 2746 2794 2818 impium
2843 2743 3105 2802 adultum
3146 2747 3418 2805 mundari

2057 2845 2092 2886 a
2133 2833 2355 2902 peccato
2406 2826 2709 2894 habituali,
2760 2831 2817 2884 et
2858 2825 3161 2903 justificari
3213 2827 3422 2903 absque

2057 2912 2218 2970 omni
2267 2916 2392 2968 actu
2419 2928 2452 2968 a
2503 2927 2562 2968 se
2612 2910 2819 2968 elicito.
2875 2911 3089 2966 Caetera
3135 2916 3413 2968 constant.

2058 2997 2128 3050 Et
2153 2993 2351 3050 minor
2376 2990 2710 3064 subsumpta
2730 2989 3055 3048 ostenditur
3088 2992 3258 3065 3quia
3282 3009 3421 3068 gra-

2055 3077 2139 3132 tia
2152 3073 2515 3132 sanctificans
2535 3071 3014 3131 communicanda
3036 3074 3421 3148 adultoimpio

2059 3157 2254 3230 nequit
2298 3154 2620 3229 dependere
2640 3153 2711 3211 ab
2756 3155 2878 3227 ejus
2923 3156 3272 3228 operatione,
3304 3156 3421 3212 nisi

2057 3237 2128 3294 ad
2177 3253 2474 3294 summum
2530 3236 2591 3291 in
2636 3249 2846 3309 genere
2879 3250 3064 3292 causas
3101 3235 3424 3292 materialis

2054 3318 2404 3391 dispositivae
2434 3340 2448 3383 3
2501 3317 2562 3372 in
2590 3330 2799 3392 genere
2823 3316 3038 3388 quippe
3085 3332 3266 3372 causae
3290 3331 3420 3372 ma-

2055 3400 2279 3456 terialis
2317 3397 2616 3470 receptivae
2654 3394 2990 3469 dependeta
3026 3397 3150 3454 solo
3172 3396 3422 3471 subjecto

2054 3479 2366 3537 secundum
2438 3476 2751 3551 potentiam
2820 3474 3261 3534 obedientialem
3291 3500 3307 3544 3
3361 3481 3423 3534 et

2054 3561 2120 3617 in
2140 3574 2349 3636 genere
2368 3573 2552 3614 causae
2571 3556 2889 3622 efficientis,
2916 3561 2973 3613 et
2991 3555 3191 3612 finalis
3215 3557 3423 3630 depen-

2054 3639 2150 3697 det
2176 3657 2209 3697 a
2227 3641 2350 3697 solo
2368 3641 2501 3705 Deo,
2533 3652 2637 3694 nec
2662 3635 2833 3693 habet
2856 3652 3084 3693 causam
3112 3636 3421 3694 formalem

2054 3720 2385 3778 distinctam
2427 3735 2460 3775 a
2497 3718 2725 3789 seipsa:
2755 3716 2912 3788 atqui
2956 3716 3251 3788 dispositio
3297 3732 3424 3774 non

2056 3800 2372 3874 requiritur
2416 3797 2799 3855 essentialiter
2837 3796 2909 3852 ad
2935 3795 3425 3854 introductionem

2055 3883 2274 3949 former,
2308 3885 2372 3935 ut
2415 3878 2706 3935 inductive
2747 3881 2929 3950 potest
2973 3876 3232 3935 ostendi:
3278 3892 3427 3952 ergo

2054 3982 2174 4023 non
2247 3968 2545 4036 repugnat,
2603 3959 2752 4034 quod
2798 3962 2946 4017 Deus
2993 3960 3187 4017 adulto
3236 3960 3426 4033 impio

2054 4045 2438 4104 communicet
2483 4043 2730 4116 gratiam
2770 4039 3238 4105 sanctificantem,
3291 4040 3428 4096 licet

2055 4128 2157 4185 ille
2183 4126 2415 4183 nullum
2444 4129 2651 4189 actum,
2675 4138 2788 4195 quo
2810 4137 2872 4179 se
2891 4120 3176 4193 disponat,
3208 4120 3424 4177 eliciat.

2130 4206 2537 4271 confirmatur,
2570 4204 2706 4277 quia
2752 4207 2905 4260 actus
2950 4203 3236 4279 praecipue
3264 4200 3428 4258 desi-
3457 4206 3585 4302 effi
3643 4202 3644 4211 ¹

2056 4289 2303 4353 demtus,
2332 4292 2392 4343 ut
2417 4285 2634 4358 impius
2663 4284 2900 4358 recipiat
2918 4282 3167 4357 gratiam
3208 4281 3429 4339 sancti-

2056 4369 2340 4435 ficantem,
2372 4374 2456 4425 est
2476 4366 2764 4431 contritio,
2789 4366 2885 4422 vel
2910 4363 3140 4421 dilectio
3165 4363 3428 4421 charita-

2055 4451 2148 4517 tis,
2205 4454 2268 4505 ut
2312 4454 2530 4506 constat
2580 4464 2651 4505 ex
2708 4446 2874 4503 dictis
2917 4445 3048 4501 dub.
3096 4445 3323 4517 praeoed.
3367 4451 3429 4503 et

2056 4530 2368 4588 admittunt
2411 4527 2749 4586 Adversarii
2783 4526 2908 4584 :sed
2950 4541 3070 4582 non
3120 4532 3425 4601 repugnat,

2056 4611 2203 4686 quod
2254 4610 2440 4687 gratia
2476 4609 2933 4668 communicetur
2978 4606 3176 4664 adulto
3219 4607 3424 4680 impio,

2056 4694 2188 4751 licet
2207 4691 2300 4748 hic
2343 4705 2463 4748 non
2488 4690 2681 4747 eliciat
2700 4694 2887 4746 actum
2915 4688 3302 4755 contritionis,
3333 4688 3432 4745 vel

2058 4774 2273 4832 amoris
2300 4795 2313 4829 ε
2342 4787 2477 4847 ergo
2518 4788 2636 4830 non
2665 4776 2945 4845 repugnat
2982 4769 3232 4845 gratiam
3255 4785 3432 4827 sane-

2056 4854 2371 4912 tificantem
2393 4851 2814 4910 communicari
2837 4849 3033 4908 adulto
3061 4850 3245 4923 impio
3264 4849 3431 4908 inde-

2058 4934 2373 5008 pendenter
2419 4932 2490 4990 ab
2510 4931 2671 4990 omni
2705 4931 2829 5006 ejus
2852 4930 3247 5005 dispositione.
3275 4932 3427 4988 Pro-

2056 5016 2226 5075 batur
2251 5016 2448 5074 minor
2468 5013 2539 5071 ad
2560 5013 2862 5073 hominem
2891 5034 2904 5070 ε
2941 5028 3079 5071 nam
3106 5016 3262 5069 actus
3281 5026 3427 5070 oon—

3134 5091 3421 5160 tritionis,
