3647 5753
502 435 625 491 630
1207 428 1300 484 DE
1338 427 1777 493 QUIDDITATE
1814 425 2410 483 JUSTIFICATIONIS
2450 428 2654 484 IMPII.

507 602 800 679 «Justitiae
824 599 1286 676 generationem;
1321 603 1378 655 et
1406 598 1587 655 aliam
1618 602 1879 671 peccato·
2011 602 2144 660 dam
2188 601 2464 659 transitus
2513 600 2583 658 de
2627 598 2877 674 subiecto
2917 598 2979 655 in
3029 596 3369 671 subjectum,
3420 613 3548 656 uatis

511 705 545 738 α
577 700 707 740 rum
731 681 1014 748 remissio,
1039 679 1254 736 scilicet
1292 678 1724 752 corruptionem
1753 677 1879 734 cul·
2009 686 2133 743 sive
2152 684 2221 743 do
2243 684 2486 758 positivo
2509 683 2570 739 in
2595 682 2905 756 positivum
2936 701 2950 737 :
2977 696 3113 755 ergo
3141 696 3260 737 non
3289 661 3588 755 estffl

513 788 544 820 (ε
575 780 677 839 pae.
709 764 798 821 Sic
840 769 1029 821 autem
1052 759 1403 835 justificati0‚
1435 766 1491 818 et
1519 765 1879 834 peccatorum
2009 767 2256 839 simplex
2283 764 2538 831 mutatio,
2561 761 2660 820 sod
2695 767 2884 820 motus
2911 778 2944 818 a
2963 760 3215 833 simplici
3238 777 3377 817 mn-
3391 770 3451 806 ex
3463 763 3602 805 nfra.

429 843 436 850 ’
512 866 545 899 <t
577 846 840 903 remissio
862 860 979 901 non
1006 841 1377 910 eruntidem,
1411 840 1526 897 nisi
1556 857 1656 914 per
1683 856 1880 899 conco·
2009 849 2227 905 tatione
2271 845 2595 903 distinctus.
2644 845 3061 915 consequentia
3107 848 3256 916 patet
3303 859 3381 901 ex

519 949 546 983 α
573 928 927 985 mitantiarn·
961 948 986 979 »
1025 923 1186 990 Quod
1212 924 1424 980 falsum
1452 928 1617 989 esset.
1647 923 1698 978 si
1728 939 1880 995 prae-
2011 930 2120 996 his,
2170 944 2296 1002 quae
2343 928 2406 983 in
2451 925 2613 983 dubii
2661 925 2870 981 limine
2899 924 3373 996 praenotavimus.

500 1009 673 1067 ‹iictae
700 1009 1046 1066 mutationes
1093 1021 1211 1063 non
1255 1003 1561 1060 differrent
1603 1004 1839 1060 realiter
1858 1025 1875 1070 ;
2010 1009 2362 1068 Antooodons
2383 1016 2573 1066 autom
2603 1009 2876 1082 probatur
2904 1007 3076 1079 :quia
3093 1005 3377 1078 justifica-

504 1100 646 1150 tunc
671 1093 879 1164 qnippe
898 1094 1085 1147 essent
1108 1087 1261 1144 idem
1289 1101 1389 1159 1³9¹*
1411 1085 1792 1152 identitatem,
1820 1090 1878 1141 et
2011 1092 2089 1150 tio
2135 1091 2302 1165 impii
2344 1096 2427 1147 est
2454 1090 2757 1146 translatio
2786 1106 2819 1146 a
2864 1092 3013 1144 statu
3064 1087 3272 1161 peccati
3303 1086 3375 1144 ad

509 1189 628 1232 non
648 1188 709 1230 se
738 1171 1017 1229 haberent
1038 1183 1178 1242 pure
1198 1166 1666 1225 concomitanter.
1690 1167 1875 1230 Quam
2009 1177 2219 1228 statum
2236 1171 2452 1246 granai,
2476 1178 2538 1227 ut
2564 1172 2859 1243 perspicue
2874 1168 3033 1225 docet
3048 1168 3372 1225 concilium
3408 1172 3563 1231 conta.

498 1254 827 1314 doctrinam
858 1251 1205 1308 luculentius
1246 1246 1430 1303 adhuc
1472 1246 1664 1313 tradit,
1689 1251 1746 1303 et
1771 1262 1879 1303 ex-
2009 1250 2268 1308 Trident.
2314 1268 2444 1307 sess.
2472 1253 2524 1314 6,
2553 1268 2674 1323 cap.
2706 1253 2762 1316 53
2792 1248 2891 1306 sed
2923 1248 2984 1304 hi
3012 1253 3192 1304 status
3237 1221 3575 1303 sunt'm‘m·

504 1336 681 1409 plicat
700 1334 886 1389 eadem
913 1338 1095 1410 quaest.
1126 1335 1237 1385 art.
1261 1329 1318 1395 6,
1340 1328 1431 1384 his
1449 1327 1644 1385 verbis
1671 1348 1684 1384 τ
1723 1349 1748 1380 «
1773 1328 1880 1383 Pa·
2008 1337 2267 1389 extrema
2289 1330 2533 1405 positiva
2554 1352 2567 1386 ε
2590 1347 2725 1405 ergo
2741 1329 3074 1404 justificatio
3097 1328 3265 1401 impii
3288 1334 3377 1384 est

516 1439 541 1469 «
569 1414 872 1490 tetigitur,
898 1410 1048 1485 quod
1077 1410 1127 1466 si
1156 1409 1321 1482 culpa
1361 1409 1602 1465 omnino
1631 1423 1749 1465 non
1790 1412 1879 1465 est
2008 1415 2283 1471 transitus
2334 1413 2404 1471 de
2455 1413 2705 1487 subJecto
2759 1414 2822 1469 in
2869 1411 3207 1486 subjectum,
3249 1409 3377 1466 sive

512 1519 542 1551 «
573 1493 789 1568 aliquid
813 1494 1072 1568 positive,
1114 1490 1266 1547 idem
1299 1494 1385 1546 est
1406 1489 1625 1545 infusio
1651 1489 1871 1562 gratiae,
2007 1494 2178 1568 (quod
2206 1495 2359 1552 idom
2400 1499 2504 1566 est)
2530 1494 2601 1550 de
2648 1494 2893 1567 positivo
2943 1493 3005 1547 jn
3039 1492 3371 1563 positivum,

501 1603 540 1632 t«
567 1583 625 1636 et
653 1576 914 1634 remissio
941 1575 1120 1647 culpae
1157 1569 1471 1629 secundum
1497 1586 1639 1637 rem,
1666 1584 1876 1626 secun·
2007 1574 2287 1633 Suadetur
2314 1577 2530 1637 minora
2569 1590 2706 1631 nam
2730 1575 2792 1630 in
2817 1573 3023 1646 primis
3049 1577 3229 1628 status
3246 1588 3374 1645 gra-

512 1680 537 1711 «
567 1657 706 1714 dum
751 1657 1034 1713 rationem
1075 1669 1211 1710 vero
1239 1667 1357 1708 non
1386 1649 1560 1707 idem.
1592 1650 1651 1705 Si
1681 1655 1871 1707 autem
2007 1656 2100 1712 tias
2138 1662 2222 1713 est
2265 1655 2402 1730 quid
2452 1655 2780 1729 positivum,
2825 1659 2886 1709 ut
2924 1669 2996 1709 ex
3043 1669 3105 1709 se
3148 1652 3368 1725 liquet:

505 1762 537 1794 <z
568 1742 732 1814 culpa
760 1736 977 1811 aliquid
1014 1736 1174 1809 ponit
1203 1750 1320 1791 non
1347 1731 1661 1790 secundum
1692 1731 1875 1789 ratio·
2006 1735 2214 1794 deinde
2238 1743 2418 1793 status
2444 1736 2653 1810 peccati
2683 1738 2958 1808 importat
2986 1733 3370 1791 essentialiter

505 1841 537 1874 ⁴(
568 1836 723 1887 nem,
754 1819 853 1876 Sed
884 1834 1026 1883 rem»
1057 1821 1143 1874 est
1169 1813 1329 1872 aliud
1377 1813 1641 1871 remi-‘³⁵10
1667 1814 1869 1888 cUlli&
2006 1818 2223 1892 aliquid
2265 1820 2605 1893 positivum;
2633 1814 2916 1890 siquidem
2953 1816 3107 1872 inter
3134 1814 3249 1870 alia
3274 1812 3369 1870 di-

510 1923 537 1954 «
566 1907 622 1958 et
641 1901 854 1957 infusio
881 1898 1099 1973 gratiae,
1130 1896 1181 1952 si
1201 1893 1641 1953 considerentur
1665 1898 1726 1949 ut
1749 1910 1873 1949 mu·
2005 1900 2080 1955 cit
2100 1905 2286 1957 actum
2311 1900 2766 1974 peccaminosum
2791 1898 3147 1969 praeteritum
3170 1898 3368 1950 utnon

506 2003 536 2034 «
566 1981 842 2047 tationes;
873 1978 1137 2053 quamvis
1165 1977 1227 2032 in
1257 1975 1482 2032 ratione
1521 1978 1710 2030 motus
1753 1973 1874 2030 sint
2006 1985 2394 2045 retractatum,
2427 1980 2550 2035 sive
2571 1976 2880 2035 moraliter
2910 1980 3368 2049 permanentem

501 2083 534 2115 «
565 2079 769 2130 unum,
796 2068 857 2117 ut
883 2076 1057 2133 supra
1083 2058 1297 2114 dictum
1326 2061 1429 2113 est.
1462 2055 1643 2128 Culpa
1672 2059 1869 2111 autem
2003 2066 2060 2122 et
2098 2062 2334 2134 insuper
2378 2058 2535 2115 addit
2581 2058 2884 2131 positivam
2930 2055 3370 2111 inclinationem

507 2163 535 2196 α
564 2140 783 2215 aliquid
825 2141 1005 2214 Ponit·
1051 2143 1108 2195 0¹²
1151 2152 1269 2194 non
1308 2136 1498 2194 ⁵01¹¹111
1547 2133 1869 2191 absentiam
2003 2141 2074 2199 ad
2097 2142 2313 2200 bonum
2338 2141 2635 2215 proprium
2680 2143 2953 2210 tanquam
2983 2135 3053 2193 ad
3092 2136 3368 2191 ultimum

500 2244 531 2276 <‘
561 2224 792 2300 gratiaei
825 2221 1081 2279 absentia
1119 2218 1280 2275 essim
1322 2217 1523 2292 Sl'flfiae
1550 2213 1868 2272 secundum
2001 2225 2178 2282 finem
2216 2246 2229 2282 ε
2275 2240 2412 2299 ergo
2458 2221 2714 2297 praedicti
2742 2224 2923 2276 status
2948 2223 3082 2275 sunt
3106 2225 3366 2275 extrema

505 2327 534 2358 <r
562 2322 623 2363 se
667 2304 1025 2364 considerata
1069 2300 1238 2357 habet
1292 2303 1519 2356 tantum
1580 2297 1868 2355 rationem
2002 2310 2265 2384 positiva,

505 2409 534 2439 α
564 2401 763 2459 poenae,
815 2400 932 2442 non
981 2388 1172 2441 autem
1202 2380 1488 2438 rationem
1517 2379 1718 2452 culpae,
1750 2378 1866 2435 nisi
2076 2389 2482 2453 confirmatur,
2532 2385 2667 2459 quia
2713 2391 2848 2441 tuno
2893 2381 3051 2439 adest
3095 2386 3286 2438 motus
3333 2397 3365 2439 a
3397 2401 3547 2445 omar.

504 2491 533 2522 «
559 2466 874 2525 seeundum
891 2465 1038 2540 quod
1056 2466 1407 2538 relinquitur
1421 2478 1492 2519 ex
1515 2466 1644 2518 actu
1665 2462 1871 2519 volun·
2000 2470 2249 2544 simplici
2279 2469 2596 2526 mutatione
2622 2466 2941 2530 distinctus,
2968 2462 3197 2536 quando
3221 2461 3366 2519 dan·
3406 2452 3539 2496 ’ΒΜ

499 2569 529 2602 «
562 2547 710 2604 tario
738 2545 1127 2619 praecedente:
1157 2546 1302 2602 sicut
1328 2540 1568 2600 tenebra
1607 2557 1725 2598 non
1757 2541 1869 2598 ha·
2000 2557 2095 2608 tur
2145 2555 2389 2626 quatuor
2432 2548 2691 2613 termini,
2739 2553 2796 2604 ot
2840 2546 2966 2602 duae
3013 2545 3363 2602 mutationes

498 2650 528 2682 «
559 2627 652 2685 bet
672 2629 955 2685 rationem
979 2626 1219 2693 umbrae‚
1242 2625 1354 2682 nisi
1377 2622 1692 2681 secundum
1713 2622 1866 2695 quod
2001 2633 2235 2692 realiter
2260 2634 2541 2690 distinctae
2575 2653 2587 2687 ε
2632 2629 2728 2687 sed
2757 2631 2874 2686 haec
2899 2627 3098 2686 omnia
3117 2642 3362 2684 concur-

497 2732 527 2763 α
558 2710 908 2782 relinquitur
966 2725 1037 2765 ex
1099 2706 1543 2781 interpositione
1606 2708 1864 2778 corporis
2001 2722 2138 2773 runt
2165 2716 2230 2774 in
2257 2715 2423 2788 impii
2448 2711 2855 2787 J'ustificatione
2886 2735 2899 2769 ι
2933 2709 3049 2766 haec
3073 2709 3250 2784 igitur
3276 2715 3364 2767 est

498 2812 525 2843 “
559 2792 736 2864 Opassi·
770 2790 925 2847 Sicut
943 2804 1079 2863 9¹80
1102 2787 1316 2846 ablatiO
1341 2786 1560 2844 umbrae
1586 2786 1864 2860 importat
1997 2802 2185 2854 motus
2206 2794 2440 2871 quidam
2458 2811 2488 2851 a
2512 2793 2761 2866 simplici
2780 2791 3099 2848 mutatione
3120 2790 3364 2847 distinc-

499 2895 527 2927 α
558 2888 674 2929 non
695 2872 882 2930 solum
912 2870 1291 2930 remotionem
1315 2867 1586 2937 tenebrae,
1613 2868 1711 2927 sed
1735 2887 1865 2929 mo-
1997 2884 2106 2935 tus,
2159 2876 2574 2950 Consequentia
2626 2881 2710 2932 est
2762 2873 3043 2948 legitima,
3093 2878 3150 2929 et
3177 2870 3365 2944 major

498 2974 523 3005 α
558 2953 773 3010 tionem
802 2953 1057 3026 corporis
1092 2950 1464 3023 impedientis
1498 2971 1511 3007 ε
1540 2950 1622 3007 ita
1655 2951 1866 3007 remis-
1903 2978 1908 2982 ·
1995 2965 2215 3017 constat
2258 2974 2331 3015 ox
2370 2958 2462 3023 iis,
2506 2973 2633 3030 quae
2680 2971 2854 3028 supra
2900 2953 3357 3011 observavimus,

497 3056 523 3088 «
554 3035 639 3091 sio
661 3035 838 3107 culpae
861 3051 977 3091 non
999 3035 1188 3092 solum
1212 3034 1488 3107 importat
1510 3032 1861 3091 ablationem
1995 3040 2190 3097 Minor
2237 3046 2428 3096 autem
2475 3036 2763 3101 suadetur,
2796 3034 2930 3108 quia
2976 3034 3040 3090 in
3079 3031 3362 3107 justifica-

497 3138 524 3169 «
553 3114 824 3173 absentiae
849 3116 1064 3191 gratiae.
1112 3113 1211 3171 sed
1240 3114 1593 3171 ablationem
1629 3115 1864 3187 impen-
1997 3122 2152 3178 tione
2173 3120 2341 3192 impii
2365 3117 2764 3180 interveniunt
2782 3133 2891 3172 esse
2909 3116 3138 3189 peccati,
3163 3119 3219 3170 et
3239 3129 3357 3170 non

497 3222 524 3252 (t
553 3198 798 3257 dimenti
826 3200 1045 3274 gratiae,
1079 3198 1226 3272 quod
1262 3203 1387 3257 erat
1410 3214 1482 3255 ex
1505 3203 1627 3271 actu
1652 3200 1861 3273 peccati
1993 3220 2101 3258 esse
2142 3202 2331 3269 illius;
2370 3215 2486 3257 non
2532 3216 2641 3254 esse
2664 3199 2878 3268 pratia,
2910 3201 2965 3252 et
3007 3212 3116 3251 esse
3161 3194 3357 3250 illius.-

498 3301 524 3333 «
554 3279 906 3353 praecedente
935 3302 949 3337 :
984 3296 1100 3337 non
1124 3286 1185 3336 ut
1213 3285 1368 3337 actus
1394 3280 1497 3336 ille
1524 3295 1641 3336 non
1663 3279 1856 3347 fuerit,
1994 3282 2397 3340 interveniunt
2416 3281 2591 3337 etiam
2614 3278 2738 3334 duae
2760 3277 3128 3342 mutationes,
3152 3291 3358 3349 nempe

500 3382 525 3413 «
555 3361 689 3434 quia
716 3362 821 3417 hoc
853 3365 937 3417 est
964 3359 1356 3434 impossibile;
1398 3358 1497 3417 sed
1540 3365 1602 3416 ut
1630 3364 1862 3434 propter
1992 3364 2273 3421 transitus
2301 3362 2371 3420 ab
2397 3380 2505 3418 esse
2527 3359 2735 3433 peccati
2763 3357 2830 3414 ad
2861 3374 2979 3414 non
3004 3374 3114 3412 esse
3151 3356 3311 3412 illius
3338 3381 3352 3423 ;

498 3463 523 3494 «
557 3442 728 3498 illum
777 3443 1029 3499 influxus
1066 3443 1274 3517 gratiae
1319 3459 1439 3500 non
1486 3442 1855 3515 impediatur.
1992 3452 2048 3504 et
2068 3448 2345 3504 transitus
2374 3462 2406 3502 a
2434 3460 2551 3502 non
2578 3461 2686 3500 esse
2710 3441 2910 3516 gratiae
2937 3439 3006 3497 ad
3036 3440 3348 3497 esseillius.

499 3545 525 3577 «
557 3526 719 3582 Patet
736 3524 933 3599 igitur,
954 3525 1104 3598 quod
1127 3525 1390 3583 remissio
1410 3525 1610 3597 culpae,
1629 3529 1686 3581 et
1709 3523 1861 3580 infu—
1994 3527 2332 3602 HuJ'usmodi
2361 3530 2551 3582 autem
2595 3524 2940 3580 mutationes
2969 3520 3240 3578 differunt
3265 3519 3355 3575 si-

499 3629 524 3660 «
555 3607 641 3665 sio
655 3608 853 3682 gratiae
870 3623 987 3665 non
1008 3613 1144 3664 sunt
1162 3606 1316 3665 idem
1334 3605 1647 3664 secundum
1673 3622 1852 3663 rem.»
1992 3615 2303 3667 ontearum
2333 3606 2592 3672 termini,
2624 3605 2722 3678 qui
2765 3609 2900 3660 sunt
2939 3621 3048 3658 non
3087 3619 3194 3658 esse
3222 3616 3350 3674 pec-

278 3706 470 3766 rutcitm·
567 3687 953 3746 confirmatur
980 3687 1245 3754 secundo,
1295 3687 1430 3761 quia
1458 3689 1524 3742 D.
1555 3688 1758 3745 Thom.
1793 3689 1858 3743 in
1989 3691 2119 3757 cati,
2152 3697 2208 3748 et
2232 3707 2341 3746 esse
2362 3689 2579 3764 gratiae.
2611 3685 2777 3743 Unde
2802 3702 2931 3742 cum
2955 3703 3065 3740 non
3084 3703 3194 3741 esse
3219 3700 3347 3757 pec—

274 3757 467 3809 ⁸¹¹¹¹²¹¹¹¹⁵·
494 3771 761 3844 praesenti
812 3779 924 3828 art.
956 3773 990 3826 8
1041 3771 1116 3825 ad
1163 3773 1208 3837 l,
1235 3776 1290 3826 et
1319 3770 1453 3827 aliis
1495 3770 1634 3826 locis
1672 3769 1860 3826 citatis
1989 3774 2117 3839 cati,
2150 3778 2207 3829 et
2251 3790 2359 3828 esse
2396 3769 2594 3846 gratiae
2638 3767 3069 3842 distinguantur
3117 3766 3346 3822 realiter

490 3853 634 3926 disp.
669 3854 893 3927 praeced.
925 3851 1050 3907 dub.
1092 3852 1195 3907 ult.
1229 3852 1384 3921 δαῖε.
1422 3855 1614 3926 aperte
1641 3852 1859 3909 consti-
1991 3856 2286 3930 negative;
2316 3871 2424 3910 esse
2449 3853 2657 3925 quippe
2690 3852 2889 3925 gratiae
2914 3855 2998 3906 est
3018 3848 3154 3923 quid
3197 3848 3350 3920 posi-

489 3932 599 3987 tuit
621 3933 890 3989 ordinem
917 3933 1154 3998 realem,
1180 3937 1235 3989 et
1263 3936 1523 3988 mutuam
1548 3932 1859 3990 causalita-
1989 3938 2206 4004 tivum;
2239 3952 2357 3993 non
2397 3952 2504 3989 esse
2550 3949 2687 3990 vero
2735 3933 2941 4005 peccati
2983 3936 3068 3988 est
3093 3928 3347 4003 quaedam

490 4019 606 4073 tem
635 4015 789 4071 inter
830 4014 1180 4070 infusionem
1209 4013 1426 4088 gratiae,
1458 4019 1516 4070 et
1558 4013 1858 4072 remissio·
1989 4018 2259 4082 carentia,
2308 4032 2406 4073 seu
2455 4016 2706 4090 negatio;
2751 4012 3008 4084 sequitur
3057 4012 3350 4085 praedictas

488 4112 622 4154 nem
664 4097 842 4169 culpae
887 4120 900 4154 ι
945 4095 1099 4168 atqui
1145 4095 1317 4153 realis
1358 4093 1516 4162 ord0,
1559 4101 1616 4152 et
1655 4100 1857 4152 mutua
1988 4098 2336 4155 mutationes
2363 4095 2639 4169 distingui
2671 4094 2906 4151 realiter
2935 4094 3089 4150 inter
3121 4110 3198 4157 se,
3229 4091 3350 4147 sal-

485 4176 787 4233 causalitas
828 4191 946 4231 non
989 4176 1380 4247 reperiuntur,
1427 4174 1542 4230 nisi
1585 4175 1739 4231 inter
1763 4191 1851 4241 ea,
1988 4183 2103 4235 tem
2134 4179 2416 4252 negative.

482 4276 612 4333 quae
640 4258 1080 4331 distinguuntur
1103 4259 1374 4315 realiter:
1404 4273 1539 4331 ergo
1565 4273 1635 4314 ex
1663 4265 1856 4315 mente
2061 4263 2116 4316 5.
2148 4260 2255 4316 Sed
2277 4260 2427 4316 dices
2465 4275 2536 4316 ex
2564 4259 2667 4314 hac
2697 4256 2918 4313 ratione
2945 4257 3132 4329 potius
3153 4254 3344 4329 colligi
3359 4272 3546 4326 ohjoetis

483 4344 548 4397 D.
575 4341 778 4397 Thom.
811 4340 1027 4397 infusio
1047 4340 1270 4415 gratiae,
1302 4344 1359 4395 et
1388 4339 1654 4397 remissio
1674 4340 1856 4412 culpae
1987 4341 2310 4415 oppositum
2345 4363 2358 4398 ε
2386 4340 2661 4413 quoniam
2690 4344 2866 4394 status
2895 4339 3102 4410 peccati
3130 4338 3346 4393 consti-

483 4428 620 4478 sunt
660 4420 1006 4477 mutationes
1048 4420 1281 4478 realiter
1328 4420 1644 4489 distinctae;
1688 4429 1855 4493 atque
1988 4423 2169 4478 tuitur
2211 4422 2534 4479 formaliter
2573 4437 2671 4493 per
2701 4424 2989 4493 peccatum
3029 4416 3343 4485 habituale,

488 4503 614 4561 ideo
662 4501 993 4577 justificatio
1035 4503 1223 4576 impii,
1280 4520 1405 4577 quae
1451 4505 1852 4561 remissionem
1986 4502 2134 4576 quod
2165 4503 2316 4558 nihil
2340 4500 2497 4559 aliud
2525 4507 2628 4567 est,
2653 4517 2826 4574 quarn
2857 4499 3103 4573 privatio
3124 4498 3347 4572 gratiae,

486 4582 720 4656 peccati,
767 4588 821 4638 et
852 4582 1203 4641 infusionem
1232 4584 1432 4659 gratiae
1471 4585 1855 4643 essentialiter
1985 4592 2049 4642 ut
2074 4602 2247 4659 supra
2285 4586 2590 4641 statuimus
2615 4584 2759 4655 disp.
2799 4584 2845 4649 1,
2877 4582 3004 4639 dub.
3046 4584 3093 4649 l;
3125 4581 3354 4638 transi-

483 4664 901 4736 complectitur,
958 4680 1076 4720 non
1123 4670 1207 4721 est
1260 4665 1446 4732 unica,
1503 4672 1560 4722 et
1604 4666 1853 4739 simplex
1986 4671 2076 4723 tus
2116 4672 2306 4722 autem
2336 4682 2367 4722 a
2401 4665 2725 4739 privatione
2752 4662 2819 4719 ad
2843 4663 3093 4719 formam
3124 4668 3352 4720 nonest

486 4744 749 4808 mutatio,
791 4742 889 4799 sed
920 4750 1107 4801 motus
1133 4744 1366 4817 quidam
1388 4761 1460 4803 ex
1486 4745 1699 4820 duplici
1729 4746 1854 4804 mu-'
1985 4754 2193 4817 motus,
2243 4746 2341 4804 sed
2394 4748 2640 4819 simplex
2686 4746 2947 4811 mutatio,
2982 4751 3043 4801 ut
3085 4750 3238 4818 patet
3286 4745 3353 4800 in

488 4825 706 4881 ῑῑῑῑῑθῐὶθ
729 4825 1092 4895 001ssvositus.
1986 4831 2345 4889 restitutione
2372 4830 2636 4903 potentias
2657 4829 2879 4894 visivae,
2906 4834 2961 4885 et
2988 4829 3051 4883 in
3089 4829 3242 4884 aeris
3271 4828 3352 4883 il-

558 4906 614 4960 4.
660 4903 917 4960 Secundo
976 4904 1254 4977 probatur
1298 4907 1498 4963 eadem
1563 4909 1853 4966 conclusio
1984 4911 2386 4968 luminatione.
2433 4911 2501 4964 Et
2549 4910 2694 4966 ratio
2740 4914 2856 4975 est;
2889 4925 3023 4965 nam
3065 4908 3347 4975 carentia,

490 4986 714 5043 ratione
741 4984 1039 5058 desumpta
1081 5003 1151 5042 ex
1180 4989 1246 5044 D.
1295 4989 1502 5046 Thom.
1551 4990 1688 5047 locis
1714 5007 1853 5065 pro·
1983 5009 2082 5050 seu
2105 5010 2212 5047 non
2231 5008 2338 5047 esse
2367 4990 2727 5064 privationis,
2762 5005 2878 5045 non
2900 4995 2985 5045 est
3006 4990 3122 5045 alia
3149 5004 3354 5045 caren-

487 5067 645 5123 xime
671 5067 857 5122 citatis
885 5089 898 5122 2
940 5068 1215 5140 quoniam
1250 5070 1583 5144 justificatio
1609 5078 1693 5131 est
1718 5074 1852 5146 qui-
1981 5073 2079 5140 tia,
2111 5072 2209 5131 sed
2239 5073 2443 5140 forma,
2468 5087 2640 5143 quam
2667 5069 3001 5128 excludebat
3043 5068 3304 5142 privatio
3336 5093 3349 5125 ι

3219 5151 3356 5210 duae

3431 5386 3627 5477 “Nl
