3647 5753
111 1889 245 1948 Obiec-

91 1944 267 2033 ὓῖἓῑ»

78 2380 122 2420 D.
143 2383 238 2432 Aug.

1394 421 1570 477 DlSP.
1614 419 1735 487 Vn,
1778 418 1944 476 DUB.
1987 419 2056 476 V.

303 592 628 650 concedunt
671 594 830 652 enim
878 597 1267 653 necessitatem
1310 594 1661 651 auxiliorum

299 670 725 743 sufficientium,
758 674 827 731 ad
865 691 989 748 quae
1027 674 1360 732 immediate
1394 677 1661 745 sequatur

301 755 557 826 operatio
594 763 900 824 creaturae;
950 763 1005 814 et
1033 774 1150 815 non
1181 761 1432 815 renuunt
1458 769 1660 812 conce-

299 834 433 892 dere
456 836 789 909 praedictam
817 840 1211 912 operationem
1241 839 1419 912 prius,
1448 838 1552 895 hoc
1577 843 1660 894 est

304 917 503 992 magis,
529 924 585 974 et
612 919 879 975 intimius
918 919 1240 993 dependere
1267 936 1299 975 a
1327 922 1457 983 Dee,
1483 933 1656 990 quam

300 1013 332 1052 a
353 1004 611 1056 creatura
644 1020 657 1054 :
686 1005 743 1056 et
771 1000 870 1057 hac
894 1001 1115 1059 ratione
1156 1001 1372 1062 dicunt,
1403 998 1550 1072 quod
1582 998 1657 1054 li-

293 1083 381 1136 cet
403 1081 566 1150 DeuS,
592 1088 648 1138 et
668 1087 855 1139 creatu
868 1099 931 1139 ra
945 1089 1115 1157 agant
1137 1101 1235 1156 per
1257 1083 1504 1140 eundem
1526 1096 1657 1138 con·

289 1176 522 1217 cursum
561 1163 978 1220 simultaneum
1006 1188 1018 1221 ι
1071 1164 1461 1221 nibilominus
1509 1164 1656 1218 Deus

289 1238 424 1297 facit
457 1244 779 1299 creaturam
827 1244 1028 1310 facere,
1061 1250 1117 1301 et
1145 1259 1262 1301 non
1291 1262 1322 1302 e
1354 1259 1648 1308 converso,

284 1325 347 1375 ut
398 1321 648 1379 vidimus
688 1325 829 1396 disp.
868 1326 922 1390 5,
948 1324 1075 1380 dub.
1109 1326 1164 1390 6,
1197 1330 1228 1394 ξ
1257 1327 1309 1382 2.
1344 1323 1491 1390 Quid
1518 1339 1654 1397 ergo

283 1401 618 1467 concedunt,
646 1403 739 1459 vel
753 1401 954 1460 docent
970 1404 1030 1459 hi
1050 1405 1350 1471 Authores,
1368 1403 1517 1477 quod
1535 1418 1652 1459 non

281 1481 522 1539 doceant
563 1485 795 1541 Molinae
822 1483 1106 1558 discipuli,
1141 1502 1388 1558 quorum
1419 1485 1652 1558 opinio-

283 1578 424 1619 nem
455 1565 579 1637 ipsi,
611 1571 668 1621 et
698 1581 800 1622 nos
843 1566 1075 1634 falsam,
1105 1571 1161 1623 et
1214 1566 1650 1623 insufficientem

281 1659 581 1700 censemus
602 1647 630 1700 Ρ
655 1646 786 1702 Alia
813 1647 1030 1703 motiva
1074 1647 1233 1704 infra
1271 1645 1650 1719 expendenda

286 1738 439 1779 nunc
466 1725 807 1790 omittimus
856 1743 980 1799 quae
1022 1728 1168 1783 hanc
1207 1728 1588 1784 assertionem
1617 1745 1650 1785 a

282 1804 511 1862 fortiori
533 1805 976 1865 confirmabunt.

354 1889 488 1944 296.
533 1891 644 1944 Nec
676 1889 868 1955 refert,
901 1893 949 1947 si
980 1909 1109 1949 cum
1160 1891 1432 1948 Ledesma
1459 1899 1642 1968 quast.

282 1973 446 2024 unica
469 1971 803 2036 deauaeilit‘s,
830 1980 939 2029 art.
965 1978 1020 2034 6.
1046 1976 1281 2030 conclus.
1310 1974 1363 2028 3.
1393 1974 1567 2031 Lorca
1585 1974 1647 2030 in

235 2073 242 2082 ’
283 2052 570 2124 praesenti,
586 2053 727 2125 disp.
745 2055 778 2108 2
794 2055 807 2107 l
824 2095 836 2117 ,
853 2054 1060 2111 etaliis
1079 2058 1270 2129 paucis
1285 2054 1515 2129 (quibus
1532 2073 1648 2112 ma·

278 2132 362 2204 gis
392 2133 593 2204 placet,
622 2134 908 2190 auxilium
931 2136 1124 2192 efficax
1152 2152 1274 2192 esse
1297 2136 1481 2209 ipsam
1509 2153 1648 2209 ope-

282 2215 566 2271 rationem
595 2221 892 2282 creaturae,
925 2219 1016 2274 vel
1040 2218 1109 2275 ad
1135 2233 1435 2273 summum
1459 2219 1646 2275 solum

279 2294 513 2352 differre
553 2295 622 2352 ab
671 2296 776 2352 illa
827 2300 1160 2369 operatione
1187 2315 1257 2356 ex
1288 2304 1497 2355 natura
1540 2300 1646 2368 rei)

280 2373 514 2447 objicias
536 2378 719 2447 prime
739 2394 758 2428 .·
788 2392 921 2432 nam
945 2380 1008 2433 D.
1042 2381 1279 2452 August.
1305 2381 1363 2433 in
1395 2378 1486 2433 lib.
1514 2397 1647 2433 cen-

279 2460 368 2507 tra
394 2455 537 2509 (lues
555 2459 711 2527 epist.
747 2453 934 2527 Peleu.
965 2476 1086 2530 cap.
1119 2461 1212 2523 20,
1246 2474 1417 2533 agens
1439 2456 1508 2514 de
1536 2474 1642 2514 au-

280 2536 422 2592 xilio
448 2536 673 2605 efficaci,
706 2555 819 2611 quo
850 2540 993 2595 Deus
1022 2541 1203 2596 movit
1229 2556 1325 2597 cor
1354 2540 1503 2614 regis
1532 2543 1641 2595 As-

278 2616 432 2674 sueri
457 2615 527 2671 ad
548 2617 1112 2675 condescendendum
1134 2621 1413 2677 voluntati
1433 2620 1644 2694 reginen

280 2697 504 2764 Esther,
558 2699 745 2771 inquit
779 2724 792 2756 ε
825 2699 1114 2757 Convertit
1143 2701 1290 2757 Deus
1315 2702 1637 2769 Assuerum,

271 2785 324 2831 et
344 2781 631 2834 transtulit
657 2782 1088 2850 indiqnatieucm
1116 2785 1232 2854 ejus
1257 2787 1315 2838 in
1340 2784 1634 2851 lenitatem,

271 2861 545 2932 operando
587 2862 646 2917 in
686 2864 843 2918 corde
888 2865 1046 2932 reyis,
1091 2865 1225 2942 qnid
1262 2865 1437 2929 aliud,
1472 2883 1638 2942 quam

273 2944 630 3009 veluntatem,
673 2963 782 3022 qua
812 2948 1002 3018 jussit,
1034 2954 1082 3001 et
1118 2949 1332 3020 sactum
1369 2955 1465 3013 est,
1497 2947 1642 3021 qued

271 3026 455 3093 reyina
499 3032 856 3098 poposcerat?
883 3030 1031 3101 Ergo
1069 3029 1243 3083 sentit
1289 3028 1642 3102 Augustinus

272 3106 556 3162 auxilium
609 3106 758 3162 illud
801 3108 994 3165 efficax
1037 3109 1187 3165 nihil
1235 3110 1393 3166 aliud
1443 3110 1635 3177 fuisse,

268 3201 438 3259 quam
470 3188 830 3245 voluntatem
856 3191 1135 3245 actualem
1161 3191 1326 3263 regiS,
1358 3205 1471 3262 qua
1498 3206 1640 3246 con-

269 3283 478 3336 versuS,
496 3275 556 3325 et
582 3271 894 3325 translatus
913 3270 1037 3337 fuit,
1059 3279 1116 3327 ut
1135 3272 1403 3345 impleret
1426 3272 1639 3346 reginzo

269 3348 659 3414 voluntatem3
686 3355 741 3406 et
763 3357 1171 3421 consequenter
1214 3352 1363 3407 idem
1393 3367 1638 3426 genera-

268 3426 397 3483 liter
417 3428 734 3485 dicendum
763 3430 874 3485 erit
899 3429 968 3485 de
997 3431 1127 3485 aliis
1150 3431 1384 3487 auxiliis
1408 3431 1639 3487 efficaci·

266 3508 390 3565 bus,
414 3511 691 3577 Secunde,
717 3511 853 3583 quia
882 3527 998 3567 non
1029 3519 1162 3568 sunt
1190 3512 1639 3585 multiplicanda}

265 3593 532 3651 entitates
557 3592 777 3666 absque
807 3595 1030 3667 urgenti
1056 3596 1382 3652 necessitate
1413 3619 1426 3662 ;
1456 3594 1553 3651 sed
1580 3601 1638 3651 ut

271 3673 533 3729 voluntas
557 3673 1002 3738 determinetur,
1028 3675 1229 3731 sufficit
1258 3676 1426 3732 unica
1446 3674 1639 3731 deter-

273 3750 515 3811 minatio
562 3776 576 3810 :
611 3769 748 3828 ergo
780 3769 895 3809 non
924 3760 1162 3826 oportet,
1193 3755 1341 3829 quod
1382 3755 1509 3811 duae
1535 3754 1638 3811 de-

272 3833 716 3891 terminationes
744 3834 1055 3889 voluntatis
1076 3833 1476 3901 admittantur,
1502 3851 1638 3907 qua-

271 3928 399 3968 rum
443 3930 560 3971 una
587 3914 665 3968 sit
687 3929 719 3968 a
742 3916 873 3978 Dee,
905 3918 961 3969 et
981 3913 1096 3970 alia
1123 3930 1154 3970 a
1185 3915 1508 3982 voluntate3
1536 3913 1636 3972 sed

263 3993 397 4048 satis
418 3994 550 4061 erit,
576 3992 731 4066 quod
756 4009 856 4065 per
877 3991 1117 4049 eandem
1140 3995 1497 4063 vetitionem,
1524 4010 1637 4067 qua

266 4075 528 4130 voluntas
573 4091 638 4131 se
693 4072 1071 4140 determinat,
1130 4072 1550 4131 determinetur
1604 4089 1637 4129 a

261 4156 387 4211 Deo,
449 4154 652 4221 Tertio,
703 4153 842 4226 quia
866 4153 1275 4211 determinatio
1315 4155 1635 4212 voluntatis

267 4231 334 4288 ad
360 4235 653 4310 agendum
696 4233 847 4290 nihil
877 4232 1034 4289 aliud
1061 4243 1163 4298 est,
1209 4252 1383 4307 quam
1419 4236 1629 4302 exitus,

263 4312 382 4372 sive
405 4332 678 4390 egressus
707 4314 825 4379 ille,
856 4330 967 4387 quo
993 4316 1260 4372 voluntas
1285 4317 1404 4372 exit
1428 4315 1497 4373 de
1527 4332 1631 4389 po·-

263 4396 437 4453 tentia
467 4398 531 4452 in
561 4400 773 4459 actum,
803 4400 860 4451 et
885 4396 1090 4451 transit
1111 4394 1181 4452 de
1202 4401 1326 4452 actu
1351 4397 1542 4469 primo
1562 4394 1632 4453 ad

263 4476 577 4533 secundum
610 4497 625 4531 t
655 4474 754 4531 sed
777 4475 1102 4550 hujusmodi
1127 4493 1386 4552 egressus
1412 4479 1630 4535 consis-

266 4557 332 4613 tit
378 4557 715 4615 formaliter
745 4558 808 4613 in
856 4558 1187 4631 operatIOne
1215 4560 1394 4633 ipsius
1421 4561 1632 4617 volun-

265 4638 430 4703 tatis,
474 4654 606 4710 quae
648 4638 837 4709 seipsa
880 4637 1172 4712 egreditur
1220 4656 1253 4696 a
1296 4641 1626 4709 voluntate,

265 4718 542 4793 illamque
559 4720 890 4776 formaliter
909 4721 1180 4776 transfert
1202 4720 1271 4776 ab
1294 4726 1418 4777 actu
1445 4722 1632 4794 primo

263 4798 332 4855 ad
357 4799 684 4858 secundum
720 4819 733 4855 ε
762 4814 899 4873 ergo
925 4799 1333 4858 determinatio
1361 4802 1632 4859 volunta-

263 4880 333 4937 tis
351 4881 618 4939 consistit
636 4879 702 4935 in
723 4880 1056 4951 operatione
1077 4880 1148 4936 ab
1169 4897 1235 4937 ea
1257 4882 1467 4947 elicita,
1496 4886 1632 4940 nul-

262 4961 495 5034 lumque
543 4960 714 5017 aliud
761 4962 1047 5018 auxilium
1097 4963 1625 5035 praedeterminans,

261 5046 316 5098 et
360 5041 707 5097 distinctum
756 5046 977 5111 oportet
1021 5040 1334 5099 admittere.
1394 5043 1624 5115 Quarto,

3050 420 3153 476 211

1792 591 1930 664 quia
1959 596 2148 649 motus
2189 607 2306 649 non
2331 591 2522 658 differt
2552 592 2786 650 realiter
2823 608 2855 647 a
2882 594 3154 659 termine,

1793 670 1892 728 sed
1919 678 2002 728 est
2048 672 2170 746 ipse
2216 673 2520 740 terminus,
2556 679 2723 746 prout
2767 672 2829 728 in
2858 671 2983 729 fieri
3016 694 3028 729 ε
3058 673 3159 731 sed

1792 752 2080 809 auxilium
2107 753 2303 811 efficax
2333 753 2483 809 nihil
2512 753 2667 809 aliud
2696 760 2800 821 est,
2824 772 2998 829 quam
3028 769 3157 811 mo-

1793 837 1902 900 tus,
1933 851 2045 907 quo
2085 835 2451 908 impellimur
2491 851 2521 892 a
2551 836 2665 892 Deo
2698 835 2769 892 ad
2802 837 3101 912 agendum*
3140 858 3154 894 ε

1788 929 1926 988 ergo
1974 915 2306 987 praedictum
2353 916 2640 971 auxilium
2687 932 2804 974 non
2844 917 3039 975 differt
3084 916 3156 975 ab

1789 995 2122 1067 operatione
2146 1002 2339 1053 nostra
2363 1002 2530 1069 prout
2552 996 2615 1052 in
2639 995 2764 1054 fieri
2797 1019 2810 1054 ε
2834 997 3035 1056 eadem
3059 1015 3157 1056 au·

1789 1080 1903 1131 tem
1932 1081 2018 1131 est
2061 1077 2318 1149 operatio
2366 1077 2427 1132 in
2456 1074 2605 1144 fieri,
2636 1083 2691 1134 et
2719 1078 2951 1136 infacto
2988 1094 3149 1136 esse:

1786 1169 1941 1228 ergo,
1972 1160 2077 1212 etc.
2129 1156 2352 1229 Quinte,
2402 1162 2459 1212 et
2506 1158 2801 1231 urgentius
2833 1178 2846 1213 :
2876 1158 3152 1231 quoniam

1785 1235 1866 1291 sic
1890 1251 2156 1309 expresse
2199 1236 2401 1294 docere
2445 1237 2786 1295 videturD.
2835 1238 3042 1296 Thom.
3086 1240 3151 1296 in
3183 1244 3345 1289 Dlrho-

1786 1316 1892 1374 hac
1920 1319 2045 1384 1,2‚
2073 1328 2257 1397 quast.
2291 1321 2410 1386 110,
2436 1327 2547 1376 art.
2579 1323 2634 1388 2,
2667 1319 2764 1376 ubi
2789 1321 2909 1377 ait:
2947 1323 3058 1379 «In
3083 1337 3151 1380 eo

1791 1421 1818 1452 α
1857 1400 1956 1472 qui
1984 1400 2197 1457 dicitur
2220 1402 2470 1477 gratiam
2510 1402 2610 1459 Dei
2656 1402 2889 1469 habere,
2920 1403 3151 1478 signifi-

1790 1504 1816 1535 «
1859 1487 2020 1538 catur
2045 1483 2281 1557 quidam
2328 1484 2556 1542 effectus
2601 1484 2863 1559 gratuitae
2908 1486 3008 1541 Dei
3044 1502 3151 1543 vo-

1790 1585 1815 1616 «
1860 1564 2119 1621 luntatis.
2173 1566 2398 1622 Dictum
2444 1571 2529 1623 est
2557 1570 2746 1622 autem
2773 1583 2966 1638 supra,
2999 1566 3148 1639 quod

1789 1663 1814 1695 α
1858 1642 2168 1715 dupliciter
2180 1660 2252 1702 ex
2270 1644 2520 1718 gratuita
2544 1644 2642 1701 Dei
2660 1646 2955 1703 voluntate
2977 1645 3150 1704 homo

1789 1745 1815 1776 α
1859 1723 2182 1797 adjuvatur.
2212 1727 2339 1782 Uno
2366 1724 2537 1782 modo
2559 1724 2621 1780 in
2643 1730 2921 1798 quantum
2950 1726 3151 1783 anima

1787 1825 1813 1856 «
1858 1804 2114 1861 hominis
2154 1811 2417 1862 movetur
2444 1805 2513 1862 ad
2556 1806 2773 1878 aliquid
2801 1823 3149 1880 cognoscen-

1788 1908 1814 1939 α
1855 1885 2019 1952 dum,
2075 1889 2165 1944 vel
2215 1886 2549 1954 volendum,
2601 1890 2692 1945 vel
2745 1888 3044 1963 agendum.
3078 1891 3149 1945 Et

1787 1989 1813 2020 α
1857 1968 1961 2025 hoc
2002 1968 2170 2026 modo
2199 1969 2319 2043 ipse
2363 1971 2647 2044 gratuitus
2692 1970 2921 2027 effectus
2948 1971 3011 2027 in
3040 1971 3146 2028 ho-

1786 2069 1812 2100 «
1858 2051 2022 2105 mine
2046 2065 2160 2107 non
2183 2056 2267 2107 est
2286 2051 2550 2123 qualitas,
2577 2049 2674 2107 sed
2698 2057 2884 2108 motus
2910 2050 3146 2124 quidam

1786 2149 1812 2179 α
1858 2130 2100 2188 animae:
2154 2141 2309 2187 actus
2353 2131 2512 2186 enim
2562 2132 2845 2188 moventis
2888 2132 2950 2188 in
2991 2137 3147 2189 moto

1786 2232 1811 2263 α
1853 2216 1937 2266 est
1962 2219 2166 2277 motus,
2197 2212 2486 2269 utdicitur
2507 2213 2570 2268 in
2593 2215 2628 2267 3
2656 2213 2873 2284 physic.
2910 2234 2935 2264 n
2964 2214 3145 2270 Cons-

1779 2296 1858 2347 tat
1886 2300 2094 2358 autem,
2130 2297 2306 2350 Deum
2350 2311 2448 2366 per
2477 2295 2763 2350 auxilium
2792 2294 2988 2351 efficax
3016 2309 3144 2350 mo-

1779 2387 1915 2428 vere
1943 2373 2204 2428 animam
2235 2373 2303 2429 ad
2333 2373 2615 2446 agendum
2652 2395 2663 2428 :
2693 2389 2828 2446 ergo
2855 2375 3143 2430 auxilium

1776 2451 1969 2508 efficax
2029 2458 2113 2508 est
2165 2460 2352 2511 motus
2411 2455 2624 2510 animae
2683 2474 2696 2508 τ
2752 2460 2939 2511 motus
3005 2469 3144 2511 vero

1777 2535 1987 2590 anima}
2013 2536 2161 2591 nibil
2192 2535 2348 2591 aliud
2398 2536 2690 2609 importat,
2722 2553 2894 2609 quam
2938 2551 3144 2609 opera-

1776 2616 1991 2672 tionem
2040 2615 2110 2672 ab
2150 2617 2348 2673 anima
2396 2618 2668 2684 elicitam,
2705 2623 2764 2672 ut
2810 2623 3026 2674 constat
3071 2633 3142 2675 ex

1773 2698 2067 2753 communi
2090 2697 2260 2754 modo
2283 2698 2642 2770 concipiendi
2668 2714 2834 2773 :ergo
2855 2715 2926 2755 ex
2949 2704 3143 2757 mente

1774 2777 1838 2831 D.
1878 2777 2080 2834 Thom.
2125 2778 2410 2834 auxilium
2440 2778 2635 2834 efficax
2667 2779 2817 2834 nihil
2845 2779 3005 2835 aliud
3033 2784 3135 2846 est,

1772 2871 1946 2929 quam
1991 2858 2247 2930 operatio
2290 2856 2362 2915 ab
2407 2858 2605 2915 anima
2650 2859 2876 2924 elicita,
2933 2876 3141 2917 secun-

1772 2936 1911 2992 dum
1940 2937 2089 3010 quod
2117 2940 2295 3011 prius,
2326 2945 2383 2996 et
2409 2940 2593 3014 magis
2630 2939 2911 3013 dependet
2937 2957 2970 2997 a
2996 2943 3134 2999 Deo.

1847 3019 1977 3074 297.
2005 3019 2120 3085 Hae,
2140 3019 2396 3091 inquam,
2417 3018 2760 3095 objectiones
2776 3038 2894 3078 non
2933 3028 3138 3097 urgent
3152 3034 3336 3083 Respon-

1770 3098 1869 3154 sed
1897 3099 2123 3157 facilem
2152 3101 2364 3159 habent
2384 3102 2754 3160 solutionem.
2774 3104 2858 3160 Ad
2884 3105 3135 3177 primam
3176 3082 3323 3183 ,ξ’,ῗξὲ

1770 3178 2017 3237 dicimus
2057 3184 2120 3238 D.
2171 3184 2553 3256 Augustinum
2601 3185 2942 3257 explicuisse
2988 3185 3135 3242 illud
3175 3181 3316 3275 ἳξέξξ·

1772 3262 2061 3318 auxilium
2105 3262 2300 3320 efficax
2347 3279 2448 3336 per
2486 3274 2656 3320 suum
2704 3265 2986 3333 effectum,
3037 3268 3136 3340 qui
3296 3264 3321 3275 '⁴

1772 3342 1882 3397 fuit
1927 3344 2193 3400 voluntas
2238 3345 2475 3401 actualis
2502 3347 2689 3420 Regis,
2726 3347 2787 3403 in
2832 3363 2944 3419 qua
2983 3349 3139 3405 stetit

1769 3425 1893 3499 eJ‘us
1922 3424 2176 3481 influxus
2197 3432 2467 3497 tanquam
2493 3427 2554 3482 in
2580 3428 2860 3493 termino;
2888 3429 3137 3487 minime

1769 3521 1909 3562 vero
1932 3506 2173 3562 exclusit
2201 3507 2515 3563 motionem
2546 3509 2821 3580 praeviam
2850 3511 3135 3566 voluntati

1772 3588 2132 3660 impressam,
2164 3594 2220 3644 et
2245 3604 2278 3644 a
2317 3589 2595 3647 volitione
2639 3589 3006 3659 distinctam;
3036 3592 3135 3649 sed

1770 3670 1960 3742 potius
1980 3685 2109 3726 eam
2136 3670 2273 3727 satis
2300 3673 2601 3743 expressit.
2635 3674 2780 3728 Nam
2812 3677 2932 3745 post
2960 3672 3135 3730 verba

1769 3749 1936 3805 citata
1964 3748 2293 3806 immediate
2326 3748 2483 3806 addit
2510 3771 2522 3805 ε
2555 3750 2737 3824 Quam
2767 3752 2911 3808 Deus
2921 3755 3046 3825 jem
3074 3759 3133 3808 ut

1767 3831 1940 3901 fieret,
1962 3830 2307 3898 eoeaudierat,
2325 3833 2521 3907 quic-or
2542 3834 2696 3901 reqis,
2711 3842 3005 3908 antequam
3020 3852 3137 3889 ser-

1768 3929 1979 3966 monem
2006 3912 2257 3967 mulieris
2291 3915 2556 3985 poscentis
2594 3915 2852 3982 audisset,
2882 3918 3131 3973 occultis·

1767 3995 1910 4048 sima
1932 4002 1979 4048 et
2006 3995 2387 4068 efficacissima
2406 4003 2666 4068 potestate
2686 4002 2967 4056 convertit.
2998 4002 3133 4065 Quae

1767 4073 3129 4149 occultissima,etessicacissimapotestassalvari‚

1767 4160 1865 4210 aut
1877 4155 2155 4229 explicari
2174 4158 2388 4230 nequit,
2404 4158 2518 4214 nisi
2538 4157 2909 4216 admittamus
2923 4161 3128 4230 media,

1768 4252 1869 4310 per
1889 4252 2013 4310 quae
2040 4240 2187 4295 Deus
2202 4241 2499 4308 convertit,
2522 4240 2731 4297 habere
2754 4241 3131 4300 infallibilem

1765 4319 2158 4376 causalitatem
2187 4336 2360 4394 supra
2402 4327 2625 4377 nostras
2656 4323 3034 4395 operationes,
3069 4342 3131 4382 ac

1767 4399 2008 4472 proinde
2028 4401 2098 4459 ab
2118 4402 2333 4459 eisdem
2367 4403 2795 4475 operationibus
2815 4403 3088 4481 distingui
3114 4428 3126 4463 ε

1765 4497 1870 4539 nec
1897 4483 2012 4541 haec
2060 4485 2363 4541 causalitas
2409 4501 2641 4541 rursum
2686 4488 2904 4543 salvari
2955 4490 3123 4556 valet,

1764 4561 1878 4617 nisi
1927 4564 2212 4619 auxilium
2258 4563 2451 4620 efficax
2498 4564 2668 4621 addat
2709 4566 2926 4640 aliquid
2954 4585 3128 4642 supra

1765 4642 2053 4716 principia
2073 4644 2426 4710 sufficientia,
2446 4661 2547 4719 per
2566 4645 2715 4717 quod
2735 4647 3123 4707 determinen-

1764 4728 1877 4791 tur,
1932 4728 1988 4779 et
2035 4721 2428 4781 infallibiliter
2475 4725 2536 4781 in
2586 4732 2782 4783 nostra
2820 4744 2992 4801 opera
3027 4730 3125 4785 in-

1764 4801 1964 4869 fluant,
1991 4807 2048 4859 et
2070 4810 2482 4875 consequenter
2508 4803 2579 4861 ab
2599 4806 2684 4862 eis
2709 4805 3120 4881 distinguatur,

1762 4888 2023 4957 utsupra
2069 4882 2323 4939 diximus
2349 4884 2411 4940 in
2441 4887 2610 4943 tertia
2664 4887 3117 4949 confirmatione.

1838 4964 1922 5021 Ad
1949 4964 2258 5023 secundam
2281 4965 2658 5042 objectionem
2687 4971 3115 5043 respondemus»,
3135 4964 3327 5011 occurri·

1760 5044 1902 5102 duas
1932 5046 2242 5103 voluntatis
2260 5044 2773 5107 determinationes
2801 5056 3120 5114 necessario
3157 5022 3320 5110 ἑῖιιῖιῖῗιῖ.

3169 3768 3325 3819 ung.
