3647 5753
251 582 358 631 Vasti

438 395 543 449 374

435 568 573 638 disp.
600 565 728 626 204,
762 581 885 635 cap.
923 565 968 629 1,
995 580 1147 618 num.
1178 564 1233 619 5.
1259 564 1538 620 Caeterum
1566 560 1702 634 quia
1721 574 1794 651 ex

439 663 552 704 una
574 651 733 719 parte
762 661 877 701 non
900 649 1212 717 agnoscunt
1240 644 1536 718 physicam
1562 657 1794 716 opposi-

436 731 650 786 tionem
693 726 846 782 inter
887 731 1192 797 peccatum,
1224 730 1280 782 et
1316 724 1600 800 gratiam;
1641 728 1699 780 et
1724 737 1796 779 ex

366 832 371 837 ·
434 811 547 868 alia
577 812 736 882 parte
761 807 866 863 illa
905 806 1104 873 motio,
1133 812 1190 864 et
1215 806 1531 864 allicientia
1556 803 1822 876 moralis,

222 1870 420 1912 Bucerns.

223 1917 427 1970 Pighius.l

430 895 515 949 est
561 888 913 962 imperfecta,
962 892 1019 945 et
1064 887 1412 944 insufficieus
1439 909 1452 944 ε
1483 889 1798 961 ’propterea

431 975 842 1043 consequenter
869 974 1256 1034 asseruerunt,
1295 970 1542 1043 gratiam
1570 976 1626 1026 et
1667 986 1798 1044 pec-

433 1056 622 1110 catum
651 1066 769 1107 non
796 1048 1005 1121 opponi
1034 1063 1106 1104 ex
1132 1053 1340 1104 natura
1370 1048 1472 1116 rei,
1505 1055 1562 1105 et
1603 1065 1798 1122 pecca-

435 1140 558 1190 tum
585 1147 704 1189 non
730 1128 942 1202 expelli
970 1127 1295 1186 formaliter
1323 1144 1425 1201 per
1449 1129 1633 1186 solam
1659 1146 1796 1204 gra-

435 1216 597 1280 tiam,
628 1211 726 1270 sed
755 1210 971 1283 requiri
999 1211 1388 1267 extrinsecum
1411 1210 1510 1267 Dei
1537 1211 1795 1270 favorem

436 1293 582 1351 illud
628 1289 1023 1355 condonantis.
1078 1288 1186 1347 Sed
1231 1289 1477 1362 Ripalda
1527 1294 1798 1349 convenit

435 1392 564 1433 cum
604 1375 689 1430 eis
733 1373 798 1429 in
849 1372 1154 1429 asserendo
1200 1370 1346 1428 illud
1401 1371 1793 1445 principium:

433 1473 570 1532 ergo
610 1458 701 1512 vel
731 1455 1205 1527 inconsequenter
1235 1453 1506 1526 procedit,
1551 1457 1642 1512 vel
1674 1455 1797 1529 ejus

434 1539 631 1614 opinio
676 1554 792 1595 non
832 1535 1022 1594 differt
1066 1537 1137 1594 ab
1184 1536 1423 1593 illorum
1466 1539 1754 1595 sententia
1778 1562 1793 1605 ;

434 1637 606 1695 quam
648 1626 841 1676 tamen
880 1619 1002 1691 ipse
1047 1623 1370 1691 temperare
1414 1617 1697 1690 cupiebat,
1740 1624 1798 1676 et

435 1717 605 1775 quam
628 1700 884 1766 Suarius,
911 1704 973 1755 ut
993 1714 1178 1772 nuper
1205 1697 1477 1764 vidimus,
1508 1697 1658 1754 dixit
1675 1715 1798 1756 esse

439 1778 901 1854 improbabilem.
928 1782 1112 1837 Immo
1134 1778 1314 1836 relabi
1338 1778 1568 1836 videtur
1585 1779 1649 1835 in
1669 1794 1798 1836 sen·

437 1863 674 1920 tentiam
717 1859 936 1926 Buceri‚
970 1859 1189 1916 Alberti
1221 1860 1431 1933 Pighii‚
1461 1862 1520 1916 et
1541 1860 1797 1917 Canoni-

436 1957 635 2001 corum
665 1940 1111 2006 coloniensium,
1152 1939 1251 2013 qui
1272 1955 1474 1997 omnes
1494 1954 1797 2013 recognos-

437 2030 590 2092 cunt,
645 2022 891 2097 gratiam
941 2037 1065 2079 esse
1113 2020 1403 2094 quandam
1459 2021 1797 2094 qualitatem

436 2104 736 2171 eximiam,
791 2108 848 2158 et
891 2103 1264 2159 intrinsecam
1311 2101 1617 2176 justitiam,
1672 2118 1798 2174 quae

440 2191 740 2260 utcumque
766 2190 960 2243 movet
978 2187 1158 2242 Deum
1180 2185 1250 2242 ad
1268 2184 1646 2244 condonanda
1666 2200 1797 2257 pec-

436 2273 585 2331 cata;
623 2267 758 2340 quia
784 2270 977 2323 tamen
1014 2265 1348 2323 existimant
1373 2282 1496 2323 esse
1512 2266 1795 2340 justitiam

365 2366 370 2372 ·
438 2348 854 2421 imperfectam,
884 2351 941 2403 et
979 2346 1415 2403 insufficientem
1441 2346 1512 2403 ad
1543 2352 1797 2420 peccato-

243 3260 406 3310 Impug-

252 3315 372 3351 1131111·

221 3357 414 3409 amplius·

439 2445 570 2485 rum
619 2427 1039 2492 remissionem,
1081 2433 1493 2500 consequenter
1533 2432 1797 2486 asserunt

438 2508 838 2567 remissionem
886 2507 1092 2578 peccati
1134 2506 1260 2563 fieri
1306 2509 1649 2582 simpliciter
1677 2523 1796 2565 non

437 2605 537 2663 per
558 2589 806 2645 formam
837 2587 1238 2655 inhaerentem,
1269 2587 1367 2644 sed
1398 2605 1497 2661 per
1515 2589 1797 2646 extrinse-

433 2687 558 2728 cam
580 2669 681 2726 Dei
708 2667 1170 2739 acceptationem,
1199 2672 1258 2724 et
1280 2669 1792 2727 condonationem:

433 2750 581 2823 quod
614 2750 735 2825 jam
763 2763 965 2806 omnes
1001 2747 1273 2821 Theologi
1315 2754 1439 2821 post
1473 2749 1796 2806 Concilium

435 2830 841 2889 Tridentinum
863 2828 1246 2886 communiter
1268 2827 1469 2886 docent
1487 2844 1610 2889 esse
1628 2845 1795 2887 erro-

436 2928 556 2970 rem
588 2912 650 2967 in
679 2909 833 2976 Fide,
864 2914 920 2968 et
963 2908 1231 2966 damnari
1274 2909 1336 2965 in
1366 2910 1620 2968 Concilio
1659 2910 1797 2966 locis

433 2993 697 3066 superius
746 2991 951 3057 citatiS,
1010 2995 1070 3046 ut
1121 2990 1375 3047 vidimus
1395 2991 1525 3046 dub.
1577 2993 1624 3057 l,
1663 2995 1697 3061 ς
1735 2991 1793 3046 3.
1845 3063 1850 3067 ¹

437 3073 691 3130 Eandem
739 3076 948 3138 autem,
996 3076 1052 3128 et
1099 3085 1216 3128 non
1258 3071 1538 3144 majorem
1575 3071 1797 3144 perfec-

438 3154 653 3211 tionem
682 3151 879 3226 gratiae
905 3150 1167 3207 attribuit
1193 3149 1436 3224 Ripalda
1462 3171 1476 3207 ε
1506 3166 1661 3225 ergo,
1686 3155 1790 3208 etc.

520 3235 643 3289 llO.
675 3234 956 3288 Praeterea
982 3230 1109 3288 ideo
1137 3230 1435 3303 praedictus
1463 3231 1684 3287 Author
1713 3230 1797 3286 vi-

436 3312 604 3370 detur
630 3309 741 3367 sibi
780 3310 1023 3378 salvare,
1057 3314 1281 3383 peccata
1309 3309 1524 3366 remitti
1552 3308 1624 3366 de
1650 3308 1796 3367 facto

439 3409 540 3467 per
585 3391 832 3467 gratiam
862 3394 1133 3463 tanquam
1173 3405 1274 3463 per
1318 3406 1547 3446 causam
1577 3389 1796 3446 torma—

439 3475 567 3541 lem,
625 3475 687 3527 ut
737 3469 940 3527 definit
990 3469 1314 3528 Concilium
1360 3468 1790 3536 Tridentinum,

437 3556 571 3629 quia
610 3553 795 3629 gratia
822 3553 991 3610 habet
1028 3551 1149 3607 vim
1175 3551 1551 3609 sufficientem
1579 3551 1641 3608 in
1669 3557 1794 3609 actu

440 3637 627 3708 primo
648 3634 717 3691 ad
746 3632 1095 3691 movendum
1124 3634 1325 3697 Deum,
1358 3637 1418 3687 ut
1456 3636 1678 3705 peccata
1701 3648 1796 3689 re-

440 3716 654 3779 mittat3
684 3714 828 3770 sicut
856 3711 1131 3770 meritum
1159 3710 1331 3768 habet
1357 3712 1479 3768 vim
1506 3712 1795 3770 sufficien-

438 3802 553 3854 tem
582 3796 645 3850 in
696 3799 820 3850 act-u
868 3792 1075 3866 primo,
1125 3796 1188 3846 ut
1225 3796 1455 3848 moveat
1496 3794 1676 3849 Deum
1723 3792 1795 3851 ad

439 3875 660 3950 praemii
688 3873 1051 3930 collationem
1080 3891 1093 3925 :
1134 3886 1246 3943 qua
1290 3872 1511 3928 ratione
1540 3888 1655 3929 non
1684 3873 1794 3930 du-

438 3956 581 4013 bitat
606 3953 854 4029 gratiam
896 3950 1187 4025 appellare
1213 3950 1468 4020 (insolita
1495 3951 1796 4027 Theologis

439 4038 594 4107 voce)
633 4036 891 4090 meritum
923 4032 1233 4104 physicum.
1284 4032 1358 4086 At
1382 4030 1497 4087 11ωο
1544 4031 1706 4099 falso,
1738 4038 1795 4090 et

435 4119 911 4188 inconsequenter
938 4115 1320 4168 asseruntur:
1359 4123 1497 4186 ergo
1537 4112 1792 4185 Ripalda-2

434 4197 714 4263 doctrina,
738 4201 795 4252 et
822 4191 1116 4266 responsio
1141 4193 1412 4249 sustineri
1443 4208 1560 4248 non
1589 4199 1788 4266 potest.

433 4278 714 4335 Suadetur
753 4275 982 4333 minor:
1025 4278 1149 4329 tum
1188 4273 1324 4346 quia
1362 4274 1636 4330 meritum
1676 4292 1792 4335 non

429 4365 516 4418 est
555 4374 721 4415 causa
761 4354 1023 4413 formalis
1051 4354 1295 4428 praemii,
1342 4354 1433 4411 vel
1472 4355 1612 4429 ejuS,
1643 4358 1792 4428 quod

435 4444 558 4498 loco
588 4439 811 4512 praemii
850 4454 911 4494 se
935 4437 1083 4511 gerit
1112 4460 1126 4503 ;
1156 4436 1255 4493 sed
1282 4436 1464 4510 magis
1505 4435 1673 4494 habet
1696 4456 1794 4497 ra-

436 4521 652 4579 tionem
701 4534 880 4576 causae
918 4516 1215 4575 efficientis
1254 4516 1535 4574 moralis:
1562 4534 1675 4590 qua
1705 4536 1793 4577 ra·

437 4606 594 4662 tione
641 4602 837 4658 nullus
902 4602 1162 4667 asseruit,
1212 4615 1439 4656 causam
1488 4600 1792 4661 formalem

440 4684 813 4745 beatitudinis
827 4699 947 4740 esse
968 4699 1109 4755 opus
1123 4681 1338 4739 bonum
1360 4680 1571 4739 factum
1589 4683 1650 4739 in
1675 4686 1789 4744 via:

438 4783 575 4842 ergo
613 4768 663 4824 si
713 4766 898 4841 gratia
922 4781 983 4821 se
1009 4764 1178 4821 habet
1212 4780 1312 4836 per
1339 4764 1574 4822 modum
1597 4768 1791 4825 meriti

439 4849 641 4904 saltem
687 4846 927 4920 physici,
978 4850 1040 4901 ut
1077 4846 1177 4903 1119
1222 4846 1493 4917 loquitur,
1536 4849 1792 4919 sequitur

438 4930 681 5002 gratiam
714 4943 830 4984 non
854 4943 975 4985 esse
999 4942 1227 4984 causam
1255 4927 1560 4985 formalem
1584 4931 1791 4987 remis-

440 5008 620 5065 sionis
641 5013 997 5081 peccatorum
1022 5031 1037 5075 ;
1067 5007 1215 5082 quod
1255 5013 1340 5065 est
1363 5012 1562 5065 contra
1590 5011 1792 5068 Conci-

1385 389 1476 444 DE
1510 387 2090 442 JUSTIFICATIONE
2132 389 2331 444 1MP11.

1925 560 2069 616 lium
2112 561 2539 618 Tridentinum.
2590 564 2635 616 T
2643 579 2738 619 um
2789 565 2984 627 etiam,
3043 567 3181 638 quia
3227 574 3287 622 ut

1924 640 2144 714 aliquid
2184 642 2260 697 sit
2283 657 2343 698 ca
2353 658 2452 698 usa
2473 642 2736 699 formalis
2762 644 3004 718 aliqu'us
3027 646 3276 714 91190105,

1926 738 2044 780 11011
2064 739 2128 779 50
2137 723 2444 797 fficit‚quod
2464 738 2535 780 ex
2551 732 2686 781 natu
2696 740 2759 782 ra
2772 742 2875 783 sua
2891 728 3060 783 illum
3074 729 3281 802 exigat,

1922 803 1974 858 si
2000 802 2229 860 91190105
2258 820 2358 876 per
2396 804 2627 877 aliquod
2655 804 2814 862 aliud
2849 806 3284 879 superadditum

1928 883 2317 956 praestandum
2355 890 2460 941 est.
2492 886 2646 941 Sicut
2672 886 2861 944 forma
2885 887 3284 946 substantialis

1927 965 2067 1036 petit
2093 981 2164 1022 ex
2192 972 2399 1021 natura
2422 982 2527 1021 sua
2550 968 2944 1025 extensionem
2972 970 3040 1025 in
3079 969 3284 1027 ordine

1927 1045 1998 1102 ad
2027 1047 2241 1111 locum;
2269 1053 2324 1104 et
2350 1052 2543 1105 tamen
2581 1050 2717 1121 quia
2745 1050 2862 1106 haec
2885 1053 3146 1110 extensio
3168 1069 3286 1111 non

1929 1125 1993 1183 fit
2026 1128 2359 1185 immediate
2397 1145 2499 1201 per
2535 1130 2784 1188 formam
2824 1132 3282 1200 substantialem,

1927 1207 2025 1264 sed
2054 1222 2155 1279 per
2194 1209 2591 1279 quantitatem,
2625 1218 2925 1284 propterea
2952 1229 3070 1270 non
3099 1214 3284 1272 forma

1927 1286 2343 1354 substantialis,
2361 1289 2459 1345 sed
2480 1293 2767 1362 quantitas
2779 1300 2863 1350 est
2883 1310 3052 1351 causa
3073 1295 3282 1352 forma-

1930 1366 2002 1423 lis
2030 1366 2311 1439 praedictae
2336 1370 2709 1428 extensionis.
2744 1375 2809 1429 Et
2833 1373 3033 1431 eadem
3066 1375 3286 1433 ratione

1929 1453 2136 1505 natura
2155 1447 2549 1507 substantialis
2575 1468 2692 1509 non
2717 1459 2801 1510 est
2827 1471 2993 1512 causa
3022 1455 3285 1512 formalis

1927 1542 2130 1585 eorum
2154 1527 2478 1597 effectuum,
2507 1548 2649 1604 quos
2684 1541 2955 1605 praestant
2974 1536 3284 1593 accidentia

1928 1607 1999 1664 ab
2025 1623 2092 1665 ea
2116 1607 2567 1675 dimanantia‚ut
2588 1621 2722 1685 puta
2741 1630 2864 1671 esse
2884 1615 3160 1682 calidum,
3193 1617 3280 1673 vel

1925 1689 2267 1757 coloratum;
2288 1693 2554 1763 quamvis
2577 1700 2785 1750 natura
2801 1695 3099 1768 praedictos
3117 1697 3284 1755 effee-

1930 1774 2018 1826 tus
2036 1770 2243 1845 exigat.
2276 1775 2398 1837 Qua
2417 1775 2593 1831 etiam
2619 1774 2689 1832 de
2709 1791 2879 1833 causa
2906 1778 3045 1835 unio
3071 1778 3283 1853 hypos-

1930 1850 2097 1907 tatica
2141 1866 2259 1908 non
2297 1860 2402 1920 est,
2434 1870 2539 1910 nec
2561 1853 2772 1913 dicitur
2811 1873 2978 1914 causa
3021 1859 3283 1916 formalis

1929 1932 2185 2005 plurium
2229 1933 2551 2001 effectuum,
2599 1953 2742 2009 quos
2765 1940 2943 2013 exigit
2968 1939 3032 1996 in
3060 1940 3284 1998 Christo

1928 2013 2191 2079 Domino,
2217 2031 2273 2071 v.
2297 2031 2350 2088 g.
2382 2030 2504 2071 esse
2530 2017 2868 2088 sapientem,
2900 2021 2992 2077 vel
3018 2026 3280 2077 sanctum

1929 2110 2031 2166 per
2062 2096 2309 2169 gratiam
2350 2095 2757 2156 accidentalem
2778 2121 2793 2164 ς
2831 2100 2969 2173 quia
3021 2100 3283 2159 videlicet

1928 2174 1991 2231 hi
2023 2175 2253 2233 effectus
2281 2192 2399 2234 non
2422 2180 2927 2238 communicantur
2952 2182 3284 2240 immediate

1929 2270 2030 2327 per
2057 2257 2242 2331 ipsam
2264 2257 2561 2325 unionem,
2589 2259 2686 2315 sed
2712 2277 2811 2332 per
2832 2262 3082 2319 sormam
3106 2265 3283 2322 aliam

1927 2335 1999 2393 ab
2028 2337 2241 2394 unione
2265 2344 2545 2405 exactam,
2591 2345 2647 2396 et
2672 2339 3023 2400 distinctam.
3057 2345 3125 2399 Et
3151 2351 3284 2400 tan·-

1926 2416 2059 2474 dem
2101 2418 2306 2491 gratia,
2354 2423 2411 2474 et
2457 2422 2729 2478 meritum
2779 2423 2951 2478 unius
2979 2425 3000 2499 j
3011 2424 3119 2480 usti
3166 2440 3282 2481 non

1925 2502 2061 2554 sunt
2080 2512 2247 2553 causa
2267 2497 2530 2555 formalis
2552 2501 2911 2559 remissionis
2926 2511 3283 2576 peccatorum

1927 2579 1991 2635 in
2018 2579 2133 2636 alio
2160 2579 2414 2646 homine,
2447 2581 2578 2639 licet
2590 2583 2777 2657 justus
2796 2589 2965 2656 queat
2991 2601 3092 2658 per
3117 2603 3284 2644 suam

1925 2662 2194 2734 gratiam,
2219 2667 2276 2719 et
2302 2663 2577 2721 meritum
2608 2667 2787 2721 Deum
2816 2683 3068 2734 movere,
3110 2674 3166 2725 et
3186 2671 3285 2728 al-

1927 2742 2119 2808 licere,
2147 2747 2208 2797 ut
2226 2743 2395 2800 alteri
2418 2749 2637 2817 peccata
2657 2745 2928 2804 dimittat.
2954 2749 3071 2806 Hoc
3089 2754 3282 2806 autem

1927 2821 2114 2889 modo,
2155 2829 2212 2881 et
2248 2841 2365 2883 non
2405 2826 2722 2902 urgentiori
2750 2828 3042 2904 exigentia
3080 2833 3287 2891 asserit

1928 2902 2188 2976 Ripalda,
2219 2906 2464 2978 gratiam
2492 2922 2832 2964 concurrere
2876 2908 2947 2965 ad
2988 2912 3285 2970 remissio—
3304 2931 3511 2985 Ripalda.

1928 3000 2062 3042 nem
2084 2990 2440 3056 peccatorum
2464 2987 2526 3042 in
2552 2988 2784 3059 proprio
2805 2992 3094 3062 supposito
3116 3009 3292 3068 :ergo

1929 3066 2019 3122 vel
2042 3066 2519 3139 inconsequenter
2538 3069 2814 3141 loquitur,
2840 3071 2931 3127 vel
2956 3074 3129 3129 sentit
3146 3091 3291 3148 gra-

1925 3145 2069 3202 tiam
2098 3162 2216 3202 non
2242 3162 2362 3204 esse
2383 3164 2612 3205 causam
2641 3148 2946 3208 formalem
2988 3154 3290 3215 remissio—

1927 3228 2019 3285 nis
2046 3227 2430 3301 peccatorum,
2467 3246 2530 3287 ac
2558 3232 2797 3305 proinde
2831 3233 3285 3307 justificationis,

1926 3326 2051 3384 quae
2077 3310 2242 3366 illam
2268 3313 2667 3370 remissionem
2687 3316 3103 3388 complectitur.
3125 3319 3289 3383 Quod

1929 3395 2122 3447 tamen
2150 3398 2342 3464 aperte
2367 3393 2704 3451 contradicit
2729 3393 3104 3455 declarationi
3133 3401 3289 3456 Con-

1925 3473 2045 3529 citii
2074 3473 2403 3531 Tridentini
2433 3476 2570 3532 locis
2593 3477 2954 3535 citatiS.Tum
2984 3486 3283 3553 praeterea,

1927 3569 2065 3610 nam
2101 3552 2402 3627 praedictus
2440 3555 2661 3615 Author
2703 3557 2829 3615 ideo
2849 3560 3050 3616 asserit
3078 3564 3284 3630 Deum,

1927 3635 2109 3708 posita
2149 3635 2444 3693 infusione
2465 3639 2697 3711 gratiae,
2731 3655 2848 3696 non
2869 3643 3205 3711 necessario,
3229 3652 3291 3703 et

1926 3715 2463 3789 indispensabiliter
2485 3718 2783 3779 destruere
2811 3727 3117 3794 peccatum,
3148 3727 3287 3799 quia

1926 3813 2044 3854 non
2069 3797 2222 3855 videt
2246 3798 2310 3854 in
2332 3814 2400 3856 ea
2423 3804 2642 3858 tantam
2666 3802 3287 3877 bonitatem,quantam

1926 3878 2211 3935 malitiam
2242 3878 2394 3936 videt
2443 3881 2506 3937 in
2533 3881 2674 3939 hoc:
2724 3891 2778 3941 et
2821 3886 3015 3941 minus
3040 3885 3143 3943 illa
3171 3888 3284 3960 ipsi

1924 3960 2253 4031 complacet,
2285 3976 2347 4016 ac
2373 3960 2636 4033 displicet
2662 3964 2834 4020 istud.
2861 3966 2945 4021 Ex
2966 3966 3068 4022 hoc
3088 3973 3282 4026 autem

1924 4040 2183 4098 discursu
2222 4042 2520 4100 evidenter
2557 4047 2833 4117 sequitur,
2881 4049 3128 4120 gratiam
3166 4066 3284 4108 non

1923 4123 2136 4181 habere
2156 4124 2339 4182 adhuc
2360 4127 2659 4184 moraliter
2679 4129 2803 4185 vim
2823 4129 3191 4188 sufficientem
3216 4132 3285 4189 in

1925 4210 2050 4261 actu
2080 4206 2271 4278 primo
2298 4205 2368 4262 ad
2395 4205 2839 4266 destructionem
2869 4212 3075 4282 peccati
3101 4234 3114 4268 :
3138 4213 3289 4269 sicut

1925 4300 2029 4342 nec
2066 4286 2341 4342 meritum
2379 4286 2585 4359 gaudet
2620 4288 2676 4344 vi
2722 4290 3022 4348 sufficienti
3066 4292 3126 4348 in
3156 4298 3285 4349 actu

1926 4365 2115 4437 primo
2153 4364 2223 4421 ad
2265 4366 2492 4439 aliquod
2542 4369 2866 4439 praemium,
2909 4371 3138 4443 quando
3166 4388 3286 4429 non

1925 4444 2562 4518 habetadaequationem
2577 4464 2708 4504 cum
2734 4449 2853 4506 illo.
2885 4454 3065 4514 Quam
3090 4459 3285 4509 tamen

1925 4526 2045 4582 vim
2090 4525 2480 4595 sufficientem,
2512 4534 2567 4584 et
2595 4529 2656 4585 in
2684 4533 2808 4585 actu
2839 4531 3029 4602 primo
3056 4533 3285 4591 Author

1924 4605 2028 4662 ille
2049 4622 2165 4663 non
2208 4607 2378 4664 audet
2401 4609 2599 4682 gratiae
2619 4608 2921 4683 denegare,
2947 4628 3020 4669 ne
3048 4630 3287 4685 prorsus

1925 4694 2090 4761 neget
2127 4689 2375 4762 gratiam
2418 4690 2741 4748 formaliter
2770 4693 3059 4764 expellere
3089 4710 3291 4767 pecca-

1924 4773 2047 4823 tum
2079 4789 2091 4823 :
2119 4785 2255 4844 ergo
2283 4786 2385 4826 nec
2409 4770 2541 4836 sibi,
2575 4786 2679 4827 nec
2705 4772 2934 4829 veritati
2962 4782 3198 4843 constat,
3228 4785 3293 4833 et

1921 4850 2061 4905 satis
2076 4850 2552 4924 inconsequenter
2568 4852 2995 4924 procedit.Tu1n
3011 4855 3286 4930 denique,

1921 4932 2056 5003 quia
2092 4948 2163 4990 ex
2183 4934 2305 5007 ejus
2323 4931 2585 5003 doctrina
2621 4936 2897 5007 sequitur,
2929 4943 3115 4995 actum
3141 4956 3294 4997 con-

1926 5014 2296 5081 tritioni5‚x·el
2317 5015 2531 5072 amoris
2556 5017 2651 5074 Dei
2668 5034 2840 5091 super
2855 5021 3051 5077 omnia
3071 5037 3194 5079 esse
3214 5022 3294 5081 de

3137 5104 3296 5163 facto
