3647 5753
1416 361 1594 418 mse.
1647 364 1718 431 11,
1762 364 1929 420 DUB.
1973 366 2064 423 v1.
3035 384 3144 438 457

276 524 589 580 actualiter
610 525 679 581 ad
701 525 949 583 eundem
973 526 1149 585 finem
1159 553 1171 597 ;
1196 533 1471 605 sequitur,
1504 533 1651 606 quod

274 603 484 660 debeat
504 607 890 664 essentialiter
907 609 1210 680 procedere
1232 628 1263 667 a
1288 613 1475 686 gratia
1494 629 1651 670 sanc-

277 681 556 741 tificante.
603 688 715 743 Per
740 688 889 760 quod
925 682 1209 746 refellitur
1235 695 1428 751 evasio
1461 695 1650 769 cujus-

271 755 412 814 dam
430 759 684 833 junioris
699 762 1008 819 Thomistae
1026 763 1266 822 dicentis
1279 769 1332 825 S.
1344 771 1564 827 Doctor.
1587 767 1648 823 in

271 840 568 913 praedictis
591 843 936 901 testimoniis
963 846 1405 920 intelligendum
1434 867 1556 907 esse
1579 852 1649 908 de

271 923 486 981 ordine
507 924 578 980 ad
608 925 882 981 ultimum
909 925 1087 983 finem
1122 934 1641 1001 supernaturalem,

277 1013 340 1063 ut
387 1008 722 1074 informatO,
767 1014 823 1066 et
867 1008 1198 1082 dignificato
1251 1029 1352 1084 per
1395 1013 1645 1087 gratiam

271 1089 767 1158 sanctificantem;
799 1107 916 1148 non
945 1108 1083 1148 vero
1122 1092 1192 1149 de
1239 1094 1507 1167 praedicto
1545 1113 1646 1154 or-

273 1170 414 1228 dine
468 1171 782 1243 secundum
828 1174 1076 1244 speciem
1123 1175 1502 1233 considerato.
1559 1178 1638 1247 ld,

274 1254 540 1328 inquam,
562 1254 846 1311 refellitur
865 1271 935 1311 ex
957 1256 1121 1312 dictis
1150 1276 1162 1310 z
1186 1258 1460 1329 quoniam
1489 1276 1644 1332 aeque

274 1335 545 1408 probant,
575 1340 629 1392 et
652 1341 806 1392 actus
828 1336 1185 1408 reliquarum
1211 1338 1491 1396 virtutum
1515 1339 1642 1397 fieri

275 1418 575 1483 formatoS,
620 1422 677 1474 et
702 1419 867 1474 vivos
913 1435 1014 1491 per
1040 1418 1307 1476 ordinem
1349 1421 1417 1477 ad
1466 1425 1641 1480 Deum

275 1500 551 1555 ultimum
600 1498 777 1554 finem
824 1502 1324 1571 supernaturalem
1351 1526 1365 1570 ;
1394 1508 1452 1559 et
1493 1503 1642 1576 quod

275 1587 337 1636 ut
364 1582 447 1638 sic
470 1570 703 1637 formati
725 1580 969 1637 debeant
991 1580 1236 1637 radicari
1262 1585 1323 1639 in
1349 1585 1554 1658 gratia,
1587 1590 1644 1641 et

279 1678 381 1733 per
426 1678 555 1718 eam
602 1660 949 1736 dignificari.
1002 1664 1168 1729 Nam,
1226 1670 1288 1718 ut
1328 1666 1532 1739 repetit
1574 1667 1635 1721 D.

278 1743 480 1799 Thom.
511 1742 698 1799 forma
738 1742 977 1799 moralis
1001 1748 1085 1798 est
1113 1742 1254 1800 ordo
1293 1746 1642 1818 operationis

280 1820 349 1877 ad
377 1823 649 1878 ultimum
672 1822 869 1891 finem,
898 1823 1044 1877 sicut
1072 1822 1194 1894 ipse
1222 1823 1357 1881 finis
1402 1827 1642 1882 ultimus

278 1908 361 1960 est
402 1904 589 1961 forma
637 1906 969 1969 voluntatis,
1020 1908 1075 1959 et
1123 1906 1379 1976 primum
1422 1908 1640 1985 princiss

280 1985 436 2056 pium
466 1987 529 2042 in
557 1987 892 2059 operativis.
946 1987 1016 2039 Et
1060 1994 1471 2061 consequenter
1525 1991 1639 2046 im-

280 2065 468 2136 plicat,
508 2072 697 2124 actum
750 2069 813 2123 in
841 2067 1047 2125 ordine
1083 2071 1529 2142 supernaturali,
1583 2077 1640 2127 et

280 2149 484 2204 morali
514 2149 776 2206 ordinari
830 2152 1128 2209 actualiter
1168 2151 1237 2208 ad
1271 2152 1538 2208 ultimum
1568 2152 1637 2208 fi-

280 2222 430 2293 nem,
455 2237 513 2287 et
537 2231 684 2304 quod
714 2232 776 2287 in
796 2233 995 2289 eodem
1026 2233 1230 2290 ordine
1261 2250 1375 2289 non
1398 2235 1470 2289 sit
1491 2235 1636 2291 sim-

277 2308 505 2379 pliciter
538 2312 725 2376 vivuS,
760 2319 814 2367 et
862 2314 1177 2370 formatus:
1223 2331 1347 2386 quae
1394 2315 1530 2381 vita,
1583 2322 1637 2372 et

276 2387 553 2446 formatio
573 2407 690 2446 non
715 2392 952 2450 habetur
981 2394 1190 2467 absque
1215 2396 1401 2468 gratia
1422 2397 1636 2452 sancti-

271 2468 499 2528 ficante.

84 2546 237 2606 conljr-
344 2552 484 2608 226.
530 2551 592 2607 Id
612 2554 762 2625 quod
800 2557 1044 2629 amplius
1084 2557 1405 2615 ostenditur
1440 2575 1511 2623 ex
1536 2575 1636 2616 eo-

66 2601 398 2689 affii‘rissaedem
458 2636 512 2691 S.
569 2637 835 2705 Doctore;
886 2654 1019 2694 nam
1080 2640 1310 2697 credere
1350 2641 1413 2696 in
1455 2643 1634 2699 Deum

111 2704 235 2790 gffffi
268 2728 452 2786 supra
472 2714 702 2773 credere
719 2719 848 2782 Deo,
868 2714 970 2773 'vel
993 2720 1224 2778 credere
1254 2723 1452 2787 Deum,
1485 2722 1632 2794 quod

268 2795 526 2865 pertinet
546 2796 614 2852 ad
637 2798 883 2869 speciem
903 2802 1267 2857 essentialem
1292 2814 1446 2857 actus
1478 2800 1627 2870 fidei,

271 2889 386 2930 non
406 2873 568 2931 addit
588 2876 702 2932 nisi
731 2878 995 2936 ordinem
1017 2886 1170 2937 actus
1200 2880 1331 2938 fidei
1354 2881 1423 2937 ad
1452 2885 1631 2938 Deum

278 2954 543 3011 ultimum
571 2955 747 3013 finem
789 2962 1312 3031 supernaturalem,
1345 2968 1407 3017 ut
1456 2963 1633 3019 tradit

80 3024 131 3064 ⁰·
151 3021 248 3066 ”²⁰-
278 3036 344 3114 D.
371 3036 567 3093 Thom.
599 3040 654 3105 2,
687 3040 741 3104 2,
770 3050 952 3118 quaest.
979 3044 1033 3107 2,
1059 3049 1170 3097 art.
1202 3043 1256 3107 2,
1292 3043 1381 3099 his
1402 3042 1629 3121 verbis:

280 3136 307 3167 «
332 3115 389 3170 Si
415 3116 801 3176 consideretur
829 3121 1110 3195 objectum
1154 3120 1285 3178 fidei
1317 3124 1630 3180 secundum

277 3218 302 3248 α
330 3197 473 3269 quod
519 3199 842 3256 intellectus
881 3208 966 3258 est
1012 3208 1203 3259 motus
1247 3219 1280 3259 a
1312 3205 1624 3272 voluntate,

271 3298 296 3328 α
323 3277 403 3334 sic
440 3280 674 3350 ponitur
710 3287 864 3338 actus
891 3280 1025 3339 fidei
1053 3282 1285 3340 credere
1333 3285 1395 3340 in
1425 3286 1623 3342 Deum.

277 3377 303 3408 α
330 3357 555 3414 Veritas
581 3359 741 3416 enim
787 3362 981 3433 prima
1038 3361 1109 3418 ad
1151 3365 1505 3421 voluntatem
1546 3383 1631 3422 re·

264 3459 289 3488 «
323 3438 501 3496 fertur
528 3484 541 3508 ,
593 3440 905 3498 secundum
952 3442 1101 3514 quod
1132 3444 1300 3501 habet
1344 3447 1628 3503 rationem

266 3540 290 3571 α
312 3517 498 3579 finis.»
528 3524 596 3577 Et
618 3523 679 3578 in
709 3539 861 3595 resp.
886 3524 956 3580 ad
982 3527 1037 3591 4,
1061 3527 1248 3599 inquit
1276 3547 1288 3581 ε
1316 3530 1628 3585 «Voluntas

265 3621 290 3650 α
319 3607 512 3658 movet
534 3603 912 3671 intellectum,
953 3612 1010 3662 et
1030 3609 1175 3663 alias
1215 3608 1370 3663 vires
1415 3610 1626 3666 animae

265 3701 290 3731 α
318 3680 381 3736 in
407 3680 587 3740 finem
614 3706 626 3743 z
657 3689 716 3740 et
740 3685 1058 3743 secundum
1081 3688 1187 3744 hoc
1210 3689 1445 3760 ponitur
1473 3695 1629 3746 actus

265 3781 291 3814 α
318 3760 450 3819 fidei
502 3763 737 3821 credere
783 3768 984 3824 Deum.
1035 3789 1062 3820 >2
1118 3770 1187 3822 Et
1240 3768 1627 3827 nihilominus

256 3844 517 3913 quamvis
540 3844 773 3902 credere
793 3849 926 3913 De0,
960 3848 1052 3904 vel
1100 3851 1280 3905 Deum
1311 3851 1488 3921 possit
1508 3852 1627 3907 sal-

255 3926 378 3981 vari
401 3926 614 4000 absque
634 3929 821 4001 gratia
838 3929 1247 3999 sanctificante,
1279 3933 1383 3989 hoc
1406 3938 1619 4000 tamen,

255 4007 399 4079 quod
425 4016 509 4065 est
537 4011 748 4065 credere
776 4012 842 4066 in
871 4012 1065 4079 Deum,
1100 4014 1349 4072 minime
1377 4016 1624 4089 reperiri

254 4091 403 4146 valet
422 4092 636 4164 absque
658 4091 928 4164 praedicta
949 4095 1153 4167 gratia,
1185 4103 1245 4151 ut
1267 4097 1443 4152 tradit
1470 4096 1623 4154 idem

252 4169 307 4224 S.
332 4172 539 4228 Doctor
560 4180 739 4242 quaest.
766 4174 858 4238 28,
883 4174 946 4227 de
984 4173 1236 4240 Veritate,
1262 4183 1371 4232 art.
1416 4177 1451 4230 4
1473 4178 1548 4232 ad
1566 4179 1618 4243 6,

255 4247 346 4305 his
387 4252 585 4308 verbis
634 4273 647 4308 ε
693 4254 1017 4320 Dicendum,
1064 4257 1207 4332 quod
1256 4257 1377 4311 licet
1415 4258 1622 4313 credere

251 4329 385 4399 Deo,
410 4334 493 4387 vel
520 4332 692 4388 Deum
707 4336 882 4407 possit
901 4351 1011 4389 esse
1029 4338 1146 4390 sine
1157 4337 1419 4407 jastium·
1438 4345 1621 4393 tamen

255 4414 552 4469 crederem
590 4413 784 4481 Deum,
833 4416 976 4491 quod
1024 4424 1101 4471 est
1148 4425 1302 4473 actus
1338 4420 1466 4490 fidei
1497 4422 1621 4493 sor·

252 4502 426 4563 matoe,
459 4499 578 4552 sine
606 4498 813 4566 qratia,
855 4498 937 4552 vel
963 4500 1191 4569 justitia
1226 4518 1336 4555 esse
1376 4519 1484 4557 non
1518 4519 1620 4575 po-

254 4579 368 4631 test.
400 4578 469 4632 Et
494 4576 751 4649 loquitur
779 4576 849 4633 de
891 4580 1078 4652 gratia
1103 4580 1513 4649 sanctificante,
1556 4589 1619 4639 ut

254 4654 552 4714 evidenter
591 4662 808 4713 constat
848 4673 918 4714 ex
954 4667 1313 4732 argumento,
1359 4663 1449 4718 cui
1494 4680 1618 4720 res-

255 4737 479 4809 pondet.
506 4741 659 4814 Ergo
686 4739 835 4813 apud
865 4742 927 4797 D.
960 4742 1169 4799 Thom.
1194 4749 1349 4800 actus
1375 4743 1530 4812 fidei,
1562 4753 1618 4804 et

252 4818 499 4878 aliarum
540 4821 847 4889 virtutum,
897 4827 1178 4895 quatenus
1221 4824 1464 4882 tendunt
1492 4833 1615 4885 actu

256 4899 319 4954 in
339 4901 520 4958 Deum
551 4901 824 4958 ultimum
852 4901 1049 4971 finem,
1081 4909 1235 4971 sunt,
1267 4910 1322 4961 et
1348 4905 1618 4964 dicuntur

258 4977 506 5048 formati,
540 4987 596 5039 et
614 4982 721 5038 sub
736 4983 937 5040 eadem
962 4984 1185 5041 ratione
1206 5001 1239 5041 a
1253 4987 1439 5059 gratia
1459 5004 1617 5045 sanc-

403 5063 889 5148 SalmanstCurS.
915 5067 1139 5140 theolog).
1172 5075 1302 5126 tom.
1333 5068 1402 5128 Χ.

1787 535 2037 596 tificante
2075 541 2406 613 procedunt.
2453 546 2523 601 Et
2573 558 2982 622 consequenter
3018 570 3149 608 cum

1786 634 1950 677 amor
1996 623 2290 681 charitatis
2330 630 2730 698 essentialiter,
2774 638 2830 688 et
2867 633 3151 690 intransi-

1785 701 1902 757 tive
1955 702 2225 775 importet
2278 707 2614 780 praedictum
2654 711 2940 781 ordinem,
2986 715 3152 772 debet

1782 785 2162 843 essentialiter
2182 804 2302 845 esse
2324 789 2621 857 formatuS,
2652 800 2707 849 et
2732 812 2763 851 a
2784 796 2969 869 gratia
2991 812 3151 853 sanc·

1783 862 2034 921 tificante
2082 867 2406 938 procedere.
2467 870 2632 927 Unde
2682 876 3032 941 voluntarie,
3090 880 3147 933 et

1782 943 1991 1016 absque
2038 946 2415 1006 fundamento
2459 952 2752 1019 asseritur,
2814 954 3144 1026 praedictum

1780 1024 2047 1082 ordinem
2069 1028 2383 1084 secundum
2418 1046 2477 1086 se
2506 1048 2624 1088 non
2650 1049 2771 1089 esse
2806 1033 3142 1102 formatum,

1780 1110 1871 1163 vel
1893 1108 1962 1164 ab
1992 1109 2404 1169 informatione
2419 1114 2636 1187 gratiae,
2663 1131 2761 1171 seu
2786 1117 2916 1175 vitae
2943 1134 3149 1191 super-

1780 1190 2063 1245 naturalis
2089 1191 2431 1263 simpliciter
2468 1193 2600 1249 talis
2647 1196 3047 1267 praescindere,
3092 1205 3149 1256 et

1779 1285 1941 1340 posse
1976 1286 2212 1328 manere
2253 1271 2585 1330 informem.
2632 1275 2787 1339 Quod
2834 1283 3025 1349 aperte
3053 1294 3148 1335 re-

1778 1350 1985 1406 futavit
2006 1351 2160 1408 idem
2190 1354 2255 1408 D.
2278 1354 2485 1410 Thom.
2514 1356 2574 1410 in
2609 1358 2661 1423 3,
2701 1358 2827 1413 dist.
2876 1360 2968 1425 27,
3002 1378 3053 1436 q.
3087 1362 3141 1427 2,

1775 1438 1886 1486 art.
1919 1434 1975 1496 4,
2007 1435 2318 1510 quoestiunc.
2357 1436 2411 1499 4,
2446 1436 2506 1489 in
2531 1453 2767 1510 corpore,
2801 1445 2850 1492 et
2881 1439 2956 1493 ad
2993 1442 3046 1506 3,
3094 1449 3144 1495 et

1776 1515 1837 1568 in
1875 1515 1929 1579 2,
1961 1517 2015 1579 2,
2049 1523 2231 1593 quaest.
2263 1517 2355 1581 24,
2388 1523 2499 1572 art.
2559 1520 2621 1572 12
2653 1520 2727 1573 ad
2779 1522 2833 1586 5,
2867 1520 2964 1576 ubi
3008 1521 3089 1576 ait
3130 1545 3143 1579 ε

1783 1616 1808 1647 α
1840 1595 2100 1652 Charitas
2135 1597 2408 1670 importat
2436 1597 2713 1655 unionem
2741 1600 3030 1671 quandam
3075 1603 3146 1658 ad

1783 1696 1807 1727 α
1839 1677 2039 1740 Deum.
2075 1693 2192 1734 non
2221 1684 2412 1734 autem
2441 1675 2597 1743 fides,
2633 1697 2736 1737 nec
2773 1698 2918 1754 speS.
2961 1685 3146 1740 Omne

1780 1778 1805 1808 «
1838 1763 2025 1814 autem
2059 1765 2345 1830 peccatum
2376 1759 2635 1816 consistit
2680 1762 2743 1817 in
2771 1763 3074 1820 aversione
3107 1781 3141 1819 a

1779 1858 1804 1889 α
1843 1840 1975 1895 Deo.
2002 1841 2069 1893 Et
2095 1838 2221 1895 ideo
2244 1855 2416 1895 omne
2439 1847 2724 1912 peccatum
2747 1846 2993 1900 mortale
3013 1860 3142 1900 con-

1778 1941 1803 1971 «
1841 1921 2119 1977 trariatur
2174 1922 2463 1978 charitati.
2534 1923 2697 1980 Unde
2763 1932 2932 1998 patet,
2989 1927 3141 2000 quod

1780 2022 1805 2054 α
1834 2002 2082 2058 charitas
2123 2020 2240 2059 non
2286 2011 2465 2076 potest
2509 2022 2812 2062 remanere
2848 2008 3134 2077 informiS‚

1779 2102 1804 2132 α
1836 2098 1963 2137 cum
1992 2083 2066 2137 sit
2107 2085 2314 2140 ultima
2355 2085 2542 2141 forma
2583 2086 2865 2141 virtutum
2913 2104 2983 2144 ex
3012 2089 3134 2157 hoc,

1779 2184 1802 2214 «
1834 2162 1981 2236 quod
2044 2165 2274 2238 respicit
2325 2168 2503 2222 Deum
2555 2167 2621 2222 in
2672 2168 2894 2225 ratione
2946 2170 3138 2225 ultimi

1777 2266 1801 2296 «
1839 2244 1993 2300 finiS.
2025 2268 2047 2298 n
2094 2249 2180 2302 En
2228 2249 2512 2305 rationem
2542 2248 2891 2321 adaequatam
2923 2251 3140 2307 forma-

1772 2327 1965 2394 tioniS,
1998 2335 2053 2384 et
2083 2328 2214 2385 vitae
2236 2331 2696 2403 supernaturalis
2723 2332 3139 2398 moralis.Quid

1769 2410 2094 2467 evidentius
2112 2414 2138 2467 ⁸?

1847 2494 1978 2549 227.
2021 2493 2214 2550 Tertio
2254 2495 2577 2552 ostenditur
2626 2497 2825 2554 eadem
2878 2499 3073 2555 minor
3121 2522 3132 2556 ε
3185 2514 3315 2571 Amor

1769 2575 2042 2645 quoniam
2084 2575 2256 2631 homo
2283 2576 2478 2648 nequit
2501 2592 2616 2633 non
2653 2579 2850 2635 vivere
2892 2580 3126 2653 simpli·
3147 2563 3329 2656 εῗξξὲξξ·

1769 2657 1908 2713 citer
1952 2657 2072 2720 vita
2110 2660 2556 2730 supernaturali,
2613 2666 2668 2717 et
2720 2663 2950 2730 morali,
3003 2661 3340 2753 cumfssquiva:

1768 2736 2046 2809 adimplet
2064 2739 2402 2807 formaliter,
2415 2742 2501 2797 vel
2525 2742 2933 2814 aequivalenter
2953 2748 3133 2801 totam
3164 2721 3322 2804 egffiln

1770 2819 1951 2893 legem
1993 2820 2090 2875 Dei
2128 2820 2472 2888 naturalem,
2512 2828 2568 2879 et
2605 2827 3125 2897 supernaturalem,
3149 2819 3331 2906 P'tffffss'

1767 2900 2026 2958 faciendo
2053 2908 2267 2969 cuncta,
2312 2920 2436 2975 quae
2465 2906 2556 2962 lex
2573 2906 2751 2980 jubet,
2791 2914 2844 2964 et
2868 2909 3020 2964 nihil
3044 2910 3100 2966 fa
3146 2910 3343 3001 ohstcrva-

1766 2983 1986 3051 ciendo,
2042 2985 2191 3058 quod
2239 2987 2332 3042 lex
2384 2989 2684 3060 prohibeat
2740 3013 2752 3047 :
2805 2991 3134 3066 hujusmodi
3235 2969 3289 3003 '⁰‘

1764 3067 1974 3137 quippe
2012 3065 2379 3123 observantia
2409 3070 2683 3142 importat
2733 3071 3135 3128 rectitudinem

1764 3144 2107 3216 simpliciter
2136 3147 2332 3213 talem,
2362 3152 2416 3203 et
2439 3165 2556 3206 non
2580 3156 2663 3206 est
2699 3156 2853 3207 actus
2881 3153 3138 3208 hominis

1764 3226 2001 3292 mortui,
2034 3226 2126 3282 vel
2157 3225 2403 3294 infirmi,
2437 3229 2533 3284 sed
2564 3230 2703 3298 vivi,
2749 3237 2805 3287 et
2824 3232 2952 3287 sani
2993 3232 3132 3300 vita,

1762 3308 1819 3360 et
1844 3305 2089 3362 sanitate
2112 3305 2332 3381 gratiae,
2393 3314 2454 3363 ut
2492 3325 2562 3365 ex
2590 3327 2651 3367 se
2678 3316 2938 3368 constare
2971 3311 3137 3368 vide-

1763 3389 1859 3440 tur
1909 3406 1922 3441 ε
1967 3386 2120 3458 atqui
2170 3387 2364 3453 h0m0,
2410 3387 2549 3444 dum
2598 3406 2795 3447 amore
2841 3391 3137 3448 charitatis

1762 3463 1954 3538 diligit
1978 3468 2159 3521 Deum
2188 3465 2364 3522 finem
2396 3469 2671 3525 ultimum
2699 3488 2872 3544 super
2913 3472 3134 3539 omnia,

1763 3544 2040 3618 adimplet
2082 3545 2427 3612 formaliter,
2474 3550 2566 3604 vel
2596 3550 3008 3622 aequivalenter
3043 3558 3128 3610 to*

1762 3631 1879 3681 tam
1909 3627 2092 3700 legem
2119 3628 2216 3683 Dei
2239 3628 2588 3694 naturalem,
2621 3636 2680 3685 et
2717 3638 3135 3702 supernatura-

1761 3708 1897 3775 lem,
1930 3724 1996 3764 eo
2035 3707 2185 3779 quod
2215 3708 2517 3782 praedictus
2557 3726 2723 3767 amor
2751 3713 2917 3768 affert
2942 3730 3133 3771 secum

1760 3787 2162 3844 infallibiliter
2227 3789 2658 3848 observantiam
2730 3795 3138 3868 cujuscumque

1762 3868 2028 3941 praecepti
2059 3874 2193 3926 tunc
2215 3872 2585 3938 occurrentis,
2618 3879 2675 3928 et
2701 3889 2819 3930 non
2847 3877 3130 3947 compati-

1760 3954 1855 4005 tur
1892 3965 2023 4004 cum
2061 3951 2517 4024 transgressione
2563 3954 2837 4028 alicujus;
2869 3956 3127 4028 alioquin

1759 4036 1896 4087 tunc
1914 4030 2087 4088 homo
2100 4049 2216 4089 non
2232 4032 2499 4108 diligeret
2517 4037 2697 4092 Deum
2718 4053 2888 4109 super
2903 4040 3119 4108 omnia,

1755 4110 1856 4167 sed
1886 4112 2074 4183 potius
2101 4118 2456 4170 averteretur
2479 4115 2549 4171 ab
2586 4116 2689 4173 illo
2724 4138 2736 4171 ε
2766 4133 2902 4190 ergo
2930 4118 3120 4185 hom0,

1756 4191 1851 4263 qui
1880 4208 2077 4249 amore
2097 4193 2393 4250 charitatis
2422 4196 2613 4269 diligit
2641 4198 2818 4253 Deum
2847 4196 3122 4254 ultimum

1755 4270 1932 4329 finem
1960 4289 2132 4345 super
2172 4275 2387 4341 omnia,
2439 4276 2587 4331 vivit
2618 4277 2960 4350 simpliciter
2999 4278 3123 4335 vita

1753 4354 2203 4424 supernaturali,
2254 4361 2311 4410 et
2351 4357 2583 4414 morali.
2650 4360 2829 4420 Quem
2896 4357 3119 4416 discur-

1751 4448 1883 4488 sum
1929 4434 2250 4506 accepimus
2314 4451 2385 4491 ex
2423 4439 2621 4508 Apost.
2687 4438 2762 4492 acl
2807 4439 2962 4496 Rom.
3028 4442 3110 4508 13,
3132 4478 3250 4521 Rom.
3275 4479 3334 4522 13.

1752 4511 1851 4567 ubi
1899 4513 1979 4568 ait
2031 4534 2044 4569 ε
2095 4536 2121 4567 «
2163 4515 2271 4578 Qui
2299 4514 2492 4589 diligit
2533 4518 2884 4590 proximum,
2933 4520 3116 4596 legem

1757 4594 2099 4667 «implevit.
2152 4599 2319 4663 Nam,
2390 4599 2518 4654 Non
2564 4598 2934 4667 adulterabis,
2988 4606 3117 4660 Non

1754 4696 1781 4727 «
1813 4674 2047 4742 occides,
2080 4679 2207 4732 Non
2248 4676 2553 4746 furaberis,
2589 4682 2716 4736 Non
2749 4681 2959 4738 falsum
3001 4688 3119 4741 tes-

1756 4754 2124 4811 «timonium
2173 4755 2344 4825 dices,
2398 4758 2527 4814 Non
2567 4762 2916 4836 concupices,
2969 4767 3028 4818 et
3067 4765 3117 4818 si

1755 4856 1782 4887 «
1810 4832 1960 4906 quod
2003 4840 2087 4890 est
2122 4835 2280 4891 aliud
2309 4837 2668 4908 mandatum,
2705 4840 2767 4896 in
2808 4841 2914 4898 hoc
2940 4841 3117 4899 verbo

1753 4934 1779 4967 α
1809 4912 2191 4982 instauratur,
2225 4916 2438 4990 Diliges
2475 4920 2806 4990 proximum
2843 4926 3006 4976 tuum
3034 4922 3118 4977 si-

1752 5016 1778 5046 «
1809 4999 1905 5052 cut
1925 4999 1979 5052 te
2000 4996 2210 5069 ipsum.
2231 4997 2469 5057 Dilectio
2482 5001 2734 5074 proximi
2756 5003 2979 5138 ωεΙιὲῐό]
3001 5018 3120 5059 non
