3647 5753
200 592 387 645 D.Aug.

185 1238 221 1276 S
244 1234 403 1278 ‘mboL

209 1642 395 1685 lunda·

214 1698 421 1785 atatis.

237 4641 406 4683 urhe.

1582 409 1759 466 mse.
1807 410 1901 477 1X,
1946 410 2112 465 Dus.
2156 412 2197 467 1.

429 580 721 637 vidimus,
740 579 959 645 Quibus
975 585 1153 653 potest
1175 580 1306 637 addi
1325 583 1478 638 locus
1498 580 1802 655 Augustini

431 664 501 716 in
530 662 624 717 tib.
651 663 716 717 de
741 680 874 718 vera
907 664 1102 735 poenit.
1133 680 1255 735 cap.
1285 666 1339 728 2,
1385 662 1483 735 ubi
1514 664 1593 718 ait
1620 684 1632 718 ε
1673 661 1805 721 Non

430 743 696 812 dicimini,
725 743 957 799 Dimitte
983 743 1138 799 nobis
1156 744 1335 798 debila
1355 750 1562 810 nostra,
1591 763 1692 817 pro
1717 745 1805 799 liis

429 826 693 896 peccam,
721 841 836 902 quai
859 826 1088 879 remissa
1113 825 1383 880 credi-mus
1409 829 1470 881 in
1489 824 1798 897 BaptismO,

433 905 557 958 nisi
580 904 644 958 de
668 903 773 975 fide
811 905 1135 961 dubitemus
1170 904 1277 960 Ubi
1307 905 1577 978 supponit
1612 904 1804 961 homi-

437 1001 579 1042 nem
603 985 832 1043 credere
854 992 1077 1059 peccata
1104 986 1214 1042 sibi
1258 989 1500 1044 remissa
1526 986 1717 1043 fuisse.
1740 987 1802 1042 in

437 1068 756 1141 Baptismo,
773 1074 829 1125 et
841 1069 1194 1125 contrariam
1209 1067 1626 1125 dubitationem
1643 1067 1800 1124 Fidei

436 1149 746 1205 Catholicae
777 1164 1117 1223 repugnare.

519 1232 803 1304 Urgetur3
847 1247 983 1286 nam
1013 1230 1076 1287 in
1103 1230 1375 1305 Symbolo
1400 1230 1801 1304 Apostolorum

437 1312 787 1383 proponitur
821 1327 1085 1382 expresse
1129 1312 1220 1367 hic
1261 1312 1555 1377 articulus,
1586 1311 1804 1369 Remis-

433 1393 646 1446 sionem
691 1399 1046 1463 peccatorum.
1104 1394 1252 1465 Ergo
1299 1392 1471 1448 homo
1511 1390 1694 1457 debet,
1740 1406 1803 1446 ac

436 1469 687 1527 subinde
710 1475 885 1543 potest
927 1468 1041 1528 fide
1078 1470 1282 1528 divina
1307 1470 1541 1528 credere
1581 1475 1802 1544 peccata

437 1551 554 1608 sibi
581 1552 816 1620 remitti,
850 1557 1016 1624 atque
1045 1552 1172 1610 ideo
1194 1571 1255 1610 se
1281 1569 1400 1610 esse
1430 1554 1492 1609 in
1518 1552 1720 1626 gratia.

515 1631 602 1687 Ad
624 1638 1028 1706 argumentum
1059 1640 1238 1706 potest
1259 1633 1611 1706 responderi,
1640 1631 1802 1688 testi-

439 1716 641 1772 monia
663 1715 971 1787 Scripturas
995 1716 1055 1770 in
1077 1715 1282 1788 quibus
1303 1715 1677 1790 significatur,
1705 1713 1803 1769 ho-

436 1796 631 1852 mines
652 1794 865 1851 habere
890 1811 1007 1851 suaa
1025 1796 1224 1869 gratias
1248 1795 1674 1862 certitudinem,
1706 1793 1800 1849 vel

435 1893 559 1934 esse
582 1877 819 1933 illorum
842 1877 1196 1949 Scriptorum
1221 1876 1412 1943 verba,
1428 1877 1524 1951 qui
1545 1892 1649 1949 per
1669 1889 1801 1947 spe-

434 1958 642 2014 cialem
663 1957 1075 2013 revelationem
1096 1957 1503 2031 cognoscebant
1518 1974 1578 2014 se
1593 1970 1715 2013 esse
1735 1955 1799 2009 in

432 2038 638 2113 gratia,
667 2042 922 2108 utsupra
950 2056 1101 2094 num.
1128 2040 1163 2093 3
1190 2037 1477 2104 diximus3
1516 2036 1587 2094 ab
1610 2037 1682 2091 iis
1703 2051 1800 2091 au-

433 2126 549 2175 tem
598 2118 798 2190 nequit
825 2117 1049 2174 desumi
1093 2124 1498 2192 argumentum
1539 2117 1608 2173 ad
1656 2115 1799 2172 alios

435 2200 721 2265 homines,
748 2199 956 2272 quibus
976 2201 1238 2272 specialis
1261 2200 1536 2256 revelatio
1566 2214 1682 2255 non
1711 2195 1795 2251 fit.

437 2282 543 2337 Vel
574 2280 843 2353 praedicta
872 2281 1200 2337 testimonia
1230 2297 1345 2337 non
1374 2280 1548 2354 dirigi
1579 2277 1648 2335 ad
1669 2278 1799 2333 sin-

433 2362 596 2434 gulos
614 2360 836 2416 Fideles
851 2360 1097 2417 divisive
1110 2359 1491 2433 sumptoS,sed
1510 2358 1580 2417 ad
1594 2372 1796 2416 eorum

433 2440 953 2514 congregationem,
985 2441 1108 2496 sive
1136 2440 1206 2496 ad
1229 2440 1570 2507 Ecclesiam;
1603 2441 1665 2496 in
1685 2457 1796 2513 qua

435 2527 656 2576 certum
695 2526 778 2577 est
817 2519 1163 2577 certitudine
1203 2519 1337 2577 fidei
1378 2521 1613 2586 divinas,
1645 2522 1796 2594 quod

443 2599 626 2671 aliqui
652 2605 783 2655 sunt
807 2601 868 2656 in
890 2600 1099 2674 gratia.
1129 2603 1196 2655 Et
1225 2605 1527 2674 utramque
1566 2604 1796 2674 exposi-

442 2679 659 2736 tionem
681 2682 1060 2738 communiter
1076 2686 1308 2738 tuentur
1325 2685 1408 2736 Au
1420 2683 1607 2739 thores
1622 2699 1795 2755 supra

443 2761 628 2827 relati,
671 2762 1026 2835 fundantque
1065 2768 1187 2818 tum
1217 2763 1281 2819 in
1307 2763 1543 2828 eisdem,
1580 2769 1702 2819 tum
1729 2765 1794 2820 in

437 2841 572 2899 aliis
595 2844 902 2917 Scripturae
929 2845 1086 2913 lociS,
1110 2860 1236 2918 quae
1265 2862 1417 2901 num.
1443 2848 1478 2901 7
1506 2843 1789 2905 dedimus,

437 2927 551 2981 Nec
586 2925 808 2998 aliquid
840 2930 1018 2999 potest
1045 2926 1275 2999 opponi,
1307 2926 1455 2998 quod
1484 2925 1649 2984 facile
1676 2943 1793 2984 non

436 3004 711 3063 diluatur.

509 3084 791 3143 Addimus
837 3092 1032 3144 tamen
1078 3085 1375 3160 praedictas
1420 3087 1795 3144 authoritates

434 3165 650 3238 optime
694 3167 906 3240 exponi
949 3169 1113 3241 juxta
1155 3167 1420 3223 ultimam
1463 3173 1792 3225 nostrarum

433 3248 837 3314 assertionum,
874 3265 975 3321 pro
1001 3265 1112 3321 qua
1140 3248 1349 3304 merito
1388 3264 1483 3305 eas
1512 3248 1793 3322 allegavi-

434 3345 585 3385 mus.
609 3332 737 3387 Non
765 3331 924 3387 enim
952 3330 1112 3387 docet
1137 3331 1449 3403 Scriptura,
1482 3329 1631 3403 quod
1655 3332 1792 3404 justi

435 3409 684 3467 habeant
703 3427 820 3467 suae
840 3412 1075 3486 justitiae
1099 3410 1503 3468 certitudinem
1525 3411 1795 3468 determi-

437 3495 572 3546 nate
586 3491 866 3560 divinam,
885 3497 982 3548 aut
995 3490 1376 3548 determinate
1392 3491 1766 3549 infallibilem
1774 3515 1790 3560 ς

433 3568 532 3627 sed
558 3572 746 3629 solum
775 3573 996 3639 asserit,
1026 3572 1174 3646 quod
1203 3571 1454 3628 habeant
1492 3571 1795 3629 certitu‘di-

438 3668 592 3718 nem,
617 3654 710 3710 vel
737 3653 884 3726 quod
913 3655 1129 3728 possint
1154 3671 1318 3710 suam
1338 3654 1621 3728 justitiam
1651 3655 1714 3710 in
1734 3670 1795 3711 se

435 3751 787 3807 cognoscere,
834 3737 1029 3809 utique
1074 3734 1244 3793 modo
1290 3735 1564 3801 humano,
1598 3740 1653 3792 et
1694 3753 1795 3809 per

435 3813 665 3871 effectus
714 3815 969 3889 ejusdem
1016 3817 1271 3891 Justitiae,
1329 3821 1392 3872 ut
1436 3821 1572 3872 sunt
1622 3832 1795 3889 opera

439 3897 739 3962 virtutum,
763 3897 987 3970 affectio
1015 3899 1078 3954 in
1106 3903 1305 3965 Deum,
1332 3898 1549 3955 oblivio
1572 3904 1796 3970 tempo-

440 3975 672 4040 ralium,
698 3983 891 4034 exacta
913 3977 1248 4035 divinorum
1271 3978 1679 4035 mandatorum
1700 3976 1796 4035 ob-

438 4057 706 4123 servatio,
738 4057 935 4114 odium
977 4060 1174 4132 culpae,
1205 4067 1261 4116 et
1301 4060 1416 4116 alia
1442 4057 1791 4133 hujusmodi.

439 4138 508 4190 Et
539 4137 643 4194 hoc
672 4145 830 4210 pacto
868 4139 1115 4211 Spiritus
1142 4145 1370 4198 sanctus
1397 4140 1795 4212 testimonium

440 4216 628 4274 reddit
652 4219 884 4291 spiritui
914 4225 1127 4285 nostre,
1155 4237 1272 4277 non
1300 4220 1534 4294 quidem
1576 4218 1796 4293 aliquid

436 4298 660 4372 signate
711 4298 1040 4366 revelando,
1098 4301 1190 4357 vel
1241 4299 1643 4368 contestando;
1695 4299 1796 4357 sed

440 4379 734 4453 praedictos
752 4381 981 4438 effectus
1002 4381 1310 4455 operando,
1335 4399 1405 4440 ex
1420 4381 1628 4455 quibus
1646 4398 1797 4455 quae·

437 4462 572 4519 dam
601 4464 841 4522 moralis
865 4463 1164 4531 certitudo,
1191 4471 1247 4522 et
1272 4466 1547 4522 securitas
1565 4481 1798 4523 consur-

435 4543 538 4617 git.
571 4546 641 4599 Et
665 4545 728 4601 in
757 4544 862 4600 hoc
898 4559 1070 4601 sensu
1108 4545 1286 4603 verba
1322 4546 1576 4619 Apostoli
1618 4545 1797 4601 intel-

438 4625 584 4682 lexit
609 4628 674 4684 D.
704 4627 908 4705 Thom.
942 4625 1013 4682 ad
1037 4642 1176 4684 eum
1206 4629 1393 4684 locum
1435 4628 1528 4685 lec.
1560 4628 1615 4695 3,
1646 4627 1797 4684 circa

437 4707 617 4765 finem
670 4729 683 4764 ε
735 4707 1127 4766 Testimonium
1171 4710 1402 4782 (inquit)
1445 4709 1638 4776 reddit,
1687 4727 1797 4766 non

437 4788 655 4863 quidem
696 4791 960 4844 eoeteriori
1003 4806 1129 4844 voce
1170 4790 1247 4844 ad
1289 4806 1452 4845 aures
1488 4790 1791 4859 hominum,

436 4873 579 4927 sicut
630 4868 800 4927 Pater
860 4877 1190 4943 protestatus
1240 4879 1316 4927 est
1374 4872 1437 4928 de
1496 4870 1644 4928 Filio
1699 4888 1798 4927 suo

436 4950 643 5012 Macen.
690 4951 745 5019 3,
793 4952 887 5007 sed
909 4952 1089 5007 reddit
1126 4954 1495 5009 testimonium
1515 4969 1616 5024 per
1639 4951 1799 5024 effec-

439 5040 558 5088 tum
583 5031 793 5087 amoris
817 5032 1031 5103 filialis,
1060 5050 1215 5111 quem
1242 5035 1302 5089 in
1328 5033 1482 5089 nobis
1506 5033 1662 5106 facit.
1690 5030 1798 5088 Sed

3189 422 3297 475 :2913

1936 581 2071 652 quia
2098 582 2302 640 notitia
2329 584 2498 658 hujus
2524 584 2753 642 effectus
2782 602 2898 643 non
2938 593 3021 644 est
3062 605 3298 661 prorsus

1937 663 2287 732 infallibilis,
2320 682 2450 722 cum
2479 667 2543 723 in
2568 684 2635 724 eo
2661 668 3046 742 dijudicandO,
3078 676 3135 727 et
3172 670 3296 727 dis-

1935 744 2221 801 cernendo
2267 747 2550 818 possimus
2602 747 2858 806 absolute
2909 749 3112 822 decipi,
3173 766 3290 808 non

1935 826 2193 898 sequitur
2237 827 2387 898 quod
2424 830 2722 901 possimuS,
2755 837 2812 887 et
2850 833 3032 888 multo
3073 831 3290 899 ininuS‚

1935 904 2084 977 quod
2112 904 2418 964 debeamus
2446 907 2593 964 illud
2622 910 2936 967 testimonii
2964 928 3142 985 genus
3169 928 3296 970 cre-

1937 986 2074 1043 dere
2094 1003 2325 1044 assensu
2348 988 2480 1045 fidei
2503 989 2734 1055 divinae,
2752 997 2849 1047 aut
2871 1008 3104 1064 prorsus
3127 993 3298 1050 infal-

1938 1066 2091 1123 libili
2118 1092 2131 1121 ε
2162 1067 2260 1125 sed
2280 1069 2419 1125 satis
2443 1074 2546 1136 est,
2579 1070 2728 1142 quod
2751 1072 2927 1127 aliam
2951 1074 3293 1130 inferiorem

1938 1149 2220 1205 moralem
2235 1149 2639 1207 certitudinem
2656 1152 3295 1226 concipiamuS‚qualem

1936 1228 2290 1300 concipimus
2313 1229 2464 1287 circa
2504 1230 2665 1298 alios,
2698 1247 2839 1304 quos
2864 1239 3057 1290 sancte
3095 1234 3297 1291 vivere

1936 1324 2251 1365 cernimus.

2010 1391 2208 1445 Patres
2245 1390 2342 1462 qui
2372 1389 2434 1445 in
2469 1389 2905 1455 confirmatione
2947 1394 3288 1468 allegantur,
3326 1408 3482 1467 congir-

1934 1467 2135 1526 eodem
2164 1470 2333 1527 modo
2358 1471 2682 1544 exponendi
2704 1477 2857 1527 sunt.
2878 1474 2947 1527 Et
2968 1477 3031 1529 D.
3052 1478 3288 1549 August.
3308 1464 3494 1560 ᾱῗξρξξῦἰ,

1937 1564 2038 1620 per
2077 1550 2137 1624 ly
2176 1551 2468 1618 credimuS,
2513 1566 2630 1608 non
2670 1551 2954 1626 significat
2996 1568 3292 1613 assensum
3357 1562 3435 1601 mr.

1934 1628 2065 1687 fidei
2107 1628 2339 1698 divinae,
2372 1636 2471 1686 aut
2510 1647 2742 1703 prorsus
2770 1633 3167 1704 infallibilem,
3204 1637 3292 1693 vel

1933 1709 2030 1783 qui
2073 1726 2305 1766 omnem
2345 1710 2719 1767 formidinem
2748 1719 2892 1782 actu,
2936 1720 2992 1770 et
3021 1719 3294 1790 potestate

1933 1791 2180 1864 expellat
2197 1814 2209 1858 ;
2228 1790 2325 1848 sed
2342 1792 2518 1848 aliam
2542 1792 2879 1850 inferiorem
2895 1794 3293 1855 credulitatem

1934 1870 2236 1945 significat,
2257 1887 2464 1944 nempe
2485 1871 2910 1930 confidentiam.
2939 1875 3101 1933 Unde
3121 1877 3214 1934 lib.
3234 1879 3290 1945 2,

1934 1958 2123 2009 contra
2147 1951 2521 2019 Cresconium,
2547 1971 2667 2026 cap.
2693 1957 2784 2020 26,
2814 1956 2912 2012 ubi
2941 1959 3143 2030 repetit
3162 1974 3297 2016 ean-

1933 2029 2065 2087 dem
2092 2033 2459 2100 sententiam,
2494 2033 2615 2089 loco
2644 2034 2806 2089 illius
2827 2036 2980 2092 vocis
3000 2038 3292 2106 credimus,

1931 2114 2227 2171 substituit
2248 2116 2413 2181 hanc,
2445 2115 2789 2184 confidimus,
3006 2176 3009 2181 ,

2006 2195 2167 2261 Quod
2207 2194 2454 2263 additur,
2485 2197 2635 2252 nihil
2675 2203 2869 2272 urget;
2916 2215 3052 2255 nam
3092 2216 3294 2257 sensus

1932 2276 2093 2332 illius
2121 2277 2347 2333 articuli
2378 2291 2495 2334 non
2523 2282 2624 2344 est,
2650 2278 2798 2350 quod
2820 2285 3043 2352 peccata
3073 2280 3293 2337 unicui·

1930 2372 2039 2429 que
2077 2355 2334 2414 absolute
2358 2357 2751 2425 remittantur,
2782 2357 2880 2415 sed
2908 2359 3059 2432 quod
3088 2360 3293 2417 remit-

1931 2441 2126 2492 tantur
2145 2437 2247 2503 eiS,
2263 2436 2361 2509 qui
2380 2436 2449 2493 ad
2469 2437 2866 2494 remissionem
2883 2456 2941 2495 se
2956 2439 3288 2513 disponunt.

1932 2516 2095 2572 Unde
2135 2517 2479 2574 incertitudo
2517 2519 2581 2573 in
2622 2517 2727 2574 hac
2767 2525 2927 2591 parte
2955 2536 3071 2575 non
3108 2522 3294 2577 oritur

1929 2611 2000 2652 ex
2040 2595 2214 2653 dubio
2248 2598 2398 2654 circa
2437 2597 2700 2654 divinam
2730 2598 3207 2666 misericordiam,
3238 2605 3294 2657 et

1927 2677 2211 2750 gratiam;
2241 2676 2338 2734 sed
2365 2694 2436 2734 ex
2451 2676 2625 2734 dubio
2641 2679 2787 2735 circa
2818 2683 3073 2735 nostram
3095 2678 3292 2753 dispo-

1928 2759 2221 2816 sitionem.

2011 2841 2094 2898 14.
2137 2840 2417 2915 Arguitur
2455 2840 2701 2898 secundo
2735 2862 2747 2897 ε
2783 2857 2919 2899 nam
2947 2842 3016 2900 de
3044 2842 3156 2903 fide
3181 2849 3286 2912 est,
3321 2861 3474 2905 secun-

1928 2924 2296 2980 Sacramenta
2334 2923 2596 2979 conferre
2620 2923 2866 2997 gratiam
2895 2940 2962 2981 ea
2993 2927 3289 2999 recipienti
3306 2909 3487 3013 ⁰322ss

1928 3019 2057 3060 cum
2104 3003 2406 3060 sufficienti
2447 3003 2819 3076 dispositione
2852 3027 2865 3060 ε
2907 3007 3005 3063 sed
3045 3007 3287 3076 adultuS‚
3350 3015 3447 3054 ²⁰¹⁰-

1928 3100 1982 3141 v.
1999 3101 2053 3158 g.
2069 3101 2197 3140 cum
2218 3083 2538 3156 baptizatur
2556 3089 2733 3155 potest
2747 3085 3048 3143 evidenter
3062 3103 3293 3163 cognos-

1927 3178 2054 3220 cere
2096 3179 2157 3220 se
2200 3178 2325 3220 esse
2372 3163 2744 3236 dispositum;
2798 3164 3092 3238 siquidem
3139 3168 3292 3224 valet

1926 3243 2178 3316 seipsum
2206 3242 2539 3317 dijudicare,
2559 3249 2615 3298 et
2642 3244 2945 3301 manifeste
2966 3245 3292 3319 deprehen-

1926 3323 2082 3393 dere,
2115 3339 2225 3396 qua
2271 3322 2400 3392 fide,
2445 3329 2501 3380 et
2541 3324 2862 3382 intentione
2902 3327 3049 3383 illud
3088 3329 3291 3387 Sacra-

1926 3409 2191 3461 mentum
2217 3405 2455 3478 recipiat
2481 3425 2495 3459 :
2523 3419 2659 3478 ergo
2682 3411 2862 3477 potest
2881 3414 3034 3466 certo
3059 3409 3291 3469 credere

1926 3501 1987 3542 se
2006 3500 2128 3541 esse
2150 3486 2213 3540 in
2239 3485 2445 3559 gratia,
2477 3486 2680 3540 saltem
2698 3487 3040 3545 certitudine
3054 3490 3292 3549 Theolo-

1927 3565 2068 3640 gica,
2100 3565 2192 3621 vel
2220 3565 2431 3621 morali
2458 3563 2794 3621 excludente
2820 3582 3052 3623 omnem
3081 3568 3291 3627 formi-

1928 3645 2147 3702 dinem.

2002 3723 2425 3790 confirmatum
2476 3740 2614 3780 nam
2663 3726 2907 3782 Ecclesia
2958 3743 3077 3784 non
3122 3729 3291 3788 habet
3319 3739 3473 3783 conflr-

1929 3807 2207 3880 majorem
2235 3803 2640 3861 certitudinem
2663 3804 2733 3861 de
2760 3805 3135 3878 dispositione
3167 3811 3289 3885 ejus
3328 3795 3471 3833 matur.

1928 3887 2026 3960 qui
2057 3886 2272 3960 patitur
2298 3886 2669 3959 martyrium,
2696 3903 2869 3959 quam
2898 3887 3019 3961 ipse
3046 3890 3283 3965 Martyr,

1928 3966 2159 4042 quando
2178 3973 2262 4024 est
2286 3965 2513 4024 adultus
2541 3990 2554 4023 ι
2578 3966 2677 4023 sed
2700 3967 2947 4024 Ecclesia
2971 3969 3293 4031 indubitata

1930 4047 2043 4106 fide
2063 4049 2234 4105 illum
2255 4048 2392 4105 colit
2420 4052 2480 4103 ut
2501 4049 2768 4104 Sanctum
2805 4064 2971 4123 :ergo
2993 4049 3113 4122 ipse
3131 4054 3292 4110 Mar-

1929 4135 2024 4206 tyr
2045 4130 2370 4188 indubitata
2389 4129 2502 4188 fide
2530 4136 2711 4203 potest
2737 4146 3071 4205 cognoscere
3084 4150 3145 4193 se
3170 4150 3292 4193 esse

1930 4212 1996 4270 in
2022 4212 2228 4287 gratia.

2002 4292 2089 4349 Ad
2117 4295 2523 4368 argumentum
2554 4291 2929 4365 respondetur
2957 4296 3147 4367 primo
3185 4307 3485 4355 ne-soivitur

1929 4376 2117 4453 gando
2143 4378 2433 4435 minorem
2454 4401 2469 4445 ;
2496 4392 2634 4433 nam
2649 4375 2718 4432 ad
2744 4375 3131 4450 recipiendam
3153 4395 3289 4454 gra·
3303 4370 3497 4454 mffffl'm,

1930 4461 2073 4517 tiam
2102 4459 2166 4516 in
2193 4461 2484 4534 Baptismo
2504 4457 2671 4516 debet
2693 4457 2920 4515 adultus
2941 4460 3151 4518 habere
3177 4462 3290 4519 ali-

1930 4559 2105 4616 quam
2156 4542 2594 4616 dispositionem
2647 4544 3145 4613 supernaturalem
3165 4586 3179 4612 ,
3235 4549 3291 4602 et

1932 4623 2080 4679 hanc
2127 4622 2300 4680 homo
2344 4621 2543 4695 nequit
2584 4621 2884 4679 evidenter
2928 4639 3284 4698 cognoscere.

1932 4701 2148 4759 Deinde
2174 4701 2491 4760 omittendo
2512 4701 2821 4770 minorem,
2854 4718 3130 4778 negamus
3149 4720 3288 4762 con-

1930 4785 2289 4858 sequentiam
2306 4808 2321 4852 ;
2340 4785 2473 4858 quia
2495 4785 2661 4841 valor
2682 4784 2981 4857 Baptismi,
3000 4790 3057 4843 et
3071 4785 3289 4845 infusio

1930 4864 2129 4941 gratim
2155 4880 2273 4923 non
2298 4866 2487 4923 solum
2525 4863 2809 4938 dependet
2846 4881 2879 4921 a
2917 4864 3292 4939 dispositione

1934 4945 2284 5019 recipientis,
2313 4944 2412 5003 sed
2438 4944 2615 5001 etiam
2638 4943 2710 5001 ab
2736 4945 3061 5005 intentione
3082 4947 3293 5005 minis-

1932 5028 2028 5098 tri,
2050 5043 2225 5101 quam
2242 5025 2524 5099 recipiens
2539 5027 2739 5099 nequit
2751 5027 3050 5086 evidenter
3063 5045 3294 5105 cognos-
