3647 5753
1466 416 1640 472 DISP.
1687 416 1781 483 vl,
1827 418 1991 473 DUB.
2035 419 2077 475 Ι.
3031 427 3144 483 793

284 583 423 639 dum
446 588 548 649 est,
575 584 724 656 quod
751 587 937 660 gratia
971 587 1291 661 justificans
1332 603 1447 644 non
1493 586 1643 644 cadit

282 664 354 721 de
392 664 538 722 tacto
579 665 685 722 sub
732 668 940 724 merito
979 668 1048 725 de
1094 668 1376 743 condigno
1402 684 1641 741 operum

281 746 775 821 subsequentium.

359 827 518 892 Quod
539 831 755 901 pariter
770 828 933 887 debet
950 830 1225 886 affirmari
1250 831 1317 887 de
1340 830 1643 887 collatione

284 910 488 980 primae
513 911 711 984 gratiae
732 912 1089 976 auxiliantis,
1116 911 1318 969 stando
1359 911 1421 967 in
1448 911 1643 984 dispo-

281 991 492 1047 sitione
516 994 811 1063 praesentis
854 992 1246 1063 providentiae.
1295 991 1465 1065 quue
1504 993 1643 1049 satis

281 1071 570 1127 evincitur
600 1071 944 1129 authoritate
979 1073 1389 1139 conciliorum,
1428 1078 1485 1129 et
1532 1075 1642 1129 Pa-

281 1160 438 1212 trum
486 1161 685 1212 contra
729 1156 1326 1230 semipelagianorum
1379 1171 1637 1223 errores;

283 1237 476 1309 plures
502 1238 713 1310 quippe
747 1236 1004 1301 illorum,
1038 1252 1168 1292 cum
1214 1251 1285 1291 ex
1329 1252 1442 1292 una
1483 1241 1643 1309 parte

286 1316 653 1374 intenderent
684 1317 933 1391 primam
981 1317 1287 1374 hominum
1326 1317 1388 1373 in
1417 1315 1642 1390 negotio

281 1398 485 1454 salutis
511 1398 914 1456 discretionem
964 1397 1034 1455 ad
1076 1396 1386 1453 arbitrium
1431 1400 1643 1455 volun-

281 1478 415 1534 tatis
469 1485 670 1535 creatas
737 1478 1038 1545 reducerc;
1086 1484 1143 1536 et
1192 1494 1260 1535 ex
1309 1480 1425 1535 alia
1483 1483 1643 1551 parte

284 1560 576 1616 multoties
624 1576 739 1617 non
792 1565 1019 1635 possent
1065 1559 1441 1632 praecedentia
1493 1556 1643 1614 bona

280 1658 454 1714 opera
482 1644 773 1699 naturalia
818 1642 1138 1717 designare,
1183 1642 1357 1698 coacti
1385 1645 1520 1697 sunt
1547 1655 1639 1695 re-

281 1741 514 1782 currere
560 1726 627 1781 ad
671 1725 818 1783 bona
864 1741 1036 1798 opera
1079 1727 1292 1790 futura,
1343 1730 1398 1781 ot
1450 1739 1483 1780 a
1529 1725 1643 1779 Deo

284 1808 548 1880 praevisa,
575 1814 847 1881 tanquam
890 1808 959 1864 ad
1006 1809 1215 1864 merita
1245 1809 1446 1881 primae
1476 1822 1642 1863 voca-

282 1890 478 1954 tionis,
510 1896 573 1945 ut
600 1897 817 1946 constat
861 1907 932 1947 ex
972 1891 1229 1964 epistolis
1278 1889 1542 1963 Prosperi
1587 1893 1642 1945 et

284 1972 496 2028 Hilarii
521 1973 590 2029 ad
617 1976 676 2029 D.
711 1974 1115 2046 Augustinum.
1162 1972 1323 2028 Unde
1363 1972 1636 2039 Concilia,

281 2057 338 2107 et
365 2054 580 2120 PatreS,
629 2071 757 2110 cum
788 2054 1120 2125 praedictum
1166 2069 1426 2111 errorem
1474 2054 1642 2109 dam-

290 2138 452 2200 nant,
485 2140 539 2191 et
570 2136 817 2207 primam
858 2136 1102 2209 gratiam
1147 2135 1271 2191 dari
1315 2140 1493 2209 gratis
1539 2135 1642 2192 de·

282 2222 547 2282 cernunt,
578 2234 675 2289 per
707 2220 763 2291 ly
787 2221 965 2288 gyratis
986 2218 1296 2274 excludunt
1322 2234 1494 2274 omne
1518 2233 1643 2273 me-

284 2297 482 2361 ritum,
504 2299 706 2354 saltem
731 2298 801 2353 de
821 2297 1121 2372 condigno,
1146 2305 1260 2354 tam
1281 2297 1635 2360 antecedens,

279 2394 453 2450 quam
482 2396 867 2451 consequens;
894 2388 1200 2452 utrumque
1216 2382 1374 2437 enim
1404 2382 1450 2436 si
1482 2380 1640 2436 dare·

278 2465 391 2527 tur,
420 2462 630 2518 rationi
674 2462 812 2518 doni
840 2464 1180 2536 simpliciter
1220 2464 1454 2537 gratuiti
1493 2479 1642 2536 prae-

271 2541 574 2616 judicaret,
608 2548 665 2600 et
692 2541 760 2598 ad
793 2546 1178 2616 patrocinium
1227 2544 1641 2618 semipelagia-

280 2640 491 2681 norum
520 2623 816 2681 sufficeret.
850 2625 1168 2682 videantur
1217 2641 1340 2698 quae
1384 2624 1641 2681 diximus

278 2710 444 2759 tract.
500 2706 554 2768 5,
600 2705 740 2777 disp.
795 2707 876 2771 lO,
919 2706 1027 2761 dub
1082 2708 1184 2761 let
1210 2707 1262 2771 2,
1288 2712 1337 2759 et
1360 2712 1521 2759 tract.
1557 2707 1635 2771 14,

279 2787 420 2858 disp.
457 2787 502 2851 1,
528 2803 651 2858 cap.
680 2787 733 2850 5,
760 2791 791 2855 g
822 2789 866 2843 1.

44 2889 263 2936 Anopcra
352 2868 407 2922 5.
441 2867 624 2941 Majus
652 2865 891 2923 dubium
920 2884 1041 2924 esse
1070 2872 1247 2939 potest
1272 2866 1420 2921 circa
1455 2864 1637 2922 meri-

68 2943 234 2987 praeee·
280 2954 399 3003 tum
465 2947 535 3004 de
580 2964 831 3022 congruo
885 2955 1139 3021 respectu
1194 2948 1395 3021 primae
1438 2947 1638 3020 gratiae

43 2984 247 3077 αῗιὲτιὲιιέ·
271 3027 655 3099 justificantis,
704 3045 778 3083 an
820 3027 1085 3084 videlicet
1128 3027 1393 3100 prmdicta
1451 3027 1638 3099 gratia

46 3089 238 3175 ’(ῗὲἓῧξξῖ
276 3105 438 3162 cadat
463 3108 533 3164 de
560 3107 705 3164 facto
734 3110 936 3164 saltem
983 3106 1088 3161 sub
1136 3107 1342 3162 merito
1388 3120 1638 3178 congruo

82 3190 208 3232 8¹⁰⁰·
276 3204 517 3260 operum
560 3190 1092 3261 supernaturalium
1141 3203 1267 3243 oam
1312 3185 1633 3256 praeceden-

276 3269 446 3334 tium,
480 3269 799 3343 quusmodi
826 3276 962 3324 sunt
1007 3274 1162 3324 actus
1190 3266 1341 3329 fidei,
1375 3266 1515 3338 spei,
1548 3271 1637 3321 at-

276 3351 552 3418 tritioniS‚
589 3352 706 3406 imo
727 3355 781 3407 et
809 3349 1191 3416 contritioniS,
1218 3350 1380 3422 juxta
1407 3346 1636 3418 opinio·

277 3446 414 3488 nem
477 3434 880 3496 asserentium,
929 3430 1077 3504 quod
1126 3448 1242 3488 non
1296 3429 1546 3503 procedit
1604 3444 1637 3483 a

273 3512 458 3584 gratia
479 3530 609 3569 cum
635 3516 824 3587 primo
848 3512 1199 3568 infunditur.
1215 3512 1455 3568 Videtur
1475 3510 1634 3565 enim

273 3591 423 3663 quod
466 3594 735 3666 praedicta
782 3611 955 3668 opera
997 3599 1329 3649 mereantur
1377 3592 1445 3649 de
1492 3591 1637 3647 facto

275 3675 528 3746 primam
572 3677 821 3751 gratiam
862 3675 1290 3750 justificantem,
1321 3676 1524 3730 saltem
1564 3672 1635 3730 de

271 3770 543 3828 congruo.
577 3759 723 3813 Tum
749 3759 882 3830 quia
904 3757 973 3814 ad
997 3757 1271 3813 meritum
1294 3756 1363 3812 de
1385 3768 1633 3827 congruo

270 3835 494 3902 sufficit,
528 3839 676 3910 quod
704 3840 776 3893 sit
802 3856 943 3912 opus
972 3838 1223 3913 ejusdem
1253 3835 1475 3894 ordinis
1502 3850 1631 3890 cum

275 3919 532 3989 praemio,
566 3921 692 3976 licet
718 3921 861 3976 illud
893 3921 955 3976 in
990 3921 1184 3976 valore
1211 3934 1327 3974 non
1355 3916 1629 3988 adaequet:

273 3999 428 4071 atqui
474 4001 740 4072 praedicta
786 4018 957 4074 opera
998 3999 1480 4073 supernaturalia,
1512 4003 1632 4053 esto

272 4094 390 4135 non
415 4080 711 4153 adaequent
740 4085 994 4140 valorem
1024 4082 1220 4154 gratim
1240 4078 1624 4154 justificantis,

270 4168 405 4217 sunt
422 4169 615 4222 tamen
639 4166 891 4240 ejusdem
916 4166 1138 4222 ordinis
1153 4178 1279 4218 cum
1305 4163 1433 4228 illa;
1456 4162 1630 4233 siqui-

270 4242 403 4299 dem
454 4244 523 4300 ad
569 4246 751 4317 ipsam
795 4245 1249 4304 connaturaliter
1276 4242 1624 4315 disponunt:

269 4340 405 4398 ergo
450 4325 661 4382 habent
692 4330 973 4384 rationem
1023 4325 1215 4382 meriti
1264 4323 1334 4379 de
1379 4338 1629 4396 congruo

271 4411 523 4477 respectu
554 4407 738 4462 illius.
763 4409 909 4463 T'um
932 4408 1125 4474 etiam,
1149 4422 1282 4461 nam
1303 4402 1453 4476 quod
1486 4404 1628 4458 Deus

270 4487 538 4556 promisit
595 4488 700 4543 sub
758 4488 1083 4544 conditione
1128 4487 1316 4559 operis
1372 4482 1621 4549 onerosi,

268 4566 562 4622 confertur
580 4574 851 4640 tanquam
878 4571 1178 4642 praemium
1202 4566 1457 4623 debitum
1491 4579 1626 4636 prae-

268 4646 417 4705 dicto
445 4651 602 4720 operi
630 4658 688 4707 ut
716 4653 951 4718 merito;
982 4651 1052 4707 de
1066 4651 1347 4724 condigno
1368 4646 1623 4720 quidem,

267 4729 317 4784 si
341 4727 593 4800 adaequet
620 4734 876 4789 valorem
908 4732 1169 4804 praemii;
1203 4733 1290 4787 vel
1314 4731 1515 4785 saltem
1557 4725 1627 4782 de

266 4824 540 4882 congru0,
573 4812 621 4867 si
653 4829 767 4869 non
797 4814 1087 4888 adaequet:
1134 4812 1286 4885 atqui
1319 4813 1465 4866 Deus
1491 4824 1625 4882 gra-

268 4889 408 4944 tiam
433 4891 842 4964 Justificantem
858 4896 927 4952 de
950 4897 1094 4951 facto
1118 4888 1623 4966 promisithomini

265 4985 327 5025 se
355 4969 426 5025 ad
461 4971 623 5028 illam
659 4974 983 5049 disponenti
1017 4992 1116 5048 per
1144 4988 1315 5046 opera
1342 4985 1625 5042 superna-

269 5055 486 5113 turalia
519 5078 531 5112 :
574 5074 709 5130 ergo
740 5062 1003 5131 praedicta
1030 5075 1203 5132 opera
1236 5060 1533 5113 merentur
1556 5052 1627 5110 de

412 5136 700 5196 Salmant.
726 5141 888 5200 Curs.
920 5144 1143 5212 theoloy.
1170 5148 1299 5197 tom.
1331 5136 1402 5195 X.

1776 587 1921 645 facto
1947 590 2193 663 gratiam
2229 591 2657 664 justificantem,
2688 599 2891 653 saltem
2935 599 3143 657 merito

1774 670 1845 726 de
1867 687 2134 745 congruo,
2168 676 2318 730 Tum
2359 675 2629 749 denique,
2672 694 2808 735 nam
2838 681 3140 736 Cornelius

1774 750 1846 807 ob
1890 754 2282 828 eleemosynas
2348 756 2522 813 factas
2581 775 2652 815 ex
2702 763 3136 833 supernaturali

1774 833 1993 890 motivo
2021 836 2236 890 meruit
2258 835 2584 894 illuminari
2630 837 2699 894 ab
2740 842 3006 912 Apostolo
3031 844 3139 897 Pe-

1774 920 1864 971 tro
1890 915 2038 971 circa
2080 919 2358 990 mysteria
2399 918 2468 974 ad
2510 921 2753 977 salutem
2796 925 3131 991 necessaria,

1775 1001 1837 1051 ut
1859 998 2153 1072 colligitur
2178 1016 2250 1055 ea·
2268 1019 2387 1072 cap.
2427 1002 2491 1055 lO
2543 1001 2736 1059 Actor.
2763 1004 3032 1077 Idemque
3054 1023 3139 1063 ac·
3176 1002 3320 1097 2⁶¹3·-

1774 1076 1911 1132 cidit
1932 1079 2194 1135 eunucho
2215 1078 2440 1135 cuidam
2464 1081 2533 1136 ob
2558 1082 2857 1139 lectionem
2884 1085 2943 1139 in
2970 1086 3131 1151 Isaia,
3211 1084 3221 1095 '
3293 1083 3306 1096 '

1773 1161 1831 1212 et
1856 1155 2207 1214 desiderium
2240 1160 2838 1234 magisteriicoelestis,
2873 1170 2934 1219 ut
2959 1166 3136 1239 signi-

1775 1235 1977 1293 ficamr
2003 1240 2182 1296 eodem
2205 1240 2296 1297 lib.
2329 1258 2451 1312 cap.
2481 1242 2533 1297 8.
2570 1244 2822 1317 Cumque
2851 1245 2997 1300 illud
3022 1263 3137 1303 me·
3170 1251 3268 1308 cap.
3288 1254 3330 1293 8·

1775 1318 1954 1374 ritum
1999 1335 2116 1375 non
2146 1319 2323 1376 fuerit
2359 1319 2429 1376 de
2475 1322 2773 1396 condigno,
2801 1331 2859 1380 ut
2890 1331 3042 1398 patet
3067 1343 3136 1383 ex
3176 1300 3326 1392 ΟιἪῑῗῖο

1773 1415 1947 1471 supra
1970 1400 2152 1465 dietis,
2178 1402 2435 1474 sequitur
2469 1401 2617 1475 quod
2648 1404 2716 1459 ad
2748 1407 2941 1462 minus
2963 1408 3138 1481 justi·
3177 1410 3308 1441 “²³⁰⁵-

1775 1480 1963 1540 ficatio
1986 1484 2160 1555 possit
2181 1483 2381 1540 cadere
2406 1483 2511 1540 sub
2541 1487 2752 1543 merito
2769 1487 2837 1544 de
2857 1504 3130 1563 congruo.
3167 1450 3332 1541 {effi}

1776 1564 1846 1619 Et
1878 1564 1957 1619 ita
1983 1564 2184 1621 docent
2210 1567 2270 1621 D.
2299 1566 2721 1633 Bonaventura,
2769 1570 2979 1633 Scotus,
3017 1573 3136 1626 Du-
3154 1546 3356 1641 {222¹}

1777 1643 2007 1708 raudus,
2038 1648 2300 1715 Ferrara,
2333 1649 2505 1720 Vega,
2539 1654 2594 1703 et
2623 1648 2723 1704 alii
2753 1664 2822 1704 ex
2851 1650 3136 1724 antiquio·
3178 1649 3304 1700 Vm·

1776 1724 1953 1791 ribus,
1982 1743 2122 1798 quos
2158 1727 2435 1795 referunt,
2483 1734 2539 1785 et
2563 1736 2881 1802 sequuntur
2926 1733 3137 1790 Suarez

1775 1807 1868 1863 lib.
1929 1810 2009 1874 12,
2056 1809 2119 1863 de
2160 1812 2367 1878 qratia,
2399 1829 2519 1883 cap.
2572 1811 2662 1876 37,
2697 1814 2865 1886 Vasq.
2897 1817 2956 1869 in
2977 1804 3320 1904 prae.3.332}f¹²·

1773 1891 1914 1961 disp.
1949 1892 2076 1958 218,
2104 1909 2222 1963 cap.
2249 1892 2302 1957 2,
2337 1891 2581 1964 Ripalda
2609 1895 2672 1948 de
2697 1903 2813 1949 ente
2852 1906 3130 1969 supernae.
3153 1901 3332 1955 stipanda

1773 1971 1914 2044 disp.
1942 1975 2032 2035 87,
2059 1981 2184 2029 sect.
2212 1975 2264 2035 2,
2290 1978 2346 2029 et
2368 1974 2469 2029 alii
2493 1976 2780 2033 Juniores.

1848 2052 1953 2108 Sed
1985 2052 2154 2126 hujus
2180 2052 2529 2110 difficultatis
2571 2055 2780 2113 decisio
2812 2058 2929 2115 fere
2958 2057 3137 2115 habe·
3167 2048 3335 2142 ςξξὶὲῗῇ

1774 2136 1869 2187 tur
1908 2149 1979 2189 ex
2025 2150 2196 2206 supra
2225 2134 2390 2190 dictis
2417 2136 2556 2209 disp.
2586 2138 2639 2200 ⁶2,
2670 2138 2798 2194 dub.
2829 2144 3009 2207 unico,
3040 2140 3135 2195 ubi
3203 2152 3274 2191 ua.

1774 2214 2152 2271 distinximus
2180 2215 2390 2288 duplex
2422 2219 2694 2274 meritum
2738 2220 2807 2277 de
2846 2238 3133 2296 congruo:

1775 2293 1932 2349 aliud
1966 2296 2216 2366 proprie,
2242 2301 2295 2351 et
2321 2296 2634 2354 intrinsece
2660 2301 2787 2365 tale,
2809 2300 2957 2373 quod
2982 2300 3142 2357 vide·

1777 2375 1906 2431 licet
1960 2375 2232 2446 importat
2281 2376 2534 2448 aliquam
2584 2383 3016 2451 proportionem
3069 2398 3141 2438 ex

1775 2462 1936 2528 parte
1985 2462 2160 2522 actus,
2192 2463 2249 2513 et
2301 2459 2540 2532 insuper
2589 2460 2865 2519 fundatur
2915 2480 3031 2520 non
3079 2464 3142 2519 in

1772 2538 1895 2594 sola
1923 2537 2337 2603 misericordia,
2390 2547 2446 2596 et
2498 2541 2846 2601 liberalitate
2894 2546 3011 2608 Dei,
3045 2543 3142 2599 sed

1772 2620 1947 2677 etiam
1980 2619 2040 2675 in
2086 2619 2280 2692 aliquo
2319 2622 2531 2689 debito,
2583 2624 2786 2681 saltem
2831 2627 3141 2683 amicitias:

1774 2699 1931 2756 aliud
1981 2715 2117 2756 vero
2164 2702 2502 2775 improprie,
2536 2709 2592 2760 et
2641 2706 2964 2764 extrinsece
3008 2709 3137 2770 tale,

1771 2780 1920 2852 quod
1946 2780 2230 2836 nimirum
2257 2782 2385 2838 licet
2412 2800 2482 2839 ex
2515 2790 2675 2856 parte
2703 2792 2859 2861 actus
2887 2788 3141 2859 aliquam

1774 2862 2203 2934 proportionem
2229 2862 2433 2920 habeat
2461 2883 2590 2921 cum
2623 2869 2882 2940 praemio,
2920 2869 3144 2925 nihilo-

1771 2944 1967 2998 minus
1996 2958 2112 2999 non
2155 2944 2429 3000 fundatur
2459 2947 2521 3002 in
2565 2950 2757 3021 aliquo
2797 2949 3007 3013 debito,
3041 2949 3140 3005 sed

1771 3023 2047 3078 innititur
2085 3024 2314 3094 praecise
2339 3027 2448 3080 soli
2488 3026 2845 3093 liberalitati,
2879 3034 2933 3084 et
2961 3030 3142 3085 mise-

1772 3103 2033 3159 ricordiae
2064 3104 2181 3159 Dei.
2216 3106 2355 3159 Cum
2399 3106 2559 3160 enirn
2584 3107 2653 3163 de
2685 3110 2909 3164 ratione
2942 3110 3136 3165 meriti

1770 3184 1845 3237 sit
1875 3182 2188 3254 importare
2210 3184 2304 3255 jus
2344 3185 2412 3239 ad
2444 3187 2767 3257 praemium,
2802 3187 2948 3243 illud
2978 3190 3135 3245 intra

1770 3263 2135 3318 latitudinem
2154 3266 2350 3320 meriti
2369 3265 2438 3321 de
2457 3282 2708 3342 congruo
2724 3271 3132 3341 appellandum

1768 3347 1854 3398 est
1892 3344 2167 3398 meritum
2224 3346 2474 3417 proprie,
2527 3352 2584 3403 et
2639 3348 2951 3407 intrinsece
2999 3354 3129 3421 tale,

1767 3423 1917 3495 quod
1938 3425 2210 3497 importat
2234 3425 2463 3498 aliquod
2484 3428 2576 3500 jus
2599 3429 2902 3486 fundatum
2927 3435 3131 3490 saltem

1768 3507 1831 3561 in
1853 3505 2045 3563 debito
2073 3507 2341 3563 amicitia:
2370 3510 2522 3565 inter
2551 3518 2872 3570 merentem
2900 3521 2956 3571 et
2985 3534 3132 3588 prae-

1768 3589 2078 3656 miantem;
2130 3590 2283 3645 inter
2330 3591 2542 3649 amicos
2581 3595 2739 3650 enim
2769 3605 2968 3654 cuncta
2997 3606 3132 3656 sunt

1767 3671 2116 3736 communia,
2160 3676 2215 3726 et
2257 3686 2358 3742 par
2401 3679 2503 3737 est,
2557 3677 2827 3733 utamico
2864 3684 3127 3751 operanti

1767 3753 2072 3823 praemium
2127 3753 2402 3824 rependat
2457 3758 2690 3813 amicus,
2767 3760 2873 3815 tihi
2935 3769 3126 3821 autem

1766 3849 1938 3890 omne
1960 3833 2216 3890 debitum
2245 3837 2422 3892 etiam
2469 3839 2736 3895 amicitias·
2776 3841 2981 3905 deficit,
3010 3863 3125 3903 non

1765 3913 1937 3970 habet
1964 3931 2103 3986 opus
2127 3915 2218 3987 jus
2247 3915 2476 3986 aliquod
2502 3918 2570 3973 ad
2601 3924 2942 3990 praemium:
2972 3932 3026 3981 et
3049 3929 3126 3983 ita

1763 3994 1912 4051 cadit
1935 4012 1965 4051 a
1985 3998 2208 4054 ratione
2229 3998 2421 4053 meriti
2450 4001 2699 4073 proprie,
2728 4011 2781 4059 et
2811 4005 3125 4064 intrinsece

1708 4106 1713 4111 ·
1761 4078 1997 4150 sumpti,
2026 4086 2082 4135 et
2133 4081 2320 4136 solum
2373 4080 2648 4138 fundatur
2691 4086 2749 4140 in
2803 4090 3126 4148 extrinseca

1764 4159 2132 4226 liberalitate,
2187 4167 2244 4216 et
2296 4161 2692 4220 misericordia
2741 4170 3117 4239 praemiantiS.

1762 4243 1882 4304 Qua
1935 4239 2212 4308 doctrina,
2273 4247 2328 4296 et
2381 4241 2749 4302 distinctione
2813 4252 3123 4323 suppositis

1761 4321 2072 4377 tenendum
2093 4327 2195 4383 est,
2223 4337 2395 4393 opera
2413 4323 2879 4394 justificationem
2906 4338 3124 4388 antece-

1760 4402 1952 4460 dentia
1978 4419 2094 4460 non
2123 4405 2338 4459 mereri
2367 4406 2615 4476 primam
2638 4411 2884 4480 gratiam
2904 4414 3122 4486 justifi-

1759 4491 1982 4541 cantem
2037 4486 2248 4541 merito
2297 4486 2366 4542 de
2416 4488 2698 4562 condigno
2753 4496 3002 4565 proprie,
3060 4505 3120 4555 et

1761 4567 2069 4625 intrinsece
2098 4567 2220 4625 tali.
2252 4566 2348 4622 sed
2378 4567 2447 4623 ad
2488 4586 2782 4627 summum
2812 4578 3018 4635 merito
3046 4580 3117 4638 de

1758 4665 2008 4722 congruo
2038 4649 2370 4721 improprie,
2413 4655 2472 4705 et
2515 4651 2824 4712 intrinsece
2862 4668 3108 4734 sumpto.

1761 4732 1829 4784 Et
1869 4731 1947 4786 ita
1974 4729 2231 4786 sentiunt
2266 4731 2590 4802 Capreolus
2651 4741 2887 4810 uterque
2927 4743 3109 4806 Sotus,
3144 4767 3331 4816 Capram.

1758 4813 1964 4876 Canus,
1992 4809 2571 4878 Medina,Conradus,
2593 4822 2648 4870 et
2675 4817 2774 4873 alii
2805 4821 3115 4881 Thomistae
3151 4820 3309 4904 5⁰¹⁰&

1758 4893 2119 4958 vetustiore5‚
2150 4891 2356 4965 quibus
2385 4895 2650 4952 moderni
2673 4900 2846 4956 etiarn
2870 4904 3116 4961 subscri·
3136 4877 3324 4957 Mgffia

1758 4972 1901 5028 bunt
1945 4976 2112 5047 Greg.
2161 4974 2443 5030 Martinez
2487 4978 2544 5031 in
2589 4985 2852 5050 praesenti,
2901 4985 3025 5041 dub.
3058 4990 3112 5053 2,
3142 4965 3326 5056 fflssfiaud

1755 5058 1988 5111 Arauxo
2006 5053 2132 5110 dub.
2156 5057 2335 5121 unico,
2361 5056 2528 5113 concl.
2558 5059 2612 5125 2,
2642 5060 2804 5116 Joan.
2833 5078 2864 5117 a
2892 5066 2944 5120 S.
2974 5065 3314 5124 Th0,Arauxo.

2897 5147 2963 5201 51
