3647 5753
102 2280 154 2322 el-

1343 414 1520 469 DISP.
1567 415 1681 481 VII,
1727 417 1895 474 DUB.
1940 419 2032 473 IV.

215 587 244 616 α
279 567 570 627 luntatem
589 573 651 629 in
671 591 770 632 sua
796 582 1356 655 naturalipotestate.
1379 606 1404 636 »
1431 585 1578 640 Etin

203 666 402 720 opusc.
435 653 532 709 tib.
584 656 637 720 3,
661 657 725 712 de
745 676 1009 718 concursu
1045 665 1169 733 Dei,
1196 685 1318 740 cap.
1343 669 1397 723 9.
1416 684 1575 724 num.

201 730 262 793 4,
298 728 400 821 uhi
419 733 641 807 ·inquit
666 758 678 793 :
714 761 740 791 «
768 744 841 797 At
867 743 1105 802 fortasse
1130 746 1338 814 dicent,
1371 755 1578 823 poten-

209 830 238 859 α
268 814 417 903 tiam
459 814 693 889 physice
733 822 1296 892 praedeterminatam
1344 829 1412 885 ad
1436 846 1577 887 con-

206 910 236 940 «
263 894 639 953 sentiendum
683 898 810 960 ideo
861 920 1023 976 posse
1058 907 1379 976 dissentire,
1440 912 1575 983 quia

207 993 234 1021 a
267 977 455 1061 potest
505 993 698 1036 carere
760 985 1104 1044 excitatione
1144 988 1575 1051 determinante

203 1073 234 1103 a
266 1069 477 1145 ipsam,
510 1062 569 1113 et
595 1064 723 1117 tunc
769 1080 885 1121 non
909 1071 1244 1127 consentiet.
1286 1073 1368 1128 Ita
1411 1074 1570 1131 enim

201 1155 232 1184 α
263 1149 330 1224 ιη
347 1150 426 1224 ’τε
445 1154 569 1209 ipsa
592 1143 934 1215 respondent
948 1149 1051 1221 qui·
1071 1149 1253 1218 aiunt,
1279 1169 1407 1208 cum
1432 1156 1573 1212 Con-

201 1234 232 1264 «
260 1213 468 1271 cilium
496 1216 657 1277 docet
682 1239 844 1295 posse
868 1225 1188 1297 dissentire,
1237 1232 1571 1308 intelligen-

201 1315 230 1345 α
259 1292 408 1352 dum
436 1312 561 1356 esse
585 1301 649 1357 in
686 1320 854 1362 sensu
884 1308 1088 1367 diviso.
1116 1332 1143 1363 υ
1170 1313 1361 1370 Suarii
1395 1330 1570 1391 argu-

199 1378 624 1439 mentationem
683 1383 945 1444 imitatur
1003 1391 1227 1448 Lessius
1278 1396 1337 1449 in
1381 1414 1562 1468 opusc.

195 1457 264 1548 dc
302 1464 499 1528 ,qratia
524 1465 749 1537 efficaci,
781 1487 899 1543 cap.
935 1472 989 1537 3,
1027 1490 1177 1531 num.
1212 1477 1296 1541 19,
1326 1476 1422 1533 ubi
1445 1477 1567 1534 dis-

192 1542 562 1609 tinctionem,
588 1552 643 1603 et
670 1551 1098 1622 responsionem
1127 1570 1160 1611 a
1187 1556 1354 1615 nobis
1383 1560 1566 1616 tradi-

192 1623 310 1674 tam
337 1622 426 1678 sic
455 1625 667 1682 refellit
694 1649 707 1683 ε
763 1650 788 1681 «
817 1631 1025 1687 Sensus
1046 1637 1392 1708 compositus
1411 1640 1562 1695 nihil

191 1720 218 1750 α
248 1700 417 1756 aliud
444 1710 548 1770 est,
578 1723 751 1779 quam
797 1710 846 1765 si
875 1711 1163 1771 decretum
1187 1716 1475 1786 divinum,
1508 1725 1564 1776 et

189 1802 215 1831 α
245 1784 435 1841 motio
454 1784 658 1844 divina
684 1799 1058 1863 componatur
1084 1812 1213 1852 cum
1237 1800 1555 1866 voluntate,

189 1882 212 1912 a
243 1860 303 1916 id
331 1869 442 1932 est,
473 1866 524 1922 si
554 1869 833 1927 voluntati
859 1872 1005 1929 adsit
1041 1896 1054 1930 ε
1095 1882 1151 1932 et
1175 1893 1377 1935 sensus
1404 1879 1561 1936 divi·

192 1965 216 1995 α
245 1959 362 2011 suS,
395 1946 450 2001 si
473 1946 640 2013 absit,
672 1956 729 2007 et
767 1955 1020 2011 tollatur.
1054 1959 1283 2032 Atquid
1314 1961 1553 2028 mirum,

197 2047 220 2074 a
248 2026 298 2080 si
339 2028 605 2085 motione
653 2032 754 2088 illa
793 2033 1034 2101 sublata,
1069 2041 1333 2097 voluntas
1384 2043 1559 2114 possit

195 2129 220 2156 az
251 2122 368 2162 non
394 2110 568 2167 velle.
617 2132 642 2161 n
673 2115 740 2169 Et
786 2115 984 2174 eodem
1027 2119 1196 2178 modo
1245 2124 1558 2195 loquuntur

188 2187 286 2241 alii
313 2189 593 2247 -Juniores
614 2193 866 2266 ejusdem
892 2198 1161 2255 instituti.

258 2270 666 2342 Respondetur
713 2278 973 2351 negando
1017 2283 1316 2356 maj0rem,
1366 2291 1555 2359 utpote

103 2340 124 2371 ”·
184 2349 577 2409 continentem
647 2371 882 2414 sensum
943 2358 1442 2433 absurdissimum,
1499 2374 1554 2423 et

184 2443 216 2481 a
251 2430 693 2490 Thornistarum
743 2444 954 2504 mente,
986 2446 1043 2497 et
1081 2442 1272 2499 verbis
1319 2462 1552 2517 prorsus

183 2509 461 2568 alienum.
519 2517 664 2570 Nam
705 2532 835 2573 cum
882 2518 1145 2587 dicimus,
1197 2526 1549 2583 voluntatem

181 2591 397 2647 auxilio
419 2592 634 2650 efficaci
656 2595 915 2654 affectam
939 2616 1054 2657 non
1072 2618 1231 2674 posse
1246 2604 1550 2663 dissentire

182 2670 240 2726 in
277 2688 452 2729 sensu
496 2678 829 2749 composito,
865 2682 1111 2740 minime
1135 2685 1543 2759 significamus

176 2750 321 2821 quod
347 2770 483 2809 cum
515 2758 737 2816 auxilio
761 2761 967 2819 efficaci
1010 2780 1127 2822 non
1174 2774 1548 2840 componatur

179 2836 416 2902 potestas
437 2835 511 2892 ad
535 2840 859 2911 oppositum
888 2867 900 2911 ς
924 2843 1020 2902 sed
1037 2847 1223 2903 solum
1254 2848 1546 2922 significa-

179 2928 319 2981 mus,
343 2917 499 2990 quod
529 2935 660 2976 cum
697 2925 918 2983 auxilio
938 2927 1146 2985 efficaci
1170 2944 1287 2985 non
1311 2946 1546 3004 compo-

182 3001 359 3063 natur,
397 3015 507 3056 nec
542 3006 812 3076 componi
838 3009 1010 3079 possit
1030 3015 1185 3065 actus
1228 3012 1540 3084 oppositus.

180 3075 334 3163 Ljnde
377 3080 745 3140 excludimus
787 3086 1158 3158 simultatem,
1191 3092 1285 3147 vel
1309 3109 1541 3166 compo-

176 3155 439 3214 sitionem
463 3160 698 3229 auxilii,
722 3169 776 3220 et
805 3171 959 3222 actus
980 3170 1222 3241 oppositi
1250 3194 1264 3237 ;
1295 3170 1542 3230 minime

178 3249 303 3292 vero
319 3239 692 3297 excludimus
717 3243 1092 3314 simultatem,
1127 3251 1214 3306 vel
1256 3253 1540 3324 composi-

178 3315 382 3374 tionem
409 3322 647 3388 auxilii‚
679 3328 735 3379 et
777 3328 1064 3397 potestatis
1093 3330 1160 3385 ad
1189 3331 1532 3403 oppositum.

176 3397 306 3451 Cum
361 3416 505 3458 vero
545 3404 877 3470 asserimus,
924 3409 1277 3467 voluntatem
1319 3414 1538 3472 auxilio

171 3474 368 3533 efficaci
413 3480 683 3540 affectam
726 3502 887 3557 posse
931 3486 1236 3548 dissentire
1277 3492 1338 3548 in
1366 3509 1534 3550 sensu

173 3556 368 3628 diviso,
418 3566 758 3638 neutiquam
812 3569 1221 3642 significamus,
1252 3574 1402 3645 quod
1430 3592 1536 3632 vo-

177 3637 353 3695 luntas
390 3642 585 3700 divisa
614 3647 684 3702 ab
730 3650 968 3716 auxilie,
993 3653 1083 3709 vel
1113 3652 1161 3707 si
1202 3653 1272 3708 ab
1319 3655 1534 3713 auxilio

172 3718 542 3792 divideretur,
586 3735 773 3799 posset
812 3735 999 3787 actum
1044 3734 1367 3806 oppositum
1395 3738 1530 3804 ;sed

170 3801 572 3873 significamuS,
606 3808 755 3879 quod
784 3813 1055 3869 voluntas
1082 3814 1393 3889 conjuncta
1424 3836 1531 3875 au-

175 3882 305 3937 ⁴{ilio
335 3884 526 3942 adhuc
567 3890 778 3945 retinet
825 3898 1154 3964 potestatem
1180 3901 1526 3968 proximam,

171 3969 220 4015 ct
267 3964 593 4036 expeditam
641 3968 709 4024 ad
764 3979 949 4028 actum
1021 3977 1364 4047 oppositum,
1413 3996 1528 4036 non

173 4043 387 4112 quidem
418 4053 479 4102 ut
529 4050 993 4125 conjungendum
1015 4072 1144 4112 cum
1168 4060 1404 4125 auxilio,
1430 4061 1528 4118 sed

174 4128 469 4212 secundum
500 4146 578 4195 se,
609 4138 664 4187 et
692 4139 750 4187 ut
771 4135 1220 4209 conjungibilem
1239 4139 1296 4196 iu
1326 4141 1526 4198 eodem

176 4211 395 4265 instanti
425 4227 561 4267 cum
599 4215 849 4285 potentia
878 4219 1162 4289 proxima,
1189 4227 1243 4277 et
1263 4222 1527 4295 expedita

102 4291 294 4362 jqntunc
317 4298 441 4347 actu
478 4293 762 4353 existente
787 4296 850 4352 in
880 4299 1195 4356 voluntate.
1230 4303 1421 4375 Itaque
1448 4304 1525 4360 li-

102 4355 149 4444 3
173 4374 245 4457 cet
266 4373 530 4429 voluntas
557 4374 753 4432 affecta
791 4381 1008 4437 auxilio
1046 4380 1253 4438 efficaci
1283 4391 1524 4456 nequeat

102 4463 136 4535 ξε
173 4446 464 4510 dissentire
498 4455 833 4515 frustrando
864 4460 981 4515 vim
1023 4462 1229 4518 auxilii
1260 4462 1518 4532 efficacis,

103 4515 151 4608 ’.ζρ
175 4526 266 4585 hoc
304 4538 407 4600 est,
461 4535 727 4605 ponendo
776 4537 1098 4597 dissensum
1151 4542 1521 4616 conjunctum

102 4606 136 4693 g·
171 4624 287 4665 cum
308 4614 532 4670 auxilio
555 4638 569 4680 ;
596 4617 745 4672 valet
768 4622 960 4676 tamen
977 4620 1281 4679 dissentire
1302 4640 1523 4694 ponen-

102 4685 236 4743 sa-tlo
252 4688 573 4749 dissensum
595 4696 908 4755 secundum
936 4716 1013 4765 se,
1045 4706 1101 4757 et
1128 4700 1521 4774 dependenter

102 4757 200 4841 aa
219 4775 584 4841 praemotione
603 4779 880 4851 opposita,
905 4783 998 4838 vel
1021 4799 1053 4839 a
1080 4785 1336 4842 carentia
1361 4787 1522 4843 auxi·

102 4857 132 4890 e.
172 4849 244 4920 lii,
274 4860 335 4910 ut
379 4862 604 4914 constat
643 4874 717 4916 ex
743 4859 907 4918 dictis
933 4867 964 4932 ς
991 4865 1043 4930 3,
1076 4870 1132 4921 et
1174 4870 1205 4937 g
1241 4869 1298 4934 7,
1348 4872 1405 4924 et
1449 4885 1521 4925 ex

171 4932 290 4990 locis
316 4937 392 4994 ibi
421 4940 630 4998 citatis
658 4943 729 4997 Et
768 4944 884 5000 haec
909 4950 993 5001 est
1014 4946 1265 5020 legitima
1295 4950 1520 5008 intelli-

167 5018 335 5084 gentia
393 5036 599 5077 sensus
654 5021 848 5088 divisi,
904 5030 960 5082 et
1020 5029 1333 5100 compositi,
1409 5048 1519 5103 qua

1713 589 2098 723 communiter
2124 594 2363 648 utuntur
2379 592 2688 650 Themistae
2714 593 2778 649 in
2802 594 2905 651 hac
2926 594 3080 650 diffi-

1711 673 1829 807 0¹12t
1832 673 1940 807 ῗὲῗ.
1962 754 2180 809 Etcum
2210 753 2378 829 hujus
2399 756 2660 813 veritatis
2681 761 2762 814 tot
2784 773 3075 830 possemus

1708 830 1984 889 inducere
2023 839 2208 901 testes,
2238 841 2374 908 quot
2443 843 2576 893 sunt
2625 844 3075 911 propugnatores

1710 912 1984 970 Catholici
2031 915 2230 988 gratiae
2285 922 2468 973 exse
2529 917 2783 981 efficacis,
2835 918 3073 975 sufficiet

2979 422 3081 476 145
3142 424 3147 427 ’

1707 997 2114 1063 tamenunum
2155 996 2356 1054 audire
2383 999 2678 1065 Alvarem,
2708 1016 2879 1072 quem
2905 1002 3069 1057 toties
3085 983 3282 1029 ‘mm‘-

1706 1075 1916 1132 Suarez
1936 1083 2065 1134 tom.
2095 1080 2150 1144 2,
2180 1078 2245 1133 de
2268 1081 2476 1150 qratia,
2510 1080 2827 1153 impugnat.
2860 1081 2951 1137 Sic
2971 1097 3069 1137 er-

1703 1170 1775 1229 go
1831 1154 2000 1214 habet
2042 1156 2191 1230 disp.
2237 1160 2328 1227 35,
2359 1159 2431 1217 de
2465 1160 2719 1224 auxiliis,
2767 1176 2927 1216 num.
2965 1162 3064 1217 19:

1711 1256 1738 1287 «
1765 1235 2133 1295 Advertimus
2178 1241 2451 1313 quosdam
2486 1242 2798 1314 Theologos
2842 1242 2904 1296 in
2934 1243 3069 1297 Dia-

1711 1337 1736 1368 «
1767 1316 1976 1375 lecticis
2002 1320 2301 1394 principiis
2323 1321 2581 1388 deficere,
2607 1321 2747 1377 dum
2771 1320 3068 1378 arbitran-

1710 1417 1736 1448 «
1765 1401 1860 1452 tur
1904 1398 2050 1456 hanc
2073 1403 2520 1474 propositionem
2555 1424 2567 1458 ε
2599 1405 2782 1459 Homo
2826 1407 3013 1459 motus
3035 1419 3065 1458 a

1709 1498 1735 1530 α
1759 1479 1873 1534 Deo
1900 1481 2120 1538 auxilio
2158 1482 2363 1539 efficaci
2394 1498 2511 1539 non
2542 1488 2717 1555 potest
2757 1481 3063 1538 dissentire

1707 1579 1732 1608 «
1764 1560 2047 1615 vocationi
2117 1561 2331 1618 divinae
2373 1564 2435 1619 in
2461 1617 2467 1622 ,
2493 1579 2663 1619 sensu
2725 1565 3055 1635 composito,

1706 1658 1731 1690 α
1763 1638 1910 1694 nihil
1961 1640 2117 1696 aliud
2146 1642 2490 1716 significare,
2517 1659 2688 1715 quam
2731 1642 2881 1714 quod
2912 1648 3061 1698 tcm-

1704 1739 1730 1771 «
1761 1735 1897 1791 pore
1916 1738 2025 1794 quo
2041 1723 2144 1778 illa
2165 1725 2342 1781 motio
2362 1728 2445 1781 est
2471 1725 2533 1781 in
2550 1725 2806 1788 homine,
2829 1724 2917 1779 illi
2942 1740 3061 1781 non

1702 1821 1728 1852 «
1759 1807 1941 1871 potest
1965 1801 2286 1870 dissentire,
2330 1804 2428 1860 sed
2458 1804 2777 1861 necessario
2814 1820 3060 1861 conver—

1671 1901 1728 1933 ·«
1758 1880 1899 1938 titur
1924 1907 1937 1949 ;
1963 1882 2149 1939 ablata
2184 1902 2321 1942 vero
2363 1886 2616 1942 motione
2662 1885 2889 1949 efficaci,
2923 1891 3060 1942 tunc

1701 1984 1727 2015 α
1759 1964 1934 2035 possit
1959 1965 2283 2035 dissentire,
2308 1973 2364 2024 et
2385 1983 2500 2024 non
2523 1969 2798 2025 converti.
2832 1968 2938 2023 Sed
2962 1968 3057 2023 isti

1699 2064 1724 2095 α
1754 2044 2036 2102 Authores
2078 2062 2195 2103 non
2237 2048 2526 2121 attingunt
2572 2064 2775 2105 vetum
2821 2065 3054 2105 sensum

1698 2143 1724 2174 α
1752 2124 2148 2196 compositum,
2180 2126 2279 2183 sed
2305 2130 2492 2183 solum
2534 2128 2753 2183 faciunt
2771 2129 3056 2200 composi-

1696 2224 1722 2256 «
1752 2203 1969 2261 tionem
2011 2207 2215 2263 auxilii
2274 2208 2510 2264 efficacis
2588 2224 2716 2264 cum
2759 2208 3055 2264 voluntate

1695 2306 1721 2337 «
1751 2292 1935 2343 creata
1963 2310 1977 2353 3
2009 2303 2125 2345 non
2154 2294 2343 2344 autem
2371 2293 2723 2362 componunt
2764 2288 3049 2344 auxilium

1693 2386 1719 2418 α
1747 2366 1961 2432 efficax,
1993 2373 2049 2423 et
2101 2371 2379 2426 actualem
2419 2368 2802 2426 resistentiam
2843 2368 2907 2424 in
2948 2384 3046 2425 eo-

1692 2468 1718 2499 «
1746 2447 1878 2504 dem
1906 2449 2154 2523 subjecto
2177 2464 2280 2523 pro
2313 2450 2511 2508 eodem
2552 2456 2806 2522 tempore
2834 2471 2847 2505 ε
2876 2466 3046 2522 quam

1691 2550 1717 2580 α
1746 2531 2218 2602 compositionem
2251 2529 2535 2605 significat
2558 2532 2666 2586 ista
2692 2530 3005 2603 propositio
3033 2555 3045 2587 :

1690 2630 1716 2660 «
1746 2609 2016 2666 Liberum
2042 2611 2352 2667 arbitrium
2380 2617 2601 2668 motum
2626 2627 2659 2666 a
2693 2613 2807 2667 Deo
2827 2611 3046 2668 auxilio

1689 2710 1714 2741 «
1744 2689 1950 2747 efficaci
1974 2690 2043 2747 ad
2088 2707 2428 2748 consensum
2454 2696 2631 2764 potest
2651 2690 2957 2747 dissentire
2981 2692 3044 2748 in

1688 2793 1714 2823 «
1741 2787 1911 2827 sensu
1952 2774 2281 2846 composito.
2307 2775 2459 2830 Sicut
2484 2774 2644 2830 enim
2688 2773 2998 2844 propositio
3027 2795 3038 2828 :

1687 2875 1712 2906 α
1744 2853 1955 2911 Album
1995 2871 2112 2913 non
2137 2859 2317 2928 potest
2359 2872 2480 2913 esse
2508 2856 2740 2930 nigrum
2786 2855 2848 2911 in
2869 2871 3037 2913 sensu

1686 2956 1712 2987 «
1739 2936 2071 3007 composito,
2116 2952 2232 2992 non
2272 2934 2571 3010 significat,
2617 2934 2764 3008 quod
2813 2936 3042 3008 quando

1685 3037 1710 3068 «
1739 3014 1940 3072 albedo
1979 3022 2063 3071 est
2105 3017 2165 3072 in
2212 3015 2462 3084 homine,
2515 3022 2651 3073 tunc
2697 3033 2813 3073 non
2869 3018 3042 3089 possit

1683 3117 1708 3146 «
1734 3110 1858 3152 esse
1904 3095 2066 3169 niger
2097 3118 2110 3163 ;
2138 3094 2326 3152 ablata
2363 3112 2501 3153 vero
2527 3096 2812 3163 albedine,
2866 3097 3039 3168 possit

3084 3090 3207 3132 Notis

3063 3139 3165 3181 sima
3182 3140 3243 3181 in·

1683 3199 1706 3224 «1
1736 3192 1859 3233 esse
1907 3177 2073 3250 niger
2106 3176 2239 3233 :sed
2284 3177 2569 3251 significat
2611 3176 2958 3243 albedinem,
2983 3182 3117 3233 etter
3131 3190 3237 3231 'rno-

1681 3277 1706 3308 «
1736 3256 2098 3330 nigredinem
2120 3272 2243 3314 esse
2265 3257 2480 3314 formas
2505 3258 2680 3314 simul
2712 3258 3038 3330 incompos-

1679 3358 1704 3388 α
1733 3336 1929 3393 sibiles
1952 3338 2013 3393 in
2040 3337 2240 3394 eodem
2286 3337 2554 3412 subjecto,
2581 3338 2660 3393 ita
2686 3343 2747 3393 ut
2767 3338 3038 3410 impossi-

1678 3439 1704 3469 «
1733 3417 1848 3474 bile
1882 3418 1960 3473 sit
1996 3418 2212 3491 aliquid
2258 3434 2380 3475 esse
2415 3417 2626 3485 album,
2665 3424 2721 3475 et
2757 3420 2990 3492 nigrum
3019 3444 3032 3485 ;

1677 3505 1779 3556 «et
1807 3504 2106 3572 propterea
2131 3504 2216 3556 est
2236 3517 2373 3557 vera
2400 3501 2728 3573 propositio.
2776 3503 2857 3555 lta
2879 3500 2994 3556 haec
3022 3522 3033 3555 :

1676 3601 1701 3632 α
1727 3579 1996 3636 Liberum
2021 3580 2329 3637 arbitrium
2358 3586 2579 3637 motum
2606 3596 2639 3636 a
2678 3583 2791 3637 Deo
2816 3581 3035 3637 auxilio

1674 3682 1699 3712 α
1728 3659 1936 3716 efficaci
1978 3677 2093 3718 non
2155 3667 2335 3732 potest
2374 3660 2680 3717 dissentire
2752 3660 2813 3715 in
2862 3676 3031 3717 sensu

1673 3762 1700 3792 «
1732 3742 2061 3812 composit0‚
2107 3757 2223 3797 non
2268 3739 2566 3815 significat,
2612 3740 2758 3813 quod
2804 3740 3034 3812 quando

1673 3843 1698 3874 «
1729 3823 1907 3878 motio
1945 3823 2137 3879 efficax
2163 3828 2248 3880 est
2286 3824 2346 3877 in
2389 3816 2643 3887 homine,
2693 3838 2808 3878 non
2858 3823 3033 3893 possit

1672 3923 1697 3954 (ι
1728 3900 2053 3968 dissentire,
2084 3902 2132 3958 si
2162 3901 2300 3958 velit
2324 3925 2338 3969 ;
2383 3898 2572 3957 ablata
2594 3916 2732 3958 vero
2775 3901 3032 3958 motione

1671 4005 1696 4036 «
1723 3982 1948 4051 efficaci,
1980 3988 2114 4040 tunc
2142 3984 2314 4056 possit
2354 3982 2681 4040 dissentire.
2704 3982 2817 4039 <Sed
2845 3983 3030 4057 signi-

1670 4085 1695 4115 «
1726 4061 1856 4121 ficat
1875 4063 1995 4121 haec
2017 4064 2127 4122 duo
2155 4080 2277 4121 esse
2306 4062 2799 4135 incompossibilia
2824 4063 3024 4130 simul,

1669 4164 1695 4194 <r
1726 4141 1876 4213 quod
1896 4143 2108 4200 scilicet
2129 4145 2414 4201 auxilium
2436 4143 2630 4200 efficax
2657 4143 2731 4198 sit
2754 4143 2817 4198 in
2843 4142 3026 4200 libero

1609 4225 1620 4236 “
1667 4242 1693 4273 «
1717 4222 1977 4288 arbitrie,
2006 4228 2063 4280 et
2088 4223 2337 4281 liberum
2366 4223 2675 4281 arbitrium
2702 4223 3020 4280 dissentiat.

1666 4322 1691 4353 α
1716 4304 1782 4357 Et
1804 4308 2104 4375 propterea
2126 4304 2228 4361 illa
2251 4305 2563 4378 propositio
2583 4310 2666 4359 est
2694 4319 2851 4372 vera,
2880 4320 3023 4376 quo-

1665 4402 1691 4434 α
1721 4383 1881 4438 niam
1915 4384 2199 4440 auxilium
2232 4385 2445 4451 efficax,
2477 4391 2533 4442 et
2565 4385 2801 4442 actualis
2847 4384 3023 4442 resis-

1665 4485 1690 4515 α
1719 4465 1898 4520 tentia
1928 4480 2030 4521 nec
2057 4470 2209 4533 sunt,
2262 4482 2365 4522 nec
2405 4472 2638 4538 possunt
2676 4481 2798 4522 esse
2841 4467 3019 4523 simul

1663 4567 1688 4597 (ι
1720 4544 1784 4599 in
1804 4544 2025 4610 eodem,
2051 4546 2520 4619 quamvisefficax
2534 4547 2820 4602 auxilium
2841 4547 3017 4604 simul

1662 4646 1688 4678 «
1716 4627 2095 4698 compatiatur
2116 4643 2305 4683 secum
2336 4629 2399 4683 in
2425 4626 2622 4685 eodem
2648 4627 2892 4685 arbitrio
2916 4645 3020 4701 po-

1661 4730 1687 4760 «
1717 4710 1957 4765 tentiam
2000 4709 2068 4765 ad
2119 4709 2597 4775 dissentiendum,
2628 4709 2677 4764 si
2708 4710 2851 4765 velit
2867 4710 3015 4782 quod

1660 4813 1687 4844 «
1714 4790 1935 4856 sufficit,
1960 4794 2016 4845 et
2044 4790 2360 4862 requiritur
2380 4789 2450 4846 ad
2480 4789 2823 4846 libertatem.
2858 4810 2883 4841 n
2912 4793 3014 4848 Eo-

1653 4872 1786 4928 dem
1836 4870 2003 4927 modo
2025 4873 2339 4944 loquuntur
2355 4870 2641 4936 Ledesma,
2659 4872 2875 4937 Zumel,
2904 4873 3013 4928 Ca-

1653 4953 1842 5018 brera,
1868 4956 1927 5008 et
1940 4951 2041 5007 alii
2081 4951 2409 5017 Themistae,
2431 4966 2570 5024 quos
2597 4953 2806 5008 Suarez
2823 4952 2884 5008 in
2909 4953 3012 5009 illo

1653 5040 1807 5092 tomo
1853 5034 1907 5099 2,
1953 5032 2024 5089 de
2055 5031 2261 5105 gratia,
2314 5031 2774 5104 frequentissime
2808 5035 3008 5091 refert.

3070 3238 3224 3281 mistas.
