3647 5753
504 433 614 487 774
1462 427 1555 480 DE
1597 425 1920 480 INFLUXU
1961 426 2414 481 CHARITATIS.

502 603 605 661 ille
624 603 780 661 solus
820 602 995 659 refert
1035 607 1191 659 actus
1234 616 1366 657 suos
1415 600 1479 654 in
1506 599 1703 663 Deum,
1757 595 1859 669 qui

503 683 732 741 nullum
754 701 824 740 ex
837 683 1123 757 praedictis
1139 681 1432 756 praeceptis
1452 679 1669 753 frangit
1684 699 1696 739 ;
1710 676 1863 751 quod

501 765 636 823 facit
662 765 850 839 justus
870 766 1088 838 quoties
1128 764 1272 821 bene
1324 762 1628 819 moraliter
1654 775 1862 833 opera-

498 851 596 904 tur
621 868 637 902 :
666 847 768 904 ille
794 863 933 904 vero
979 863 1096 904 non
1151 845 1344 911 refert,
1368 843 1466 916 qui
1520 840 1749 914 aliquod
1789 856 1862 898 ex

504 929 623 985 illis
652 929 1057 1002 praetermittit.
1091 930 1161 982 Et
1189 928 1269 982 ita
1306 923 1589 998 contingit
1618 924 1681 978 in
1725 938 1862 995 quo-

500 1010 642 1068 libet
691 1010 969 1067 existente
1014 1009 1076 1065 in
1114 1014 1340 1082 peccato
1391 1005 1647 1069 mortali,
1692 1009 1749 1060 et
1793 1004 1860 1061 in

494 1092 662 1166 justis
682 1090 820 1147 dum
844 1097 1065 1164 peccata
1084 1089 1339 1147 venialia
1365 1087 1756 1144 committunt.

581 1174 702 1229 112.
748 1174 844 1228 Est
882 1179 1077 1229 tamen
1107 1172 1199 1228 hic
1236 1166 1682 1231 observandum,
1707 1165 1860 1240 quod

496 1255 632 1328 quia
661 1261 1003 1328 praeceptum
1028 1253 1316 1311 referendi
1339 1251 1538 1307 omnia
1560 1249 1622 1306 in
1649 1252 1853 1316 Deum,

497 1352 615 1393 non
653 1341 739 1393 est
760 1352 941 1392 unum
965 1335 1190 1409 aliquod
1224 1337 1563 1408 praeceptum
1612 1329 1858 1386 distinc-

496 1424 618 1475 tum
647 1435 680 1475 a
706 1418 891 1475 tribus
919 1420 1043 1475 istis
1083 1423 1493 1491 praeceptorum
1522 1413 1851 1488 generibus,

495 1516 567 1557 ex
590 1498 798 1572 quibus
823 1500 1116 1566 coalescit,
1147 1498 1357 1555 idcirco
1380 1512 1498 1553 non
1525 1496 1695 1551 aliter
1723 1510 1856 1567 pec·-

494 1588 582 1640 cat
608 1576 815 1656 aliquis
866 1589 1065 1641 contra
1110 1583 1320 1655 ipsum,
1366 1595 1501 1637 non·
1528 1576 1849 1643 referendo,

494 1663 607 1719 nisi
635 1670 913 1736 quatenus
935 1668 1120 1737 peccat
1147 1669 1345 1720 contra
1367 1659 1597 1733 aliquod
1616 1676 1687 1717 ex
1708 1659 1851 1715 illis.

495 1743 661 1801 Unde
675 1745 861 1819 justus
880 1745 1100 1817 quoties
1126 1749 1415 1818 operatur,
1436 1747 1492 1798 et
1513 1757 1629 1798 non
1651 1741 1848 1807 refert,

493 1831 682 1898 peccat
701 1832 825 1882 actu
860 1828 1171 1883 venialiter
1198 1825 1367 1898 :quia
1392 1840 1523 1880 cum
1569 1836 1854 1894 suppona-

490 1911 588 1962 tur
606 1922 840 1964 servare
865 1908 1064 1964 omnia
1105 1907 1221 1964 alia
1244 1910 1538 1980 praecepta,
1570 1905 1758 1960 solum
1787 1902 1852 1959 in

486 2002 555 2044 eo
584 1993 764 2060 potest
804 2004 926 2045 esse
964 1988 1110 2046 ratio
1161 2005 1280 2045 non
1335 1983 1641 2051 referendi,
1698 1982 1852 2056 quod

487 2073 641 2124 actus
678 2085 817 2141 quos
866 2076 1111 2135 exercet,
1160 2085 1277 2128 non
1316 2072 1453 2123 sunt
1498 2065 1847 2133 referibiles,

486 2155 655 2221 atque
683 2150 822 2208 adeo
841 2158 976 2207 sunt
1025 2157 1246 2223 peccata
1272 2148 1549 2206 venialia.
1581 2148 1848 2204 Peccator

486 2236 697 2299 autem,
730 2231 836 2287 etsi
864 2230 1174 2304 aliquando
1208 2229 1420 2287 idcirco
1470 2244 1588 2286 non
1611 2227 1849 2295 referat,

482 2310 621 2383 quia
642 2318 797 2369 actus
823 2329 963 2384 quos
983 2318 1224 2379 exercet,
1243 2328 1314 2369 ex
1334 2328 1394 2367 se
1420 2316 1555 2367 sunt
1582 2309 1849 2366 irreseri-

485 2391 650 2460 biles,
682 2399 738 2450 et
760 2393 888 2450 ideo
929 2400 1063 2450 tunc
1102 2400 1227 2450 actu
1251 2397 1437 2466 peccet
1455 2406 1631 2464 3saepe
1651 2395 1849 2448 tamen

482 2480 755 2548 operatur
783 2474 926 2532 bene
953 2475 1273 2543 moraliter,
1303 2482 1359 2532 et
1386 2481 1518 2530 tunc
1561 2473 1707 2530 ratio
1729 2489 1848 2532 non

485 2555 774 2613 referendi
800 2573 913 2613 nou
948 2563 1128 2630 potest
1152 2573 1291 2625 esse,
1324 2555 1475 2630 quod
1526 2560 1681 2611 actus
1724 2555 1847 2629 ejus

479 2652 555 2694 ex
580 2653 642 2692 se
665 2638 784 2693 sint
818 2638 1220 2703 irreseribileS,
1257 2645 1316 2694 ut
1345 2642 1497 2711 patet
1530 2658 1543 2692 ε
1573 2635 1670 2693 sed
1716 2637 1847 2695 ideo

484 2732 602 2773 non
626 2717 814 2785 refert,
845 2719 981 2791 quia
1021 2720 1114 2776 vel
1164 2734 1267 2777 suo
1293 2724 1551 2791 tempore
1578 2732 1693 2773 non
1737 2717 1846 2774 ha-

484 2799 613 2855 huit
644 2804 829 2855 actum
858 2800 1169 2869 charitatis,
1196 2800 1268 2857 ad
1320 2816 1490 2873 quem
1517 2799 1838 2869 tenebatur,

483 2885 652 2952 atque
673 2879 813 2937 adeo
836 2897 952 2937 non
998 2884 1251 2939 servavit
1288 2882 1411 2955 ejus
1453 2888 1840 2956 praeoeptum;

482 2962 575 3019 vel
595 2962 645 3017 si
670 2961 839 3017 illum
870 2961 1086 3027 habuit,
1119 2964 1450 3020 retractavit
1492 2969 1684 3036 postea
1710 2979 1843 3037 pec-

478 3044 661 3102 cando
688 3044 1012 3100 mortaliter
1032 3050 1230 3102 contra
1251 3045 1481 3119 aliquod
1504 3063 1576 3104 ex
1603 3063 1844 3120 praecep-

478 3125 553 3181 tis
576 3124 810 3182 secundi
830 3126 1080 3199 generis,
1105 3144 1231 3200 quae
1259 3127 1520 3202 obligant
1540 3127 1646 3184 sub
1674 3144 1843 3185 mor-

287 1174 487 1233 Animad-

305 1232 457 1269 versun.

477 3208 602 3265 tali.
659 3210 846 3273 Quare
893 3214 955 3265 ut
997 3209 1184 3282 justus
1230 3210 1482 3284 aliquem
1522 3217 1711 3268 actum
1777 3212 1858 3291 in·

476 3289 658 3346 Deum
688 3305 805 3345 non
835 3291 1065 3358 referat,
1091 3290 1256 3349 debet
1279 3293 1578 3350 actualiter
1620 3293 1683 3349 in
1737 3292 1841 3350 illo

477 3384 740 3441 peccare:
771 3376 833 3427 ut
857 3388 996 3430 vero
1017 3387 1136 3429 non
1164 3373 1375 3431 reserat
1397 3379 1672 3446 peccator,
1698 3376 1840 3432 satis

474 3454 562 3505 est
588 3450 678 3506 vel
716 3451 867 3522 quod
919 3457 1043 3508 actu
1086 3459 1289 3524 peccet,
1330 3455 1423 3510 vel
1467 3453 1616 3528 quod
1669 3459 1838 3512 antea

477 3530 800 3587 mortaliter
828 3534 1161 3604 peccaverit,
1187 3539 1241 3590 et
1268 3540 1501 3593 maneat
1521 3533 1837 3593 habituali-

476 3614 564 3668 ter
590 3611 654 3667 in
683 3617 922 3685 peccato.

1081 3845 1219 3914 gx.

467 4016 607 4075 Alia
632 4016 869 4088 ejusdem
887 4019 1157 4072 sententiar
1183 4028 1832 4097 aryumentaproponun-

882 4106 993 4164 tur,
1023 4105 1073 4153 et
1093 4099 1407 4160 diluuntur.

277 4280 431 4324 sccun-
551 4254 672 4310 113.
716 4253 971 4311 Secundo
995 4253 1266 4326 probatur
1294 4256 1493 4314 eadem
1521 4261 1825 4330 sententia,

254 4327 437 4431 ⁶323:
467 4336 827 4475 quialnullus
853 4336 1217 4474 actusdtendit
1243 4337 1324 4475 ir}
1346 4337 1530 4477 finemt
1545 4357 1828 4479 supgrna-

298 4432 397 4473 tum.
465 4424 597 4476 tura
622 4435 714 4476 em
768 4436 881 4476 nisi
906 4436 1000 4477 me
1040 4435 1181 4476 iaco
1222 4436 1280 4476 111
1310 4437 1505 4478 ioneis
1534 4422 1625 4479 ius
1743 4426 1755 4437 '
1810 4447 1823 4482 ε

301 4482 306 4487 ’
463 4500 562 4558 sed
583 4462 735 4572 saepe,
775 4500 915 4573 justi
963 4435 1276 4573 operantgur
1324 4501 1470 4560 bene
1522 4442 1828 4566 moraffizr

463 4579 676 4652 absque
697 4579 1025 4654 hujusmodi
1054 4580 1398 4655 cognitione,
1430 4587 1494 4638 ut
1516 4586 1827 4657 experien-

461 4660 546 4717 tia
593 4661 715 4734 ipsa
764 4667 1003 4718 testatur
1032 4677 1203 4735 :ergo
1240 4668 1388 4719 'tunc
1434 4679 1638 4721 eorum
1687 4666 1825 4726 boni

462 4746 617 4799 actus
639 4758 758 4800 non
787 4743 1078 4818 attingunt
1120 4743 1454 4816 praedictum
1500 4744 1698 4815 finem,
1734 4753 1826 4806 at·-

459 4841 570 4899 que
597 4824 739 4883 adeo
767 4841 950 4898 neque
995 4830 1169 4883 erunt
1197 4827 1328 4886 vitae
1375 4833 1603 4887 aeternae
1649 4831 1825 4890 meri·

458 4905 616 4963 torii.

248 5002 435 5052 Respon-
534 4987 695 5045 Dices
724 4987 980 5045 sufficere
1008 4987 1077 5045 ad
1128 4990 1527 5066 attingendum
1568 4994 1822 5068 aliquem

298 5050 378 5094 ⁵¹⁰·
460 5069 659 5138 finem,
686 5070 996 5129 virtualem
1024 5071 1147 5145 ejus
1173 5075 1579 5149 cognitionem,
1598 5081 1655 5134 et
1675 5076 1822 5135 hanc

1994 602 2247 669 respectu
2275 595 2410 654 finis
2436 597 2894 670 supernaturalis
2914 612 3145 670 semper
3165 594 3369 654 adesse

1988 678 2157 753 J'ustis
2183 678 2321 735 dum
2350 685 2664 752 operantur
2692 679 2837 735 bene
2865 680 3189 735 moraliter.
3595 746 3596 755 χ

2066 759 2174 817 Sed
2200 768 2398 818 contra
2417 766 2501 817 est
2523 762 2731 834 primo,
2757 762 2892 834 quia
2935 761 3208 818 virtualis
3266 776 3369 817 co·-
3401 763 3514 816 tnu-

1990 841 2175 915 gnitio
2208 843 2449 916 alicujus
2476 840 2608 899 finis
2636 841 2838 899 haberi
2867 859 2985 901 non
3009 847 3207 914 potest,
3244 841 3368 898 nisi
3394 820 3523 866 μω·

1991 922 2182 981 media
2209 926 2401 998 aliqua
2441 927 2767 1001 cognitione
2794 925 3044 989 formali,
3069 941 3196 996 quae
3227 940 3370 997 pos-

1988 1004 2066 1061 sit
2092 1006 2254 1062 illam
2272 1006 2572 1080 implicite,
2586 1008 2761 1064 autin
2781 1008 3017 1065 confuso
3031 1006 3369 1062 continere:

1987 1085 2089 1143 sed
2108 1103 2255 1160 soepe
2269 1088 2452 1162 justus
2466 1096 2734 1161 operatur
2753 1089 2896 1145 bene
2918 1088 3223 1144 moraliter
3238 1103 3369 1144 me—

1988 1167 2101 1225 diis
2122 1169 2431 1226 virtutibus
2473 1172 2762 1244 acquisitis
2789 1174 2915 1228 sine
2967 1171 3070 1226 hac
3117 1169 3367 1227 formali

1987 1251 2313 1325 cognitione
2340 1270 2511 1328 :ergo
2562 1253 2739 1311 etiam
2785 1255 2912 1309 sine
2951 1252 3055 1308 illa
3081 1252 3365 1308 virtuali.

1985 1332 2171 1406 Major
2197 1333 2425 1390 videtur
2479 1336 2792 1408 perspicua,
2823 1341 2877 1390 et
2920 1335 3116 1390 minor
3141 1332 3365 1391 suade-

1985 1418 2082 1470 tur
2122 1432 2303 1472 :nam
2327 1423 2387 1473 ut
2407 1417 2592 1490 justus
2631 1420 2822 1474 eliciat
2874 1423 3060 1474 actum
3111 1417 3364 1472 virtutis

1987 1497 2292 1567 acquisitae,
2336 1500 2474 1554 satis
2513 1505 2597 1555 est
2642 1499 2905 1556 formalis
2951 1498 3201 1572 cognitio
3245 1498 3358 1554 ob-

1979 1576 2112 1651 J'ecti
2142 1579 2307 1637 istius
2322 1582 2575 1644 virtutis;
2599 1583 2720 1639 11ωο
2744 1588 2933 1638 autem
2950 1581 3203 1654 cognitio
3219 1597 3361 1638 cum

1983 1659 2058 1714 sit
2080 1662 2310 1732 praecise
2338 1664 2619 1720 naturalis
2645 1705 2658 1729 ,
2687 1678 2802 1719 non
2850 1668 3028 1735 potest
3048 1662 3362 1720 continere

1986 1740 2311 1799 virtualiter
2336 1747 2722 1819 cognitionem
2751 1742 2885 1799 finis
2925 1749 3360 1816 supernatura-

1983 1820 2074 1890 lis,
2109 1828 2171 1878 ut
2198 1839 2268 1880 ex
2297 1841 2357 1881 se
2384 1830 2537 1898 patet
2561 1847 2574 1880 :
2597 1840 2755 1898 ergo,
2801 1830 2904 1880 etc.
2936 1822 3204 1880 Praeterea
3254 1839 3358 1881 co-

1980 1902 2165 1976 gnitio
2210 1905 2481 1961 virtualis
2526 1906 2766 1978 alicujus
2810 1903 3011 1977 obiecti
3070 1906 3358 1977 supponit

1980 1983 2367 2057 cognitionem
2390 1986 2510 2059 ejus
2539 1984 2863 2050 formalem,
2892 1990 2947 2039 et
2987 1983 3056 2039 ab
3096 2000 3165 2041 ea
3208 2001 3357 2041 cau-

1980 2071 2168 2122 satur:
2190 2066 2288 2123 sed
2316 2068 2377 2123 in
2398 2083 2529 2123 casu
2552 2068 2733 2139 posito
2747 2066 2995 2139 cognitio
3024 2068 3347 2133 naturalis,

1979 2164 2150 2221 quam
2179 2147 2348 2205 habet
2387 2150 2589 2223 justus,
2623 2165 2740 2205 non
2768 2154 3032 2204 causatur
3051 2164 3124 2205 ex
3149 2151 3353 2224 cogni-

1979 2229 2135 2286 tione
2156 2227 2291 2285 finis
2315 2231 2774 2302 supernaturalis
2799 2251 2812 2285 ε
2840 2245 2976 2303 ergo
3005 2245 3124 2285 non
3150 2231 3350 2287 conti-

1979 2315 2077 2365 net
2104 2309 2268 2366 illam
2296 2310 2642 2368 virtualiter.

2062 2392 2183 2448 114.
2253 2391 2648 2464 Respondetur
2687 2390 3021 2448 sustinendo
3059 2390 3535 2450 traditamnetenai-

1976 2471 2344 2534 solutionem3
2374 2487 2508 2528 nam
2540 2472 2609 2529 ad
2631 2474 2903 2529 meritum
2934 2473 3065 2528 vitae
3105 2449 3521 2551 aeternaeuffi

1976 2552 2180 2608 sufficit
2205 2554 2288 2622 (ut
2320 2568 2390 2609 ex
2411 2553 2577 2610 dictis
2597 2558 2832 2623 constat)
2860 2552 3008 2626 quod
3031 2558 3188 2610 actus
3208 2556 3343 2612 vir-
3393 2550 3480 2594 ⁸⁵0·
3567 2584 3572 2603 ι

1978 2633 2209 2690 tualiter
2229 2634 2471 2709 attingat
2495 2633 2671 2692 finem
2702 2636 2973 2690 ultimum
2995 2641 3343 2707 supernatu·
3383 2630 3392 2635 ’
3565 2630 3578 2649 '

1976 2716 2189 2784 ralem;
2244 2717 2314 2773 ad
2362 2718 2689 2792 hujusmodi
2744 2734 2879 2775 vero
2924 2717 3332 2791 attingentiam

1974 2800 2111 2857 satis
2137 2805 2222 2857 est
2247 2799 2515 2856 virtualis
2566 2800 2814 2874 cognitio
2866 2800 3118 2875 ejusdem
3173 2799 3332 2869 finis,

1973 2886 2030 2939 et
2069 2883 2190 2954 11ωο
2237 2880 2391 2938 adest
2412 2881 2581 2956 justo,
2613 2884 2834 2955 quoties
2879 2882 3025 2940 bene
3062 2889 3338 2955 operatur

1975 2962 2201 3020 ratione
2223 2964 2384 3019 illius
2410 2962 2586 3028 modi,
2606 2979 2718 3034 quo
2742 2962 3053 3020 informari
3081 2961 3343 3021 diximus

1973 3059 2174 3101 omnes
2201 3044 2321 3117 ejus
2350 3043 2590 3100 virtutes
2609 3087 2619 3108 ‚
2638 3043 2812 3100 etiam
2837 3044 3160 3118 acquisitas.
3191 3048 3341 3102 Nam

1974 3123 2278 3196 praedictus
2310 3124 2511 3181 modus
2560 3124 2622 3180 in
2655 3140 2759 3180 sua
2810 3125 3038 3200 origine
3090 3125 3344 3198 procedit

1972 3222 2091 3264 non
2122 3208 2309 3263 solum
2339 3224 2372 3264 a
2413 3207 2709 3271 charitate,
2759 3205 2856 3262 sed
2908 3208 3083 3264 etiam
3125 3224 3158 3264 a
3199 3206 3333 3272 fide,

1969 3293 2163 3360 estque
2185 3288 2554 3362 participium
2577 3288 2859 3361 quoddam
2883 3290 3336 3346 actuumutrius-

1968 3385 2110 3445 que,
2167 3385 2374 3444 easque
2415 3372 2630 3428 virtute
2670 3371 2961 3439 continet;
3010 3377 3067 3430 et
3125 3371 3336 3429 idcirco

1968 3452 2160 3509 omnis
2181 3459 2353 3520 actuS,
2373 3454 2472 3526 qui
2502 3471 2533 3510 a
2562 3452 2732 3510 modo
2755 3455 2864 3511 isto
2893 3455 3147 3527 procedit
3172 3457 3333 3528 (pro-

1965 3534 2115 3592 cedit
2134 3540 2322 3593 autem
2347 3535 2540 3592 omnis
2558 3536 2657 3609 qui
2683 3540 2767 3592 est
2801 3535 2982 3593 bonus
3009 3537 3332 3609 moraliter)

1965 3615 2111 3673 sicut
2136 3620 2240 3682 est,
2264 3621 2322 3672 et
2367 3615 2479 3672 dici
2511 3622 2691 3689 potest
2718 3616 2984 3673 virtualis
3013 3617 3116 3673 Dei
3143 3633 3324 3683 amor,

1965 3696 2046 3753 ita
2065 3697 2239 3754 etiam
2268 3695 2379 3753 dici
2410 3702 2590 3770 potest
2617 3698 2884 3755 virtualis
2905 3699 3027 3773 ejus
3051 3698 3322 3774 cogniti0.

1964 3781 2151 3844 Quare
2174 3777 2515 3851 adssprimam
2538 3778 2658 3852 ejus
2680 3779 3177 3853 impugnationem
3202 3795 3325 3852 pos·

1961 3864 2049 3916 set
2087 3859 2287 3932 negari
2341 3860 2545 3933 major,
2593 3859 2730 3930 quia
2766 3860 3037 3916 virtualis
3077 3859 3325 3934 cognitio

1963 3941 2203 4016 alicujus
2266 3940 2465 4016 objecti
2505 3940 2719 4009 ,haberi
2769 3948 2949 4016 potest
2985 3944 3078 4000 vel
3135 3941 3322 4000 media

1960 4023 2286 4096 cognitione
2312 4023 2550 4080 alterius
2574 4022 2829 4089 formali,
2859 4026 2950 4080 vel
2992 4023 3183 4081 medio
3211 4024 3321 4079 ali-

1959 4118 2072 4174 quo
2092 4104 2207 4160 alio
2234 4109 2378 4168 actu,
2402 4103 2500 4176 qui
2525 4121 2557 4161 a
2582 4104 2906 4179 cognitione
2934 4106 3164 4163 formali
3188 4106 3322 4163 talis

1959 4184 2293 4259 objecti‚per
2313 4202 2372 4244 se
2395 4187 2694 4259 loquend0‚
2718 4190 3070 4260 processerit,
3090 4188 3319 4245 etiamsi

1960 4268 2288 4343 hujusmodi
2328 4275 2483 4327 actus
2511 4287 2629 4328 non
2655 4271 2730 4326 sit
2775 4271 3096 4327 formaliter
3123 4272 3321 4348 cogni-

1958 4351 2057 4421 tio,
2088 4351 2185 4410 sed
2211 4353 2395 4425 potius
2441 4359 2595 4409 actus
2622 4354 2953 4410 voluntatis.
2980 4358 3126 4412 Nam
3173 4356 3320 4411 sicut

1958 4432 2022 4488 in
2050 4437 2174 4491 actu
2224 4434 2547 4489 intellectus
2593 4441 2789 4491 manet
2831 4451 2977 4508 saepe
3030 4436 3218 4492 virtus
3269 4440 3327 4493 et

1956 4514 2201 4573 efficacia
2228 4516 2559 4583 voluntatis,
2586 4522 2644 4572 et
2665 4515 2791 4574 ideo
2832 4517 2944 4574 dici
2986 4523 3169 4591 potest
3192 4518 3323 4575 vir-

1956 4599 2189 4655 tualiter
2210 4598 2439 4667 volitio;
2465 4598 2547 4655 sic
2573 4599 2748 4667 etiam
2780 4600 2850 4655 in
2875 4606 2999 4656 actu
3040 4601 3319 4657 volunta-

1957 4679 2030 4735 tis
2053 4685 2232 4753 potest
2254 4695 2556 4737 remanere
2582 4680 2768 4736 virtus
2795 4686 2851 4737 et
2876 4681 3015 4738 ordo
3051 4681 3320 4740 intellec-

1956 4763 2064 4827 tuS‚
2114 4766 2172 4817 et
2222 4760 2503 4833 appellari
2554 4762 2803 4834 cognitio
2847 4761 3196 4819 virtualiter.
3253 4765 3318 4820 lu

1955 4841 2223 4913 praesenti
2245 4856 2380 4915 ergo
2404 4839 2542 4896 dum
2565 4841 2751 4915 justus
2776 4841 2932 4899 elicit
2977 4848 3167 4898 actum
3188 4843 3318 4900 vir-

1955 4921 2092 4977 tutis
2113 4921 2423 4994 acquisitae,
2450 4921 2687 4994 justitiae
2714 4941 2772 4980 v.
2801 4938 2854 4997 g.
2891 4922 3081 4979 medio
3099 4923 3320 4997 J’udicio

1953 5002 2238 5058 naturalis
2279 5001 2599 5075 prudentiae
2624 5046 2636 5067 ‚
2686 5008 2806 5060 tam
2847 5002 3128 5078 judicium
3174 5005 3280 5062 1100
3300 5048 3315 5070 .

1951 5097 2126 5156 quam
2155 5082 2276 5156 ipse
2296 5088 2449 5141 actus
2465 5083 2700 5157 justitiae
2729 5089 2907 5158 potest
2945 5085 3057 5142 dici
3085 5086 3316 5144 virtua-

3178 5167 3316 5225 liter
