3647 5753
64 1497 253 1540 Aranxo.

83 1546 209 1588 Joan.
228 1556 254 1588 a

66 1593 265 1638 S.‘1·hom.

1410 431 1588 488 DISP.
1635 430 1731 499 lv,
1774 428 1941 484 DUB.
2000 429 2046 483 1.
3032 435 3143 492 635

274 601 430 655 Tum
457 600 653 667 etiam,
687 603 822 674 quia
866 602 1000 659 inde
1050 602 1359 678 colligitur,
1389 601 1540 675 quod
1582 593 1645 658 in

280 682 647 740 naturalibus
691 683 1003 741 destructio
1047 686 1288 742 termini
1316 704 1352 741 a
1382 703 1487 763 quo
1529 700 1645 742 non

281 762 530 834 pertinet
554 780 654 835 per
674 780 734 821 se
756 764 826 822 ad
856 764 1175 821 terminum
1218 767 1293 821 ad
1331 783 1488 843 quem
1515 779 1648 837 spe-

281 843 632 902 cificativum
686 852 914 914 motus;
964 847 1100 920 quia
1152 863 1270 905 non
1326 847 1647 905 intenditur

284 929 519 997 propter
549 942 627 992 se,
653 926 751 982 sed
782 935 1014 1001 propter
1052 927 1485 1001 generationem
1510 927 1646 985 novi

281 1006 601 1078 compositi,
652 1024 746 1064 seu
794 1016 1026 1082 propter
1072 1010 1322 1067 formam
1362 1011 1433 1068 de
1497 1024 1647 1066 novo

280 1086 678 1147 educendam.
712 1092 864 1164 atqui
882 1091 1190 1150 destructio
1213 1094 1417 1167 peccati
1443 1095 1640 1166 potest,

280 1175 563 1244 quantum
586 1176 672 1227 est
691 1169 760 1227 de
778 1188 857 1238 se,
875 1173 1096 1230 intendi
1122 1179 1352 1247 propter
1372 1174 1640 1247 seipsam,

280 1254 337 1305 et
358 1248 810 1322 independenter
831 1253 901 1310 ab
924 1253 1217 1312 infusione
1244 1256 1444 1329 gratiae
1472 1253 1643 1309 habi-

281 1331 494 1398 tualis;
526 1338 582 1389 et
622 1333 700 1389 ita
739 1335 1092 1408 contingeret
1142 1352 1292 1401 casu,
1335 1352 1447 1409 quo
1499 1338 1645 1391 Deus

284 1417 572 1483 peccatum
594 1412 911 1472 destrueret
939 1415 1149 1487 absque
1175 1417 1471 1474 infusione
1496 1431 1646 1490 prae-

282 1492 443 1549 dictae
462 1496 678 1567 gratiae,
710 1502 768 1551 ut
788 1497 1098 1554 admittunt
1120 1500 1370 1565 Arauxo,
1391 1503 1446 1555 et
1464 1500 1494 1552 J
1500 1513 1644 1555 oan-

285 1589 387 1629 nes
413 1589 446 1630 a
472 1576 526 1631 S.
560 1577 811 1645 Thoma;
835 1584 982 1634 esset
1016 1582 1228 1652 quippe
1272 1579 1500 1653 insigne
1539 1577 1646 1636 do-

284 1670 446 1721 num,
472 1661 529 1712 et
556 1655 912 1725 beneficium,
944 1661 1092 1732 quod
1138 1665 1282 1718 Deus
1325 1660 1644 1716 remitteret

285 1742 592 1808 peccatum,
623 1743 678 1792 et
698 1738 994 1796 hominem
1019 1740 1088 1797 ad
1116 1757 1280 1797 suam
1318 1742 1644 1797 naturalem

282 1818 590 1890 puritatem
615 1814 910 1877 reduceret
936 1844 948 1878 :
980 1839 1115 1897 ergo
1140 1822 1412 1896 praedicta
1437 1823 1642 1895 peccati

278 1898 586 1956 destructio
628 1903 876 1973 pertinet
899 1919 999 1976 per
1028 1920 1087 1961 se
1115 1903 1184 1960 ad
1226 1903 1542 1960 terminum
1571 1906 1647 1960 ad

277 1997 436 2058 quem
476 1981 903 2053 justificationis
951 1985 1142 2056 impii.
1181 1987 1328 2042 Tum
1371 1984 1639 2059 denique,

277 2062 416 2134 quia
446 2062 524 2118 ita
559 2065 697 2120 satis
739 2066 1034 2138 perspicue
1061 2066 1220 2123 docet
1248 2070 1308 2123 D.
1343 2068 1548 2124 Thom.
1581 2067 1644 2123 in

279 2146 547 2217 praesenti
574 2154 683 2204 art.
740 2149 797 2215 6,
845 2151 907 2203 in
950 2157 1267 2219 arqumento
1293 2149 1403 2209 Sed
1428 2155 1638 2216 contra,

277 2226 370 2281 cui
414 2242 532 2283 non
575 2229 896 2300 respondet,
928 2228 1023 2284 ubi
1073 2230 1200 2286 ait:
1252 2252 1277 2286 α
1320 2233 1386 2287 In
1412 2246 1647 2287 enume-

285 2329 312 2360 α
358 2309 579 2365 ratione
601 2326 825 2377 eorum,
852 2327 975 2383 quae
1006 2313 1383 2384 requiruntur
1398 2310 1469 2368 ad
1497 2328 1639 2379 rem,

282 2409 310 2440 «
357 2406 474 2447 non
505 2391 670 2450 debet
716 2396 1081 2466 praetermitti
1126 2394 1278 2462 finiS,
1311 2394 1406 2467 qui
1435 2400 1521 2452 est
1543 2411 1646 2468 po·-

285 2494 312 2525 (ι
354 2473 646 2531 tissimum
704 2477 766 2532 in
815 2493 1155 2551 unoquoque
1187 2501 1201 2543 ;
1232 2476 1329 2534 sed
1382 2477 1645 2534 remissio

283 2572 311 2604 α
358 2555 565 2626 peccati
611 2561 696 2612 est
734 2555 867 2613 finis
908 2558 969 2613 in
993 2558 1401 2631 justificatione
1430 2557 1640 2630 impii;

286 2655 313 2686 α
357 2635 569 2692 dicitur
617 2639 777 2694 enim
827 2640 985 2695 Isaiae
1030 2643 1101 2696 27
1135 2643 1287 2698 :Iste
1330 2646 1414 2699 est
1453 2642 1644 2698 omnis

288 2735 315 2767 α
357 2714 593 2783 fructus,
654 2724 714 2774 ut
779 2719 1073 2777 auferatur
1125 2726 1413 2793 peccatum
1472 2723 1595 2796 ejus
1627 2742 1656 2780 ε.

284 2815 311 2847 α
355 2810 492 2870 ergo
534 2799 798 2855 remissio
835 2805 1192 2873 peccatorum
1221 2801 1386 2858 debet
1433 2817 1643 2857 nume-

285 2896 312 2928 α
357 2878 478 2934 rari
507 2878 658 2936 inter
685 2896 770 2944 ea,
797 2897 922 2952 quae
947 2882 1325 2955 requiruntur
1353 2881 1643 2958 adjustiti-

283 2978 311 3008 α
353 2959 635 3016 cationem
655 2962 842 3033 impii.
868 2983 892 3014 ι)
928 2964 996 3018 Et
1025 2965 1086 3020 in
1104 2962 1218 3021 fine
1244 2965 1498 3037 corporis
1526 2965 1638 3020 ait.

285 3060 312 3089 <t
354 3040 789 3099 consummatio
853 3048 1081 3110 autem,
1152 3047 1277 3102 sive
1343 3046 1642 3119 perventio

282 3139 311 3170 α
356 3118 426 3175 ad
467 3123 784 3179 terminum
839 3123 1009 3198 hujus
1055 3130 1243 3182 motus
1293 3126 1643 3199 importatur

282 3221 310 3253 «
355 3217 456 3275 per
497 3206 897 3262 remissionem
947 3207 1164 3279 culpae3
1210 3209 1271 3263 in
1321 3208 1428 3264 hoc
1482 3209 1641 3264 enim

281 3302 309 3334 α
347 3281 681 3357 justificatio
695 3293 1187 3343 consummatur.»
1219 3288 1371 3345 Etad
1385 3289 1643 3361 primum

279 3365 633 3438 respondet:
672 3390 697 3422 «
741 3366 1079 3433 Dicendum,
1123 3367 1272 3440 quod
1312 3368 1644 3441 justificatio

280 3465 310 3498 α
351 3444 521 3516 impii
551 3445 764 3501 dicitur
791 3463 912 3503 esse
940 3448 1064 3520 ipsa
1093 3448 1358 3504 remissio
1387 3454 1645 3520 peccato-

281 3546 308 3577 α
351 3539 504 3592 rum,
536 3526 851 3582 secundum
900 3526 1051 3598 quod
1098 3528 1290 3583 omnis
1330 3533 1520 3585 motus
1560 3544 1647 3586 ac·

280 3625 309 3656 α
349 3605 491 3677 cipit
534 3606 781 3677 speciem
835 3622 866 3661 a
913 3607 1186 3664 termino.
1233 3629 1259 3659 n
1306 3609 1376 3664 Et
1401 3608 1646 3680 denique

276 3689 390 3741 art.
418 3686 452 3739 8
480 3685 807 3742 concludit:
841 3707 865 3738 «
890 3688 1171 3750 Quartum
1218 3704 1376 3754 vero,
1408 3694 1465 3745 et
1504 3689 1646 3744 ulti-

282 3788 309 3819 «
353 3782 517 3822 mum
563 3771 649 3823 est
704 3767 970 3824 remissio
998 3768 1198 3841 culpae,
1233 3768 1304 3825 ad
1330 3787 1502 3843 quam
1531 3776 1647 3828 tota

282 3867 310 3899 α
354 3847 463 3902 ista
501 3849 909 3904 transmutatio
938 3847 1244 3905 ordinatur
1288 3850 1433 3907 sicut
1475 3851 1545 3908 ad
1574 3850 1648 3906 fi-

285 3950 313 3982 «
356 3943 511 3985 nem.
559 3949 585 3981 »
632 3932 769 3994 Quae
797 3930 996 3987 omnia
1037 3931 1321 3987 violenter
1341 3948 1647 4006 exponun-

279 4014 395 4077 tur,
430 4012 544 4068 nisi
585 4010 924 4067 admittatur
976 4013 1381 4069 remissionem
1436 4015 1645 4086 peccati

284 4091 574 4164 pertinere
598 4107 697 4186 per
719 4109 779 4150 se
807 4092 877 4149 ad
905 4093 1226 4155 terminum
1247 4093 1324 4149 ad
1349 4113 1505 4171 quem
1522 4095 1648 4169 jus-

285 4173 658 4232 tificationis
644 4175 834 4247 impii.

52 4266 274 4315 nativum
369 4254 583 4311 11.Ad
628 4256 1073 4314 fundamentum
1116 4261 1308 4314 autem
1358 4256 1647 4316 Adversa-

80 4320 253 4363 contn-

58 4368 182 4415 1inm
193 4365 275 4411 eli·

92 4417 230 4464 ditur.

288 4336 512 4394 riorum
543 4337 936 4409 respondetur,
969 4339 1218 4412 gratiam
1263 4355 1388 4411 quae
1439 4340 1649 4396 termi-

287 4423 389 4474 nat
422 4415 889 4490 justificationem
940 4419 1128 4491 impii,
1178 4423 1233 4476 et
1285 4435 1404 4477 non
1454 4418 1642 4492 impii,

284 4513 410 4555 esse
432 4496 733 4571 utrobique
748 4497 1000 4571 ejusdem
1022 4499 1229 4571 speciei
1252 4500 1315 4556 in
1332 4515 1454 4557 esse
1474 4500 1644 4567 entis3

285 4577 523 4636 differre
544 4584 737 4635 tamen
768 4579 1093 4635 formaliter
1122 4581 1184 4636 in
1213 4596 1333 4638 esse
1360 4581 1599 4637 termini
1633 4602 1646 4636 ε

282 4660 751 4736 iustificationem
792 4660 950 4718 enim
996 4676 1111 4717 non
1155 4661 1323 4735 impii
1365 4661 1651 4734 specificat
1705 4663 1709 4668 “

285 4742 647 4799 considerata
697 4740 1008 4798 secundum
1060 4758 1138 4808 se,
1179 4746 1234 4799 et
1295 4743 1590 4815 praecisive
1617 4759 1650 4798 a

290 4824 632 4881 remissione
661 4823 869 4897 peccati
902 4846 915 4889 ;
946 4823 1112 4894 impii
1156 4827 1345 4878 autem
1371 4821 1652 4895 justifica-

289 4904 509 4961 tionem
549 4902 835 4977 specificat
873 4908 935 4957 ut
960 4902 1145 4978 gratia
1185 4917 1416 4967 sananS,
1442 4908 1497 4958 et
1525 4920 1654 4961 con·

288 4998 534 5042 cernens
563 4984 771 5056 peccati
802 4983 1223 5047 remissionem,
1256 4987 1530 5055 tanquam
1559 4983 1654 5041 bo-

292 5084 438 5125 num
468 5081 569 5140 per
595 5062 657 5124 se
712 5067 1001 5125 intentum
1037 5065 1100 5122 in
1139 5064 1341 5123 eodem
1370 5070 1547 5124 motu.
1579 5069 1655 5124 Ut

1777 604 1969 657 autem
1993 598 2282 655 terminus
2303 599 2379 654 ad
2392 616 2553 674 quem
2572 600 2940 659 transfundat
2955 603 3145 663 diver-

1775 698 1867 740 sas
1890 679 2358 755 specificationes,
2386 698 2503 739 non
2527 685 2865 756 requiritur,
2894 688 3041 760 quod
3070 690 3145 745 sit

1755 763 2039 840 'diversus
2080 763 2144 818 in
2189 778 2312 820 esse
2355 764 2545 830 entis;
2586 764 2683 821 sed
2724 766 2948 832 sufficit,
2993 769 3144 841 quod

1776 843 2008 901 differat
2034 844 2097 899 in
2118 859 2240 900 esse
2267 843 2529 907 termini,
2557 845 2680 902 sive
2701 849 2777 917 (et
2801 848 2861 903 in
2879 848 3032 905 idern
3059 866 3145 909 re-

1775 925 1935 996 cidit)
1962 922 2110 998 quod
2158 923 2545 983 diversimode
2593 927 2950 999 respiciatur.
2984 935 3144 997 Quod

1776 1008 1914 1064 satis
1936 1007 2112 1078 liquet
2139 1005 2202 1061 in
2225 1006 2422 1063 anima
2451 1007 2723 1066 rationali
2755 1014 2919 1070 unita
2957 1022 3143 1074 mate-

1778 1088 1882 1145 riae
1911 1104 2011 1162 per
2044 1087 2497 1162 generationem,
2530 1093 2584 1145 et
2613 1095 3094 1153 resurrectionem
3123 1123 3136 1163 ;

1775 1175 1861 1228 est
1886 1170 2045 1227 enim
2091 1183 2319 1241 semper
2358 1167 2558 1225 eadem
2601 1171 2665 1226 in
2704 1189 2825 1231 esse
2858 1177 3007 1233 entis
3041 1184 3139 1236 :et

1778 1252 2163 1310 nihilominus
2188 1251 2464 1325 terminat
2492 1267 2586 1308 eas
2626 1258 3138 1318 transmutationes

1775 1336 1961 1409 specie
2005 1333 2353 1398 differentes,
2410 1335 2544 1407 quia
2594 1338 2856 1396 variatur
2905 1344 2968 1398 in
3017 1360 3139 1401 esse

1777 1417 2038 1475 termini.
2070 1418 2139 1470 Et
2165 1416 2269 1472 hoc
2298 1416 2716 1487 proportionali
2745 1420 2917 1479 modo
2942 1439 3003 1479 se
3032 1424 3139 1482 ha-

1776 1498 1871 1555 bet
1894 1498 2081 1573 gratia
2119 1495 2189 1553 ad
2225 1494 2692 1570 justificationem
2724 1501 2910 1573 impii,
2937 1510 2991 1560 et
3022 1522 3140 1564 non

1776 1580 1943 1653 impii
1971 1604 1984 1646 ;
2004 1577 2335 1652 Justificatio
2355 1579 2566 1651 quippe
2590 1596 2706 1637 non
2731 1582 2899 1656 impii
2929 1591 3013 1642 est
3034 1603 3140 1644 ve-

1776 1662 1861 1718 lut
1886 1660 2134 1733 simplex
2159 1659 2453 1732 generatio
2478 1681 2491 1715 :
2518 1661 2849 1734 justificatio
2870 1682 3008 1725 vero
3030 1667 3139 1723 im-

1777 1742 1858 1815 pii
1886 1757 1946 1797 se
1973 1739 2145 1796 habet
2166 1738 2234 1796 ad
2262 1739 2443 1796 instar
2471 1743 2926 1802 resurrectionis.

1851 1820 1936 1876 Ad
1979 1819 2229 1893 primam
2268 1817 2770 1880 confirmationem
2834 1827 3352 1900 responde-nimitas·

1774 1919 1907 1958 mus
1945 1907 2347 1975 argumentum
2391 1917 2424 1957 a
2464 1900 2958 1976 denominatione,
2992 1910 3139 1966 sicut
3176 1893 3329 1991 ἓξᾌᾞῗ.

1775 1991 1833 2042 et
1852 1984 1923 2041 ab
1947 1983 2296 2059 etymologia
2334 1982 2719 2059 desumptum,
2752 1989 2990 2048 levioris
3016 2009 3138 2050 esse
3179 1981 3326 2026 ’ΜΨ

1775 2066 2071 2130 efficaciae;
2102 2068 2286 2123 solent
2324 2067 2534 2139 quippe
2576 2084 2808 2135 nomen.
2841 2079 2897 2128 et
2923 2075 3138 2146 species

1777 2148 1863 2204 rei
1892 2164 1924 2203 a
1944 2146 2188 2203 diversis
2211 2147 2513 2221 principiis
2534 2148 2756 2206 desumi
2784 2172 2796 2206 z
2820 2156 2875 2208 et
2897 2152 2977 2211 ita
2994 2157 3139 2213 actio

1777 2229 2068 2285 transiens
2135 2243 2253 2284 non
2314 2227 2651 2286 denominat
2721 2249 2970 2303 passum,
3040 2236 3139 2294 sed

1777 2325 1951 2383 agens
1962 2331 1974 2372 ;
1996 2326 2123 2365 cum
2154 2314 2347 2367 tamen
2377 2327 2494 2368 non
2515 2311 2591 2366 sit
2613 2311 2674 2366 in
2703 2320 2922 2386 agente,
2949 2316 3047 2373 sed
3075 2318 3137 2374 in

1778 2405 1960 2463 pass0.
1987 2389 2269 2446 Addimus
2297 2397 2490 2449 tamen
2515 2399 2754 2459 motum,
2778 2412 2891 2466 quo
2925 2396 3140 2469 impius

1775 2471 2128 2528 transfertur
2170 2477 2372 2528 astatu
2417 2474 2646 2545 peccati,
2707 2477 2913 2533 merito
2954 2479 3140 2550 potius

1776 2553 2058 2626 appellari
2100 2552 2591 2626 justificationem,
2620 2573 2791 2628 quam
2842 2560 3141 2619 remissio-

1777 2650 1912 2690 nem
1938 2636 2168 2707 peccati;
2193 2635 2327 2707 quia
2356 2635 2487 2692 licet
2509 2642 2625 2692 tam
2645 2637 2858 2694 infusio
2874 2639 3133 2713 justitiis,

1775 2731 1947 2788 quam
1980 2716 2245 2772 remissio
2290 2715 2471 2786 culpae
2520 2733 2581 2774 se
2627 2723 2857 2774 teneant
2883 2737 2952 2778 ex
2982 2729 3142 2796 parte

1774 2796 2017 2852 termini
2038 2796 2112 2851 ad
2132 2813 2287 2873 quem
2313 2795 2594 2867 praedictae
2617 2803 3137 2870 transmutationis;

1775 2876 2166 2935 nihilominus
2188 2875 2406 2935 infusio
2422 2876 2660 2951 justitiae
2679 2881 2824 2937 nihil
2843 2885 3137 2956 exprimit,

1772 2958 1924 3052 quod
1975 2974 2034 3015 se
2084 2962 2274 3014 teneat
2319 2974 2389 3015 ex
2443 2965 2606 3032 parte
2658 2963 2959 3020 terminia
2989 2984 3139 3042 quo:

1739 3106 1743 3110 ,
1776 3041 2040 3099 remissio
2088 3050 2277 3097 autem
2315 3042 2494 3114 culpae
2521 3045 2817 3116 exprimit,
2849 3047 3095 3102 saltem
3080 3063 3143 3103 in

1774 3123 2026 3196 obliquo,
2061 3123 2243 3195 ipsam
2286 3124 2533 3195 culpam,
2566 3141 2691 3196 quae
2740 3142 2856 3183 non
2894 3129 3143 3199 pertinet

1775 3201 1846 3258 ad
1875 3204 2197 3260 terminum
2225 3203 2300 3258 ad
2345 3220 2521 3279 quem,
2553 3203 2652 3260 sed
2705 3206 2776 3263 ad
2824 3207 3142 3264 terminum

1774 3302 1810 3339 α
1877 3303 1965 3340 uo.

1841 3301 1965 3413 gad
1978 3356 2287 3414 secundam
2335 3356 2646 3415 dicendum
2693 3367 2796 3427 est,
2828 3362 2978 3436 quod
3009 3364 3346 3422 licetsotvitur

1776 3438 2088 3495 destructio
2116 3439 2293 3511 culpas
2319 3438 2694 3497 terminative
2723 3448 2945 3516 accepta
2972 3445 3046 3500 sit
3066 3446 3144 3502 ef·
3155 3427 3283 3461 κω
3258 3417 3356 3460 ¹¹⁶⁸*

1778 3520 1954 3575 fectus
2005 3516 2380 3574 secundarius
2428 3520 2632 3592 gratias
2691 3522 3138 3594 sanctificantis3

1777 3601 1960 3675 ipsius
2007 3605 2201 3657 tamen
2248 3602 2429 3672 culpae
2484 3603 2749 3660 remissio
2801 3611 3028 3678 sumpta
3079 3609 3142 3665 in

1776 3698 1899 3739 esse
1925 3680 2262 3737 mutationis
2290 3679 2596 3738 ordinatur
2624 3698 2724 3754 per
2752 3700 2812 3740 se
2856 3687 3043 3756 primo
3071 3688 3142 3745 ad

1779 3779 1898 3820 non
1937 3779 2058 3819 esse
2106 3762 2335 3834 peccati.
2363 3765 2431 3817 Et
2457 3763 2594 3835 quia
2617 3763 2949 3835 justificatio
2972 3768 3142 3841 impii

1776 3849 1863 3901 est
1889 3843 2124 3918 quidam
2148 3848 2336 3899 motus
2359 3843 2742 3901 essentialiter
2764 3849 3146 3920 complectens

1778 3941 1898 3983 non
1952 3924 2140 3981 solum
2191 3922 2573 3980 mutationem
2629 3925 2698 3981 ad
2745 3928 3014 4000 gratiam,
3048 3929 3148 3987 sed

1778 4008 1957 4066 etiam
1984 4006 2364 4063 mutationem
2407 4005 2476 4061 ad
2519 4022 2636 4063 non
2672 4024 2795 4066 esse
2818 4012 3053 4082 peccati:
3085 4018 3148 4068 ut

1778 4093 1808 4159 ς
1831 4086 2047 4161 pra-ced.
2076 4085 2332 4142 vidimus
2358 4109 2371 4151 ;
2398 4085 2611 4143 idcirco
2639 4088 2907 4159 praedicta
2933 4091 3150 4165 justifi-

1778 4171 1930 4229 catio
1959 4170 2020 4225 in
2047 4184 2168 4226 esse
2207 4173 2396 4226 motus
2422 4169 2785 4241 specificatur
2814 4188 2930 4229 non
2959 4176 3146 4231 solum

1778 4269 1811 4311 a
1838 4251 2041 4327 gratia,
2075 4250 2171 4307 sed
2198 4250 2374 4306 etiam
2399 4265 2432 4306 a
2460 4267 2576 4308 non
2606 4267 2727 4308 esse
2759 4254 2988 4325 peccati,
3022 4255 3147 4313 sive

1777 4350 1811 4391 a
1838 4331 2221 4390 destructione
2261 4331 2425 4386 illius
2460 4332 2836 4391 terminative
2882 4334 3148 4393 conside-

1780 4420 1923 4471 rata.
1952 4410 2293 4468 Addendum
2341 4415 2444 4478 est,
2492 4411 2642 4484 quod
2699 4414 2829 4472 licet
2881 4417 3147 4474 remissio

1777 4495 1959 4566 culpae
1979 4493 2053 4548 sit
2073 4489 2304 4547 effectus
2324 4491 2697 4548 secundarius
2719 4495 2920 4567 gratiae
2938 4496 3001 4551 in
3024 4512 3148 4554 esse

1778 4577 1948 4640 entis,
1978 4575 2225 4648 pertinet
2268 4581 2464 4632 tamen
2512 4575 2813 4648 primario,
2847 4584 2902 4634 et
2952 4594 3052 4651 per
3089 4596 3150 4637 se

1781 4657 1852 4715 ad
1892 4656 2136 4715 eandem
2186 4657 2454 4731 gratiam,
2498 4661 2556 4710 ut
2601 4663 2686 4713 est
2732 4659 3018 4716 terminus
3075 4663 3152 4717 ad

1780 4757 1938 4818 quem
1960 4734 2384 4810 justificationis
2411 4736 2579 4808 impii
2608 4760 2622 4803 ;
2654 4739 2790 4810 quia
2817 4740 3149 4815 hujusmodi

1781 4818 2189 4878 transmutatio
2219 4833 2336 4876 non
2380 4818 2610 4890 respicit
2656 4821 2907 4893 gratiam
2942 4838 3153 4880 secun-

1782 4902 1921 4958 dum
1945 4916 2022 4965 se,
2049 4904 2104 4956 et
2133 4897 2431 4972 praecisive
2451 4915 2484 4956 a
2507 4899 2775 4972 praedicto
2803 4901 3024 4970 effectu;
3048 4904 3148 4961 sed

1784 4991 1846 5043 ut
1882 4982 2228 5048 sanativam,
2262 4988 2318 5041 et
2345 4987 2625 5054 quatenus
2673 4982 3008 5055 praedictum
3060 4987 3152 5043 ef-

1783 5067 1994 5124 fectum
2020 5062 2332 5121 concernit.
2357 5064 2434 5119 ‘Et
2473 5063 2765 5121 multoties
2800 5063 3029 5122 effectus
3052 5083 3154 5125 se-
