3647 5753
325 2969 491 3014 turtum.

510 382 622 439 834

513 549 829 611 amicitiam
854 555 1123 613 restituit.
1144 559 1427 615 Caeterum
1449 556 1667 614 offensa
1686 554 1872 630 priori

511 631 685 690 modo
708 641 938 708 sumpta
966 652 1084 694 non
1111 638 1462 714 intelligitur
1487 637 1636 704 tolli,
1662 651 1876 709 usque-

511 713 651 771 dum
678 715 851 774 homo
880 718 1142 776 restituat
1162 719 1420 776 affective
1442 721 1557 777 Deo
1583 720 1873 777 rationem

511 797 708 854 ultimi
749 796 899 861 finis.
927 815 1100 872 quam
1149 801 1407 859 affective
1450 800 1785 867 abstulerat,
1817 803 1877 857 et

514 877 627 951 ipsi
665 876 920 937 absolute
959 879 1314 955 subjiciatur,
1346 880 1497 954 quod
1523 882 1589 938 fit
1611 897 1713 955 per
1737 896 1876 956 gra-

515 960 660 1017 tiam
699 961 1146 1029 sanctificantem
1180 987 1194 1021 ς
1226 963 1380 1021 unde
1405 981 1523 1022 non
1548 980 1671 1022 esse
1689 963 1877 1021 offen-

511 1057 588 1098 sae
633 1041 716 1100 ita
766 1051 1004 1120 acceptae
1048 1046 1295 1104 minime
1338 1047 1691 1122 intelligitur
1741 1048 1878 1102 ante

516 1138 638 1181 esse
664 1124 885 1198 gratiae.

584 1204 928 1263 Addendum
942 1212 1048 1275 est,
1073 1208 1224 1282 quod
1250 1212 1374 1269 sive
1396 1209 1662 1268 remissio
1687 1206 1877 1265 offen-

511 1301 588 1343 sae
615 1286 892 1359 praecedat
910 1288 1179 1362 gratiam,
1209 1291 1333 1348 sive
1360 1292 1528 1347 illam
1554 1302 1872 1360 consequa-

514 1372 631 1435 tur,
661 1365 791 1424 fieri
826 1384 943 1426 non
992 1376 1190 1443 potest,
1221 1371 1371 1444 quod
1410 1372 1541 1446 quis
1582 1374 1880 1428 mereatur

516 1450 765 1524 gratiam
790 1455 851 1506 ut
871 1453 1149 1524 peccatori
1177 1453 1449 1521 dandam,
1481 1454 1624 1528 quin
1651 1467 1881 1510 merea-

518 1537 614 1587 tur
665 1532 1068 1589 remissionem
1119 1533 1382 1602 offensae3
1439 1551 1578 1593 nam
1630 1533 1883 1592 creditor

521 1627 639 1670 non
666 1617 846 1685 potest
871 1614 1115 1689 obligari
1138 1615 1208 1671 ad
1235 1614 1665 1694 producendum
1686 1615 1884 1673 termi-

526 1710 669 1751 num
690 1695 1218 1768 incompossibilem
1243 1714 1372 1755 cum
1394 1698 1631 1765 offensa,
1670 1703 1883 1755 etcum

518 1774 651 1849 jure
705 1774 973 1850 exigendi
1031 1778 1479 1836 satisfactionem
1535 1776 1884 1852 condignam

524 1871 630 1929 pro
657 1854 874 1913 offensa
897 1856 1172 1925 debitam,
1195 1859 1312 1915 nisi
1333 1857 1524 1917 oblata
1543 1859 1652 1916 sibi
1680 1857 1886 1917 condi-

524 1952 637 2012 gna
663 1937 1070 2007 satisfactione,
1102 1942 1194 1998 vel
1235 1941 1505 2015 obsequio
1546 1942 1692 1998 tanti
1720 1942 1887 1998 valo-

526 2018 629 2085 ris,
661 2023 725 2074 ut
753 2020 844 2076 illi
883 2022 1259 2079 satisfactioni
1287 2023 1627 2097 aequivaleat
1660 2043 1673 2077 :
1703 2023 1887 2079 meri-

524 2105 651 2156 tum
679 2105 870 2159 autem
909 2102 980 2160 de
1017 2103 1321 2178 condigno,
1353 2108 1416 2160 ut
1444 2106 1590 2160 Deus
1626 2103 1889 2161 conferat

527 2185 806 2255 peccatori
832 2187 1102 2260 gratiam,
1127 2185 1343 2262 obligat
1369 2187 1559 2260 ipsum
1582 2185 1653 2243 ad
1681 2184 1890 2260 produ-

525 2263 771 2321 cendum
811 2268 1134 2324 terminum
1183 2265 1710 2341 incompossibilem
1755 2282 1890 2323 cum

526 2344 760 2413 offensa,
791 2351 847 2403 et
885 2363 1015 2404 cum
1049 2350 1181 2422 jure
1218 2346 1489 2421 exigendi
1540 2345 1889 2421 condignam

525 2426 972 2484 satisfactionem
981 2451 994 2494 ;
1021 2429 1204 2501 posito
1223 2428 1383 2485 enim
1405 2428 1510 2485 tali
1534 2428 1746 2485 merito
1772 2441 1891 2484 non

529 2512 710 2580 potest
736 2523 854 2565 non
880 2509 1080 2568 cedere
1117 2510 1383 2584 praedicto
1405 2511 1526 2584 juri
1559 2531 1573 2567 ε
1603 2508 1757 2567 unde
1778 2509 1893 2566 tale

529 2588 806 2645 meritum
829 2595 914 2646 est
940 2592 1352 2664 aequivalenter
1390 2592 1673 2667 condigna
1718 2592 1893 2647 satis-

531 2667 720 2735 factio,
754 2675 920 2742 atque
959 2669 1088 2728 ideo
1124 2671 1295 2727 habet
1319 2673 1578 2729 valorem
1605 2672 1894 2744 simplici-

531 2751 620 2803 ter
660 2746 987 2818 infinitum;
1030 2751 1180 2823 quod
1232 2757 1429 2807 tamen
1468 2753 1677 2810 merito
1730 2768 1893 2826 purae

531 2835 807 2887 creaturae
834 2839 1132 2906 repugnat.

607 2911 698 2967 62.
745 2913 831 2967 Ex
854 2911 1065 2969 dictis
1048 2931 1113 2970 m
1141 2915 1245 2972 hoc
1268 2913 1450 2974 dubio
1472 2916 1741 2985 infertur,
1774 2931 1895 2973 non

534 3005 696 3065 posse
725 3009 936 3066 purum
960 2994 1258 3052 hominem
1282 2998 1498 3054 mereri
1521 2996 1591 3054 de
1612 2960 1896 3073 condigno

536 3072 821 3131 auxilium
844 3074 1039 3132 efficax
1086 3078 1366 3149 peccatori
1417 3077 1689 3139 dandam
1698 3076 1775 3135 ad
1801 3094 1898 3135 ac-

465 3187 475 3197 ·
536 3159 660 3210 tum
698 3156 1082 3225 contritionis,
1115 3163 1209 3215 aut
1248 3158 1564 3221 charitatis.
1609 3158 1897 3224 Quoniam

534 3252 681 3310 pura
719 3244 982 3296 creatura
1027 3242 1226 3315 nequit
1258 3241 1329 3298 de
1372 3240 1658 3315 condigno
1683 3240 1897 3299 mereri

536 3319 938 3379 remissionem
977 3324 1174 3397 gravis
1226 3323 1456 3381 offensae
1494 3323 1644 3379 Deiz
1672 3322 1771 3381 sed
1798 3322 1897 3395 qui

534 3406 859 3459 mereretur
910 3402 981 3461 de
1029 3404 1314 3480 condigno
1354 3404 1688 3478 praedictum
1729 3404 1901 3461 auxi-

533 3484 702 3553 lium,
729 3485 930 3544 eodem
958 3488 1167 3545 merito
1202 3494 1526 3546 mereretur
1553 3487 1688 3544 talis
1715 3485 1902 3545 offen-

532 3583 611 3626 δῶ
631 3570 1036 3628 remissionem
1069 3593 1084 3628 ε
1114 3587 1252 3645 ergo
1274 3571 1473 3643 nequit
1494 3585 1648 3642 pura
1672 3574 1903 3627 creatu-

535 3667 604 3709 ra
645 3652 859 3710 mereri
910 3651 982 3710 de
1024 3652 1308 3727 condigno
1374 3652 1661 3711 auxilium
1705 3651 1903 3710 efficax

535 3735 814 3805 peccatori
843 3732 1101 3791 dandum
1129 3734 1200 3792 ad
1222 3742 1410 3792 actum
1435 3734 1820 3803 contritionis,
1846 3736 1904 3790 et

537 3817 854 3876 charitatis,
883 3819 1078 3876 Minor
1102 3817 1412 3888 suadetur,
1436 3834 1575 3876 nam
1598 3818 1907 3891 praedictus

543 3906 698 3958 actus
742 3901 863 3973 (qui
909 3900 1325 3970 infallibiliter,
1354 3905 1411 3958 et
1449 3902 1771 3959 necessario
1797 3917 1906 3959 ne-

542 3983 800 4041 cessitate
818 3985 1235 4057 consequentiae
1252 3984 1511 4056 sequitur
1532 3984 1602 4041 ad
1618 3984 1905 4041 auxilium

543 4064 762 4136 efficax)
788 4067 937 4123 tollit
957 4064 1490 4138 indispensabiliter
1515 4068 1825 4134 maculam,
1850 4070 1908 4124 et

541 4153 951 4218 consequenter
992 4149 1091 4204 Dei
1139 4147 1438 4214 offensam,
1468 4154 1527 4203 ut
1574 4155 1738 4203 tract.
1764 4165 1908 4220 prae-

542 4229 653 4286 ced.
684 4230 825 4302 disp.
858 4231 912 4295 2,
945 4230 1075 4285 dub.
1122 4232 1173 4297 6,
1222 4229 1607 4303 explicuimus
1639 4250 1652 4286 ε
1681 4228 1781 4286 sed
1807 4228 1908 4302 qui

543 4315 801 4366 meretur
827 4309 899 4367 de
923 4308 1207 4386 condigno
1254 4309 1310 4366 id
1353 4309 1424 4367 ad
1470 4309 1622 4383 quod
1648 4311 1911 4382 sequitur

543 4392 851 4451 destructio
870 4392 1118 4459 offensae,
1145 4398 1405 4450 meretur
1425 4395 1602 4451 etiam
1625 4392 1694 4449 de
1715 4391 1910 4450 condi·

543 4488 657 4548 gno
684 4472 915 4531 offensae
956 4473 1376 4543 remissionem,
1406 4479 1467 4531 ut
1488 4475 1779 4547 hucusque
1805 4473 1911 4530 de-

487 4602 493 4609 .
543 4554 894 4610 claravimus
926 4576 939 4611 :
968 4571 1106 4630 ergo
1130 4555 1229 4628 qui
1251 4553 1321 4612 de
1340 4554 1626 4630 condigno
1649 4559 1910 4612 meretur

543 4637 823 4709 peccatori
852 4639 1138 4695 auxilium
1159 4637 1353 4705 efficax
1374 4637 1445 4694 ad
1474 4643 1664 4696 actum
1686 4636 1913 4694 contri-

547 4716 737 4784 tionis,
757 4721 854 4773 aut
867 4718 1185 4785 charitatis,
1202 4717 1403 4778 eodem
1421 4720 1631 4777 merito
1651 4722 1913 4776 meretur

544 4797 949 4856 remissionem
970 4798 1225 4858 offensae.

1533 385 1628 441 DE
1673 383 1980 440 PRAEMIO
2023 382 2281 441 MERITI
2290 424 2305 440 .

2471 554 2758 613 DUBIUM
2798 556 2891 613 111.

2010 715 2210 776 Utrum
2223 719 2413 791 justus
2420 719 2595 793 possit
2614 717 2721 775 sibi
2740 719 2937 774 mereri
2961 716 3404 791 reparationem

2481 809 2606 876 post
2635 802 2872 875 lapsum.

2079 966 2223 1022 Cum
2243 965 2518 1023 meritum
2539 964 2751 1038 duplex
2775 964 2869 1032 sit,
2902 961 3065 1021 aliud
3085 960 3162 1020 de
3181 959 3394 1019 condi·

2005 1059 2147 1120 ὅπως
2175 1050 2233 1103 et
2261 1045 2422 1103 aliud
2459 1044 2530 1104 de
2561 1061 2815 1120 congruo
2842 1070 2856 1104 ι
2885 1049 2942 1102 et
2969 1060 3177 1101 rursus
3206 1041 3409 1116 possit

2007 1124 2079 1182 ad
2100 1124 2330 1199 aliquod
2358 1126 2662 1200 praemium
2683 1124 2991 1200 dupliciter
3012 1122 3390 1197 comparari,

2007 1204 2277 1265 videlicet
2300 1209 2395 1266 vel
2433 1207 2751 1265 secundum
2789 1211 3134 1279 praesentem
3176 1203 3401 1277 provi-

2008 1285 2288 1355 dentiam,
2318 1289 2410 1346 vel
2437 1285 2753 1345 secundum
2789 1286 3109 1361 potentiam
3139 1284 3261 1342 Dei
3291 1283 3401 1341 ab·

2008 1369 2285 1437 solutam;
2340 1369 2540 1443 nequit
2593 1383 2847 1441 praesens
2909 1365 3171 1434 dubium,
3240 1362 3401 1440 quod

2011 1449 2247 1520 unicum
2269 1449 2519 1515 videtur,
2547 1449 2793 1523 perfecte
2821 1449 3053 1515 resolvi,
3086 1447 3214 1504 nisi
3242 1445 3401 1503 illud

2011 1545 2266 1587 secamus
2291 1530 2355 1587 in
2384 1537 2592 1605 partes.
2625 1533 2694 1587 Et
2720 1531 2800 1587 ita
2827 1528 3290 1603 disquirendum
3313 1534 3404 1586 est

1985 1612 2224 1686 ‘primo,
2281 1627 2356 1668 an
2410 1613 2598 1687 iustus
2654 1609 2970 1670 secundum
3038 1616 3401 1684 praesentem

2015 1693 2442 1768 providentiam
2481 1702 2777 1752 mereatur
2803 1692 2874 1751 de
2900 1692 3185 1767 condigno
3216 1708 3400 1765 repa·

2017 1776 2305 1833 rationem
2333 1779 2457 1849 post
2498 1777 2724 1849 lapsum
2756 1795 2771 1830 z
2799 1772 3062 1838 secundo,
3095 1790 3172 1831 an
3215 1774 3400 1830 illam

2016 1857 2231 1913 mereri
2254 1854 2324 1912 de
2343 1854 2629 1929 condigno
2649 1854 2839 1911 valeat
2857 1852 3172 1910 secundum
3185 1857 3398 1926 poten-

2017 1937 2159 1995 tiam
2190 1937 2289 1994 Dei
2330 1936 2650 1995 absolutam
2684 1958 2697 1993 :
2741 1936 2929 2002 tertio,
2974 1942 3172 1992 utrum
3213 1935 3396 1992 illam

2017 2025 2328 2089 mereatur,
2362 2026 2458 2077 aut
2479 2020 2694 2077 mereri
2721 2021 2910 2093 queat,
2935 2019 3141 2076 saltem
3170 2018 3399 2076 merito

2017 2099 2089 2158 de
2131 2116 2406 2175 congruo.
2452 2099 2671 2166 Quibus
2708 2098 3139 2156 difficultatibus
3179 2098 3397 2157 eodem

2019 2182 2226 2241 ordine
2252 2182 2748 2257 respondebimus
3167 2177 3174 2182 ’

2639 2393 2755 2461 §1-

2284 2537 2571 2597 Statuitur
2583 2541 2774 2612 prt‘ma
2803 2538 3099 2595 conclusio.

2096 2689 2190 2744 63.
2236 2685 2551 2744 Dicendum
2589 2693 2675 2744 est
2703 2686 2911 2759 primo,
2934 2686 3152 2760 justum
3179 2667 3590 2787 secun’w{

2024 2767 2165 2824 dum
2216 2773 2554 2841 praesentem
2615 2767 2713 2825 Dei
2780 2766 3204 2841 providentiam
3270 2781 3394 2823 non

2024 2847 2240 2906 mereri
2263 2847 2333 2905 de
2355 2846 2639 2924 condigno
2662 2848 3089 2922 reparationem
3113 2850 3239 2919 post
3260 2846 3395 2920 lap-

2025 2947 2173 2988 sum.
2227 2931 2356 2987 Haec
2392 2931 2680 2988 conclusio
2731 2935 2816 2987 est
2864 2930 2937 2988 de
2985 2928 3115 2995 fide,
3147 2945 3395 3002 eamque

2027 3011 2228 3071 docent
2253 3014 2317 3067 D.
2348 3011 2556 3068 Thom.
2581 3011 2644 3066 in
2668 3011 2954 3085 praesenti,
2980 3016 3037 3068 et
3064 3010 3189 3085 ejus
3203 3014 3394 3068 Inter·
3407 3024 3456 3065 D.
3473 3020 3558 3063 m.

2029 3098 2235 3168 pretes,
2287 3092 2504 3166 aliique
2567 3094 2851 3159 Doctores,
2921 3107 3061 3165 quos
3124 3068 3568 3166 dabimusffi

2028 3196 2182 3234 num.
2211 3177 2307 3232 66.
2333 3174 2617 3232 Probatur
2639 3175 2828 3248 primo
2850 3174 3200 3232 authoritate
3218 3190 3393 3231 sacrae

2029 3259 2363 3332 Scripturae;
2418 3272 2556 3313 nam
2605 3255 2801 3312 Ezech.
2871 3257 2954 3321 18,
3012 3253 3273 3311 dicitur:
3325 3254 3393 3311 Si
3422 3266 3550 3312 steca

2028 3341 2290 3397 averterit
2327 3355 2382 3394 se
2411 3338 2600 3409 justus
2635 3354 2673 3391 a
2706 3338 2936 3409 justitia
2981 3353 3105 3406 sua,
3128 3343 3180 3390 et
3207 3318 3514 3409 fecerun

2030 3422 2399 3498 iniquitate-m,
2425 3435 2608 3473 omnes
2617 3420 2849 3491 justitias
2868 3419 2985 3489 ejus
3006 3434 3144 3494 quas
3165 3416 3390 3509 fecerat,

2031 3521 2141 3559 non
2166 3500 2614 3559 recordabuntur.
2645 3500 2705 3557 Si
2741 3505 2932 3556 autem
2962 3514 3136 3572 opera
3162 3498 3231 3555 in
3257 3503 3400 3555 tem—

2032 3599 2192 3659 pore,
2214 3587 2270 3640 et
2288 3586 2439 3638 statu
2468 3580 2707 3655 justitias
2734 3580 2879 3637 facta
2920 3585 3149 3653 possent
3188 3594 3400 3636 secun·

2033 3665 2172 3722 dum
2201 3667 2540 3736 praesentem
2594 3660 3021 3733 providentiam
3063 3659 3300 3717 extendi
3331 3657 3404 3716 ad

2034 3744 2378 3804 merendum
2398 3742 2468 3799 de
2493 3741 2779 3817 condigno
2815 3742 3250 3814 reparationem
3279 3746 3406 3815 post

2035 3831 2282 3904 lapsum,
2308 3826 2643 3901 praedictum
2683 3825 3084 3883 testimonium
3129 3823 3407 3881 falsifica-

2037 3917 2236 3977 retur;
2292 3924 2429 3964 nam
2475 3914 2611 3964 tunc
2651 3909 2802 3964 Deus
2854 3906 3307 3981 reparationem,
3352 3911 3411 3962 et

2031 3990 2500 4066 iustificationem
2522 3987 2749 4045 homini
2791 3986 3056 4046 tribuens
3084 3986 3413 4045 attenderet

2038 4071 2109 4130 ad
2128 4088 2318 4146 opera,
2343 4086 2468 4143 quae
2490 4067 2789 4143 praedictus
2818 4070 2991 4128 homo
3032 4075 3164 4126 ante
3207 4083 3411 4141 pecca·

2038 4163 2162 4212 tum
2210 4154 2434 4221 iecerat,
2465 4154 2681 4225 illaque
2728 4151 2995 4224 praedicto
3044 4152 3293 4227 praemio
3336 4168 3411 4210 ex

2033 4235 2254 4313 justitia
2275 4238 2693 4301 remuneraret,
2718 4249 2783 4290 ac
2802 4232 3046 4315 subinde
3079 4249 3286 4291 eorum
3311 4250 3415 4292 re·

2038 4318 2394 4378 cordaretur.

2115 4397 2507 4458 confirmatur
2533 4397 2726 4472 primo
2755 4418 2768 4454 ε
2794 4412 2932 4452 nam
2945 4396 3282 4471 justificatio
3300 4398 3415 4455 im·
3451 4416 3566 4465 ew

2042 4482 2123 4556 pii
2150 4478 2464 4539 secundum
2494 4484 2838 4552 praesentem
2886 4477 3319 4552 providentiam
3347 4478 3415 4537 fit
3453 4474 3564 4576 Q

2040 4564 2236 4640 gratis,
2261 4567 2432 4637 prout
2466 4564 2527 4639 ly
2562 4564 2743 4634 qratis
2767 4560 3022 4619 excludit
3047 4562 3255 4620 saltem
3282 4579 3418 4620 me-

2044 4647 2156 4704 rita
2182 4645 2255 4703 de
2277 4645 2580 4721 condigno,
2614 4650 2677 4699 ut
2702 4642 2864 4702 docet
2889 4643 3105 4707 concil.
3138 4644 3415 4703 Trident.

2042 4747 2171 4787 sess.
2194 4730 2250 4795 6,
2277 4745 2398 4803 cap.
2429 4729 2485 4796 8,
2514 4732 2571 4785 et
2622 4728 2796 4785 latius
2833 4743 3008 4801 supra
3051 4728 3418 4788 ostendimus

2043 4829 2197 4868 num.
2230 4811 2266 4866 3
2291 4834 2306 4878 ;
2335 4808 2435 4867 sed
2453 4810 2503 4865 si
2527 4809 2816 4883 reparatio
2843 4816 2969 4883 post
3012 4810 3239 4884 lapsum
3265 4816 3421 4870 esset

2048 4892 2353 4966 praemium
2378 4890 2639 4948 debitum
2661 4889 3115 4964 praecedentibus
3140 4891 3421 4964 operibus

2047 4973 2112 5030 in
2131 4972 2355 5048 justitia
2398 4970 2583 5039 factis,
2613 4975 2888 5045 tanquam
2916 4970 3144 5029 meritis
3173 4971 3245 5029 de
3271 4989 3418 5031 con-

3214 5054 3415 5132 digno,

3215 5314 3621 5524 w
