3647 5753
1406 425 1586 481 DISP.
1629 425 1750 492 v11,
1794 427 1959 485 DUB.
2004 430 2130 487 vn.
3034 433 3148 491 253

86 600 275 654 Obiectio.
361 592 489 649 350.
537 592 737 650 Dices:
773 597 919 651 Deus
946 596 1010 653 in
1039 596 1309 670 praedicta
1347 594 1649 672 hypothesi

287 679 663 746 praemoveret
693 674 993 733 efficaciter
1037 693 1268 734 causam
1310 675 1648 732 inferiorem

282 754 354 812 ad
377 754 803 828 producendum
827 773 958 815 suos
980 758 1211 816 effectus
1243 780 1256 816 ε
1284 757 1385 816 sed
1410 771 1650 831 praemo-

282 836 363 894 tio
387 836 581 894 efficax
604 835 826 894 inducit
853 838 1247 898 infallibiliter
1279 839 1561 902 effectum,
1592 840 1651 893 et

281 933 315 974 a
335 919 498 976 nulla
523 935 691 976 causa
717 924 910 976 creata
953 921 1225 978 frustrari
1266 921 1420 977 valet
1451 940 1465 975 ε
1512 934 1648 992 ergo

278 1014 448 1057 causa
475 1000 717 1058 inferior
745 1000 1139 1058 infallibiliter
1178 1005 1437 1058 causaret
1474 998 1647 1055 effec-

280 1084 425 1144 tum,
454 1084 512 1134 et
537 1095 570 1135 a
607 1079 894 1152 superiori
925 1096 1042 1137 non
1064 1080 1397 1138 vinceretur
1425 1103 1438 1146 ;
1481 1085 1646 1149 atque

278 1157 410 1215 ideo
427 1173 499 1215 ex
520 1158 624 1215 hac
647 1165 807 1231 parte
831 1159 1210 1231 impediretur
1230 1156 1640 1233 contingentia,

279 1240 373 1298 vel
399 1240 604 1297 saltem
630 1256 702 1298 ex
728 1241 786 1297 vi
816 1241 984 1314 hujus
1012 1241 1265 1315 exempli
1292 1255 1326 1297 a
1354 1238 1520 1298 nobis
1540 1238 1646 1296 ad-

280 1318 437 1377 ducti
467 1337 582 1377 non
605 1322 952 1378 salvaretur.

75 1401 267 1449 solvitur.
358 1402 753 1475 Respondetur
792 1401 1054 1477 negando
1093 1404 1375 1477 majorem
1417 1399 1646 1458 univer-

280 1483 480 1541 saliter
507 1483 858 1541 intellectam
891 1509 904 1551 ;
950 1501 1086 1542 nam
1115 1484 1178 1541 in
1207 1486 1312 1543 illa
1338 1486 1643 1562 hypothesi

280 1566 431 1621 Deus
477 1580 596 1621 non
647 1570 1024 1637 praemoveret
1067 1564 1367 1623 efficaciter
1411 1582 1643 1623 causam

278 1643 619 1701 inferiorem
635 1643 704 1700 ad
728 1643 1153 1718 producendum
1167 1644 1428 1702 effectum
1442 1662 1641 1714 suum;

274 1722 375 1781 sed
404 1724 593 1795 potius
616 1729 994 1796 praemoverat
1018 1741 1248 1781 causam
1276 1726 1639 1799 superiorem

276 1804 348 1861 ad
376 1806 548 1862 illum
576 1805 1031 1877 impediendum.
1057 1808 1198 1861 Cum
1220 1807 1402 1874 enim,
1427 1812 1489 1862 ut
1512 1824 1644 1880 sup-

277 1888 530 1961 ponitur,
560 1889 707 1944 Deus
735 1893 993 1945 moveret
1018 1904 1215 1944 causas
1242 1887 1314 1944 ad
1354 1887 1642 1963 agendum

275 1968 707 2042 proportionate
728 1966 798 2022 ad
825 1983 990 2023 suam
1017 1967 1294 2024 virtutem
1331 1991 1345 2034 ς
1373 1973 1430 2025 et
1455 1968 1642 2026 virtus

274 2050 536 2123 superior
590 2049 848 2106 vinceret
893 2049 1252 2117 inferiorem,
1298 2067 1416 2108 non
1458 2056 1641 2124 posset

275 2134 420 2190 Deus
447 2136 752 2203 utramque
794 2130 972 2187 simul
1028 2130 1257 2206 physice
1287 2148 1641 2205 praemovere

274 2212 343 2269 ad
384 2211 817 2285 productionem
867 2227 1109 2268 suorum
1161 2212 1486 2279 effectuum,
1536 2212 1637 2270 sed

276 2299 500 2350 tantum
529 2297 903 2364 praemoveret
927 2292 1307 2365 superiorem,
1358 2308 1489 2348 cum
1539 2309 1639 2351 ea-

277 2390 409 2431 rum
422 2372 651 2430 effectus
664 2380 854 2432 essent
872 2373 1023 2432 inter
1037 2390 1098 2431 se
1121 2374 1309 2430 incom
1317 2372 1634 2447 possibiles.

281 2459 535 2513 Moverat
572 2461 764 2513 tamen
808 2455 1148 2514 inferiorem
1177 2455 1249 2511 ad
1286 2454 1633 2522 conandum,

280 2540 339 2592 et
364 2535 445 2592 sic
470 2534 856 2592 infallibiliter
894 2541 1203 2593 conaretur
1223 2535 1487 2593 effectum
1512 2551 1640 2608 pro-

280 2615 488 2673 ducere
517 2638 532 2680 ;
562 2615 722 2672 illum
776 2621 973 2674 tamen
1015 2632 1134 2674 non
1173 2615 1417 2673 efficeret
1453 2637 1466 2673 ε
1513 2622 1637 2672 ιιιιιι

279 2696 415 2770 quia
435 2694 756 2754 vinceretur
783 2714 817 2753 a
843 2695 1130 2769 superiori
1157 2718 1170 2752 ε
1203 2702 1326 2752 ιιιιιι
1352 2696 1488 2769 quia
1517 2711 1635 2753 non

276 2781 606 2834 moveretur
624 2776 927 2834 efficaciter
945 2794 977 2834 a
999 2780 1113 2833 Deo
1139 2775 1209 2833 ad
1231 2777 1403 2833 illum
1445 2775 1637 2848 reipsa

274 2856 684 2932 praestandum
707 2862 764 2914 et
783 2856 863 2914 sic
882 2855 1280 2932 contingenter
1304 2862 1637 2931 sequeretur

271 2940 528 2997 carentia
554 2938 783 2996 effectus
808 2955 991 3005 causas
1019 2938 1336 2996 inferioris.

59 3031 252 3078 nativum
343 3021 430 3078 Ad
477 3021 762 3078 motivum
814 3026 1007 3078 autem
1053 3020 1199 3076 Scoti
1256 3019 1637 3093 respondetur

63 3082 255 3177 ςῐᾞὼξ“
265 3099 675 3176 distinguendo
697 3100 1020 3195 majorem:
1046 3099 1238 3157 Causa
1252 3118 1366 3178 quas
1385 3118 1495 3156 non
1518 3102 1636 3171 ayit

265 3184 378 3238 nisi
405 3190 468 3238 ut
497 3188 668 3246 mota,
693 3184 744 3237 si
771 3183 1072 3236 necessario
1097 3188 1361 3247 movetur,
1388 3198 1634 3237 necessa-

261 3264 347 3318 rio
369 3265 513 3334 ayit,
543 3260 956 3334 reduplicative
980 3265 1041 3317 ut
1067 3267 1240 3328 mota,
1271 3260 1636 3318 concedimus

260 3341 548 3416 maiorem
591 3364 604 3407 ;
659 3346 940 3414 quantum
987 3347 1071 3397 est
1108 3357 1182 3399 ex
1236 3355 1315 3405 se,
1361 3356 1636 3415 negamus

260 3423 546 3496 majorem
577 3441 591 3476 ε
640 3427 696 3483 et
739 3436 1003 3477 concessa
1054 3420 1294 3486 minori,
1360 3435 1635 3494 negamus

255 3502 733 3577 consequentiam
756 3500 1029 3559 absolute.
1057 3504 1077 3555 l
1085 3507 1251 3575 taque
1275 3518 1404 3558 cum
1444 3502 1635 3559 defec-

256 3583 526 3650 tibilitaS,
575 3583 698 3639 sive
741 3583 1132 3658 contingentia
1180 3584 1245 3639 in
1286 3582 1506 3658 agendo
1556 3583 1631 3638 sit

253 3666 521 3739 quasdam
563 3664 943 3736 imperfectio,
988 3669 1046 3721 et
1065 3663 1135 3721 de
1152 3679 1363 3740 genere
1384 3664 1548 3731 mali,
1578 3669 1636 3721 et

254 3747 478 3804 malum
510 3761 588 3802 ex
628 3760 984 3817 quocumque
1028 3742 1288 3811 defectu;
1335 3744 1475 3801 satis
1522 3749 1628 3811 est,

247 3827 402 3901 quod
428 3841 608 3885 causa
638 3826 904 3897 proxima
950 3825 1026 3881 sit
1051 3841 1121 3882 ex
1161 3841 1222 3883 se
1267 3825 1628 3892 defectibilis,

246 3914 304 3966 et
327 3911 625 3980 quantum
647 3909 733 3977 est
753 3902 825 3960 de
843 3919 905 3960 se
931 3904 1288 3977 impedibilis
1309 3903 1381 3961 ab
1406 3906 1633 3963 extrin-

248 4005 392 4052 seco.
400 3992 465 4045 ιιι
481 3986 715 4044 dicatur
735 4001 904 4059 agere
919 3986 1345 4060 contingenter;
1360 3986 1632 4060 quamvis

252 4065 681 4141 reduplicative
731 4070 790 4121 ut
843 4071 1016 4133 mota,
1066 4066 1191 4122 sive
1244 4072 1307 4122 ut
1368 4066 1633 4124 substans

246 4149 469 4207 divinae
523 4146 807 4212 efficaciae,
841 4148 1160 4205 necessario
1203 4146 1465 4205 effectum
1494 4165 1632 4241 pro-

249 4229 437 4289 ducat.
473 4231 547 4285 Et
569 4229 679 4286 hoc
696 4228 767 4284 de
790 4220 936 4283 facto
962 4227 1260 4302 contingit,
1286 4227 1422 4300 quia
1441 4229 1631 4285 omnis

246 4327 420 4369 causa
474 4308 772 4365 naturalis
823 4307 1161 4382 contingens
1221 4306 1632 4380 reduplicative

249 4396 312 4447 ιιι
333 4393 619 4464 praemota
650 4387 881 4461 attingit
902 4388 1223 4445 necessario
1242 4404 1412 4444 suum
1458 4388 1631 4446 effec-

247 4478 374 4528 tum
403 4493 418 4537 ;
466 4475 529 4526 et
570 4474 770 4525 tamen
799 4467 915 4543 agit
951 4470 1368 4543 contingenter,
1400 4470 1535 4541 quia
1561 4468 1631 4527 de

244 4569 309 4612 se
335 4558 421 4611 est
468 4548 845 4614 defectibilis,
878 4554 935 4605 et
972 4554 1152 4622 potest
1188 4548 1261 4607 ab
1311 4550 1632 4608 extrinseco

249 4632 556 4708 impediri.
585 4628 754 4686 Unde
775 4630 866 4684 vel
891 4630 1038 4687 ratio
1062 4630 1210 4686 Scoti
1234 4628 1454 4704 probat,
1480 4629 1630 4702 quod

245 4713 318 4773 de
343 4715 498 4772 facto
549 4711 719 4768 nulla
769 4726 938 4767 causa
983 4709 1232 4768 secunda
1260 4712 1376 4786 agit
1399 4711 1630 4769 contin-

240 4800 471 4869 genter,
498 4790 658 4866 quod
677 4794 764 4847 est
784 4788 1096 4847 absurdum
1116 4816 1130 4859 ;
1149 4792 1241 4848 vel
1264 4807 1380 4848 non
1404 4790 1627 4864 probat,

240 4876 397 4951 quod
428 4879 551 4932 Deo
573 4876 781 4947 agente
799 4887 869 4928 ex
896 4873 1227 4931 necessitate
1253 4879 1492 4939 naturae,
1524 4890 1630 4930 au-

249 4958 507 5016 ferretur
536 4952 614 5011 ab
661 4953 754 5009 his
798 4951 1171 5010 inferioribus
1214 4953 1625 5028 contingentia.

247 5039 407 5096 Sicut
432 5053 580 5113 ergo
607 5034 682 5092 de
709 5035 856 5091 facto
897 5035 1285 5109 contingentia
1324 5034 1628 5093 effectuum

1779 613 1897 655 non
1921 602 2172 659 sumitur
2191 619 2289 676 per
2311 603 2710 662 habitudinem
2740 602 3142 661 immediatam

1779 679 1871 734 vel
1899 679 1970 735 ad
1997 682 2247 753 primam
2268 700 2518 752 causam,
2562 686 2655 742 vel
2682 684 2752 741 ad
2772 699 3003 741 causam
3047 699 3145 741 se-

1776 760 2024 833 cundam
2053 763 2462 838 reduplicative
2503 771 2564 822 ut
2591 772 2924 839 praemotam
2952 763 3142 822 effica-

1776 840 1917 898 citer
1944 858 1977 899 a
2026 844 2216 916 prima
2248 869 2262 912 ;
2319 861 2456 903 nam
2499 846 2686 920 potius
2735 862 2807 902 ex
2833 845 2939 902 hac
2978 850 3142 917 parte

1777 921 1991 980 habent
2019 927 2410 984 necessitatem
2438 934 2494 985 et
2519 926 2896 984 infallibilem
2947 924 3141 984 deter-

1775 1002 2202 1073 minationem3
2243 1006 2341 1063 sed
2386 1007 2637 1063 sumitur
2676 1022 2776 1080 per
2822 1012 3139 1078 respectum

1776 1080 1849 1138 ad
1874 1099 2068 1140 causas
2087 1085 2364 1142 secundas
2396 1087 2689 1159 proximas
2715 1085 2784 1142 de
2809 1101 2869 1142 se
2900 1084 3138 1143 defecti-

1777 1159 1939 1229 biles,
1990 1169 2046 1221 et
2100 1164 2463 1237 impedibiles
2502 1166 2572 1223 ab
2619 1166 2939 1223 extrinseco
2990 1186 3004 1221 ι
3055 1165 3138 1223 ita

1777 1245 2346 1316 proportionabiliter
2391 1248 2454 1304 in
2508 1246 2777 1319 praedicta
2831 1245 3136 1320 hypothesi

1776 1325 2296 1399 philosophandum
2316 1334 2480 1387 esset.

1848 1405 1976 1462 351.
2001 1406 2108 1464 Sed
2128 1423 2252 1466 ecce
2271 1415 2433 1485 urget
2452 1414 2859 1483 argumentum
2890 1407 2950 1463 in
2976 1406 3135 1479 prin·
3147 1437 3359 1481 mum..-

1773 1483 1921 1556 cipio
1949 1487 2215 1558 positum,
2245 1489 2395 1562 quod
2450 1495 2776 1563 potestesse
2805 1488 3016 1561 replica
3067 1487 3349 1580 intumqu-

1773 1563 2033 1622 favorem
2048 1569 2193 1625 Scoti
2211 1574 2409 1627 contra
2426 1569 2853 1642 responsionem
2872 1568 3134 1641 proxime
3146 1584 3325 1630 ιιιιιιοιιι

1771 1643 2007 1704 datam:
2053 1651 2327 1721 quoniam
2353 1651 2499 1708 sicut
2541 1656 2694 1707 actus
2724 1650 2870 1708 liber
2894 1650 3033 1723 petit
3053 1649 3136 1707 ita
3195 1640 3277 1679 m·

1771 1722 1920 1792 fieri,
1964 1728 2113 1800 quod
2143 1731 2319 1803 possit
2363 1731 2619 1788 absolute
2666 1746 2783 1787 non
2824 1731 2997 1798 elici;
3050 1730 3134 1788 ita

1770 1804 2000 1863 effectus
2043 1810 2380 1884 contingens
2408 1811 2547 1883 petit
2585 1811 2666 1867 ita
2690 1811 2932 1876 causari,
2981 1809 3134 1883 quod

1772 1887 1948 1958 possit
1973 1888 2230 1948 absolute
2257 1906 2373 1948 non
2404 1889 2677 1962 produci·
2664 1933 2680 1958 ,
2726 1906 2857 1946 cum
2881 1891 2985 1947 hac
3008 1895 3135 1947 tan-

1770 1971 1894 2022 tum
1939 1966 2289 2036 differentia,
2341 1968 2490 2044 quod
2533 1975 2812 2043 potestas,
2864 1975 2928 2026 ιιι
2973 1974 3132 2027 actus

1771 2045 1918 2103 liber
1943 2049 2163 2114 evadat,
2190 2049 2353 2108 debet
2378 2065 2502 2107 esse
2526 2067 2559 2106 a
2603 2050 2887 2123 principio
2907 2050 3132 2107 intrin-

1768 2143 1895 2185 seco
1920 2128 2182 2188 eliciente
2207 2137 2416 2197 actum,
2447 2137 2503 2188 et
2531 2132 2775 2189 habente
2794 2130 3130 2189 dominium

1769 2207 2071 2265 omittendi
2096 2210 2266 2267 illum
2298 2235 2312 2278 3
2358 2216 2601 2284 potestas
2621 2228 2780 2278 vero,
2808 2217 2869 2267 ιιι
2894 2211 3127 2268 effectus

1768 2289 2105 2364 contingens
2132 2305 2250 2347 non
2274 2297 2556 2359 causetur,
2588 2290 2756 2348 debet
2773 2307 2894 2350 esse
2914 2291 2985 2349 ab
3023 2307 3132 2349 ex-

1770 2370 2016 2429 trinseco
2052 2386 2122 2427 ex
2151 2389 2336 2438 causa,
2370 2378 2431 2429 ιιι
2458 2379 2592 2446 puta
2620 2374 2846 2431 fortiori
2900 2378 3130 2446 potente

1769 2452 2108 2509 inferiorem
2139 2453 2443 2527 impedire.
2472 2456 2641 2527 Atqui
2679 2456 2730 2511 si
2765 2457 2911 2513 Deus
2938 2459 3134 2530 ageret

1766 2547 1840 2588 ex
1867 2532 2197 2590 necessitate
2238 2539 2479 2600 naturae,
2506 2550 2708 2592 omnes
2753 2550 2934 2591 causae
2954 2540 3131 2592 natu-

1770 2614 1917 2670 rales
1938 2613 2018 2670 ita
2060 2621 2293 2688 agerent
2319 2631 2452 2672 suos
2478 2615 2726 2683 effectus,
2753 2620 2817 2672 ut
2855 2632 2972 2673 non
3000 2632 3133 2689 pos-

1764 2697 1894 2748 sent
1942 2691 2014 2748 ab
2080 2693 2298 2769 agendo
2365 2693 2639 2768 impediri
2714 2712 2814 2768 per
2867 2695 3127 2768 aliquam

1766 2789 1994 2830 causam
2044 2775 2430 2833 extrincecam
2483 2797 2498 2833 ε
2550 2793 2687 2853 ergo
2733 2793 2849 2835 non
2896 2783 3130 2851 agerent

1764 2854 2180 2931 contingenter.
2209 2856 2493 2916 Probatur
2534 2859 2729 2916 minor
2754 2857 2953 2916 eodem
3003 2858 3128 2916 dis-

1764 2950 1954 2999 cursu,
1985 2951 2097 3007 quo
2123 2953 2298 3010 supra
2325 2937 2697 3006 ostendimus,
2739 2954 2857 2996 non
2897 2939 3021 2997 fore
3059 2940 3125 2997 in

1766 3013 2036 3086 praedicta
2063 3016 2365 3091 hypothesi
2389 3022 2544 3075 actus
2565 3017 2795 3085 liberos,
2827 3019 2962 3092 quia
2981 3020 3031 3076 si
3059 3019 3126 3076 in

1763 3093 1964 3153 eodem
2017 3097 2279 3164 instanti,
2329 3099 2392 3155 in
2430 3116 2543 3172 quo
2589 3101 2735 3157 Deus
2771 3099 2947 3156 simul
2993 3117 3126 3159 cum

1766 3174 1899 3249 igne
1945 3193 1999 3233 v.
2032 3193 2088 3252 g.
2135 3184 2502 3236 concurreret
2547 3178 2616 3236 ad
2656 3179 3124 3249 calefaciendum,

1765 3261 1953 3328 posset
1999 3256 2163 3315 illam
2211 3258 2638 3317 calefactionem
2686 3260 2986 3333 impedire,
3031 3263 3127 3321 vel

1764 3332 1836 3390 ad
1883 3337 2059 3393 talem
2104 3338 2388 3395 actionem
2436 3353 2553 3395 non
2597 3356 2955 3406 concurrere,
3000 3341 3124 3416 jam

1764 3430 1883 3472 non
1925 3415 2191 3474 influeret
2213 3423 2272 3473 ut
2299 3433 2471 3491 agens
2510 3420 2911 3485 necessarium,
2942 3420 3041 3478 sed
3062 3427 3127 3478 ιιι

1764 3495 2036 3561 liberum,
2070 3496 2218 3569 quod
2265 3496 2532 3554 videlicet
2572 3498 2650 3554 ita
2678 3499 2811 3572 agit,
2847 3505 2907 3555 ut
2947 3501 3123 3572 possit

1764 3593 1882 3634 non
1912 3593 2124 3651 agere·
2109 3620 2125 3635 .
2164 3583 2224 3634 et
2250 3579 2330 3635 ita
2376 3578 2766 3637 destrueretur
2793 3581 3124 3656 hypothesis

1763 3659 2093 3733 argumenti
2123 3674 2294 3733 :ergo
2320 3660 2369 3715 si
2400 3663 2546 3717 Deus
2573 3659 2839 3719 influeret
2861 3677 3123 3721 necessa-

1763 3740 1873 3806 rio,
1894 3755 2094 3796 omnes
2114 3755 2295 3796 causas
2318 3742 2611 3798 naturales
2633 3741 2712 3797 ita
2750 3742 3127 3814 producerent

1760 3835 1895 3875 suos
1918 3818 2169 3887 effectus,
2206 3824 2268 3874 ut
2295 3835 2413 3876 non
2443 3826 2669 3894 possent
2695 3820 2766 3878 ab
2802 3823 3129 3883 extrinseco

1763 3898 2057 3973 impediri.
2086 3899 2250 3959 Unde
2282 3908 2687 3976 argumentum
2721 3920 2753 3960 a
2796 3904 2962 3961 nobis
3007 3905 3130 3963 fac-

1763 3985 1905 4045 tum,
1932 3980 2024 4037 vel
2069 3996 2187 4038 non
2231 3982 2521 4039 convincit
2545 3983 2874 4041 abfuturum
2913 4000 3036 4042 esse
3061 3986 3127 4043 ιιι

1762 4059 2028 4133 praedicta
2052 4060 2352 4135 hypothesi
2382 4061 2705 4120 libertatem
2725 4069 2999 4130 creatam;
3028 4066 3124 4123 vel

1758 4139 1961 4197 suadet
2008 4140 2461 4215 contingentiam
2507 4142 2723 4215 pariter
2772 4142 2897 4201 fore
2943 4144 3116 4202 abfu-

1761 4227 1974 4279 turam.

1834 4305 1965 4359 352.
2008 4302 2402 4376 Respondetur
2429 4304 2823 4376 persistendo
2808 4324 2870 4364 ιιι
2912 4306 3121 4365 tradita
3135 4333 3241 4376 noa
3255 4343 3344 4385 „n-

1761 4385 2151 4459 responsione.
2179 4388 2291 4443 Pro
2316 4387 2475 4461 cujus
2502 4388 2707 4478 maiori
2737 4388 3214 4485 intelligentia,em
3158 4392 3319 4475 ιγὲζ

1758 4466 2019 4531 observa,
2049 4467 2502 4541 contingentiam
2535 4467 2599 4524 in
2646 4468 2864 4541 agendo
2908 4487 3121 4529 conve—
3149 4490 3321 4541 meon-

1761 4546 1892 4604 nire
1934 4545 2103 4604 rebus
2140 4563 2210 4604 ex
2249 4563 2327 4611 se,
2353 4547 2456 4603 hoc
2480 4553 2583 4613 est,
2620 4549 2754 4622 quia
2782 4551 3121 4622 potentiales
3156 4531 3294 4575 ⁸⁰⁰⁰·

1757 4631 1931 4692 sunt,
1976 4631 2031 4684 et
2074 4642 2145 4683 ex
2191 4626 2378 4684 nihilo
2424 4626 2583 4685 fuere
2629 4627 2946 4701 productae3
2985 4631 3123 4689 hinc

1759 4707 1918 4764 enim
1948 4706 2160 4764 habent
2180 4722 2347 4780 agere
2374 4706 2811 4780 impedibiliter‚
2840 4711 2964 4768 sive
2987 4728 3120 4769 cum

1760 4788 2176 4861 potentialitale
2205 4786 2275 4844 ad
2302 4785 2681 4846 deficiendum
2712 4790 2774 4846 in
2807 4791 3120 4865 operando,

1761 4870 1843 4924 Ita
1880 4867 2039 4924 enim
2073 4882 2134 4923 se
2161 4866 2331 4923 habet
2374 4868 2819 4942 unumquodque
2865 4869 2935 4927 ad
2974 4887 3117 4941 esse,

1758 4948 1905 5004 sicut
1931 4946 2002 5003 ad
2046 4947 2274 5020 operari
2303 4968 2317 5003 ε
2344 4947 2494 5005 unde
2538 4949 2684 5005 sicut
2726 4951 2992 5022 quaelibet
3031 4969 3122 5011 res

1759 5029 1928 5087 habet
1952 5045 2024 5086 ex
2047 5046 2112 5088 se
2150 5046 2267 5087 non
2294 5045 2435 5096 esse,
2459 5046 2557 5087 seu
2580 5048 2741 5105 posse
2783 5031 2855 5089 ab
2880 5034 3123 5093 essendo
