3647 5753
128 1924 315 1969 fulcitur

145 1983 315 2068 '⁶3⁰⁰‘

1423 378 1602 435 DISP.
1647 378 1767 447 vu,
1812 381 1978 437 DUB.
2025 382 2120 436 1v-.

315 552 444 609 nias
493 550 736 624 injustas
801 563 941 614 esse,
991 547 1127 621 quia
1169 549 1356 623 gratia
1399 566 1671 626 congrua,

313 632 437 688 sive
455 628 752 688 collocatio
792 628 1048 685 hominis
1070 629 1132 684 in
1156 631 1240 687 eis
1265 631 1673 699 occasionibus,

318 712 382 769 in
406 710 618 785 quibus
639 706 986 782 praevidetur
1013 713 1370 781 operaturus,
1405 725 1523 768 non
1545 727 1681 785 per-

320 793 466 850 tinet
493 789 564 848 ad
593 805 755 863 posse
781 803 968 862 agere,
993 789 1057 845 in
1095 805 1206 861 quo
1234 790 1509 848 fundatur
1529 790 1682 849 obli-

318 873 473 948 gatio
511 868 737 944 agendi,
767 866 868 925 sed
910 873 1134 924 tantum
1176 869 1246 926 ad
1291 871 1630 929 exercitium
1664 894 1678 938 ς

322 958 489 1026 atque
535 948 666 1007 ideo
709 952 890 1006 Deum
933 948 1271 1008 satisfecisse
1308 953 1540 1009 muneri
1580 967 1685 1008 suo

321 1030 668 1092 conferendo
722 1030 1107 1103 peccatoribus
1143 1032 1360 1091 auxilia
1395 1033 1686 1090 sufficien-

325 1115 404 1171 tia
430 1111 500 1170 ad
555 1115 705 1168 recte
731 1109 1107 1181 operandum,
1135 1127 1406 1187 posseque
1445 1112 1688 1187 proinde

327 1197 477 1269 ipsos
514 1191 831 1268 justissime
890 1192 1350 1264 reprehendere;
1392 1193 1452 1250 id
1496 1195 1688 1268 ipsum

333 1271 802 1347 respondebimus
829 1270 901 1327 ad
927 1272 1321 1344 querimonias
1338 1279 1538 1331 contra
1563 1290 1692 1349 gra-

332 1357 474 1414 tiam
525 1371 596 1412 ex
621 1371 683 1412 se
720 1354 1020 1411 efficacem.
1053 1353 1225 1427 quue
1272 1356 1478 1428 potiori
1518 1357 1688 1431 jure;

335 1453 470 1494 nam
502 1435 756 1493 carentia
784 1435 990 1491 auxilii
1017 1450 1088 1491 ex
1112 1449 1173 1491 se
1198 1435 1435 1492 efficacis
1457 1450 1575 1493 non
1597 1437 1694 1492 in-

332 1515 486 1573 ducit
527 1515 929 1588 impotentiam
957 1513 1278 1572 absolutam
1308 1516 1513 1590 agendi
1541 1541 1556 1583 ;
1598 1531 1695 1572 ca-

337 1597 524 1654 rentia
568 1612 707 1653 vero
732 1595 933 1669 gratiae
976 1610 1244 1670 congruas
1295 1596 1460 1654 illam
1504 1598 1697 1671 impo-

336 1677 577 1734 tentiam
623 1677 914 1749 importat,
944 1679 1000 1731 et
1038 1676 1247 1733 evertit
1293 1676 1603 1744 libetatem,
1634 1679 1700 1732 ut

340 1755 696 1815 ostendimus
742 1756 884 1829 disp.
903 1756 1126 1829 pra-ed.
1158 1760 1190 1826 g
1215 1759 1251 1813 3
1276 1765 1326 1813 et
1347 1761 1378 1830 θ
1399 1761 1453 1826 8,
1482 1759 1546 1815 in
1576 1773 1699 1816 res-

344 1836 622 1914 ponsione
648 1837 716 1893 ad
741 1837 997 1909 primum
1025 1844 1451 1913 argumentum.

418 1919 549 1976 260.
593 1917 886 1990 Replicam
900 1934 1036 1992 ergo
1059 1923 1207 1976 recte
1227 1918 1400 1976 diluit
1422 1920 1699 1977 D.Thom.

131 2053 319 2117 Dm
348 1999 444 2057 lib.
491 1999 545 2065 3,
575 2005 764 2053 contra
812 2004 1008 2067 yeme-e,
1038 2016 1157 2072 cap.
1216 1999 1306 2068 59,
1334 1999 1431 2057 ubi
1468 2000 1654 2073 inquit
1687 2019 1700 2054 ε

353 2105 381 2138 α
410 2081 498 2138 Ad
524 2080 692 2155 hujus
729 2078 1105 2136 dubitationis
1143 2080 1488 2139 solutionem
1513 2081 1707 2140 consi-

351 2188 380 2219 «
408 2162 729 2221 derandum
751 2166 854 2228 est,
884 2159 1034 2233 quod
1062 2161 1194 2218 licet
1220 2162 1428 2236 aliquis
1456 2180 1556 2236 per
1577 2179 1708 2221 mo-

353 2269 381 2317 ςι
409 2250 531 2302 tum
572 2242 744 2300 liberi
768 2239 997 2298 arbitrii
1032 2241 1296 2299 divinam
1334 2245 1581 2319 gratiam
1606 2259 1710 2302 nec

355 2350 382 2380 α
413 2322 868 2400 promereri,nec
890 2318 1166 2378 advocare
1184 2323 1390 2394 possit3
1409 2329 1589 2396 potest
1604 2340 1711 2381 au-

359 2433 384 2460 α
414 2413 531 2464 tem
563 2403 816 2476 seipsum
847 2400 1150 2474 impedire,
1184 2417 1256 2458 ne
1275 2418 1403 2458 eam
1433 2405 1706 2478 recipiat:

360 2511 386 2541 a
415 2486 624 2544 dicitur
644 2484 803 2540 enim
819 2481 889 2538 de
903 2480 1244 2554 quibusdam
1258 2481 1433 2539 Job21
1460 2504 1473 2540 ε
1499 2484 1714 2543 Recede

363 2591 388 2620 a
418 2583 452 2624 a
471 2565 657 2633 nobiS,
701 2563 1002 2620 scientiam
1029 2562 1259 2619 viarum
1287 2567 1518 2622 tuarum
1541 2567 1715 2624 nolu-

364 2670 391 2702 α
420 2647 646 2704 mnS.Et
663 2643 765 2700 Job
786 2643 1254 2715 24:1psifuerunt
1275 2643 1515 2703 rebelles
1536 2645 1716 2702 lumi-

367 2752 394 2783 «
422 2730 503 2786 ni.
521 2729 730 2784 Etcum
747 2726 852 2783 hoc
866 2725 1014 2781 sitin
1042 2730 1313 2797 potestate
1345 2726 1536 2784 liberii
1559 2727 1719 2785 arbi-

369 2833 396 2864 «
426 2810 523 2866 trii
545 2806 828 2881 impedire
853 2804 1066 2861 divinae
1092 2806 1290 2881 gratiae
1312 2809 1714 2882 receptionem,

373 2916 397 2945 «
429 2907 545 2949 non
568 2887 862 2946 immerito
888 2887 1208 2960 imputatur
1251 2888 1324 2955 ei,
1349 2889 1448 2962 qui
1472 2889 1723 2962 impedi-

374 2995 399 3026 α
427 2975 692 3029 mentum
715 2972 944 3041 praestat
988 2966 1186 3039 gratiae
1234 2970 1565 3043 receptioni.
1594 2991 1619 3022 n
1656 2972 1725 3025 Et

367 3056 421 3118 2,
444 3054 499 3119 2,
532 3056 714 3128 quaest.
746 3051 802 3113 2,
830 3055 944 3103 art.
971 3047 1007 3100 5
1027 3047 1102 3102 ad
1129 3049 1174 3114 1,
1200 3048 1279 3104 ait
1305 3070 1319 3104 ε
1354 3072 1381 3102 α
1425 3050 1726 3107 Auxilium

376 3156 401 3185 α
427 3131 631 3207 gratiae
693 3127 1141 3201 quibuscumque
1203 3128 1488 3187 divinitus
1532 3129 1722 3198 datur,

376 3237 401 3267 «
427 3210 882 3271 misericorditer
910 3208 1079 3265 datur
1109 3209 1352 3282 :quibus
1390 3217 1581 3270 autem
1611 3227 1730 3270 non

377 3319 401 3347 α
428 3294 620 3359 datur,
666 3290 982 3364 exjustitia
1024 3305 1141 3347 non
1178 3290 1351 3347 datur
1391 3292 1453 3348 in
1500 3307 1730 3365 poenam

377 3397 403 3429 ιι
431 3371 802 3448 praecedentis
843 3370 1071 3442 peccati,
1097 3375 1155 3426 et
1178 3372 1382 3428 saltem
1405 3372 1727 3447 originalis,

376 3477 402 3507 α
430 3459 495 3510 ut
513 3452 686 3511 habet
712 3450 1064 3524 Augustiuus
1091 3450 1153 3506 in
1181 3450 1285 3507 lib.
1314 3451 1385 3508 de
1410 3457 1652 3526 corrept.
1678 3458 1735 3509 et

377 3557 403 3586 α
431 3533 637 3608 gratia,
662 3547 784 3603 cap.
812 3531 864 3584 5.
895 3534 952 3585 et
971 3530 1026 3585 6.
1049 3549 1074 3580 1·
1105 3531 1187 3586 Ex
1211 3530 1418 3603 quibus
1437 3530 1733 3601 habemus,

371 3613 674 3671 hominem
688 3612 981 3667 carentem
996 3609 1215 3667 auxilio
1239 3610 1444 3668 efficaci
1464 3610 1533 3667 ad
1556 3610 1739 3668 adim·

374 3692 653 3769 plendum
683 3695 1045 3763 praeceptum,
1084 3690 1134 3746 si
1178 3690 1239 3746 in
1278 3706 1344 3748 eo
1385 3691 1500 3747 sint
1522 3692 1740 3749 auxilia

374 3774 667 3846 adaequate
715 3770 1072 3836 sufficientia,
1129 3784 1247 3827 non
1290 3772 1478 3827 solum
1530 3771 1741 3829 habere

378 3852 695 3928 potentiam
745 3850 1018 3917 absolute,
1048 3854 1106 3906 et
1148 3850 1533 3924 metaphysice
1582 3851 1744 3908 suffi-

377 3935 626 3993 cientem
668 3930 739 3989 ad
788 3929 1118 4003 praedictam
1167 3928 1659 4003 adimpletionem,
1690 3936 1747 3989 et

383 4021 444 4072 ut
468 4012 707 4072 omissio
734 4011 825 4067 illi
863 4010 1206 4084 simpliciter
1253 4011 1569 4085 imputetur
1602 4033 1615 4068 z
1646 4028 1748 4069 ve-

385 4113 515 4154 rum
556 4094 733 4153 etiam
799 4090 1128 4165 praedictam
1175 4094 1490 4150 carentiam
1542 4092 1748 4150 auxilii

381 4175 620 4237 efficacis
641 4189 764 4232 esse
785 4173 895 4246 ipsi
915 4172 1141 4229 bomini
1157 4174 1547 4231 voluntariam
1577 4190 1753 4248 prop-

385 4265 470 4316 ter
496 4253 729 4329 aliquod
763 4256 1051 4327 peccatum
1095 4252 1435 4326 praecedens,
1460 4253 1610 4327 quod
1649 4253 1754 4311 ab-

385 4340 572 4397 solute
643 4337 830 4391 vitare
897 4334 1097 4407 potuit.
1150 4332 1314 4393 Unde
1365 4337 1610 4404 nullam,
1663 4337 1755 4394 vel

387 4417 788 4483 moralem,vel
813 4420 1186 4487 apparentem
1207 4416 1630 4473 excusationem
1655 4433 1758 4490 po-

388 4505 494 4556 test
516 4498 695 4555 homo
721 4512 794 4553 ex
811 4492 1084 4567 praedicta
1112 4496 1365 4552 carentia
1382 4496 1754 4568 praetendere,

386 4595 498 4654 qua
511 4577 799 4642 divinam,
828 4592 892 4633 ac
907 4575 1286 4649 justissimam
1310 4576 1762 4650 increpationem

390 4660 460 4719 de
485 4657 752 4733 praeoepti
780 4671 902 4713 non
936 4655 1347 4729 adimpletione
1369 4656 1622 4731 effugiat.

194 4713 362 4821 NffiL
462 4751 590 4807 261.
638 4749 756 4805 Pro
791 4743 1238 4820 cujusdoctrinae
1267 4745 1472 4820 majori
1513 4746 1655 4815 luce,
1701 4748 1757 4801 et

175 4815 378 4920 ιξζὲζῗξ
390 4828 836 4890 confirmatione
851 4824 1277 4883 observandum
1290 4827 1626 4894 est,nullam
1640 4841 1773 4900 pos-

169 4911 446 5008 setffipsguwe
464 4911 592 4969 da‘ri
640 4905 1033 4967 omissionem
1055 4905 1464 4972 voluntariam,
1495 4911 1554 4963 et
1578 4922 1775 4980 pecca·

63 5000 104 5015 '⁴
236 4972 312 5059 212³?
382 4987 864 5063 minosam,quin
880 4984 1377 5060 praecedataliquis
1398 4986 1680 5059 actus,qui
1703 4985 1777 5041 sit

3070 378 3173 436 183

1805 567 1976 609 causa
1999 552 2179 621 illius,
2205 556 2262 612 et
2304 569 2417 627 quo
2436 553 2611 610 homo
2637 551 2777 618 velit
2817 565 2935 607 non
2993 546 3177 604 adim-

1811 635 1970 708 plere
2014 640 2378 709 praeceptum,
2409 635 2502 691 vel
2530 633 2874 697 formaliler,
2901 630 2950 687 si
2978 628 3132 687 dicat
3159 650 3173 685 :

1810 716 1947 772 volo
1984 714 2255 774 omittere
2281 719 2470 772 actum
2512 718 2857 787 praeceptum
2888 735 2902 778 ;
2947 710 3041 766 vel
3059 708 3182 765 sal-

1812 800 1929 852 tem
1958 794 2307 861 virtualiter,
2338 799 2397 852 et
2437 793 2874 868 interpretative
2917 787 3181 847 faciendo

1814 876 2082 934 videlicet
2101 876 2341 950 aliquid,
2373 877 2445 933 ad
2469 875 2620 950 quod
2646 874 2906 947 sequitur
2946 870 3182 929 omissio

1815 958 2100 1030 praecepti,
2124 973 2298 1031 quam
2330 956 2452 1029 ipse
2498 952 2773 1028 praevidet
2822 952 3095 1015 futuram,
3120 953 3185 1005 ut

1815 1052 1890 1095 ex
1916 1037 2195 1111 professso
2212 1036 2571 1094 ostendimus
2619 1033 2760 1090 locis
2786 1049 2944 1089 num.
2968 1031 3077 1085 258
3099 1028 3187 1086 ci-

1817 1118 1973 1175 tatis.
2003 1116 2345 1192 Hujusmodi
2389 1120 2580 1173 autem
2629 1118 2804 1178 actus,
2828 1111 2928 1185 qui
2954 1114 3039 1168 est
3058 1124 3189 1166 cau·

1819 1214 1883 1256 sa
1908 1196 2231 1263 omittendi,
2262 1213 2330 1255 eo
2371 1197 2496 1271 ipso
2514 1200 2597 1253 est
2639 1193 2962 1251 formaliter
2991 1205 3189 1264 pecca-

1822 1283 1947 1335 tum
1973 1302 1986 1345 ;
2007 1294 2141 1335 nam
2172 1277 2272 1350 qui
2298 1276 2572 1342 sciens,et
2587 1272 2908 1348 praevidens
2933 1271 3031 1328 dat
3049 1285 3188 1327 cau-

1823 1377 1948 1417 sam
1964 1358 2264 1417 omissioni
2286 1358 2575 1432 praecepti,
2589 1357 2716 1413 vult
2737 1356 2830 1412 vel
2846 1352 3187 1418 formaliter,

1826 1441 1920 1497 vel
1947 1439 2384 1514 interpretative
2423 1438 2609 1510 ipsam
2637 1435 3030 1501 omissionem,
3070 1447 3195 1506 quae

1827 1525 1890 1576 ut
1918 1522 2315 1594 supponimus,
2347 1522 2431 1574 est
2456 1521 2748 1591 peccatum
2777 1537 2790 1572 ε
2823 1515 2973 1572 velle
3003 1517 3196 1570 autem

1830 1616 2076 1674 peccare,
2103 1600 2301 1673 nequit
2322 1614 2440 1655 non
2467 1613 2589 1654 esse
2611 1602 2922 1670 peccatum,
2948 1610 3080 1650 cum
3104 1608 3200 1650 ac-

1830 1686 1920 1738 tus
1963 1680 2276 1739 volontarii
2320 1682 2553 1735 sumant
2599 1677 2670 1734 ab
2708 1676 2925 1751 objecto
2972 1673 3201 1733 bonita-

1831 1767 1967 1830 tem,
1997 1768 2052 1820 et
2078 1761 2388 1820 malitiam.
2412 1759 2577 1816 Unde
2606 1765 2761 1817 actus
2785 1758 2883 1832 qui
2907 1762 2992 1815 est
3029 1771 3203 1814 causa

1720 1895 1733 1906 .
1832 1842 2156 1910 omittendi,
2184 1845 2270 1899 est
2306 1840 2633 1898 formaliter
2661 1843 2970 1913 peccatum,
3001 1842 3065 1898 ut
3112 1837 3205 1893 la-

1834 1924 1949 1980 tius
1975 1921 2344 1996 probavimus
2382 1927 2544 1976 tract.
2584 1920 2649 1975 de
2686 1921 2943 1994 peccatis,
2973 1919 3116 1991 disp.
3142 1918 3200 1985 5,

1835 2004 1963 2060 dub.
1993 2005 2046 2059 3.
2079 2001 2369 2075 Habetque
2397 2000 2698 2074 praedictus
2722 2003 2875 2056 actus
2912 1997 3204 2056 malitiam

1840 2083 2089 2159 physice,
2127 2087 2184 2140 et
2253 2081 2487 2139 realiter
2538 2078 2870 2136 distinctam
2904 2094 2938 2134 a
2977 2077 3207 2134 malitia

1841 2171 2067 2239 reperta
2107 2165 2170 2220 in
2195 2162 2527 2228 omissione,
2552 2166 2611 2217 et
2636 2159 3064 2217 antecedentem
3092 2159 3208 2214 hu-

1835 2249 1928 2323 jus
1946 2245 2312 2304 existentiam
2330 2267 2345 2311 ς
2362 2241 2627 2315 quamvis
2648 2240 2949 2298 moraliter
2975 2240 3213 2312 loquen-

1841 2329 1935 2393 do,
1987 2331 2105 2383 tam
2152 2329 2327 2390 actus,
2358 2337 2533 2396 quam
2572 2320 2811 2379 omissio
2860 2320 3214 2377 constituant

1843 2422 2302 2485 unum-numero
2330 2407 2657 2478 peccatum,
2692 2406 2751 2458 ut
2789 2400 3213 2459 declaravimus

1846 2493 1968 2549 loco
1988 2504 2173 2562 nuper
2219 2487 2407 2552 citato,
2437 2484 2564 2541 dub.
2595 2486 2650 2552 4,
2677 2483 2845 2540 concl.
2879 2484 2926 2550 l,
2951 2491 3000 2538 et
3041 2482 3210 2539 concl.

1848 2574 1902 2630 3.
1929 2573 2013 2628 Ex
2057 2569 2282 2643 quibus,
2311 2569 2360 2624 si
2392 2583 2528 2625 vera
2574 2569 2727 2632 sunt,
2753 2571 2816 2621 ut
2855 2565 2919 2622 in
2948 2563 3215 2639 praesenti

1847 2667 1978 2710 cum
2023 2649 2409 2707 communiori
2455 2646 2890 2704 Thomistarum
2929 2643 3218 2702 sententia

1849 2731 2253 2806 supponimus,
2301 2728 2603 2786 evidenter
2649 2726 2919 2795 infertur,
2957 2726 3217 2800 primum

1853 2812 2107 2871 hominis
2133 2816 2421 2885 peccatum
2464 2824 2583 2866 non
2606 2823 2766 2882 posse
2807 2822 2930 2864 esse
2955 2805 3219 2864 omissio·

1854 2912 2010 2961 nem,
2054 2894 2178 2951 sive
2221 2892 2537 2950 carentiam
2587 2889 3019 2962 adimpletionis
3070 2902 3225 2962 prae-

1856 2977 2021 3051 cepti,
2048 2975 2147 3033 sed
2181 2973 2390 3032 debere
2434 2988 2556 3030 esse
2580 2971 3070 3038 commissionem,
3102 2968 3228 3025 sive

1859 3062 2046 3117 actum
2073 3056 2405 3129 positivum,
2435 3052 2534 3126 qui
2575 3052 2650 3108 sit
2676 3066 2844 3108 causa
2870 3047 3175 3108 omittendi
3208 3071 3224 3115 ;

1861 3153 1998 3195 nam
2021 3142 2082 3193 ut
2102 3134 2338 3194 omissio
2378 3134 2454 3190 sit
2480 3132 2888 3207 peccaminosa,
2912 3131 3080 3189 debet
3098 3145 3231 3202 sup-

1865 3232 2078 3292 ponere
2141 3221 2350 3283 actum,
2405 3214 2503 3287 qui
2544 3212 2621 3268 sit
2667 3228 2836 3269 causa
2874 3208 3178 3269 omittendi
3213 3232 3227 3276 ;

1865 3304 2021 3356 actus
2042 3301 2233 3354 autem
2254 3294 2352 3368 qui
2377 3293 2540 3367 ponit
2559 3309 2788 3350 causam
2810 3290 3112 3350 omittendi
3136 3306 3233 3348 ac-

1865 3384 1989 3434 tum
2019 3381 2380 3450 praeceptum,
2405 3378 2489 3429 est
2532 3377 2820 3445 peccatum
2849 3376 3057 3444 :atque
3103 3369 3233 3426 ideo

1874 3462 2009 3515 ante
2061 3471 2293 3514 omnem
2339 3452 2713 3511 omissionem
2778 3452 3233 3525 peccaminosam

1867 3538 2037 3596 datur
2082 3542 2235 3594 actus
2272 3534 2716 3608 peccaminosuS,
2748 3538 2804 3590 et
2823 3535 3236 3605 consequenter

1872 3620 2133 3695 primum
2156 3616 2411 3675 hominis
2440 3618 2727 3687 peccatum
2750 3613 2947 3687 nequit
2975 3612 3040 3668 in
3065 3610 3238 3669 omis-

1874 3701 2037 3757 sione
2063 3696 2392 3754 consistere.

1947 3769 2164 3830 Deinde
2209 3769 2469 3834 observa,
2500 3783 2634 3824 eum
2685 3768 2784 3841 qui
2823 3767 2950 3823 vult
2974 3765 3242 3824 omittere
3271 3784 3440 3831 notas.

1877 3859 2067 3914 actum
2116 3851 2230 3909 sibi
2252 3850 2262 3859 '
2286 3855 2648 3924 praeceptum,
2679 3864 2747 3905 eo
2794 3848 2918 3922 ipso
2944 3849 3093 3906 velle
3120 3847 3245 3905 for-

1878 3936 2132 4000 maliter,
2181 3934 2272 3991 vel
2299 3931 2739 4004 interpretative
2781 3931 3098 3988 carentiam
3138 3944 3248 3986 au-

1879 4017 2012 4076 xilii
2062 4013 2301 4073 efficacis
2352 4012 2614 4086 requisiti
2653 4012 2724 4069 ad
2772 4010 3247 4085 adimpletionem

1886 4098 2172 4173 praecepti.
2188 4096 2475 4162 Quoniam
2499 4093 2832 4168 praedictum
2855 4092 3162 4159 auxilium,
3193 4093 3252 4148 et

1884 4185 2042 4238 actus
2086 4183 2397 4252 praeceptus
2456 4174 2853 4234 infallibiliter
2895 4176 3254 4231 connectun-

1887 4268 1983 4320 tur
2015 4285 2029 4329 ;
2057 4266 2115 4317 et
2157 4260 2435 4316 similiter
2477 4255 2731 4315 carentia
2782 4260 2937 4313 actus
2988 4255 3254 4329 praecepti

1888 4342 2286 4402 infallibiliter
2311 4340 2668 4398 connectitur
2695 4354 2825 4395 cum
2864 4337 3119 4395 carentia
3146 4353 3254 4394 au-

1890 4423 2022 4482 xilii
2078 4420 2340 4494 requisiti
2388 4419 2459 4477 ad
2490 4418 2827 4476 exercitium
2878 4416 3011 4473 talis
3050 4421 3253 4474 actusz

1893 4504 1998 4563 sed
2025 4502 2256 4577 quando
2281 4506 2537 4560 extrema
2564 4500 2644 4556 sic
2671 4503 3104 4567 connectuntur,
3137 4514 3257 4557 non

1898 4591 2079 4661 potest
2121 4584 2248 4658 quis
2286 4585 2432 4641 velle
2480 4597 2661 4639 unum
2706 4597 2902 4639 amore
2945 4581 3172 4650 efficaci,
3203 4586 3261 4640 et

1900 4666 2163 4741 practico,
2187 4663 2330 4737 quin
2368 4663 2544 4720 etiam
2570 4661 2712 4718 velit
2740 4661 2932 4730 aliud;
2961 4668 3018 4719 et
3043 4661 3263 4720 simili—

1899 4753 1988 4805 ter
2034 4744 2231 4817 nequit
2257 4745 2412 4801 nolle
2450 4758 2653 4810 unum,
2690 4743 2832 4815 quin
2861 4741 3007 4799 nolit
3058 4741 3215 4799 aliud
3250 4763 3264 4799 z

1903 4844 2040 4903 ergo
2066 4826 2163 4901 qui
2186 4825 2311 4882 vult
2333 4822 2653 4881 carentiam
2675 4821 3105 4896 adimpletionis
3125 4838 3267 4895 prae-

1906 4910 2071 4984 cepti,
2101 4923 2169 4966 eo
2195 4908 2316 4979 ipso
2360 4905 2482 4961 vult
2507 4903 2823 4961 carentiam
2852 4904 3058 4960 auxilii
3079 4904 3270 4963 effica-

1908 4991 2021 5050 cies
2048 4988 2120 5048 ad
2146 4988 2319 5046 talem
2346 4983 2786 5059 adimpletionm
2812 5008 2827 5055 ς
2850 4990 2906 5043 et
2926 4985 3143 5058 paritor
3167 4987 3268 5060 qui
