3647 5753
306 1881 480 1928 *Everti-

304 1938 375 1977 tur
386 1944 470 1976 am·

340 1981 469 2035 plius.

504 388 615 442 556
1173 390 1267 443 DE
1307 390 1914 447 DISPOSITIONIBUS
1950 394 2047 448 AD
2083 393 2745 450 JUSTIFICATIONEM.

506 562 755 618 existere
783 575 883 631 per
906 557 1143 616 modum
1169 562 1448 627 exercitii,
1481 561 1577 619 sed
1607 579 1709 635 per
1741 579 1871 620 mo·-

505 644 643 700 dum
682 644 918 699 termini
948 659 1018 699 ex
1045 648 1169 699 actu
1200 643 1540 716 praecedenti
1570 646 1784 713 relict0,
1814 652 1872 703 et

507 727 604 799 qui
634 742 665 782 a
691 727 985 781 voluntate
1006 725 1342 782 immediate
1362 728 1651 799 processit.
1676 729 1870 786 Minor

510 812 700 863 autern
730 805 1164 878 suadetur,quia
1188 808 1376 880 gratia
1401 808 1761 865 sanctificans
1788 814 1872 866 est

506 887 843 945 voluntaria
884 887 1286 955 habitualiter;
1329 889 1572 945 inclinat
1598 891 1757 946 enim
1798 889 1870 946 ad

508 975 697 1025 actum
717 978 749 1036 ,·
794 984 906 1040 quo
957 968 1285 1028 voluntarie
1348 971 1742 1027 convertimur
1806 971 1870 1027 in

510 1054 722 1118 Deum;
747 1057 802 1108 et
829 1051 1163 1108 dominatur
1190 1052 1560 1110 habitualiter
1601 1055 1704 1112 toti
1730 1071 1872 1126 sup-

510 1134 712 1207 posito,
726 1140 783 1191 et
797 1132 1068 1190 omnibus
1087 1134 1208 1207 ejus
1225 1136 1493 1207 potentiis
1517 1154 1617 1210 per
1633 1135 1870 1193 modum

509 1215 967 1287 participationis
1026 1221 1250 1272 naturae
1312 1217 1665 1288 superioris:
1732 1232 1871 1290 ergo

507 1297 907 1353 voluntarium
934 1303 1224 1369 repertum
1248 1297 1311 1353 in
1347 1304 1568 1370 peccato
1589 1297 1869 1354 habituali

507 1376 852 1434 sufficienter
880 1378 1103 1435 tollitur
1125 1393 1227 1451 per
1247 1379 1492 1453 gratiam
1516 1377 1872 1436 sanctifican-

507 1462 643 1514 tem.
677 1460 1025 1528 Praesertim,
1070 1460 1205 1532 quia
1253 1465 1539 1516 transacto
1577 1466 1701 1517 actu
1740 1475 1872 1532 pec-

509 1541 637 1606 cati,
671 1556 789 1597 non
823 1541 992 1598 datur
1031 1543 1255 1599 aversio
1283 1543 1519 1599 actualis
1547 1559 1580 1599 a
1608 1544 1738 1608 Dee,
1770 1542 1870 1600 sed

509 1624 735 1677 tantum
765 1621 1075 1679 habitualis
1103 1644 1115 1678 :
1144 1623 1329 1696 gratia
1357 1629 1546 1681 autem
1588 1640 1689 1697 per
1725 1624 1873 1696 seip-

510 1721 633 1761 sam
661 1706 943 1763 convertit
968 1704 1340 1762 habitualiter
1380 1707 1443 1763 in
1484 1708 1663 1763 Deum
1693 1728 1706 1763 ε
1734 1722 1872 1781 ergo

510 1786 665 1844 idem
692 1785 840 1859 quod
865 1787 1047 1860 prius.

585 1870 676 1926 36.
709 1871 856 1925 Tum
887 1875 1176 1942 praeterea,
1203 1871 1339 1943 quia
1373 1877 1660 1944 peccatum
1688 1871 1871 1945 origi-

512 1953 645 2008 nale
672 1953 846 2008 etiam
875 1956 957 2008 est
986 1952 1234 2024 privatio
1273 1954 1532 2022 moralis,
1577 1959 1633 2010 et
1657 1955 1872 2010 volun-

511 2032 660 2089 taria
685 2033 887 2106 gratiae
913 2031 1340 2099 sanctificantis,
1373 2039 1437 2089 ut
1477 2034 1588 2090 late
1614 2033 1871 2091 ostendi-

509 2129 640 2169 mus
666 2121 829 2170 tract.
870 2115 952 2179 13,
998 2115 1142 2186 disp.
1180 2116 1262 2179 14,
1292 2114 1421 2170 dub.
1460 2116 1514 2182 2,
1545 2115 1638 2171 vel
1665 2115 1870 2170 saltem

506 2200 591 2250 est
616 2194 752 2267 quid
782 2194 1197 2260 voluntarium,
1230 2199 1287 2250 et
1314 2196 1553 2261 morale,
1580 2200 1644 2250 ut
1671 2210 1871 2252 omnes

506 2275 780 2348 Theologi
804 2276 1123 2342 affirmant3
1148 2276 1406 2349 alioquin
1426 2281 1711 2348 peccatum
1735 2291 1872 2333 vere

510 2372 628 2413 non
655 2363 838 2413 esset-z
863 2357 1020 2429 atqui
1044 2355 1375 2429 praedictum
1400 2361 1687 2429 peccatum
1710 2357 1872 2413 tolli-

510 2442 604 2493 tur
649 2454 750 2510 per
794 2439 1042 2511 gratiam
1089 2437 1539 2494 sanctificantem
1586 2437 1873 2509 indepen-

509 2515 710 2573 denter
728 2517 798 2573 ab
819 2519 979 2574 omni
997 2520 1203 2575 actuali
1223 2518 1597 2590 dispositione
1610 2516 1866 2590 subjecti,

511 2601 574 2652 ut
600 2596 780 2668 liquet
802 2598 863 2652 in
887 2598 1145 2670 parvulis
1167 2597 1465 2671 baptizatis
1491 2619 1503 2654 z
1532 2614 1667 2671 ergo
1686 2597 1873 2670 gratia

509 2676 871 2733 sanctificans
900 2694 1001 2750 per
1040 2678 1284 2751 seipsam
1324 2677 1528 2735 sufficit
1562 2677 1634 2745 ad
1661 2678 1873 2734 tollen-

511 2759 646 2816 dam
680 2761 1203 2824 voluntarietatem,
1246 2765 1303 2816 et
1339 2761 1727 2816 moralitatem
1777 2775 1872 2816 re-

509 2847 732 2913 pertam
782 2840 844 2897 in
887 2845 1108 2912 peccato
1147 2839 1446 2897 habituali.
1493 2843 1607 2898 Nec
1644 2838 1875 2914 prodest

509 2922 718 2987 dicere,
754 2928 1040 2995 peccatum
1069 2922 1352 2996 originale
1380 2937 1496 2978 non
1519 2922 1693 2978 fuisse
1714 2938 1873 2978 com-

509 3005 754 3061 missum
809 3006 1102 3061 voluntate
1165 3004 1399 3077 propria
1459 3004 1868 3077 parvulorum3

510 3089 678 3157 atque
705 3085 832 3141 ideo
881 3100 1039 3157 posse
1066 3084 1193 3140 sine
1219 3099 1419 3140 eorum
1448 3084 1743 3141 voluntate
1769 3082 1873 3138 de-

510 3168 669 3239 pelli,
702 3167 861 3240 cujus
889 3167 1209 3240 oppositum
1240 3166 1517 3240 contingit
1547 3166 1608 3222 in
1650 3169 1872 3237 peccato

512 3250 823 3322 personali.
864 3249 1147 3312 Quoniam
1180 3247 1307 3303 licet
1338 3248 1564 3319 parvuli
1594 3264 1712 3304 non
1743 3264 1872 3320 pec-

511 3330 773 3386 caverint
787 3331 1083 3386 voluntate
1099 3327 1331 3400 propria
1346 3327 1624 3385 existente
1642 3321 1874 3401 physice

514 3413 578 3469 in
606 3413 809 3485 seipsa,
845 3415 1146 3484 peccarunt
1171 3414 1368 3465 tamen
1402 3411 1695 3467 voluntate
1737 3425 1872 3480 pro-

510 3493 641 3567 pria
666 3494 947 3550 existente
967 3491 1266 3548 moraliter
1293 3491 1356 3546 in
1384 3490 1632 3555 Adamo;
1656 3491 1873 3548 secluso

510 3576 721 3648 quippe
770 3574 930 3632 omni
983 3572 1346 3640 voluntario,
1397 3570 1752 3643 impossibile
1789 3577 1873 3628 est

510 3655 726 3712 salvari
769 3670 968 3711 veram
1010 3654 1293 3711 rationem
1321 3652 1549 3725 peccati.
1584 3654 1651 3706 Et
1679 3656 1872 3708 tamen

511 3736 739 3809 parvuli
789 3732 1174 3808 justificantur
1240 3748 1341 3805 per
1389 3732 1572 3788 solam
1622 3732 1870 3805 gratiam

511 3814 985 3883 sanctificantem,
1007 3812 1461 3886 independenter
1482 3810 1552 3866 ab
1566 3813 1726 3868 omni
1749 3811 1871 3867 dis-

514 3897 813 3970 positione,
860 3901 958 3951 aut
997 3894 1398 3951 retractatione
1443 3894 1676 3966 propria
1714 3893 1870 3949 exis-

510 3984 667 4036 tente
693 3980 785 4034 vel
814 3977 1139 4035 formaliter
1167 3976 1231 4033 in
1257 3976 1416 4048 ipsis,
1449 3977 1541 4033 vel
1569 3976 1872 4033 moraliter

514 4062 578 4117 in
605 4060 843 4116 Adam0.
878 4059 988 4132 Ipsi
1010 4059 1169 4114 enim
1200 4060 1424 4115 nullam
1453 4058 1871 4116 voluntarieta-

511 4148 628 4199 tem
659 4142 721 4197 in
752 4139 1073 4212 receptione
1097 4142 1295 4213 gratiae
1314 4143 1597 4202 exercent,
1623 4144 1688 4194 ut
1714 4155 1782 4195 ex
1810 4154 1871 4195 se

512 4222 728 4294 liquet:
778 4220 1031 4275 Adamus
1075 4225 1267 4277 autem
1312 4221 1500 4276 solum
1544 4219 1872 4275 retractavit

510 4310 797 4377 peccatum
821 4307 880 4361 ut
903 4304 1220 4376 personale,
1251 4308 1306 4359 et
1329 4318 1431 4375 pro
1450 4318 1512 4358 se
1532 4326 1545 4368 ;
1569 4317 1688 4358 non
1709 4302 1869 4358 enim

508 4385 845 4441 constitutus
866 4385 976 4441 fuit
1002 4401 1035 4441 a
1056 4387 1189 4450 Dee,
1217 4387 1277 4438 ut
1303 4388 1451 4439 esset
1468 4387 1632 4454 caput
1648 4382 1870 4439 morale

511 4465 768 4523 filiorum
812 4468 873 4523 in
901 4467 1106 4524 ordine
1133 4465 1203 4522 ad
1233 4465 1693 4522 retractationem
1721 4486 1734 4521 ε
1766 4481 1870 4522 nec

510 4562 611 4619 per
655 4563 817 4603 suam
850 4548 1248 4620 poenitentiam
1276 4545 1425 4614 fecit,
1473 4551 1535 4601 ut
1581 4550 1869 4617 peccatum

508 4628 792 4703 originale
818 4630 891 4684 sit
920 4628 1176 4702 parvulis
1204 4628 1688 4684 involuntarium.
1720 4629 1869 4702 Ergo

511 4709 657 4767 sicut
682 4710 1077 4767 voluntarium
1110 4709 1407 4783 proprium
1450 4709 1657 4780 peccati
1686 4709 1870 4781 origi—

508 4794 662 4850 nalis
688 4793 912 4849 tollitur
938 4792 1281 4848 sufficienter
1306 4807 1408 4864 per
1425 4791 1671 4865 gratiam
1700 4789 1869 4846 habi—

505 4876 743 4941 tualem,
771 4876 851 4930 ita
875 4878 932 4929 et
970 4873 1364 4930 voluntarium
1395 4874 1692 4946 proprium
1736 4888 1870 4944 pec-

509 4957 618 5012 cati
667 4953 1010 5028 personalis.
1066 4954 1278 5011 Militat
1340 4955 1499 5010 enim
1536 4982 1539 4989 ·
1567 4952 1868 5025 utrobique

491 5034 708 5093 eadem
751 5033 1318 5108 proportionabiliter
1359 5035 1524 5104 ratio,
1552 5039 1612 5090 ut
1651 5038 1869 5092 constat

2001 581 2073 622 ex
2103 563 2287 631 dietis,
2332 570 2387 623 et
2426 566 2593 622 facile
2632 564 3021 623 consideranti
3060 561 3363 621 constabit.

2076 649 2222 702 Tum
2254 647 2518 720 denique,
2544 648 2678 720 quia
2705 648 2753 702 si
2785 647 2937 704 inter
2966 645 3367 703 voluntarium
3397 664 3529 716 num.

2004 734 2268 800 repertur
2308 729 2369 785 in
2411 737 2632 802 peccato
2671 727 2972 796 habituali,
3011 732 3066 784 et
3093 728 3366 783 volunta·
3405 717 3522 816 gg}

2005 809 2159 865 rium
2191 816 2479 882 repertum
2518 812 2582 867 in
2621 810 2810 867 forma
2850 816 3138 883 peccatum
3164 812 3367 883 expel-

2004 890 2157 947 lente
2177 890 2408 948 deberet
2426 892 2671 964 reperiri
2692 908 2760 948 ea
2773 892 3135 947 exactissima
3151 907 3367 948 corres-

2006 970 2334 1043 pondentia,
2378 989 2554 1044 quam
2600 973 2797 1030 evasio
2844 972 3173 1046 praetendit;
3207 970 3371 1029 tieret

2003 1052 2158 1121 inde,
2191 1059 2480 1125 peccatum
2508 1054 2802 1112 habituale
2830 1055 3010 1111 adulti
3052 1071 3170 1111 non
3212 1070 3372 1126 posse

2004 1138 2223 1193 remitti
2266 1153 2367 1209 per
2392 1138 2641 1212 gratiam
2680 1136 3154 1204 sanctificantem,
3189 1137 3373 1195 adhuc

2002 1217 2194 1274 media
2233 1218 2610 1291 dispositione
2652 1220 2860 1276 actuali
2900 1218 3179 1294 subjecti:
3218 1216 3367 1291 quod

2002 1303 2086 1355 est
2127 1315 2358 1372 prorsus
2399 1300 2631 1367 falsum,
2661 1307 2718 1357 et
2756 1316 3089 1357 erroneum.
3129 1299 3364 1370 Sequela

2003 1379 2353 1447 ostenditur,
2410 1381 2546 1454 quia
2598 1386 2886 1453 peccatum
2941 1378 3234 1436 habituale
3281 1384 3364 1435 est

2004 1460 2399 1517 voluntarium
2442 1462 2769 1518 formaliter
2816 1463 2922 1535 per
2963 1459 3201 1517 modum
3245 1462 3355 1514 ter·

1985 1541 2152 1597 -mini
2173 1565 2188 1608 ;
2218 1541 2513 1616 egreditur
2552 1543 2713 1599 enim
2755 1559 2854 1615 per
2887 1558 2947 1599 se
2987 1557 3020 1596 a
3047 1542 3359 1609 voluntate,

2004 1626 2276 1695 tanquam
2299 1640 2331 1679 a
2355 1625 2639 1697 principio
2654 1624 2914 1681 effectivo
2929 1621 3221 1678 mediante
3241 1628 3361 1678 actu

2005 1704 2232 1775 peccati.
2277 1704 2474 1760 Gratia
2527 1709 2717 1762 autem
2763 1702 3144 1770 sanctificans,
3189 1704 3362 1759 etiam

2003 1782 2294 1854 supposita
2320 1782 2694 1856 dispositione
2720 1783 2928 1840 actuali
2955 1781 3212 1855 subjecti,
3246 1798 3363 1840 non

2002 1867 2087 1918 est
2137 1863 2460 1920 formaliter
2496 1865 2826 1932 voluntaria
2854 1879 2954 1936 per
2980 1862 3219 1920 modum
3248 1867 3363 1918 ter-

2002 1944 2174 2010 mini,
2200 1944 2297 2002 sed
2321 1946 2390 2002 ad
2411 1963 2706 2002 summum
2735 1952 2819 2003 est
2839 1946 3051 2012 volita;
3081 1946 3218 2018 quia
3246 1961 3362 2003 non

2003 2026 2292 2099 egreditur
2337 2044 2370 2083 a
2409 2029 2704 2085 voluntate
2729 2026 2965 2101 subiecti
3014 2031 3288 2100 tanquam
3331 2042 3365 2082 a

2005 2108 2288 2181 principio
2301 2108 2576 2176 effectivo,
2599 2110 2730 2167 licet
2742 2109 3148 2167 denominetur
3168 2110 3359 2175 volita,

2003 2206 2101 2246 seu
2123 2193 2451 2249 voluntarie
2467 2197 2687 2264 recepta
2704 2208 2804 2265 per
2824 2193 2947 2265 ejus
2968 2198 3179 2248 actum.
3201 2190 3366 2248 Unde

2002 2271 2054 2325 si
2098 2269 2252 2328 idem
2299 2273 2759 2329 voluntarietatis
2805 2271 3006 2329 modus
3049 2271 3365 2328 salvandus

2004 2359 2086 2411 est
2130 2355 2194 2411 in
2239 2355 2428 2412 forma
2471 2356 2794 2427 expellente
2839 2360 3141 2427 peccatum,
3188 2371 3252 2412 ac
3299 2355 3363 2411 in

2004 2435 2128 2506 ipso
2150 2441 2391 2508 peccato,
2426 2436 2616 2508 palam
2641 2436 2909 2501 infertur,
2934 2435 3179 2509 gratiam
3203 2434 3367 2491 habi-

2005 2516 2238 2579 tualem,
2258 2517 2434 2573 etiam
2450 2515 2742 2589 supposita
2761 2513 3134 2588 dispositione
3156 2516 3367 2572 actuali

2004 2598 2258 2673 subjecti,
2292 2616 2408 2657 non
2436 2600 2724 2671 expellere
2759 2604 3071 2670 peccatum,
3104 2614 3209 2655 nec
3247 2613 3369 2656 esse

2004 2682 2254 2738 formam
2269 2681 2696 2756 justificantem.
2708 2681 2872 2738 Unde
2888 2681 3035 2737 sicut
3050 2681 3366 2739 adversarii

2004 2760 2212 2818 debent
2232 2761 2599 2820 dicereillam
2624 2763 3130 2820 voluntarietatem
3153 2763 3368 2819 extrin-

2004 2859 2189 2900 secam
2210 2888 2223 2910 ,
2279 2850 2334 2901 et
2385 2843 2880 2901 denominativam
2925 2845 3365 2902 convenientem

2003 2926 2205 3000 gratiae
2245 2925 2454 2983 mediis
2488 2925 2703 2990 actibus
2747 2941 2875 2982 eam
2925 2926 3363 2998 acceptantibus,

2003 3006 2259 3064 sufficere
2300 3006 2369 3062 ad
2410 3004 2821 3063 destruendum
2861 3007 3368 3064 voluntarietatem

2005 3087 2344 3155 formalem,
2387 3093 2445 3144 et
2484 3087 2890 3153 intrinsecam,
2934 3103 3061 3158 quae
3101 3088 3370 3146 convenit

2006 3176 2227 3241 peccato
2254 3191 2266 3225 ε
2293 3171 2372 3226 ita
2409 3185 2514 3225 nos
2552 3169 2908 3227 affirmamus
2947 3169 3366 3227 voluntarieta-

2006 3254 2119 3306 tem
2142 3249 2513 3313 habitualem,
2540 3254 2594 3305 et
2614 3251 2919 3315 causalem,
2944 3266 3072 3323 quae
3099 3253 3365 3323 competit

2003 3332 2202 3403 gratiae
2230 3338 2352 3388 tum
2387 3330 2460 3388 ob
2487 3332 2983 3404 participationem
3014 3339 3237 3388 naturae
3264 3349 3364 3388 su-

2006 3412 2270 3484 perioris,
2300 3418 2442 3467 tum.
2471 3410 2542 3467 ob
2581 3411 3025 3469 inclinationem
3066 3412 3137 3468 ad
3179 3416 3363 3468 actum

2005 3489 2329 3548 formaliter
2355 3492 2769 3558 voluntarium,
2795 3498 2920 3547 tum
2943 3491 3016 3549 ob
3038 3491 3363 3549 dominium

2002 3589 2178 3644 supra
2203 3572 2536 3645 subjectum,
2568 3571 2825 3629 sufficere
2854 3571 2924 3629 ad
2951 3571 3368 3629 destruendum

2003 3653 2401 3710 voluntarium
2452 3658 2741 3725 repertum
2771 3653 2835 3708 in
2877 3658 3114 3724 peccato.
3149 3654 3228 3709 Eo
3273 3652 3373 3709 vel

2004 3734 2279 3799 maxime,
2304 3733 2439 3806 quia
2459 3732 2644 3806 gratia
2668 3738 2891 3805 recepta
2913 3730 3373 3803 independenter

2003 3813 2074 3870 ab
2098 3814 2329 3882 actibus,
2346 3819 2429 3870 est
2453 3814 2632 3871 volita
2654 3814 2972 3883 moraliter,
2996 3819 3051 3869 et
3071 3812 3373 3884 interpre-

2003 3894 2179 3950 tative
2203 3919 2217 3963 3
2250 3911 2385 3951 nam
2408 3893 2635 3968 quando
2657 3895 2850 3968 aliqua
2877 3894 3023 3951 fiunt
3055 3894 3118 3949 in
3137 3892 3375 3950 utilita-

2002 3982 2119 4032 tem
2150 3977 2318 4050 alicuj
2329 3993 2406 4043 us,
2435 3978 2556 4049 ipso
2582 3977 2759 4033 etiam
2791 3977 3095 4045 nesciente,
3126 3990 3374 4033 censen-

2002 4062 2098 4112 tur
2120 4055 2190 4113 ab
2218 4057 2341 4131 ipso
2368 4057 2567 4114 volita.
2593 4059 2714 4120 Qua
2738 4058 2961 4114 ratione
2986 4060 3212 4129 pactum
3235 4071 3376 4113 cum

2002 4137 2222 4194 Adamo
2275 4138 2485 4194 factum
2548 4142 2810 4195 censetur
2875 4137 3050 4193 fuisse
3111 4137 3377 4209 parvulis

2002 4219 2302 4276 moraliter
2324 4218 2737 4284 voluntarium,
2758 4224 2819 4275 ut
2839 4218 3224 4291 explicuimus
3244 4218 3375 4275 loco

2001 4314 2177 4371 supra
2197 4299 2384 4356 citato,

2076 4382 2168 4436 37.
2202 4380 2403 4436 Dices:
2448 4384 2787 4447 contractus,
2833 4380 2970 4453 quia
3011 4379 3076 4436 fit
3115 4397 3186 4438 ex
3225 4397 3371 4439 con-
3399 4392 3578 4454 objectu

2000 4477 2170 4518 sensu
2219 4460 2487 4527 duorum,
2521 4462 2717 4533 nequit
2764 4459 3012 4518 rescindi
3050 4461 3180 4518 sine
3226 4478 3372 4520 con·
3386 4445 3572 4495 ω·

2001 4559 2171 4600 sensu
2199 4542 2497 4615 utriusque
2523 4563 2536 4598 z
2565 4542 2664 4599 sed
2692 4548 2980 4615 peccatum
3003 4545 3373 4602 contrahitur

2001 4621 2186 4681 libero
2237 4639 2514 4680 consensu
2556 4623 2853 4680 hominis:
2894 4639 3031 4699 ergo
3075 4625 3205 4681 sine
3242 4626 3374 4701 ejus

2003 4705 2184 4761 libero
2214 4720 2493 4760 consensu
2520 4705 2715 4778 nequit
2745 4705 2981 4762 remitti.

2076 4783 2470 4857 Respondetur
2514 4786 2699 4857 primo
2750 4783 3013 4858 negando
3056 4784 3366 4859 mnjorem,

1999 4867 2134 4940 quia
2155 4871 2477 4923 contractus
2507 4870 2687 4941 potest
2715 4866 2961 4923 rescindi
2989 4868 3116 4924 sine
3144 4867 3372 4923 utrius-

2000 4964 2109 5021 que
2134 4947 2522 5004 contrahentis
2560 4962 2858 5015 consensu,
2904 4952 3027 5004 tum
3067 4948 3375 5004 voluntate

2001 5031 2103 5088 Dei
2141 5028 2396 5087 tollentis
2435 5027 2866 5105 obligationem,
2899 5037 3024 5087 tum
3063 5030 3376 5103 dispensa-

3209 5111 3379 5170 tione
3641 5130 3647 5159 ι

3439 5164 3647 5408 Δ

3569 5533 3647 5642 A
