3647 5753
1411 326 1591 381 mse.
1637 326 1681 395 1,
1725 325 1894 380 nun.
1937 326 2056 383 v11.
3021 326 3130 380 697

254 518 402 569 une,
427 501 653 560 etiamsi
679 499 902 573 reliqua
925 514 1042 555 non
1066 501 1374 571 ponantur,
1394 495 1632 553 daretur

254 586 583 643 meritum:
625 583 773 656 quod
814 587 967 657 patet
1006 596 1128 638 esse
1168 579 1399 636 falsum.
1438 582 1632 653 Neque

253 667 440 724 etiam
468 665 580 722 dici
608 669 791 738 potest
814 663 1150 728 secundum,
1185 661 1328 718 alias
1356 661 1630 717 meritum

253 754 412 806 esset
437 751 823 823 aggregatum,
850 749 906 801 et
931 761 1035 801 ens
1060 759 1161 817 per
1190 741 1473 799 accidens:
1496 757 1632 815 ergo

253 829 571 889 dicendum
600 834 683 886 est
724 828 981 885 tertium.
1028 826 1187 891 Quod
1216 830 1405 882 autem
1434 824 1632 896 positis

256 913 551 988 praedictis
588 909 1034 973 conditionibus,
1067 914 1124 965 et
1161 925 1233 965 ex
1257 907 1377 963 illis
1404 907 1466 963 in
1507 912 1631 962 actu

255 996 523 1052 humano
547 994 800 1057 resultat,
836 1006 954 1047 non
980 996 1065 1047 est
1087 990 1198 1046 nisi
1226 988 1462 1063 quidam
1492 989 1632 1043 titu-

253 1077 375 1141 luS,
408 1091 507 1131 seu
530 1076 624 1148 jus
645 1072 714 1130 ad
745 1071 1046 1145 praemium
1080 1071 1426 1145 promissum
1456 1089 1469 1123 ε
1498 1083 1633 1141 ergo

256 1158 326 1213 in
353 1155 680 1231 hujusmodi
706 1153 890 1218 titulo,
917 1153 1040 1209 sive
1062 1153 1192 1227 jure
1213 1156 1368 1207 actus
1389 1148 1630 1205 humani

258 1235 337 1294 ad
361 1236 685 1309 praemium,
712 1233 879 1291 debet
905 1233 1052 1290 ratio
1076 1232 1272 1290 meriti
1292 1230 1629 1296 consistere;

260 1322 437 1390 atque
464 1316 604 1373 adeo
645 1332 761 1372 non
802 1314 970 1371 aliter
1010 1315 1237 1379 melius,
1270 1328 1442 1385 quam
1485 1326 1635 1384 prae-

261 1397 440 1455 dictis
453 1396 888 1454 definitionibus
912 1395 1313 1469 potuit,sivein
1330 1392 1627 1460 abstracte,

263 1479 395 1536 sive
417 1478 480 1534 in
507 1482 767 1535 concreto
794 1475 1045 1533 definiri.

14 1579 253 1633 leejus
346 1563 439 1618 54.
472 1563 749 1617 Caeterum
799 1559 1076 1632 particula
1123 1558 1244 1623 illa,
1280 1559 1396 1629 jus,
1441 1556 1633 1612 stricte

17 1630 227 1723 “iffi-³52*
267 1642 602 1715 accipienda
628 1647 731 1705 est,
762 1646 928 1713 atque
954 1639 1092 1697 adeo
1129 1638 1199 1695 de
1232 1640 1363 1714 jure
1404 1637 1634 1710 proprie

41 1729 226 1774 merito.
264 1725 439 1790 dicto,
464 1724 613 1798 quod
634 1728 717 1780 est
742 1722 1021 1796 objectum
1038 1721 1291 1795 justitias.
1325 1723 1452 1776 Non
1473 1719 1632 1775 enim

264 1805 342 1880 ad
364 1804 682 1879 quamlibet
709 1804 1002 1868 virtutem,
1039 1808 1169 1876 puta
1196 1799 1629 1875 gratitudinem,

266 1889 363 1945 vel
388 1887 457 1945 ad
479 1889 661 1945 solam
680 1887 1013 1945 fidelitatem
1030 1889 1240 1958 spectat
1258 1896 1635 1940 remunerare

263 1971 498 2036 merita,
532 1971 801 2043 ut.Vasq.
855 1971 1050 2033 Lorca,
1096 1973 1151 2024 et
1193 1967 1291 2023 alii
1334 1965 1635 2021 existima-

266 2056 435 2116 runt;
465 2050 563 2107 sed
590 2049 660 2106 ad
681 2050 968 2125 justitiam
1007 2048 1239 2122 proprie
1266 2046 1496 2111 dietam,
1544 2045 1636 2101 vel

263 2132 762 2200 commutativam,
798 2137 859 2187 ut
883 2131 1021 2187 satis
1048 2132 1204 2186 clare
1230 2127 1387 2184 docet
1408 2128 1470 2182 in
1494 2142 1636 2199 prae-

36 2222 93 2262 D.
117 2219 229 2264 Tho.
263 2212 418 2269 senti
447 2214 509 2268 D.
552 2212 758 2268 Thom.
802 2212 890 2268 vel
933 2212 1138 2267 saltem
1180 2207 1630 2275 distributivam,

266 2291 367 2348 ubi
418 2306 797 2348 remunerans
825 2307 942 2347 non
970 2296 1052 2347 est
1092 2305 1269 2360 capax
1314 2293 1636 2344 commuta-

268 2371 423 2429 tivae.
451 2373 518 2426 Et
540 2372 618 2427 ita
639 2372 703 2427 in
724 2372 1020 2428 communi
1038 2370 1275 2444 justitiae
1296 2365 1637 2424 definitione

60 2464 238 2520 mptan.
269 2453 482 2510 tradita
498 2453 568 2509 ab
584 2453 852 2526 Ulpiano,
868 2452 1017 2525 quod
1033 2453 1247 2509 scilicet
1260 2451 1351 2515 sit,
1363 2447 1637 2507 Constans

269 2541 321 2589 et
355 2540 616 2607 perpetua
658 2533 913 2589 voluntas
959 2534 1196 2589 tribuens
1225 2532 1518 2603 unicuique
1539 2532 1638 2601 jus

268 2633 453 2680 suum,
480 2616 602 2672 loco
616 2616 787 2686 juv-135,
821 2620 1041 2687 ponunt
1061 2612 1331 2671 nonnulli
1354 2613 1631 2678 meritum,

269 2697 433 2770 quasi
457 2695 609 2754 idem
626 2697 702 2752 sit
730 2699 1005 2762 meritum,
1037 2702 1095 2753 et
1108 2697 1224 2768 jus,
1257 2693 1405 2768 quod
1427 2697 1511 2749 est
1531 2691 1637 2749 ob-

263 2779 478 2853 jectum
502 2777 734 2851 proprie
748 2777 1003 2851 justitiae.
1024 2777 1189 2833 Unde
1208 2776 1355 2832 dixit
1374 2772 1630 2848 quidam,

269 2875 440 2932 quem
481 2874 783 2934 suppresso
811 2859 1049 2917 nomine
1078 2858 1253 2916 refert
1281 2853 1637 2931 polyanthea

271 2940 449 2998 verbo
475 2938 829 3013 Beneficium,
853 2938 1003 3013 quod
1044 2938 1291 2995 merenti
1334 2935 1521 3003 datur,
1542 2936 1637 3010 jus

269 3029 372 3089 est,
400 3039 516 3081 non
545 3020 909 3080 beneficium.

342 3105 501 3164 Adde
552 3122 622 3164 ex
662 3110 726 3162 D.
774 3105 980 3162 Thom.
1037 3104 1101 3161 in
1155 3102 1436 3176 praesenti,
1485 3100 1635 3173 quod

271 3189 565 3256 meritum,
593 3193 649 3246 et
672 3204 887 3245 merces
909 3185 979 3243 ad
1003 3184 1154 3243 idem
1184 3185 1551 3251 referuntur-3
1577 3181 1635 3238 id

270 3271 427 3328 enim
470 3286 689 3328 merces
732 3268 962 3336 dicitur,
998 3266 1148 3342 quod
1197 3266 1369 3323 alicui
1413 3281 1636 3322 recom-

270 3356 541 3425 pensatur
571 3367 674 3424 pro
702 3349 1084 3407 retributione
1112 3348 1319 3421 operis,
1353 3348 1444 3403 vel
1475 3345 1637 3403 labo-

273 3433 372 3500 ris,
403 3434 564 3507 quasi
610 3432 893 3506 quoddam
939 3432 1189 3505 pretium
1238 3429 1441 3503 ipsius.
1474 3427 1638 3485 Unde

271 3513 417 3569 sicut
471 3514 708 3572 reddere
731 3515 947 3588 justum
978 3512 1228 3585 pretium
1278 3527 1381 3583 pro
1433 3526 1496 3568 re
1543 3527 1639 3567 ac-

274 3599 434 3665 cepta
460 3593 531 3650 ab
561 3595 753 3667 aliquo
779 3602 861 3650 est
890 3598 1044 3649 actus
1067 3592 1321 3666 justitiae,
1354 3592 1434 3647 ita
1460 3591 1637 3647 etiam

281 3688 711 3747 recompensare
751 3673 1072 3731 mercedem
1101 3674 1309 3747 operis,
1342 3674 1434 3729 vel
1475 3671 1640 3728 labo-

72 3771 269 3813 Remnne-
283 3755 380 3821 ris,
406 3762 508 3813 etc.
536 3759 721 3821 Quare
740 3772 869 3813 cum
895 3755 1131 3814 reddere
1148 3759 1366 3831 justum
1391 3756 1638 3828 pretium

74 3826 254 3911 'ssffangfi'
284 3851 385 3909 pro
430 3852 492 3893 re
537 3844 757 3911 accepta
797 3837 867 3893 ab
908 3839 1040 3904 ali0,
1077 3838 1361 3909 pertineat
1404 3853 1521 3893 non
1569 3835 1640 3892 ad

79 3927 268 4010 vgffiffim
281 3919 710 3993 gratitudinem,
740 3923 832 3978 vel
861 3920 1290 3985 liberalitatem,
1324 3925 1420 3976 aut
1448 3918 1517 3975 ad
1544 3935 1641 3976 so·-

100 4014 225 4070 pertt·
284 4003 397 4059 lam
445 4001 799 4072 fidelitatem,
832 4004 929 4061 sed
971 4004 1040 4059 ad
1083 4004 1367 4077 justitiam
1412 4002 1641 4075 proprie

118 4070 223 4110 ⁰⁶⁸²·
283 4083 511 4150 dictam,
544 4099 661 4140 non
690 4085 1163 4156 qualemcunque,
1195 4084 1292 4140 sed
1319 4088 1641 4143 caumata-

281 4167 478 4231 tivam,
509 4182 859 4239 consequens
885 4173 987 4235 est,
1020 4171 1082 4221 ut
1113 4182 1487 4223 remunerare
1517 4180 1640 4221 me-

225 4258 233 4266 ’
284 4249 392 4304 rita
432 4247 502 4303 ad
545 4247 692 4304 hanc
729 4248 970 4305 eandem
1013 4248 1289 4303 virtutem
1334 4248 1635 4320 pertineat,

282 4330 479 4385 saltem
510 4326 607 4384 ubi
639 4344 1018 4385 remunerans
1066 4328 1242 4385 fuerit
1280 4344 1456 4400 capax
1492 4343 1641 4400 prae·

282 4409 437 4465 dictae
458 4409 718 4482 justitiae.

18 4458 21 4521 Ι
112 4499 259 4543 uonna
354 4488 512 4546 Adde
557 4489 804 4547 secundo
842 4494 1042 4547 contra
1071 4490 1238 4560 Vasq.
1270 4487 1419 4561 quod
1459 4488 1641 4562 grati-

18 4532 31 4653 s
113 4550 259 4642 ⁸?Jffl.
286 4571 415 4629 tudo
443 4574 629 4630 solum
661 4572 890 4646 respicit
915 4571 1354 4638 benefactorem,
1381 4577 1439 4626 et
1465 4571 1609 4628 bene

103 4612 250 4698 innam,
286 4651 475 4731 ficium
524 4652 593 4709 ab
639 4669 706 4710 eo
754 4658 1073 4724 acceptum;
1104 4656 1162 4707 et
1207 4649 1333 4707 ideo
1374 4654 1642 4725 proprius

287 4734 440 4791 illius
467 4741 621 4791 actus
648 4740 732 4793 est
757 4733 1098 4810 gratificare,
1130 4750 1231 4789 seu
1257 4736 1504 4807 gratiam
1541 4751 1644 4807 pro

286 4818 516 4891 acceptis
543 4818 836 4876 beneficiis
859 4817 1123 4875 reddere:
1154 4816 1429 4873 meritum
1452 4824 1642 4874 autem

287 4915 397 4956 non
445 4898 615 4957 habet
664 4900 948 4957 rationem
997 4896 1281 4963 beneficii,
1311 4914 1413 4955 nec
1453 4898 1501 4953 is
1546 4899 1644 4971 qui

288 4986 555 5047 meretur,
614 4979 824 5037 dicitur
871 4980 1227 5047 benefactor;
1284 4979 1427 5036 alias
1473 4979 1646 5037 homo

429 5061 715 5121 Salmant.
745 5061 912 5121 Curs.
937 5061 1165 5134 theoloy.
1199 5068 1327 5119 tom.
1360 5058 1430 5121 X.

46 2899 244 2951 Polyam.

1765 501 1912 555 esset
1959 495 2283 556 benefactor
2319 506 2572 572 respectu
2621 499 2739 562 Dei,
2774 497 2921 571 apud
2962 513 3131 571 quem

1766 583 2063 634 meretur:
2107 594 2242 653 ergo
2268 580 2558 653 gratitudo
2600 596 2716 636 non
2748 580 2977 651 respicit
3015 593 3135 634 me-

1767 660 1966 726 ritum,
2001 666 2167 734 atque
2195 660 2334 720 adeo
2364 679 2481 720 non
2511 662 2821 737 pertinebit
2848 678 2948 735 per
2975 677 3035 718 se
3063 659 3134 716 ad

1767 742 1933 798 illam
1962 745 2170 800 merita
2199 758 2593 803 remunerare.

1843 826 1912 879 Et
1979 824 2371 894 confirmatur,
2423 829 2697 900 quoniam
2759 843 3135 885 remunerare

1767 907 1978 962 merita
2019 909 2248 981 proprie
2290 913 2374 964 est
2412 915 2568 965 actus
2594 910 2926 981 superioris
2958 909 3133 982 etju-

1766 986 2024 1053 dicis,vel
2036 990 2239 1045 saltem
2255 1006 2369 1047 non
2387 992 2633 1063 postulat
2648 993 2709 1046 in
2726 996 3136 1049 remunerante

1767 1068 2023 1141 aliquam
2073 1070 2535 1138 inferioritatem,
2586 1078 2642 1128 et
2683 1072 2763 1127 ita
2803 1076 2982 1143 potest
3022 1073 3137 1126 Deo

1766 1155 2089 1223 competere
2117 1173 2129 1207 ε
2158 1152 2303 1208 sicut
2324 1151 2537 1218 mereri
2565 1158 2649 1207 est
2673 1151 2972 1224 proprium
2995 1150 3136 1207 sub-

1767 1229 1896 1297 diti,
1927 1236 1982 1287 et
2011 1233 2336 1300 inferioris;
2367 1240 2421 1291 et
2460 1233 2587 1290 ideo
2617 1233 2814 1307 nequit
2856 1234 2968 1288 Deo
2994 1248 3135 1289 con-

1767 1314 2011 1380 venire3
2059 1315 2158 1372 sed
2229 1316 2516 1391 gratitudo
2574 1321 2659 1373 est
2711 1316 2896 1371 virtus
2953 1316 3135 1371 solius

1768 1395 2085 1463 inferioriS,
2120 1404 2180 1453 ut
2227 1404 2376 1471 patet
2413 1415 2484 1455 ex
2521 1398 2644 1471 ipso
2689 1397 2811 1471 ejus
2856 1402 3001 1464 actu,
3032 1397 3130 1469 qui

1767 1482 1853 1533 est
1877 1478 2091 1552 gratias
2120 1495 2222 1552 pro
2249 1477 2540 1536 beneficiis
2565 1476 2800 1535 reddere
2829 1500 2841 1534 :
2871 1494 3006 1551 ergo
3037 1493 3133 1535 re-

1768 1573 2080 1615 munerare
2120 1559 2328 1615 merita
2367 1575 2482 1615 non
2512 1562 2692 1632 potest
2718 1573 2820 1630 per
2860 1573 2920 1615 se
2961 1558 3133 1630 perti·

1767 1656 1907 1696 nere
1930 1639 1997 1696 ad
2020 1640 2457 1712 gratitudinem.

1841 1725 1933 1778 55.
1974 1724 2149 1787 DiceS,
2185 1724 2472 1796 pertinere
2511 1722 2582 1780 ad
2623 1723 2897 1781 virtutem
2940 1722 3129 1780 fideli-
3167 1733 3321 1779 necari

1767 1806 1919 1868 tatis,
1950 1808 2086 1877 quia
2112 1823 2241 1862 cum
2266 1808 2569 1880 promissio
2590 1824 2660 1864 ex
2683 1813 2843 1881 parte
2866 1784 3346 1876 remune·⁵‘,'1¹0⁸1¹1¹¹m¹.¹‘

1771 1885 1953 1942 rantis
2005 1887 2331 1944 includatur
2382 1889 2445 1944 in
2509 1889 2730 1945 ratione
2795 1890 3020 1957 meriti,
3076 1893 3131 1944 et
3193 1889 3292 1926 “³¹¹²-

1769 1984 2004 2025 servare
2043 1967 2217 2025 fidem
2259 1970 2321 2024 in
2352 1969 2647 2042 promissis
2675 1986 2817 2043 opus
2845 1970 2919 2025 sit
2945 1970 3132 2027 *solius

1770 2047 2082 2116 fidelitatis,
2136 2049 2205 2106 ad
2259 2051 2422 2105 illam
2474 2050 2769 2108 dumtaxat
2823 2049 3134 2124 pertinebit

1773 2129 2091 2187 retribuere
2139 2147 2240 2203 pro
2268 2130 2493 2186 meritis
2536 2133 2838 2205 praemium
2881 2131 3133 2204 promis-

1769 2227 1919 2267 sum.
1954 2214 2141 2275 Quare
2179 2213 2274 2286 jus
2319 2212 2512 2268 meriti
2556 2212 2625 2268 ad
2668 2212 2973 2286 praemium
3018 2211 3132 2268 erit

1769 2292 1972 2347 titulus
1993 2292 2172 2348 solius
2187 2292 2496 2359 fidelitatis,
2518 2309 2633 2350 non
2650 2293 2885 2367 justitiae
2902 2292 3132 2366 proprie

1771 2376 1954 2433 dictae.

1845 2456 1951 2514 Sed
1979 2462 2178 2514 contra
2203 2462 2304 2523 est,
2336 2458 2470 2530 quia
2498 2457 2628 2516 licet
2654 2459 2936 2531 pertineat
2955 2457 3129 2515 etiam

1771 2537 1843 2594 ad
1883 2536 2220 2596 fidelitatem
2262 2554 2637 2597 remunerare
2671 2540 2896 2606 merita,
2928 2540 3132 2595 saltem

1772 2626 1942 2693 prout
1965 2621 2354 2678 remuneratio
2377 2623 2491 2679 hzec
2511 2621 2659 2679 cadit
2683 2623 3007 2680 formaliter
3027 2621 3134 2678 sub

1771 2703 2171 2776 promissione,
2207 2707 2435 2775 propter
2465 2704 2748 2761 rationem
2791 2703 3033 2770 factam;
3079 2707 3136 2760 at

1771 2783 1981 2840 falsum
1997 2787 2100 2851 est,
2115 2783 2263 2857 quod
2285 2783 2354 2839 ad
2369 2786 2553 2842 solam
2573 2786 2734 2842 illam
2746 2786 2807 2841 id
2829 2785 3131 2858 pertineat,

1769 2866 1862 2923 vel
1908 2865 2058 2939 quod
2108 2883 2225 2924 non
2266 2867 2568 2940 pertineat,
2606 2873 2661 2925 et
2713 2868 3008 2941 potissime
3062 2864 3132 2923 ad

1765 2948 2047 3022 justitiam
2091 2948 2321 3021 proprie
2347 2948 2556 3006 dictam
2588 2971 2600 3005 :
2644 2949 2797 3006 unde
2835 2950 3010 3005 etiam
3051 2953 3137 3004 est

1771 3029 2000 3094 falsum,
2046 3027 2194 3101 quod
2216 3028 2309 3101 jus
2338 3029 2532 3086 meriti
2570 3028 2638 3085 ad
2669 3029 2972 3102 praemium
3015 3043 3135 3084 non

1769 3113 1845 3168 sit
1873 3110 2104 3183 proprie
2130 3110 2223 3183 Jus
2238 3110 2492 3183 justitias,
2527 3126 2629 3167 nec
2656 3112 2928 3183 importet
2948 3110 3136 3184 majus

1769 3192 2047 3259 debitum,
2078 3207 2250 3263 quam
2277 3207 2348 3247 ex
2387 3192 2509 3248 sola
2548 3190 2839 3249 fidelitate.
2875 3193 2990 3248 Hoc
3028 3207 3134 3247 au-

1770 3279 1887 3331 tem
1909 3272 1989 3328 sic
2008 3271 2298 3345 probatur,
2319 3272 2593 3343 quoniam
2613 3273 2724 3346 juS,
2744 3274 2836 3329 vel
2853 3270 3129 3339 debitum,

1769 3353 1919 3429 quod
1958 3360 2043 3411 est
2087 3370 2158 3410 ex
2196 3355 2318 3412 sola
2358 3353 2651 3419 fidelitate,
2703 3355 2935 3426 praecise
2979 3354 3137 3411 ducit

1772 3442 1965 3495 ortum
2012 3453 2083 3493 ex
2131 3437 2529 3510 promissione,
2576 3453 2693 3494 non
2738 3452 2809 3493 ex
2861 3438 3131 3495 meritis:

1771 3518 1869 3576 sed
1905 3520 1998 3593 jus
2026 3519 2369 3575 meritorum
2398 3519 2467 3575 ad
2509 3519 2834 3591 praemium,
2865 3519 3019 3575 ducit
3047 3535 3136 3575 or·

1772 3606 1896 3657 tum
1926 3607 2009 3656 ex·
2028 3599 2167 3672 ipsis
2194 3600 2436 3667 meritis,
2473 3615 2589 3657 non
2616 3616 2687 3657 ex
2712 3602 2834 3657 sola
2863 3616 3137 3656 remune-

1774 3681 1958 3739 rantis
2000 3680 2399 3752 promissione,
2442 3681 2707 3753 quamvis
2749 3679 2817 3737 ad
2863 3679 2923 3737 id
2963 3681 3134 3736 etiam

1775 3763 1893 3819 haec
1911 3761 2308 3818 desiderentur
2337 3783 2349 3817 :
2379 3778 2514 3836 ergo
2543 3762 2876 3835 praedietum
2899 3762 2992 3835 jus
3019 3778 3138 3818 non

1774 3850 1861 3901 est
1907 3842 2138 3916 praecise
2177 3842 2378 3899 titulus
2419 3842 2726 3911 fidelitatis
2770 3842 2868 3898 sed
2902 3843 3140 3917 justitiae

1776 3924 2008 3997 proprie
2053 3922 2235 3980 dictae.
2266 3925 2680 3998 Consequentia
2721 3923 2949 3980 videtur
2980 3939 3140 3996 pers-

1777 4009 1958 4082 picua,
2004 4013 2060 4064 et
2097 4008 2272 4063 etiam
2322 4007 2522 4081 maior,
2547 4010 2681 4081 quia
2709 4008 2778 4065 ad
2807 4007 3140 4064 fidelitatem

1776 4091 2007 4162 praecise
2027 4093 2239 4161 spectat
2263 4104 2496 4145 servare
2523 4087 2694 4146 fidem
2721 4090 2784 4144 in
2808 4088 3137 4162 promissis;

1774 4177 1831 4228 et
1853 4172 1931 4226 ita
1960 4170 2160 4227 eodem
2189 4169 2359 4227 modo
2383 4175 2568 4243 peccat
2586 4175 2786 4227 contra
2806 4169 3141 4227 fidelitatem

1776 4268 1894 4309 non
1939 4251 2228 4310 servando
2281 4252 2648 4324 promissum,
2704 4252 2802 4324 qui
2861 4250 3145 4325 promittit

1774 4332 1881 4387 sub
1907 4333 2235 4406 sponsione,
2270 4332 2359 4387 vel
2389 4330 2494 4386 sub
2521 4331 2849 4388 conditione
2876 4347 3138 4396 onerosa,

1775 4418 1832 4471 et
1857 4414 1954 4487 qui
1985 4412 2157 4476 nude,
2185 4428 2247 4468 ac
2272 4411 2398 4467 sine
2426 4413 2529 4468 tali
2551 4412 2858 4485 sponsione
2897 4412 3145 4484 promit-

1776 4494 1849 4549 tit
1874 4493 2158 4565 (quamvis
2189 4492 2290 4548 ille
2317 4492 2478 4564 prior
2515 4492 2691 4547 simul
2735 4499 2919 4565 peccet
2944 4496 3145 4548 contra

1770 4574 2076 4648 justitiam,
2110 4577 2166 4629 et
2187 4572 2332 4628 forte
2354 4572 2446 4629 hic
2468 4572 2748 4645 posterior
2769 4576 2997 4628 tantum
3027 4587 3147 4645 pec-

1778 4658 1862 4711 cet
1913 4660 2114 4711 contra
2154 4653 2477 4720 veritatem,
2521 4651 2592 4709 de
2638 4669 2749 4725 quo
2791 4652 2972 4722 alibi).
3032 4654 3146 4710 Hoc
3185 4663 3268 4709 sed
3285 4664 3340 4707 aa

1728 4755 1735 4763 ·
1777 4738 1968 4790 autem
2001 4733 2128 4790 ideo
2153 4738 2257 4797 est,
2292 4732 2428 4804 quia
2468 4732 2726 4790 debitum
2755 4749 2826 4789 ex
2851 4734 2973 4789 sola
3003 4714 3352 4789 fide-·²¹¹⁴‘’“'am

1778 4815 1940 4870 litate
1981 4815 2211 4887 praecise
2237 4812 2391 4870 ducit
2417 4819 2608 4871 ortum
2638 4832 2709 4872 ex
2739 4814 3145 4889 promissione.

1777 4897 1973 4952 Minor
2001 4911 2138 4953 vero
2158 4894 2447 4964 suadetur,
2465 4896 2742 4969 quoniam
2768 4896 3058 4954 laboranti
3088 4896 3152 4951 in

1780 4979 2021 5035 alterius
2062 4977 2399 5051 obsequium
2453 4977 2690 5035 debetur
2738 4995 2972 5046 merceS,
3018 4980 3186 5051 quia‘

2927 5062 3001 5115 45
