3647 5753
1339 406 1516 461 DISP.
1561 404 1682 470 vn,
1729 405 1895 462 DUB.
1944 406 2037 462 IV.
3032 405 3142 461 257

286 590 497 649 gorum
523 576 890 633 sententiam.
934 577 1082 632 Tum
1109 575 1306 640 etiam,
1336 575 1473 649 quia
1498 591 1655 648 quae-

288 655 434 714 libet
478 657 622 714 actio
681 657 943 731 sequitur
993 657 1384 715 conditionem
1426 657 1647 724 formas,

283 752 414 810 quae
438 742 524 794 est
549 737 755 812 agendi
777 737 1130 811 principium
1152 758 1166 795 2
1195 737 1292 796 sed
1319 736 1537 795 bonum
1557 754 1656 811 ap-

285 819 637 892 prehensum
691 835 795 892 per
855 819 1209 876 intellectum
1254 835 1315 877 se
1366 819 1536 877 habet
1589 825 1652 876 ut

283 902 495 967 forma,
520 917 646 975 quae
687 906 775 959 est
818 901 1171 974 principium
1199 902 1472 959 volendi:
1514 918 1650 977 ergo

282 981 563 1054 implicat,
589 981 802 1055 quodsi
826 980 1040 1038 bonum
1066 981 1519 1055 apprehenditur
1539 981 1648 1039 sub

282 1063 698 1129 indifferentia,
749 1063 952 1121 volitio
995 1068 1266 1137 sequatur
1294 1080 1425 1121 cum
1450 1065 1648 1122 omni-

279 1145 455 1203 moda
496 1146 1000 1213 determinatione,
1029 1151 1088 1203 et
1119 1147 1473 1204 necessitate.
1496 1148 1645 1204 Tum

280 1232 579 1300 praeterea,
601 1230 736 1301 quia
758 1232 905 1286 Deus
934 1244 1050 1285 non
1074 1234 1254 1301 potest
1277 1243 1513 1287 movere
1540 1245 1645 1286 vo-

278 1307 565 1365 luntatem
607 1308 678 1365 ad
705 1308 1051 1366 eliciendum
1094 1314 1306 1375 actum,
1365 1309 1479 1366 nisi
1506 1324 1644 1384 erga

276 1384 565 1461 objectum
611 1388 721 1461 ipsi
767 1390 914 1446 actui
965 1387 1459 1461 correspondens;
1496 1389 1643 1447 sicut

278 1468 482 1541 nequit
519 1484 750 1526 movere
770 1468 841 1525 ad
868 1468 1185 1527 videndum
1239 1469 1353 1526 nisi
1382 1467 1635 1536 visibile,

275 1562 385 1605 nec
403 1549 557 1605 valet
581 1564 814 1605 movere
840 1548 908 1605 ad
921 1548 1236 1606 amandum
1256 1548 1368 1605 nisi
1398 1547 1637 1606 bonum:

269 1628 373 1687 sed
393 1630 674 1706 objectum
716 1631 1014 1689 volitionis
1042 1630 1379 1689 necessariae
1420 1636 1507 1687 est
1532 1630 1639 1688 bo-

273 1725 419 1767 num
447 1712 855 1776 necessarium,
882 1711 945 1768 in
966 1728 1078 1784 quo
1105 1710 1372 1769 videlicet
1393 1727 1511 1769 non
1535 1728 1639 1785 ap·-

273 1796 438 1864 paret
465 1791 867 1864 inadaequatio,
897 1797 952 1848 et
982 1793 1341 1866 imperfect10
1364 1790 1437 1848 ob
1462 1808 1635 1865 quam

275 1872 518 1930 refutari
572 1875 748 1945 possit
773 1895 786 1930 ε
832 1891 968 1948 ergo
1021 1876 1294 1948 implicat,
1340 1874 1489 1948 quod
1520 1888 1636 1931 non

272 1956 462 2011 stante
513 1954 617 2009 hac
649 1955 998 2021 necessitate,
1054 1962 1110 2014 et
1152 1954 1636 2012 determinatione

270 2033 571 2109 objectiva,
631 2037 897 2092 voluntas
940 2037 1132 2094 eliciat
1158 2037 1496 2094 volitionem
1529 2052 1635 2093 ne·-

266 2114 576 2171 cessariam
605 2135 619 2170 :
658 2114 759 2171 sed
788 2131 903 2172 non
926 2116 1085 2173 adest
1124 2116 1392 2190 praedicta
1435 2132 1632 2174 neces-

269 2196 414 2251 sitas
459 2193 758 2268 objectiva,
805 2198 1026 2268 quoties
1053 2196 1211 2254 adest
1238 2197 1633 2255 indifferentia

259 2275 486 2347 judicii.
533 2284 593 2332 ut
632 2271 813 2351 liquet
838 2295 908 2336 ex
955 2280 1226 2336 terminis
1260 2301 1272 2336 :
1318 2296 1472 2355 ergo,
1520 2285 1626 2338 etc.

265 2357 418 2412 Tum
445 2355 670 2424 deinde,
700 2358 837 2430 quia
865 2375 981 2416 non
1009 2361 1206 2416 minus
1235 2365 1516 2435 repugnat
1537 2377 1633 2420 vo-

269 2437 552 2492 luntatem
598 2437 741 2497 ferri
790 2455 892 2511 per
919 2438 1157 2498 modum
1189 2446 1412 2499 naturae
1441 2442 1502 2498 in
1525 2440 1631 2499 ob-

263 2514 480 2587 jectum
510 2517 861 2585 indifferens,
893 2537 1066 2594 quam
1094 2521 1235 2578 ferri
1267 2538 1367 2594 per
1390 2522 1629 2580 modum

269 2597 545 2670 principii
598 2599 762 2658 liberi
793 2602 855 2657 in
882 2602 1164 2676 objectum
1194 2604 1578 2662 necessarium
1611 2626 1625 2663 ε

258 2679 364 2738 sed
405 2682 510 2740 hoc
552 2683 810 2757 implicat
841 2693 1102 2761 :ergoet
1148 2686 1314 2742 illud.
1366 2689 1434 2742 Et
1478 2689 1627 2746 ratio

257 2761 561 2837 utrobique
608 2772 692 2823 est
733 2766 955 2833 eadem,
980 2767 1116 2840 quia
1137 2766 1405 2824 videlicet
1423 2767 1627 2825 modus

258 2845 503 2902 actionis
547 2847 806 2921 sequitur
831 2848 1220 2907 conditionem
1250 2850 1470 2916 formae,
1501 2865 1652 2925 quae.

253 2932 342 2982 est
363 2927 571 3001 agendi
605 2930 981 3003 principium,
1013 2932 1104 2989 vel
1133 2932 1415 2990 actionem
1438 2933 1625 3007 speci-

255 3005 409 3074 ficat,
435 3007 519 3063 uti
544 3025 605 3066 se
627 3008 797 3066 habet
824 3010 1126 3084 objectum.
1177 3013 1324 3068 Tum
1353 3011 1618 3087 denique,

251 3089 395 3162 quia
429 3095 584 3147 actus
610 3092 926 3149 voluntatis
946 3094 1332 3151 essentialiter
1359 3095 1570 3169 pendet
1590 3113 1623 3153 a

253 3168 413 3227 bono
439 3176 503 3226 ut
529 3173 889 3245 apprehenso
919 3191 1020 3247 per
1040 3175 1397 3232 intellectum
1427 3199 1442 3235 :
1484 3193 1623 3251 ergo

249 3255 412 3308 actus
440 3254 798 3317 necessarius
819 3269 851 3309 a
879 3253 1030 3311 bono
1068 3256 1387 3313 necessario
1413 3273 1622 3330 appre-

248 3332 457 3402 henso,
488 3335 611 3392 sive
640 3335 701 3391 in
750 3351 862 3408 quo
900 3352 1017 3393 non
1041 3338 1253 3394 relucet
1279 3338 1428 3395 ratio
1453 3340 1616 3406 mali,

244 3414 321 3472 ob
346 3431 529 3489 quam
578 3417 897 3485 refutetur3
937 3423 992 3475 et
1019 3423 1174 3475 actus
1220 3418 1369 3477 liber
1409 3437 1442 3477 a
1470 3419 1621 3480 bono

246 3496 660 3555 indifferenter
682 3499 1055 3571 apprehenso,
1080 3500 1229 3573 quod
1254 3501 1517 3560 videlicet
1541 3503 1621 3560 ita

242 3586 495 3654 apparet
533 3579 752 3638 honum
773 3623 787 3646 ,
840 3586 899 3636 ut
950 3581 1336 3639 nihilominus
1384 3600 1500 3640 non
1543 3585 1619 3641 sit

241 3659 470 3717 bonum
503 3659 877 3733 adaequatum,
907 3659 1005 3717 sed
1027 3661 1315 3735 judicetur
1342 3678 1503 3736 posse
1532 3678 1619 3721 re·

240 3741 457 3815 linqui.

31 3828 224 3924 12qu
316 3817 404 3871 Ex
446 3814 661 3889 quibus
709 3815 874 3874 facile
906 3816 1237 3890 dispellitur
1267 3818 1617 3876 fundamen-

51 3936 199 4023 effin-
237 3993 400 4034 mam
450 3976 559 4032 Dei
605 3978 959 4035 voluntatem
1019 3995 1179 4051 posse
1228 3996 1504 4052 superare
1551 3981 1615 4037 in

239 3902 367 3953 tum
396 3895 598 3951 Suarii
620 3916 633 3951 ε
658 3896 908 3953 fatemur
934 3898 1093 3955 enim
1124 3899 1617 3972 omnipotentissi-

235 4070 608 4128 quacumque
646 4055 947 4130 hypothesi
991 4059 1377 4116 resistentiam
1401 4060 1614 4117 volun-

236 4137 369 4194 tatis
390 4142 622 4202 creatae,
653 4143 711 4192 et
733 4137 952 4196 inferre
978 4139 1278 4197 efficaciter
1304 4145 1494 4197 actum
1540 4140 1613 4197 li-

233 4216 465 4285 berum,
528 4218 622 4274 vel
652 4219 1059 4287 necessarium,
1087 4227 1256 4293 prout
1281 4224 1396 4279 Deo
1423 4221 1613 4280 libue-

232 4301 333 4366 rit,
365 4306 431 4356 nt
457 4317 639 4372 supra
659 4301 787 4357 dub.
807 4302 862 4368 3,
887 4302 1186 4371 meldath.
1211 4304 1265 4372 4,
1285 4306 1317 4373 g
1337 4304 1392 4369 4,
1412 4308 1611 4361 contra

226 4380 593 4452 professores
637 4380 893 4437 scientiae
940 4380 1144 4439 mediae
1193 4382 1566 4455 probavimus
1591 4425 1605 4440 .

226 4462 419 4520 Aliter
441 4467 665 4527 tamen,
681 4469 738 4519 et
764 4464 933 4520 aliter
955 4464 1136 4522 vincit
1157 4464 1304 4522 hanc
1333 4464 1609 4523 resisten-

223 4545 393 4612 tiam,
423 4549 485 4601 et
513 4543 861 4601 volitionem
888 4544 1188 4603 efficaciter
1211 4545 1391 4603 infert
1420 4566 1436 4603 ε
1467 4563 1606 4605 nam

220 4640 357 4682 cum
380 4623 595 4681 volitio
608 4625 993 4682 essentialiter
1014 4623 1329 4698 dependeat
1354 4643 1386 4683 a
1405 4628 1607 4701 cogni-

217 4707 403 4775 tione,
433 4708 593 4763 Deus
612 4705 955 4763 volitionem
977 4704 1275 4765 efficaciter
1297 4708 1605 4767 intendens

213 4792 410 4845 totum
440 4785 746 4861 negotium
776 4802 811 4843 a
836 4788 1161 4862 cognitione
1183 4788 1429 4846 inchoat.
1440 4789 1606 4848 Unde

217 4873 282 4924 ut
299 4871 589 4941 sequatur
609 4866 813 4923 volitio
842 4870 1179 4938 necessaria,
1211 4869 1375 4944 prius
1409 4878 1604 4928 causat

214 4948 623 5007 necessarium
634 4947 656 5021 j
665 4947 1064 5015 udicium,tam
1081 4950 1144 5007 in
1159 4950 1599 5025 essendo,quam

217 5031 282 5086 in
329 5026 652 5103 dirigendo
685 5049 698 5084 :
733 5033 793 5083 ut
837 5034 1025 5087 autem
1070 5037 1343 5105 sequatur
1393 5032 1600 5091 volitio

1786 574 1988 645 libera,
2016 578 2177 651 prius
2202 585 2392 637 causat
2413 579 2665 638 liberum
2694 571 2998 653 judicium,
3022 576 3143 632 sal·

1782 664 1899 716 tem
1952 660 2016 716 in
2063 661 2377 737 regulando
2402 687 2416 731 ;
2470 665 2606 735 quia
2655 660 2900 720 efficacia
2938 659 3142 719 divina

1782 745 1976 797 movet
2000 742 2354 800 voluntatem
2376 744 2541 817 juxta
2586 741 2824 801 modum
2852 739 3074 814 objecti,
3108 754 3141 795 a

1780 837 1893 894 quo
1914 823 2177 883 voluntas
2215 824 2278 880 in
2306 825 2477 890 modo
2522 825 2725 900 agendi
2753 820 3138 880 essentialiter

1779 899 2077 975 dependet.
2115 907 2228 962 Nec
2264 905 2446 980 magis
2472 905 2698 964 dedecet
2724 903 2984 959 divinam
3012 901 3140 956 vir-

1781 985 1980 1049 tutem,
2011 984 2160 1057 quod
2188 1001 2305 1042 non
2335 987 2511 1058 possit
2540 1000 2772 1043 causare
2799 981 3136 1039 vetitionem

1778 1064 2159 1121 necessariam
2188 1081 2324 1140 erga
2350 1066 2633 1141 objectum
2660 1062 3020 1127 indifferens,
3044 1061 3137 1117 vel

1777 1142 2117 1200 volitionem
2139 1145 2383 1204 liberam
2405 1163 2540 1222 erga
2566 1146 2850 1220 objectum
2880 1156 3138 1197 necessa-

1777 1222 1952 1291 rium,
1977 1241 2149 1297 quam
2172 1228 2321 1299 quod
2345 1244 2462 1285 non
2487 1229 2662 1301 possit
2682 1222 2965 1298 impedire
2985 1220 3137 1294 quod

1775 1309 1931 1361 actus
1975 1305 2224 1363 habeant
2271 1310 2581 1366 essentiam
2632 1305 3021 1381 dependenter
3063 1300 3134 1358 ab

1773 1382 2008 1457 objecto,
2052 1391 2251 1459 utputa
2287 1388 2434 1462 quod
2458 1388 2605 1446 visio
2639 1404 2756 1445 non
2777 1381 3133 1458 specificetur

1772 1479 1806 1521 a
1831 1465 2070 1535 visibili,
2102 1473 2158 1525 et
2201 1470 2403 1528 volitio
2429 1487 2462 1528 a
2492 1470 2663 1528 bono.
2690 1469 2911 1541 Ubique
2962 1463 3125 1521 enim

1770 1546 1957 1602 salvat
1992 1551 2266 1607 essentias
2307 1569 2532 1619 rerum,
2579 1568 2682 1608 nec
2720 1551 2872 1607 valet
2922 1561 3125 1604 earum

1772 1627 2071 1700 praedicata
2091 1632 2466 1704 quidditative
2486 1634 2836 1691 subvertere.

1845 1709 1973 1767 358.
2018 1711 2201 1770 Aliter
2227 1730 2363 1789 ergo
2402 1714 2471 1772 ad
2498 1716 2903 1794 argumentum
2947 1724 3121 1781 supra
3137 1718 3342 1819 »ἧι-ἑξε-

1770 1787 1982 1844 factum
2013 1791 2386 1863 respondetur
2432 1794 2795 1851 concedendo
2816 1792 3115 1866 maJ’orem,

1768 1875 1826 1925 et
1846 1871 2104 1946 negando
2124 1874 2610 1947 minorem,quam
2635 1875 2847 1931 inserta
2867 1869 3124 1944 probatio

1769 1968 1886 2009 non
1912 1954 2125 2011 evincit
2158 1976 2172 2010 z
2219 1956 2491 2028 quoniam
2520 1955 2914 2012 indifferentia
2936 1954 2998 2009 in
3021 1951 3120 2026 ju-

1766 2031 2008 2091 dicando
2033 2034 2181 2091 circa
2206 2037 2707 2108 prosequutionem
2732 2035 2972 2108 alicujus
2987 2031 3121 2089 boni

1766 2113 2042 2171 fundatur
2069 2115 2132 2171 in
2173 2116 2609 2173 universalitate
2647 2113 2991 2191 cognitionis
3020 2129 3124 2185 ap-

1767 2195 2172 2269 prehendentis
2220 2199 2504 2256 rationem
2527 2197 2663 2256 boni
2710 2199 2772 2253 in
2799 2195 3116 2259 communi,

1762 2277 1913 2350 quod
1928 2275 1998 2335 de
2023 2293 2084 2334 se
2107 2285 2269 2351 parat
2288 2279 2444 2336 viam
2473 2279 2543 2336 ad
2567 2276 2909 2335 utrumlibet
2932 2281 3120 2334 extre-

1763 2374 1945 2424 mum,
1978 2364 2181 2416 etcum
2210 2365 2415 2417 neutro
2455 2363 2899 2432 repraesentatur
2926 2361 2988 2413 ut
3014 2371 3120 2413 ne-

1760 2439 2008 2497 cessario
2056 2456 2378 2498 connexum
2400 2484 2413 2498 .
2468 2444 2532 2497 In
2594 2440 2861 2513 praedicta
2926 2442 3116 2494 autem

1761 2520 2064 2595 hypothesi
2117 2539 2234 2580 non
2261 2529 2407 2580 esset
2450 2523 2836 2579 universalior
2861 2520 3110 2595 cognitio

1759 2608 1967 2669 creata,
1996 2620 2169 2676 quam
2196 2604 2418 2670 divina,
2446 2619 2550 2661 nec
2572 2602 2630 2659 id
2653 2604 2805 2659 ullus
2833 2602 3118 2658 Adversa-

1760 2681 1983 2739 riorum
2013 2684 2369 2741 intenditzita
2383 2684 2542 2740 enim
2564 2682 3115 2755 supponitur,Deum

1758 2779 1951 2822 carere
1992 2765 2272 2831 libertate,
2304 2764 2454 2837 quod
2490 2763 2877 2822 nihilominus
2902 2778 3115 2835 suppo·

1758 2851 1931 2905 natur
1958 2863 2196 2906 manere
2215 2844 2444 2905 infinite
2465 2846 2860 2921 perfectiorem
2888 2848 3113 2903 creatu-

1757 2927 1861 2984 ris.
1890 2929 2048 2985 Sicut
2067 2944 2203 3004 ergo
2225 2930 2372 2986 Deus
2401 2929 2463 2985 in
2487 2927 2753 3000 praedicta
2779 2926 3104 3000 hypothesi,

1756 3023 1875 3065 non
1895 3006 2156 3066 obstante
2170 3008 2606 3066 universalitate
2626 3009 2689 3064 in
2705 3003 3109 3080 cognoscendo,

1756 3089 1991 3147 haberet
2028 3090 2594 3157 determinationem,
2627 3096 2683 3147 et
2723 3087 3112 3146 necessitatem

1754 3170 1817 3227 in
1840 3171 2166 3246 judicando,
2193 3177 2248 3228 et
2270 3171 2681 3244 haecposterior
2706 3168 3112 3228 determinatio

1752 3252 2080 3309 excluderet
2106 3251 2433 3309 libertatem
2451 3252 2765 3308 voluntatis
2788 3251 2851 3307 in
2872 3248 3111 3324 agendo:

1753 3333 1831 3391 ita
1861 3332 2434 3407 proportionabiliter
2476 3333 2549 3391 de
2587 3333 2877 3389 intellectu
2926 3337 3114 3389 creato

1752 3411 2057 3471 dicendum
2084 3419 2248 3470 esset.
2281 3413 2385 3469 Vel
2406 3412 2454 3468 si
2482 3410 2815 3468 Adversarii
2846 3416 3112 3483 reputant

1750 3494 2069 3567 implicare,
2100 3493 2250 3566 quod
2289 3498 2553 3550 creatura
2597 3497 2727 3566 agat
2767 3490 3105 3555 necessario,

1748 3574 1797 3629 si
1818 3575 1999 3632 semel
2043 3574 2327 3648 cognoscit
2367 3572 2582 3630 bonum
2624 3572 2687 3628 in
2714 3571 3030 3637 communi,
3053 3577 3111 3627 et

1750 3649 1901 3710 bona
1946 3651 2319 3724 particularia
2357 3650 2464 3707 sub
2516 3651 2620 3707 illo
2645 3654 2956 3707 contenta:
3026 3649 3106 3706 ita

1747 3734 1924 3790 etiam
1973 3732 2327 3806 implicabit,
2391 3731 2542 3806 quod
2594 3734 2741 3788 Deus
2791 3731 3108 3789 necessario

1747 3819 1896 3890 agat,
1938 3816 1987 3872 si
2033 3815 2232 3872 omnia
2258 3815 2463 3871 tamin
2497 3814 2812 3880 communi,
2844 3829 3016 3886 quam
3043 3812 3107 3869 in

1748 3897 2083 3970 particulari
2125 3912 2460 3972 cognoscere
2509 3901 2884 3969 supponatur.
2939 3893 3103 3951 Unde

1747 3976 2077 4052 obligantur
2122 3976 2458 4034 Adversarii
2486 3991 2758 4042 asserere,
2799 3991 2916 4033 non
2939 3991 3100 4048 posse

1747 4057 2076 4131 praedictam
2134 4058 2497 4133 hypothesim
2542 4056 2687 4124 fieri,
2731 4056 2845 4113 nisi
2891 4071 3100 4129 suppo-

1714 4135 1724 4144 ’
1745 4139 1954 4210 nendo,
1979 4140 2129 4213 quod
2152 4143 2298 4198 Deus
2339 4157 2458 4198 non
2480 4146 2777 4216 cognoscat
2797 4138 3012 4196 bonum
3038 4138 3099 4195 in

1742 4221 2038 4278 communi
2079 4227 2141 4278 ut
2193 4220 2592 4278 indifferenter
2636 4218 2969 4292 acquisibile
3001 4234 3101 4291 per

1744 4301 1879 4368 haec,
1905 4303 1997 4360 vel
2037 4303 2142 4359 illa
2180 4301 2332 4360 bona
2378 4300 2766 4375 particularia.
2800 4299 3101 4372 Supposito

1741 4384 2106 4457 autem,quod
2132 4384 2456 4442 intellectus
2471 4383 2708 4440 divinus
2732 4396 2850 4439 non
2873 4397 3103 4456 cognos-

1739 4471 1828 4522 cat
1857 4464 2071 4523 bonum
2096 4466 2159 4522 in
2204 4465 2522 4532 communi,
2557 4462 2657 4521 sed
2683 4462 3098 4520 determinatus

1739 4548 2060 4605 necessario
2113 4551 2344 4603 maneat
2370 4545 2442 4603 ad
2483 4544 2768 4619 judicium
2808 4543 2878 4602 de
2900 4560 3096 4617 prose—

1737 4628 2012 4701 quutione
2039 4625 2324 4683 bonorum
2368 4625 2825 4699 particularium,
2865 4626 3092 4695 nullum

1737 4708 1830 4764 vel
1852 4721 2135 4779 apparens
2183 4710 2363 4777 potest
2403 4705 2524 4762 illis
2564 4706 2757 4763 adesse
2782 4719 3093 4779 argumen-

1736 4791 1880 4851 tum,
1936 4802 2049 4859 quo
2076 4783 2319 4860 probent
2369 4784 2435 4841 in
2490 4784 2757 4858 praedicta
2791 4784 3091 4859 hypothesi

1736 4869 2091 4927 intellectum
2130 4870 2386 4923 creatum
2435 4867 2932 4939 apprehensurum
2968 4881 3092 4924 esse

1734 4951 1951 5009 bonum
1981 4949 2044 5006 in
2069 4947 2387 5015 communi,
2419 4952 2476 5004 et
2511 4946 2617 5005 sub
2645 4948 2749 5006 illo
2774 4946 2926 5005 bona
2953 4963 3088 5020 par-

1733 5030 2043 5098 ticularia;
2087 5028 2231 5091 alias
2268 5032 2686 5102 supponeretur
2732 5028 3084 5087 intellectum
