3647 5753
1475 473 1652 531 DISP.
1698 475 1794 540 111,
1841 474 2004 531 DUB.
2050 476 2144 533 IV.
3093 479 3206 534 589

340 653 591 711 rationes
629 650 888 708 effective
923 650 1306 724 attinguntur,
1332 649 1407 705 sit
1427 649 1553 721 ipsa
1580 648 1705 705 for-

335 735 514 793 matio
578 732 801 790 habitui
869 730 1322 804 correspondens
1354 751 1367 787 :
1423 730 1545 788 sive
1589 730 1707 786 haec

335 816 607 876 formatio
632 816 705 871 sit
720 812 925 871 ‘motus
959 812 1111 870 actui
1137 810 1557 885 superaddituS,
1583 810 1705 868 sive

335 899 619 973 pertineat
642 894 712 953 ad
752 893 1144 951 differentiam
1187 893 1308 967 ejus
1355 890 1698 965 specificam,

337 986 398 1038 ut
422 981 493 1039 de
514 986 638 1038 actu
661 975 958 1035 charitatis
978 974 1286 1032 statuimus
1304 974 1446 1047 disp.
1473 973 1697 1046 praeced.

99 1144 206 1186 Res
262 1152 309 1185 u·
332 1062 793 1207 dugf’ljgrg'etur
819 1131 1071 1205 amplius
1122 1128 1484 1205 impugnatio
1509 1144 1697 1202 nuper

97 1192 298 1296 sffiagf?
334 1219 480 1276 facta
507 1237 521 1273 ε
548 1215 824 1289 quoniam
853 1218 1008 1271 actus
1026 1212 1336 1269 existentes
1369 1209 1434 1266 in
1459 1209 1701 1266 instanti

129 1294 296 1387 fflffli·
329 1298 771 1377 justificationis,
805 1301 1096 1370 nequeunt
1139 1309 1262 1353 esse
1309 1292 1378 1350 de
1416 1291 1701 1366 condigno

257 1375 268 1387 '
334 1381 622 1440 meritorii
664 1380 799 1436 vitae
838 1383 1085 1442 aeternae,
1119 1377 1233 1432 nisi
1289 1373 1635 1449 proveniant
1668 1389 1700 1430 a

334 1462 520 1538 gratia
570 1459 760 1518 medio
783 1458 1027 1525 influxu,
1060 1458 1182 1515 sive
1228 1456 1477 1529 imperio
1503 1453 1700 1511 chari-

335 1544 509 1602 tatis:
568 1541 664 1599 sed
729 1540 979 1597 charitas
1048 1540 1297 1613 imperat
1363 1534 1700 1592 immediate

334 1624 713 1682 substantiam
756 1627 1029 1679 actuum:
1078 1635 1214 1696 ergo
1242 1616 1498 1693 praedicti
1542 1622 1700 1674 actus

335 1710 625 1778 nequeunt
675 1718 797 1760 esse
841 1701 1149 1766 meritorii,
1178 1700 1290 1757 nisi
1335 1696 1700 1771 dependeant

332 1781 646 1843 secundum
687 1780 1067 1838 substantiam
1112 1779 1182 1837 ab
1230 1777 1455 1835 influxu
1500 1776 1700 1851 gratiae

334 1866 524 1923 medio
597 1862 845 1936 imperio
915 1861 1231 1939 charitatis.
1279 1858 1700 1931 Consequentia

333 1953 501 2022 patet.
560 1948 628 2001 Et
680 1944 878 2001 minor
900 1943 1130 2000 videtur
1177 1942 1507 2008 manifesta,
1559 1940 1699 2014 quia

330 2030 579 2087 charitas
603 2026 803 2100 nequit
848 2027 1136 2099 imperare
1182 2024 1314 2082 aliis
1362 2022 1693 2089 virtutibus,

331 2116 390 2167 ut
436 2110 686 2168 efficiant
712 2106 947 2165 modum
977 2123 1080 2180 per
1105 2123 1167 2164 se
1219 2106 1603 2179 pertinentem
1626 2103 1697 2161 ad

328 2183 706 2257 charitatem;
748 2186 847 2245 sed
880 2192 1116 2245 eatenus
1154 2187 1239 2244 eis
1286 2188 1576 2259 imperare
1602 2184 1698 2241 di-

327 2275 495 2341 citur,
520 2278 803 2348 quatenus
848 2286 943 2328 eas
983 2273 1192 2338 movet,
1237 2275 1293 2326 et
1343 2269 1606 2335 inclinat,
1637 2271 1697 2324 ut

329 2356 393 2412 in
422 2358 655 2431 propria
672 2354 915 2412 materia
936 2357 1266 2425 operentur,
1287 2350 1358 2407 ad
1379 2349 1529 2424 quod
1556 2367 1697 2408 con-

327 2439 584 2509 sequitur
638 2434 842 2493 modus
882 2434 983 2490 ille
1037 2432 1304 2505 proprius
1348 2431 1693 2488 charitatis:

330 2514 445 2577 hmo
476 2520 650 2594 igitur
672 2517 921 2589 imperat
942 2512 1273 2571 immediate
1308 2511 1693 2570 substantiam

324 2605 573 2657 actuum.
610 2597 935 2655 Praesertim
954 2596 1089 2669 quia
1117 2593 1370 2651 influxus
1392 2594 1696 2668 imperati-

326 2699 433 2739 vus
474 2699 591 2740 non
621 2682 852 2758 attingit
888 2679 1167 2746 eflectum,
1201 2678 1316 2733 nisi
1368 2675 1561 2734 medio
1581 2679 1695 2735 ali-

321 2781 434 2839 quo
463 2764 753 2838 principio
773 2762 1068 2820 elicitivo:
1113 2759 1265 2817 unde
1309 2759 1453 2816 sicut
1482 2760 1694 2832 princi-

326 2847 487 2921 pium
553 2845 817 2919 proxime
868 2843 1104 2902 eliciens
1144 2842 1299 2901 elicit
1357 2841 1692 2900 immediate

322 2929 705 2986 substantiam
732 2932 908 2992 actus,
936 2930 992 2982 et
1012 2941 1079 2983 ea
1116 2923 1407 2982 mediante
1452 2923 1691 2981 modum

322 3009 543 3083 ipsius3
594 3011 675 3066 ita
716 3005 1072 3081 principium
1121 3006 1416 3078 imperans
1442 3004 1692 3078 imperat

323 3090 663 3148 immediate
708 3088 1094 3146 substantiam
1138 3085 1507 3159 operationis,
1532 3091 1589 3143 et
1612 3103 1679 3144 ea

323 3170 612 3228 mediante
635 3170 798 3225 illius
820 3168 1080 3229 modum.
1110 3167 1296 3241 Major
1315 3169 1401 3223 est
1421 3180 1687 3238 expresse

95 3249 284 3291 D·'1'¹¹0·
325 3254 385 3310 D.
419 3252 621 3310 Thom.
655 3259 840 3329 quoest.
867 3269 977 3327 seq.
1008 3249 1192 3314 art.4‚
1219 3246 1311 3304 ubi
1334 3247 1415 3303 ait
1448 3268 1461 3303 ι
1496 3268 1522 3297 α
1555 3247 1690 3304 Vita

326 3355 353 3388 α
376 3340 590 3392 aeterna
633 3336 694 3389 in
732 3333 833 3389 Dei
871 3331 1150 3389 fruitione
1181 3328 1456 3386 consistit.
1500 3330 1688 3386 Motus

323 3435 348 3465 α
382 3419 574 3471 autem
601 3414 814 3470 mentis
836 3412 907 3469 ad
965 3410 1304 3468 fruitionem
1331 3409 1521 3467 divini
1548 3408 1685 3466 boni

322 3517 347 3546 «
373 3500 457 3551 est
503 3494 772 3566 proprius
819 3498 974 3548 actus
1018 3491 1335 3556 charitatiS,
1369 3509 1471 3565 per
1514 3506 1685 3564 quem

266 3575 277 3578 “
322 3596 348 3628 α
374 3590 574 3632 omnes
620 3579 773 3630 actus
799 3574 1046 3630 aliarum
1085 3573 1371 3629 virtutum
1414 3571 1687 3629 ordinan-

322 3679 347 3708 α
381 3656 560 3712 turin
603 3656 753 3712 hunc
794 3655 993 3720 finem,
1041 3654 1355 3713 secundum
1384 3654 1534 3728 quod
1556 3654 1685 3710 aliae

319 3760 346 3792 α
378 3739 620 3795 virtutes
666 3739 1026 3811 imperantur
1068 3754 1101 3795 a
1126 3737 1421 3795 charitate.
1444 3738 1512 3793 Et
1556 3736 1685 3794 ideo

320 3842 345 3872 a
378 3821 651 3877 meritum
681 3818 814 3875 vitaz
857 3823 1085 3876 aeteruae
1116 3818 1305 3892 primo
1342 3818 1593 3890 pertinet
1612 3816 1682 3874 ad

319 3923 346 3953 (ι
377 3902 737 3968 charitatem,
770 3900 840 3957 ad
870 3900 1014 3958 alias
1059 3907 1251 3960 autem
1304 3899 1550 3958 virtutes
1587 3917 1684 3958 se-

322 4004 347 4035 α
378 3983 672 4052 cundario,
701 3981 1014 4040 secundum
1042 3982 1190 4056 quod
1224 3998 1426 4040 earum
1474 3987 1629 4040 actus
1649 3998 1684 4039 a

322 4085 345 4115 α
372 4065 653 4126 charitate
676 4065 1059 4139 imperantur.
1097 4084 1122 4116 »
1162 4065 1230 4120 Et
1256 4064 1413 4121 idem
1439 4062 1599 4121 docet
1620 4065 1682 4119 in

90 4154 152 4194 D·
174 4151 263 4193 1an
316 4163 456 4219 resp.
486 4146 561 4201 ad
594 4148 648 4204 3.
692 4148 762 4201 Et
787 4146 1060 4203 similiter
1107 4148 1172 4204 D.
1204 4147 1316 4203 Leo
1344 4147 1498 4219 Papa
1516 4163 1675 4203 serm.

124 4201 240 4251 ΡΨ
325 4229 409 4293 10,
457 4228 521 4285 de
560 4227 898 4301 Quadrupes.
949 4227 1188 4302 inquit:
1243 4248 1270 4280 (ι
1320 4226 1499 4284 Nudae
1545 4231 1681 4284 sunt

236 4353 239 4356 .
319 4329 345 4360 «
370 4323 570 4366 omnes
589 4311 715 4367 sine
743 4311 1025 4368 charitate
1062 4311 1327 4381 virtuteS,
1361 4325 1465 4367 nec
1496 4313 1680 4383 potest

318 4411 344 4442 (t
376 4389 488 4447 dici
551 4390 923 4460 fructuosum,
968 4391 1120 4464 quod
1190 4407 1308 4450 non
1353 4391 1679 4450 dilectionis

88 4479 147 4521 D·
171 4477 343 4529 Ores«
371 4478 567 4547 partus
610 4473 874 4532 ediderit.
913 4496 938 4527 υ
964 4476 1037 4529 Et
1078 4477 1143 4531 D.
1176 4477 1409 4550 Gregor‚
1452 4476 1595 4533 hom.
1620 4479 1671 4544 7,

312 4555 614 4626 inEvany.
644 4557 726 4612 ait
756 4576 769 4611 ε
797 4576 823 4610 α
855 4556 1017 4612 Nihil
1039 4556 1354 4615 viriditatis
1375 4557 1547 4614 habet
1579 4575 1676 4616 ra-

312 4661 341 4692 «
371 4656 500 4696 mus
527 4639 665 4697 boni
687 4639 897 4712 operiS,
924 4639 1037 4695 nisi
1068 4640 1347 4697 manserit
1373 4641 1437 4697 in
1484 4641 1676 4700 radice

313 4742 341 4774 α
373 4721 720 4780 dilectionis.
755 4743 781 4774 »
808 4723 893 4778 Ex
919 4720 1148 4795 quibuS,
1176 4729 1234 4781 et
1254 4723 1386 4780 aliis
1412 4724 1675 4782 testimo-

311 4802 447 4869 niis,
472 4820 599 4876 quae
639 4802 981 4869 omittimus,
1007 4808 1228 4860 constat
1269 4804 1518 4878 gratiam
1557 4821 1674 4864 non

310 4885 555 4945 inssuere
600 4888 662 4962 in
692 4890 846 4942 actus
898 4887 1243 4955 meritorios,
1266 4892 1546 4960 quatenus
1586 4894 1675 4947 ta-

308 4969 409 5035 leS,
444 4968 557 5024 nisi
589 4967 780 5025 medio
809 4966 1057 5042 imperio
1082 4967 1396 5025 charitatis.
1432 4970 1500 5024 Et
1527 4971 1673 5029 ratio

232 5074 239 5079 ·
306 5066 341 5107 a
387 5049 571 5124 priori
615 5053 721 5118 est,
763 5064 937 5123 quam
969 5047 1146 5105 tradit
1184 5052 1244 5104 D.
1289 5050 1497 5107 Thom.
1552 5052 1672 5111 loco

300 5131 516 5200 citato;
549 5147 685 5188 nam
714 5147 842 5188 cum
864 5131 1050 5206 gratia
1086 5147 1203 5190 non
1236 5132 1311 5189 sit
1338 5131 1672 5192 immediate

1837 650 2151 721 operativa,
2183 655 2244 707 ut
2266 651 2518 708 vidimus
2533 659 2692 708 tract.
2724 651 2943 725 praeced.
2972 652 3118 725 disp.
3142 652 3197 709 3.

1835 731 1962 788 dub.
1995 734 2050 797 4,
2093 735 2291 806 nequit
2318 734 2499 791 active
2525 732 2769 795 influere
2815 733 2878 789 in
2906 733 3200 806 operatio-

1838 829 1994 883 nem,
2027 816 2141 873 nisi
2170 816 2460 874 mediante
2482 816 2673 889 aliqua
2700 816 2916 873 virtute
2944 817 3205 889 impera-

1837 897 1958 954 tiva
2015 898 2326 971 proxima:
2370 898 2556 954 virtus
2627 904 2819 955 autem
2887 899 3200 971 respiciens

1836 981 2018 1037 Deum
2090 980 2364 1038 ultimum
2405 979 2600 1044 finem,
2644 979 2742 1053 qui
2794 985 2879 1037 est
2917 979 3204 1035 terminus

1837 1061 2105 1134 proprius
2156 1068 2310 1118 actus
2349 1058 2656 1122 meritorii,
2689 1066 2750 1115 ut
2778 1061 3085 1124 meritorii,
3118 1068 3204 1117 est

1834 1143 1956 1200 sola
1983 1144 2234 1200 charitas
2262 1160 2432 1218 :ergo
2471 1142 2658 1217 gratia
2681 1142 2877 1213 nequit
2899 1142 2961 1197 in
3009 1147 3197 1199 actum

1835 1223 2202 1280 meritorium
2250 1223 2513 1289 influere,
2541 1222 2655 1278 nisi
2709 1221 2898 1279 medio
2944 1222 3193 1289 influxu,

1832 1318 1932 1360 seu
1958 1304 2204 1377 imperio
2230 1304 2546 1361 charitatis

1908 1379 2000 1435 84.
2046 1379 2205 1436 Dices
2230 1396 2361 1435 cum
2400 1381 2564 1436 Joan.
2594 1395 2626 1435 a
2666 1379 2721 1435 S.
2754 1378 2962 1436 Thom.
2992 1376 3064 1434 ad
3099 1395 3194 1436 ac-
3225 1404 3379 1447 Evasio

1833 1464 1956 1516 tum
1999 1461 2364 1518 meritorium
2393 1460 2514 1518 duo
2554 1461 2787 1533 requiri,
2813 1465 2867 1516 et
2912 1461 3188 1528 sufficere,
3203 1455 3397 1547 {2³33ss

1834 1556 2042 1614 nempe
2088 1541 2494 1599 formationem
2524 1557 2623 1614 per
2650 1542 2918 1616 gratiam,
2944 1547 3001 1599 et
3027 1540 3194 1599 ordi·
3273 1536 3285 1547 ”
3396 1536 3411 1549 “

1834 1638 1968 1679 nem
2006 1621 2077 1679 ad
2119 1622 2389 1679 ultimum
2435 1621 2611 1679 finem
2640 1642 2654 1677 ε
2683 1638 2755 1679 ex
2782 1621 2990 1695 quibus
3043 1622 3192 1679 illud

1834 1705 2088 1779 primum
2141 1705 2410 1762 convenit
2455 1704 2606 1761 actui
2654 1705 3040 1771 contritionis,
3097 1707 3194 1764 vel

1834 1786 2049 1844 amoris
2070 1786 2337 1843 existenti
2377 1785 2440 1841 in
2483 1786 2727 1844 instanti
2767 1786 3198 1860 justificationis

1833 1885 1934 1942 per
1961 1868 2330 1934 consortium,
2362 1866 2484 1923 sive
2512 1867 2791 1925 unionem
2836 1867 2905 1924 ad
2944 1869 3196 1942 gratiam

1832 1952 1897 2007 in
1909 1950 2108 2008 eodem
2121 1950 2362 2007 instanti
2378 1950 2721 2008 existentem
2739 1952 3042 2023 ;posterius
3058 1965 3201 2007 vero

1831 2032 2099 2090 convenit
2138 2031 2286 2088 actui
2326 2030 2518 2088 media
2560 2032 2856 2100 charitate,
2904 2048 3029 2088 non
3056 2032 3197 2104 quia

1833 2114 2060 2171 habitus
2080 2113 2372 2170 charitatis
2402 2111 2607 2168 influat
2635 2113 2817 2169 active
2863 2113 2926 2169 in
2957 2113 3196 2185 praedic-

1831 2200 1954 2252 tum
1977 2200 2182 2258 actum,
2207 2192 2307 2251 sed
2332 2193 2467 2265 quia
2490 2193 2775 2250 auxilium
2803 2195 3112 2259 transiens,
3163 2209 3198 2249 a

1831 2292 1941 2349 quo
1980 2277 2229 2342 elicitur,
2277 2281 2364 2332 est
2402 2274 2724 2342 moraliter,
2755 2279 2812 2331 et
2858 2273 3192 2330 virtualiter

1830 2359 1954 2432 ipsa
1975 2358 2246 2415 charitas.

1906 2436 2023 2492 Hoc
2048 2438 2241 2490 tamen
2260 2430 2536 2506 effugium
2559 2435 2757 2487 manet
2777 2430 2916 2486 satis
2947 2431 3194 2502 praeclu-
3224 2438 3410 2484 Bereni-

1827 2534 1956 2574 sum
1983 2531 2054 2574 ex
2081 2515 2266 2572 dictis,
2289 2517 2436 2570 Tum
2459 2514 2595 2588 quia
2611 2515 2777 2588 Juxta
2797 2513 2949 2569 hunc
2970 2512 3194 2569 discur-
3258 2494 3340 2533 ‘'¹“

1830 2600 1994 2659 rendi
2025 2598 2289 2662 modum,
2319 2596 2507 2670 gratia
2536 2610 2652 2651 non
2681 2593 2850 2651 habet
2897 2593 3192 2650 inssuxum

1826 2681 2150 2742 effectivum
2174 2681 2235 2736 in
2263 2684 2418 2736 actus
2450 2676 2782 2733 meritorios
2808 2699 2821 2742 ;
2845 2680 2902 2732 et
2946 2676 3026 2733 ita
3070 2691 3191 2733 non

1828 2766 2313 2839 praecontinentur
2341 2762 2405 2817 in
2435 2760 2720 2834 principio
2772 2757 3043 2825 mediam,
3095 2761 3190 2818 vel

1826 2845 2162 2904 immediato
2181 2844 2438 2919 ejusdem
2477 2840 2694 2899 valoris
2738 2856 2870 2897 cum
2901 2836 3141 2913 praemio
3175 2862 3191 2897 ε

1823 2927 1975 3002 quod
2020 2939 2141 2984 esse
2168 2926 2399 2990 falsum,
2456 2923 2596 2979 satis
2635 2924 2852 2978 constat
2897 2936 2969 2977 ex
3021 2919 3190 2977 dictis

1822 3015 2022 3067 contra
2044 3007 2296 3081 primam
2321 3002 2773 3077 responsionem.
2807 3003 2956 3055 Tum
2980 3001 3180 3066 etiam,

1822 3093 1959 3166 quia
1972 3097 2036 3147 ut
2054 3104 2321 3163 expresse
2341 3087 2546 3144 asserit
2565 3088 2632 3140 D.
2649 3084 2851 3141 Thom.
2869 3087 3065 3155 quaest.
3100 3085 3182 3140 14.
3202 3104 3240 3146 D
3280 3110 3383 3158 Tho·

1821 3176 1894 3234 de
1934 3175 2116 3233 Verit.
2142 3177 2248 3231 art.
2294 3173 2328 3225 5
2355 3170 2424 3228 ad
2452 3171 2557 3227 ult.
2608 3191 2634 3223 «
2679 3171 2807 3225 Non
2837 3172 3016 3239 potest
3041 3182 3184 3232 esse,

1826 3281 1853 3313 α
1896 3257 2046 3332 quod
2067 3263 2222 3313 actus
2245 3251 2404 3309 Fidei
2431 3273 2456 3304 x>
2483 3251 2657 3322 (idem
2684 3250 2943 3322 intellige
2958 3248 3028 3306 de
3049 3249 3187 3306 aliis

1820 3338 2062 3410 actibus)
2093 3360 2118 3390 α
2142 3337 2217 3392 sit
2232 3335 2512 3391 formatus
2532 3331 2738 3406 gratia,
2766 3335 2823 3386 et
2845 3346 2961 3386 non
2984 3330 3188 3386 chari-

1825 3441 1852 3474 «
1896 3424 2038 3488 tate;
2069 3417 2203 3491 quia
2241 3413 2427 3490 gratia
2474 3428 2591 3469 non
2620 3410 2789 3467 habet
2816 3409 3085 3467 ordinem
3114 3408 3186 3466 ad

1825 3522 1851 3553 «t
1896 3505 2104 3565 actum,
2133 3497 2246 3554 nisi
2297 3493 2576 3550 charitate
2629 3488 2968 3548 mediante:
3026 3509 3051 3541 n
3079 3490 3179 3547 sed

1818 3582 1979 3648 ordo,
2011 3593 2179 3653 quem
2213 3576 2400 3652 gratia
2437 3572 2606 3630 habet
2651 3571 2943 3629 mediante
2986 3571 3182 3628 chari-

1817 3667 1932 3719 tate
1961 3660 2028 3718 ad
2059 3660 2202 3717 alios
2222 3663 2396 3717 actus.
2421 3654 2591 3712 estin
2612 3666 2823 3726 genere
2850 3667 3032 3708 causae
3059 3650 3179 3709 effi-

1816 3742 2059 3809 cientis;
2090 3741 2153 3797 in
2195 3739 2326 3796 aliis
2362 3736 2523 3794 enim
2561 3731 2871 3809 generibus
2913 3749 3032 3790 non
3061 3732 3177 3788 im-

1817 3830 2079 3900 portatur
2123 3824 2292 3898 hujus
2338 3816 2731 3891 dependentiae
2778 3815 2919 3873 ordo
2967 3837 2980 3871 ι
3040 3831 3177 3891 ergo

1816 3908 2086 3967 formatio
2107 3910 2262 3963 actus
2291 3919 2391 3978 per
2417 3901 2664 3977 gratiam
2706 3896 2874 3955 debet
2893 3965 2898 3968 ,
2919 3898 3174 3955 exerceri

1814 3993 2007 4051 media
2025 3989 2319 4048 charitate.
2351 3989 2499 4042 Tum
2529 3988 2823 4058 praeterea,
2856 3981 2992 4054 quia
3016 3982 3179 4038 auxi-

1814 4077 1961 4132 lium
2009 4072 2154 4131 illud
2201 4069 2505 4134 transiens,
2535 4063 2684 4140 quod
2711 4064 2923 4121 dicitur
2948 4063 3177 4121 virtua-

1813 4159 1950 4215 liter
1987 4154 2265 4219 charitaS,
2315 4150 2513 4225 nequit
2557 4149 2638 4205 ita
2682 4145 2994 4221 appellari,
3039 4145 3175 4217 quia

1813 4238 2142 4295 virtualiter
2192 4233 2482 4292 contineat
2524 4228 2789 4287 habitum
2850 4225 3168 4291 charitatis,

1810 4336 1942 4377 eum
1981 4319 2055 4376 sit
2102 4315 2366 4380 inieriuS,
2398 4327 2572 4385 quam
2601 4311 2706 4366 illa
2740 4330 2752 4365 :
2781 4307 2880 4365 sed
2908 4305 2979 4363 ad
3007 4321 3174 4362 sum-

1812 4418 1974 4460 mum
2004 4404 2183 4475 potest
2231 4395 2377 4454 illud
2422 4393 2673 4452 officium
2717 4390 2953 4447 virtutis
2979 4387 3163 4453 obire,

1804 4490 2090 4560 quatenus
2120 4487 2205 4540 est
2232 4480 2416 4537 virtus
2436 4474 2810 4533 subordinata
2855 4471 3127 4529 charitati
3152 4493 3166 4528 :

1808 4586 1946 4645 ergo
1972 4566 2225 4624 influxus
2262 4565 2385 4639 ejus
2421 4567 2507 4618 est
2546 4558 2878 4617 virtualiter
2906 4555 3165 4611 influxus

1808 4651 2102 4711 charitatis
2130 4671 2142 4706 :
2166 4663 2300 4722 ergo
2319 4651 2374 4703 et
2398 4643 2597 4720 gratiae
2621 4639 3048 4703 sanctificantis,
3075 4638 3170 4715 cui

1808 4732 2038 4790 habitus
2063 4727 2358 4787 charitatis
2394 4723 2780 4782 essentialiter
2825 4717 3168 4776 subordina-

1807 4819 1935 4880 tur;
1965 4817 2021 4870 et
2040 4812 2121 4868 ita
2146 4808 2218 4865 de
2241 4808 2430 4882 primo
2458 4804 2528 4862 ad
2553 4804 2824 4861 ultimum
2847 4798 3168 4858 conceden-

1805 4893 1946 4951 dum
1967 4897 2069 4958 est,
2100 4888 2248 4965 quod
2270 4887 2457 4963 gratia
2495 4883 2855 4942 sanctificans
2884 4880 3162 4955 praecedat

1805 4977 1871 5034 in
1895 4990 2105 5052 genere
2131 4989 2312 5031 causae
2336 4969 2630 5029 efficientis
2653 4974 2807 5025 actus
2830 4965 3163 5023 meritorios

1803 5059 2111 5118 existentes
2137 5056 2200 5111 in
2227 5051 2468 5111 instanti
2491 5055 2622 5107 ante
2656 5046 3127 5122 justificationem
3151 5072 3166 5114 ;

1802 5147 1860 5200 et
1897 5144 2309 5214 consequenter
2354 5133 2634 5191 relabitur
2682 5129 3064 5185 Adversarius
3100 5132 3165 5190 in
