3647 5753
50 986 279 1031 Betundi·

115 1043 205 1080 tur.

64 3587 253 3633 Bereni-

73 3643 242 3682 turam·

81 3688 210 3740 ptius.

60 4643 113 4685 D.
138 4642 243 4685 Tho.

1434 388 1611 443 DISP.
1655 387 1753 453 111,
1796 386 1963 445 DUB.
2007 389 2100 445 IV.

288 580 463 638 quam
493 581 525 621 a
547 562 1021 637 dispositionibus
1063 561 1133 618 ad
1161 564 1248 618 sui
1280 562 1655 619 introductio-

291 663 424 705 nem
474 646 785 719 requisitis,
834 643 1218 708 Quamobrem
1267 644 1495 700 admitti
1537 658 1653 699 non

289 730 460 796 valet,
492 727 642 802 quod
686 726 954 801 praedicta
988 728 1173 801 gratia
1212 726 1287 782 sit
1326 742 1494 783 causa
1530 724 1655 781 effi-

289 812 444 868 ciens
474 812 710 866 illorum
741 816 990 872 actuum,
1023 808 1287 880 quamvis
1317 807 1529 881 alioqui
1558 806 1655 862 ha-

290 890 417 948 beat
440 891 713 946 virtutem
732 889 1105 945 sufficientem
1124 887 1192 943 ad
1210 904 1304 945 eos
1319 887 1646 945 eliciendos

365 974 499 1038 Hoc,
534 972 791 1043 inquam,
820 987 937 1027 non
970 970 1157 1036 refert,
1189 968 1285 1025 sed
1311 976 1489 1042 potest
1528 967 1650 1025 effi-

289 1052 495 1109 caciter
520 1052 730 1108 refelli.
751 1054 896 1106 Tum
920 1051 1055 1123 quia
1078 1052 1388 1106 licetcausa
1402 1049 1652 1105 efficiens

289 1132 491 1190 debeat
534 1147 656 1189 esse
698 1133 857 1205 prior
902 1131 1245 1203 simpliciter
1284 1146 1387 1186 suo
1428 1129 1644 1195 effectu,

292 1218 454 1272 nulla
502 1222 692 1272 tamen
740 1222 976 1288 apparet
1024 1213 1405 1288 repugnantia
1449 1212 1514 1267 in
1559 1227 1645 1277 eo,

287 1297 438 1370 quod
479 1299 554 1353 sit
594 1298 873 1369 posterior
912 1296 1226 1352 secundum
1276 1293 1431 1368 quid,
1476 1308 1649 1365 quam

290 1380 392 1435 ille
437 1401 450 1434 :
500 1378 598 1435 sed
626 1377 1006 1449 dependentia
1048 1394 1079 1434 a
1106 1393 1273 1435 causa
1314 1374 1649 1447 dispositiva

288 1459 478 1515 solum
518 1464 603 1515 est
641 1460 1030 1531 posterioritas
1057 1457 1370 1515 secundum
1398 1455 1555 1528 quid,
1588 1459 1651 1510 ut

288 1558 465 1614 supra
487 1540 920 1597 observavimus
949 1564 960 1597 ε
984 1557 1119 1615 ergo
1140 1558 1207 1597 ex
1231 1556 1316 1605 eo,
1344 1539 1492 1612 quod
1515 1556 1651 1615 gra-¹
1683 1538 1687 1541 ’

291 1624 373 1679 tia
398 1624 473 1679 sit
495 1623 847 1695 principium
878 1623 1200 1679 effectivum
1232 1628 1480 1687 actuum,
1512 1635 1650 1692 quos

290 1703 463 1761 homo
489 1704 643 1759 elicit
672 1705 734 1759 in
766 1703 1003 1759 instanti
1038 1702 1483 1775 justificationis,
1533 1701 1650 1756 mi-

290 1784 449 1840 nime
472 1785 800 1857 impeditur,
834 1784 981 1858 quod
1010 1786 1184 1856 possit
1211 1783 1280 1839 ab
1303 1781 1519 1839 eisdem
1547 1779 1652 1835 de-

289 1866 538 1939 pendere
568 1869 630 1923 in
655 1883 866 1941 genere
890 1883 1070 1923 causae
1096 1865 1467 1937 dispositivae.
1500 1865 1649 1918 Tum

287 1950 480 2011 etiam,
512 1949 648 2021 quia
688 1955 746 2003 ut
774 1964 936 2005 causa
966 1947 1213 2004 efficiens
1242 1959 1651 2019 praesupponu-

289 2035 382 2085 tur
408 2029 661 2086 existens
704 2046 806 2101 pro
851 2030 1031 2102 priori
1069 2027 1138 2083 ad
1166 2042 1333 2082 suum
1362 2026 1643 2092 effectum,

291 2110 492 2167 sufficit
537 2112 686 2184 quod
731 2116 1088 2183 supponatur
1135 2124 1256 2164 esse
1308 2107 1649 2179 simpliciter

290 2196 448 2247 extra
464 2207 662 2248 omnes
683 2207 899 2258 causaS,
925 2196 981 2246 et
1002 2188 1351 2245 causalitatis
1373 2185 1590 2251 ῐηοάοε,
1616 2199 1649 2240 a

293 2272 499 2345 quibus
538 2274 882 2346 simpliciter
922 2271 1234 2345 dependet;
1268 2287 1403 2326 nam
1430 2285 1497 2325 eo
1524 2269 1649 2341 ipso

290 2358 374 2409 est
401 2356 742 2427 simpliciter
768 2356 1019 2410 existens
1048 2375 1059 2408 ε
1090 2353 1185 2409 sed
1216 2369 1316 2424 per
1345 2351 1466 2413 hoc,
1499 2346 1648 2420 quod

287 2436 473 2507 gratia
511 2436 825 2508 dependeat
852 2434 921 2490 ab
950 2433 1168 2489 actibus
1197 2433 1403 2489 elicitis
1432 2432 1494 2486 in
1523 2431 1647 2486 ins-

288 2515 434 2569 tanti
455 2514 892 2588 justificationiS,
914 2522 1185 2586 tanquam
1204 2530 1234 2569 a
1252 2509 1647 2584 dispositioni-

288 2596 412 2666 buS,
447 2613 565 2654 non
593 2597 835 2663 tollitur,
866 2596 1014 2669 quod
1041 2598 1225 2670 gratia
1248 2592 1648 2651 antecedenter

288 2680 360 2736 ad
391 2678 686 2752 praedictos
709 2682 864 2733 actus
885 2678 1312 2749 sitsimpliciter
1327 2681 1490 2731 extra
1512 2689 1647 2729 cau-

284 2776 396 2827 saS,
429 2775 461 2815 a
488 2758 697 2832 quibus
725 2758 1067 2830 simpliciter
1109 2754 1422 2829 dependet;
1460 2769 1647 2827 quan-

283 2840 589 2916 doquidem
634 2838 887 2913 praedicti
930 2846 1083 2897 actus
1111 2840 1298 2896 solum
1332 2835 1645 2893 secundum

282 2924 419 2999 quid
441 2929 676 2981 causant
698 2922 967 2996 gratiam,
996 2922 1111 2977 haec
1139 2935 1276 2977 vero
1303 2915 1645 2975 anteceden-

282 3011 372 3062 ter
411 3003 481 3060 ad
528 3002 670 3058 tales
716 3007 871 3058 actus
919 3001 1264 3074 supponitur
1311 3006 1474 3056 extra
1501 2998 1644 3054 alias

283 3101 496 3153 causaS,
526 3101 558 3140 a
579 3082 785 3155 quibus
806 3082 1087 3154 dependet
1106 3081 1445 3153 simpliciter
1472 3101 1484 3136 ε
1508 3093 1645 3152 ergo

288 3168 418 3224 licet
441 3167 627 3241 gratia
654 3164 969 3237 dependeat
999 3163 1059 3220 in
1081 3179 1291 3237 genere
1318 3177 1497 3220 causae
1523 3160 1644 3216 dis-

286 3249 544 3321 positivae
589 3264 621 3303 a
665 3245 947 3319 praedictis
976 3244 1228 3311 actibus;
1260 3243 1645 3300 nihilominus

284 3329 680 3386 antecedenter
697 3328 761 3384 ad
788 3328 919 3383 illos
942 3326 1401 3399 praesupponitur
1423 3323 1646 3396 simpli-

281 3409 421 3467 citer
447 3411 715 3473 existen3‚
751 3415 916 3480 atque
944 3408 1072 3464 ideo
1103 3413 1284 3481 potest
1324 3405 1538 3478 optime
1579 3404 1642 3459 in

281 3504 378 3545 eos
397 3489 651 3545 effective
681 3487 945 3544 intinere.

358 3569 502 3623 Tum
526 3568 789 3639 denique,
810 3575 865 3624 et
884 3568 1182 3642 praecipue,
1203 3566 1334 3639 quia
1351 3563 1506 3620 calor
1524 3579 1639 3636 v.g.

286 3652 347 3703 ut
373 3654 513 3714 octe,
546 3646 824 3717 dependet
866 3664 899 3703 a
927 3649 1115 3704 forma
1157 3648 1307 3720 ignis
1337 3645 1399 3700 in
1434 3657 1642 3716 genere

283 3743 466 3785 causae
508 3727 822 3794 efficientis,
855 3734 910 3783 et
938 3733 1346 3799 consequenter
1374 3721 1644 3796 supponit

281 3825 410 3865 eam
437 3807 780 3879 simpliciter
803 3809 1139 3864 existentem
1162 3832 1175 3874 ;
1200 3812 1471 3864 ettamen
1494 3819 1643 3876 prae-

281 3889 466 3947 dictus
516 3891 672 3945 calor
720 3888 784 3943 in
834 3888 1071 3944 instanti
1124 3887 1515 3962 generationis
1559 3890 1644 3942 est

281 3985 452 4026 causa
479 3969 788 4042 disponens
831 3967 899 4023 ad
931 3968 1413 4026 introductionem
1444 3967 1643 4022 formae

281 4050 435 4124 ignis
469 4072 482 4106 ε
511 4066 646 4123 ergo
675 4064 794 4104 non
835 4050 1022 4105 solum
1054 4050 1207 4106 inter
1248 4049 1393 4105 alias
1421 4063 1636 4111 causas,

279 4130 380 4187 sed
401 4131 577 4187 etiam
608 4131 761 4184 inter
789 4145 1015 4185 causam
1045 4131 1399 4193 efficientem,
1432 4133 1487 4183 et
1520 4126 1642 4181 dis-

282 4213 589 4286 positivam
617 4211 783 4268 debet
812 4212 1036 4268 admitti
1075 4218 1274 4268 mutua
1301 4210 1639 4277 causalitas3

279 4294 610 4366 corruitque
634 4292 874 4364 proinde
903 4295 1205 4357 motivum,
1232 4291 1380 4365 quod
1409 4307 1642 4346 causan·

282 4382 377 4432 tur
418 4375 757 4441 adversarii,
801 4383 861 4431 ut
889 4383 1094 4449 negent
1119 4375 1365 4448 gratiam
1397 4374 1641 4430 influere

281 4457 465 4514 active
487 4457 549 4511 in
575 4463 746 4519 actus,
773 4457 870 4527 qui
894 4457 963 4511 ad
986 4457 1226 4511 eandem
1250 4455 1496 4528 gratiam
1520 4453 1631 4509 dis-

281 4544 528 4611 ponunt.
572 4538 754 4609 Major
782 4542 1016 4599 constat,
1049 4537 1183 4608 quia
1205 4538 1368 4610 juxta
1407 4541 1642 4591 senten-

279 4620 425 4675 tiam
467 4620 530 4673 D.
564 4617 798 4674 Thomas
849 4621 865 4672 l
905 4625 1055 4689 part.
1096 4625 1275 4692 quaest.
1316 4621 1410 4680 77,
1441 4625 1548 4672 art.
1580 4618 1635 4682 6,

277 4711 454 4773 quam
498 4704 732 4754 tuentur
773 4700 1163 4754 communiter
1190 4699 1309 4771 ejus
1349 4697 1635 4769 discipuli,

279 4782 659 4855 proprietates
680 4781 987 4835 dimanant
1009 4781 1188 4835 active
1204 4779 1273 4834 ab
1296 4781 1561 4844 essentia,
1586 4784 1642 4834 et

276 4867 491 4929 forma,
521 4863 680 4936 cujus
706 4868 841 4917 sunt
883 4861 1296 4934 proprietates;
1342 4878 1443 4917 nec
1482 4861 1639 4917 enim

279 4946 600 5019 requiritur
649 4961 765 5000 una
805 4945 968 5009 acti0‚
1014 4959 1138 5016 quae
1178 4944 1419 5017 attingat
1445 4959 1642 5000 essen-

279 5031 423 5087 tiam
453 5029 557 5094 rei,
591 5034 645 5085 et
668 5030 784 5085 alia
812 5043 937 5101 quae
958 5025 1159 5083 efficiat
1187 5028 1235 5101 ej
1247 5045 1307 5083 us
1328 5028 1643 5100 proprieta->

3033 398 3138 453 58}

1786 566 1872 618 tes
1919 582 1931 617 :
1978 562 2075 618 sed
2116 563 2314 627 eadem
2353 566 2684 638 generantis
2729 567 2874 624 actio
2916 568 3146 642 attingit

1788 644 1950 717 prius
1988 647 2319 714 essentiam,
2350 655 2407 704 et
2433 664 2500 704 ea
2528 647 2832 714 mediante,
2864 656 2917 706 et
2946 666 3145 707 causa-

1788 724 2008 781 litatem
2036 725 2347 793 deferente,
2390 725 2719 786 extenditur
2748 729 2817 786 ad
2857 730 2978 804 ejus
3006 745 3145 803 pro-

1787 806 2074 877 prietateS,
2096 809 2261 880 juxta
2282 808 2428 865 illud
2458 831 2470 865 ε
2502 809 2613 882 Qui
2638 811 2734 865 dat
2761 813 3019 884 sormam,
3045 811 3145 867 dat

1784 890 2162 964 consequentia
2183 889 2258 943 ad
2275 890 2534 962 formam.
2562 890 2946 955 Quamobrem
2969 908 3141 965 opor-

1784 971 1882 1031 tet,
1903 967 2048 1039 quod
2067 967 2254 1025 forma
2271 978 2743 1043 praesupponatur
2765 971 2834 1028 ad
2856 989 2988 1028 suas
3011 989 3143 1044 pro-

1785 1049 2056 1121 prietates
2095 1051 2159 1106 in
2184 1067 2396 1124 genere
2422 1068 2603 1109 causas
2641 1053 2956 1118 efficientiS,
3000 1054 3147 1110 etin

1782 1144 1878 1185 eas
1904 1129 2160 1187 effective
2188 1131 2410 1198 influat,
2439 1139 2605 1206 atque
2635 1134 2760 1190 ideo
2783 1133 2986 1190 habeat
3008 1134 3144 1189 sim-

1784 1210 2009 1283 pliciter
2046 1228 2150 1285 pro
2191 1213 2374 1286 priori
2416 1214 2487 1269 ad
2534 1216 2666 1271 illas
2692 1216 2955 1273 existere.
2988 1216 3148 1280 Quod

1784 1292 2080 1364 perspicue
2120 1292 2280 1350 docet
2309 1296 2373 1350 D.
2404 1295 2609 1351 Thom.
2645 1297 2757 1352 Ioco
2782 1300 2875 1353 cit.
2909 1299 2969 1351 in
2995 1314 3140 1370 corp.

1782 1369 1880 1426 ubi
1905 1372 2186 1441 observat,
2213 1374 2361 1446 quod
2390 1377 2688 1433 actualitas
2724 1393 2824 1450 per
2848 1376 3006 1450 prius
3047 1377 3147 1433 in-

1784 1451 2016 1508 venitur
2042 1453 2106 1508 in
2128 1452 2317 1510 forma
2335 1454 2721 1522 substantiali,
2742 1473 2913 1529 quam
2936 1458 2998 1512 in
3021 1457 3148 1530 ejus

1781 1528 2065 1605 subjecto;
2095 1539 2150 1590 et
2191 1534 2328 1591 hinc
2365 1537 2583 1610 colligit
2615 1561 2628 1593 ι
2665 1537 2816 1594 Unde
2844 1540 3145 1594 actualitas

1780 1614 1969 1686 formae
2006 1616 2365 1673 accidentalis
2409 1627 2674 1674 causatur
2711 1621 2780 1675 ab
2824 1622 3148 1677 actualitate

1780 1694 2022 1765 subjecti,
2051 1697 2129 1751 ita
2158 1699 2301 1773 quod
2325 1699 2641 1771 subjectum,
2675 1703 2734 1755 in
2759 1709 3028 1777 quantum
3065 1708 3143 1755 est

1781 1777 1844 1831 in
1865 1779 2128 1848 potentia,
2175 1787 2255 1833 est
2286 1785 2650 1853 susceptivum
2678 1785 2864 1855 formai
2889 1784 3144 1840 acciden-

1782 1859 1915 1912 talis
1932 1876 1948 1909 :
1974 1860 2032 1913 in
2056 1868 2324 1934 quantum
2346 1870 2528 1918 autem
2561 1871 2636 1918 est
2669 1866 2725 1918 in
2751 1872 2898 1928 actu,
2931 1873 3006 1920 es!-
3027 1867 3147 1936 ejus

1774 1941 2184 2012 productivum.
2205 1945 2274 2000 Et
2291 1945 2449 2001 infra
2470 1967 2481 2000 ε
2508 1944 2901 2019 Compositum,
2931 1948 3138 2020 inquit,

1779 2030 1857 2077 est
1899 2027 1958 2078 in
1985 2032 2115 2080 actu
2150 2044 2249 2099 per
2286 2029 2557 2083 animam.
2596 2028 2747 2083 Unde
2785 2033 3144 2104 manifestum

1780 2112 1877 2170 est,
1911 2106 2053 2182 quod
2078 2125 2261 2163 omnes
2277 2113 2527 2181 potentias
2552 2112 2768 2177 animm,
2800 2113 2913 2166 sive
2932 2112 3143 2184 subjec-

1781 2193 1899 2240 tum
1922 2203 2112 2242 earum
2133 2189 2206 2242 sit
2233 2191 2426 2244 anima
2453 2192 2589 2259 sola,
2622 2193 2736 2247 sive
2766 2195 3138 2264 compositum,

1778 2266 1963 2336 [luunt
1992 2268 2060 2323 ab
2100 2272 2329 2325 essentia
2371 2273 2569 2326 animm
2605 2274 2748 2327 sieut
2782 2290 2816 2327 a
2844 2264 3138 2345 principie.

1780 2347 1852 2400 Et
1891 2344 1961 2401 ad
2001 2348 2055 2412 2,
2089 2346 2247 2404 addit
2279 2370 2292 2405 :
2336 2350 2595 2406 Essentia
2635 2354 2832 2407 animm
2856 2359 2934 2406 est
2972 2369 3144 2406 causa

1779 2429 2026 2482 omnium
2073 2433 2463 2501 potentiarum,
2514 2435 2655 2487 sicut
2707 2434 2853 2503 fiuiS,
2904 2439 2953 2487 et
2999 2434 3142 2488 sieut

1774 2510 2118 2583 principium
2144 2515 2407 2570 activum.
2442 2518 2576 2579 Quae
2616 2516 2817 2571 omnia
2845 2514 3144 2587 aequaliter

1781 2590 2098 2662 procedunt
2139 2591 2203 2647 in
2243 2595 2431 2651 calore
2469 2600 2529 2650 ut
2567 2602 2689 2652 octo
2733 2594 3044 2668 respective
3072 2594 3143 2652 ad

1780 2670 2029 2728 sormam
2074 2673 2245 2747 igniS,
2290 2679 2347 2731 et
2387 2675 2448 2731 in
2494 2675 2749 2747 qualibet
2796 2675 3145 2748 proprietate

1777 2758 2105 2826 comparata
2133 2755 2203 2812 ad
2230 2772 2395 2812 suam
2425 2756 2697 2813 formam.
2723 2760 2919 2814 Minor
2947 2763 3140 2814 autem

1776 2838 1862 2891 est
1881 2837 2206 2893 communis
2226 2837 2403 2894 etiam
2427 2838 2575 2911 apud
2601 2837 2979 2905 adversariOS,
3006 2839 3143 2913 quia

1777 2916 1841 2972 in
1885 2918 2125 2975 instanti
2171 2922 2562 2993 generationis
2611 2923 2763 2997 ignis
2811 2938 2926 2979 non
2973 2922 3143 2979 datur

1777 2999 1926 3055 alius
1953 3002 2125 3069 calor,
2161 3001 2275 3056 nisi
2301 3008 2363 3058 ut
2390 3008 2512 3060 octo
2535 3027 2549 3070 ;
2581 3010 2747 3077 atquc
2775 3002 2903 3070 ideo
2932 3004 3023 3059 vel
3050 3003 3144 3059 di-

1777 3078 2021 3135 cendum
2050 3085 2133 3137 est
2161 3080 2410 3138 formam
2451 3083 2604 3156 ignis
2646 3081 2932 3138 introduci
2974 3081 3144 3139 inde-

1778 3157 2094 3231 pendenter
2126 3159 2196 3216 ab
2224 3163 2386 3216 omni
2415 3161 2789 3234 dispositione
2816 3167 2952 3217 tunc
2985 3161 3142 3218 exis-

1776 3243 1950 3305 tente,
1998 3241 2147 3312 quod
2187 3245 2271 3297 est
2313 3240 2656 3308 absurdum,
2701 3243 2793 3299 vel
2832 3240 3140 3300 concedere

1776 3325 2016 3392 oportet,
2047 3320 2197 3393 quod
2238 3321 2538 3394 praedictus
2579 3323 2733 3378 calor
2759 3321 3023 3395 disponat
3063 3323 3134 3380 ad

1776 3399 2024 3455 formam
2070 3401 2241 3474 igniS,
2274 3417 2512 3473 eamque
2552 3407 2741 3457 causet
2773 3401 3126 3475 dispositive.

1776 3482 1845 3536 Et
1862 3485 2162 3553 utramque
2178 3481 2346 3556 hujus
2371 3480 2724 3554 probationis
2740 3488 2958 3554 partem
2975 3483 3134 3540 docet

1775 3564 1839 3618 D.
1867 3562 2070 3619 Thom.
2103 3564 2137 3618 3
2157 3572 2310 3636 part.
2341 3569 2524 3641 quar-st.
2557 3565 2610 3627 9,
2643 3571 2750 3619 art.
2785 3565 2820 3618 3
2846 3565 2920 3619 ad
2946 3567 2999 3631 2,
3033 3564 3130 3620 ubi

1776 3641 1856 3697 ait
1880 3663 1893 3698 ε
1926 3641 2032 3698 Per
2058 3644 2293 3699 calorem
2321 3646 2630 3717 disponitur
2651 3647 2883 3700 'nuceria
2906 3645 2980 3699 ad
3004 3663 3132 3701 sus-

1775 3724 2083 3797 cipiendam
2123 3727 2364 3798 sormam
2404 3728 2580 3795 iqui&
2606 3744 2712 3798 qua
2752 3735 2935 3782 tamen
2960 3729 3130 3785 adve-

1775 3809 1972 3874 niente,
2023 3808 2175 3864 calor
2214 3826 2322 3864 non
2361 3817 2545 3876 cessat,
2576 3811 2668 3864 sed
2705 3819 2944 3882 remanet
2972 3814 3131 3885 quasi

1774 3889 1998 3961 quidam
2025 3890 2239 3961 effectus
2265 3891 2395 3945 talis
2420 3892 2626 3963 sermm.

1847 3971 1941 4024 75.
1962 3971 2088 4025 Haec
2114 3971 2474 4043 philosophia
2503 3972 2655 4027 male
2683 3977 2905 4045 torquet
2931 3972 3129 4031 adver·
3154 3981 3318 4076 ἓξὲξ

1772 4048 1974 4114 sari05,
2001 4056 2057 4106 et
2080 4051 2362 4123 praecipue
2389 4053 2735 4109 ThomistaS.
2768 4053 3011 4118 Quidam
3033 4073 3129 4112 au-

1774 4134 1890 4184 tem
1940 4130 2235 4202 perdoctus
2270 4133 2469 4205 junior
2496 4133 2629 4190 huic
2676 4136 2891 4191 ultimae
2920 4136 3128 4208 proba-

1774 4211 1919 4269 tioni
1943 4210 2249 4285 dupliciter
2270 4215 2517 4271 occurrit
2539 4239 2551 4271 ι
2578 4218 2766 4288 primo
2787 4219 3125 4291 negat,quod

1773 4292 2035 4350 accidens
2091 4311 2438 4368 consequens
2503 4296 2750 4354 formam
2814 4299 3126 4358 secundum

1771 4391 1937 4431 suam
1989 4377 2255 4433 ultimam
2298 4377 2708 4443 differentiam,
2760 4377 3022 4451 disponat
3062 4384 3133 4439 ad

1774 4455 2024 4512 sormam
2072 4457 2387 4514 secundum
2437 4458 2677 4515 eandem
2724 4458 3132 4531 differentiam„

1772 4552 1873 4593 seu
1901 4537 2147 4610 gradum
2192 4538 2649 4606 consideratam3
2693 4542 2881 4597 solum
2927 4545 3137 4619 quippe

1774 4618 2046 4686 admittit,
2102 4620 2252 4692 quod
2303 4621 2615 4678 accidentia
2666 4635 3011 4697 consequuta
3062 4627 3134 4683 ad

1773 4701 2024 4758 formam
2050 4703 2364 4758 secundum
2403 4705 2613 4778 gradus
2645 4708 2970 4777 superiores
3011 4709 3132 4765 dis-

1773 4786 1992 4853 ponant
2020 4781 2088 4837 ad
2115 4782 2357 4840 eandem
2379 4785 2626 4842 sormam
2655 4786 2967 4844 secundum
2994 4804 3133 4862 gra-

1772 4863 1881 4919 dus
1927 4863 2270 4933 inferiores;
2304 4882 2376 4924 ne
2415 4868 2631 4926 scilicet
2677 4870 2824 4926 hanc
2868 4877 3130 4928 mutuam

1773 4948 2168 5003 causalitatem
2190 4948 2473 5023 obligetur
2496 4952 2801 5010 concedere
2823 4954 2974 5011 inter
2995 4971 3132 5011 cau-

1772 5045 1898 5086 sam
1944 5028 2303 5100 essicientem,
2347 5038 2404 5088 et
2448 5050 2617 5090 suum
2656 5034 2939 5091 effectum.
2969 5035 3131 5101 Quod
