3647 5753
514 368 624 422 682
1556 363 1648 417 DE
1689 361 1992 417 NATURA
2029 360 2309 416 MERITI.

518 536 712 609 aliqua
737 543 897 608 parte
922 536 1262 604 defectu050,
1293 537 1520 596 etiamsi
1549 554 1620 595 ex
1642 537 1755 594 alia
1783 535 1879 593 bo-

519 617 757 674 nitatem
788 617 1024 675 haberet
1047 661 1060 684 ,
1107 619 1350 675 omnino
1379 625 1694 695 repugnat;
1734 618 1879 674 alias

517 700 739 756 malitia
792 701 893 758 illa
934 700 1304 757 ordinaretur
1342 701 1517 758 etiam
1570 702 1641 758 ad
1700 699 1878 758 finem

412 776 421 787 ‘
516 780 834 848 charitatiS,
863 787 917 837 et
945 782 1007 837 in
1033 784 1211 838 Deum
1238 781 1658 838 refunderetur.
1692 785 1880 846 Quare

521 861 653 917 bule
666 860 984 918 difficultati
1014 862 1075 918 in
1096 862 1360 934 praesenti
1388 862 1878 936 supersedendum

520 949 627 1000 est.

992 1102 1274 1156 DUBIUM
1315 1103 1413 1156 IV.

525 1254 722 1312 Utrum
745 1259 818 1312 ad
840 1260 1095 1312 meritum
1118 1260 1437 1335 requiratur
1469 1264 1648 1313 status
1674 1259 1798 1327 vise,
1830 1266 1881 1313 et

742 1343 802 1395 in
841 1359 945 1416 quo
984 1348 1162 1398 status
1201 1343 1298 1397 iste
1336 1341 1643 1397 consistat?

593 1498 754 1554 Nihil
784 1497 876 1555 hic
912 1497 982 1556 de
1020 1498 1135 1566 via,
1186 1503 1242 1555 et
1269 1500 1473 1556 merito
1502 1497 1874 1572 Angelorum,

516 1595 615 1637 seu
654 1581 669 1635 l
716 1586 863 1651 part.
896 1586 1077 1656 quaest.
1121 1581 1215 1644 62,
1259 1586 1371 1636 art.
1396 1581 1430 1633 5
1458 1588 1507 1635 et
1530 1581 1584 1647 9,
1609 1586 1658 1634 et
1686 1596 1737 1656 q.
1783 1581 1876 1646 63,

519 1670 628 1718 art.
655 1663 710 1728 6,
742 1660 811 1716 de
836 1675 947 1731 quo
978 1660 1144 1731 plura
1174 1660 1430 1717 diximus
1457 1668 1618 1716 tract.
1648 1664 1701 1728 7,
1733 1657 1876 1733 disp.

527 1744 609 1807 12,
636 1741 761 1796 dub.
793 1741 846 1796 3.
876 1740 1037 1796 Circa
1063 1746 1275 1796 statum
1294 1758 1429 1799 vero
1454 1741 1516 1797 in
1546 1740 1882 1798 hominibus

520 1821 590 1879 ad
619 1820 895 1876 meritum
951 1821 1288 1893 requisitum
1319 1822 1509 1895 primo
1562 1820 1879 1878 videndum

517 1910 623 1966 est,
650 1910 843 1958 utrum
871 1901 1073 1959 debeat
1099 1919 1218 1961 esse
1239 1910 1417 1959 status
1444 1902 1875 1970 viae?Secundo‚

515 1986 791 2059 quamdiu
831 1991 1010 2042 status
1056 1986 1149 2043 hic
1200 1986 1384 2056 duret,
1412 1986 1620 2058 etquis
1659 1989 1733 2043 sit
1758 1987 1881 2060 ejus

519 2070 845 2126 terminus?

1136 2233 1251 2301 §1-

518 2390 837 2448 Ostenditur
876 2389 1164 2444 necessitas
1201 2395 1380 2445 status
1417 2389 1518 2443 viso
1555 2387 1630 2442 ad
1668 2404 1881 2443 meren-

590 2465 722 2519 dum
775 2463 838 2516 cle
896 2463 1002 2533 Ieye
1040 2462 1336 2519 ordinaria
1383 2482 1401 2518 .·
1439 2468 1489 2516 et
1530 2461 1767 2538 qualiter
1817 2463 1884 2518 de

510 2561 513 2562 ⁷
590 2538 833 2610 potentia
860 2535 1112 2592 absoluta
1149 2540 1319 2611 possit
1360 2553 1469 2594 esse
1496 2539 1751 2591 meritum
1777 2555 1881 2593 ex-

596 2618 685 2665 tra
726 2614 895 2667 viam.

594 2767 686 2823 26.
734 2766 1048 2823 Dicendum
1088 2772 1173 2823 est
1220 2767 1427 2839 prim0,
1482 2765 1552 2822 ad
1605 2768 1882 2824 meritum

523 2847 909 2904 necessarium
937 2863 1059 2906 esse
1080 2846 1149 2905 de
1191 2850 1314 2923 lege
1342 2846 1643 2905 ordinaria
1670 2853 1883 2906 statum

307 2935 363 2975 D·
384 2934 485 2975 '1¹¹¹0·
522 2928 783 2985 viatoris,
806 2929 889 2984 lta
914 2930 975 2984 D.
1008 2924 1213 2986 Thom.
1249 2931 1266 2983 l
1295 2936 1448 3001 part.
1472 2931 1751 3007 quaestffl,
1768 2936 1879 2985 art.

520 3011 555 3063 9
582 3016 628 3063 et
657 3011 711 3074 2,
743 3010 798 3073 2,
825 3025 876 3082 q.
912 3010 995 3076 13,
1027 3017 1131 3065 art.
1159 3011 1195 3064 4
1237 3017 1284 3065 et
1305 3017 1486 3087 quaest.
1516 3011 1604 3079 83,
1644 3018 1753 3067 art.
1796 3011 1880 3076 ll,

519 3098 569 3145 et
598 3091 802 3163 3part.
829 3096 1009 3168 quaest.
1047 3091 1129 3158 19,
1155 3091 1328 3157 art.3,
1358 3097 1408 3145 et
1435 3091 1498 3145 de
1526 3091 1671 3147 malo
1698 3098 1879 3169 quast.

518 3176 574 3238 7,
607 3179 717 3228 art.
757 3174 840 3238 11,
872 3172 935 3227 de
976 3171 1145 3231 Verit.
1176 3180 1357 3251 quaest.
1402 3174 1492 3243 29,
1520 3183 1628 3232 art.
1655 3177 1709 3241 6,
1747 3182 1796 3230 et
1825 3178 1886 3230 in

521 3254 555 3308 3
582 3253 710 3309 dist.
772 3253 854 3318 18,
891 3261 1070 3331 φακοὶ.
1108 3257 1153 3321 l,
1205 3261 1315 3311 art.
1356 3258 1402 3322 l,
1453 3258 1514 3312 in
1540 3258 1596 3323 4,
1628 3257 1755 3312 dist.
1797 3258 1881 3324 15,

521 3340 704 3410 quaest.
737 3335 790 3398 4,
818 3340 926 3388 art.
959 3335 1013 3399 6,
1065 3337 1381 3412 quaestiitnc.
1410 3338 1445 3393 2
1467 3338 1542 3394 ad
1580 3338 1632 3405 3,
1661 3341 1717 3393 et
1757 3335 1887 3391 aliis

523 3413 682 3469 lociS.
712 3416 906 3471 Scotus
933 3417 1106 3471 citata
1126 3417 1254 3471 dist.
1291 3417 1373 3483 18,
1400 3425 1579 3492 quaist.
1612 3419 1799 3483 unica,
1827 3418 1887 3470 in

301 3508 490 3566 Duraad.
520 3494 644 3564 sine,
700 3492 1004 3549 Durandus
1050 3502 1232 3573 quaest.
1277 3498 1331 3562 2,
1365 3515 1517 3554 num.
1548 3500 1600 3565 5,
1654 3494 1885 3553 Gabriel

306 3558 494 3652 {ffiffiffl‘
523 3594 573 3651 q.
605 3578 762 3641 hart.
801 3578 845 3643 1,
872 3578 1081 3632 Suarez
1105 3576 1199 3632 ubi
1230 3594 1556 3653 supra,cap.
1588 3580 1650 3634 14
1675 3580 1882 3651 plureS,

315 3660 486 3701 snarez.
526 3657 784 3713 referens
830 3674 900 3714 ex
930 3659 1184 3730 antiquis
1229 3661 1606 3729 Scholasticis,
1640 3664 1881 3718 Montes

308 3709 488 3799 ἓῗιιῖιξὲῗξ
524 3740 665 3811 disp.
699 3741 789 3804 35,
817 3758 868 3817 q.
895 3742 949 3805 5,
996 3741 1191 3796 Zumel
1234 3742 1297 3797 in
1345 3743 1627 3814 praesenti,
1661 3744 1799 3817 disp.
1828 3743 1881 3809 2,

334 3808 461 3859 Vm·
523 3823 671 3875 circa
692 3822 872 3892 finem,
907 3822 1080 3894 Vasq.
1122 3826 1178 3877 et
1217 3822 1320 3877 alii
1349 3824 1731 3895 ExpositoreS.
1758 3825 1888 3879 Est-

522 3917 630 3973 que
678 3901 914 3958 assertio
970 3903 1085 3958 haec
1138 3903 1304 3959 valde
1368 3907 1693 3961 communis
1734 3903 1888 3960 inter

522 3984 856 4057 'l'heologos‚
873 3990 929 4040 et
953 3999 1081 4041 eam
1107 3983 1307 4041 docent
1330 3987 1522 4057 plures
1543 3989 1638 4043 SS.
1666 3990 1884 4055 Patres„

522 4081 662 4136 quos
690 4067 899 4121 Suarez
926 4065 1099 4121 refert
1128 4067 1246 4123 loco
1289 4067 1480 4136 citato,
1507 4073 1563 4125 et
1590 4077 1732 4125 tomo
1764 4071 1780 4124 l
1829 4071 1890 4124 in

526 4148 560 4200 3
586 4154 734 4218 part.
761 4147 901 4219 disp.
930 4146 1019 4213 39,
1047 4154 1172 4204 sect.
1198 4148 1255 4203 3.

336 4252 498 4296 runda—
605 4229 903 4300 Potestque
942 4226 1173 4299 probari
1204 4229 1395 4301 primo
1439 4246 1510 4287 ex
1544 4229 1648 4287 illo
1697 4233 1890 4288 Eccle-

306 4308 719 4395 ffifflfflftiasfiss
746 4312 781 4363 9
812 4332 825 4366 :
858 4310 1241 4386 Quodcumque
1287 4318 1463 4383 potest
1507 4329 1661 4383 affere
1689 4329 1892 4369 manus

335 4400 472 4445 ritate.
528 4397 645 4455 tua,
680 4393 951 4446 instanter
990 4408 1213 4463 operare
1234 4410 1253 4458 ,·
1278 4395 1414 4471 quia
1456 4409 1548 4448 nec
1593 4412 1745 4467 opus,
1797 4412 1892 4449 nec

526 4474 691 4539 ratic,
724 4491 818 4529 nec
844 4473 1118 4546 sapientia
1163 4481 1241 4529 est
1278 4475 1429 4549 apud
1464 4477 1685 4549 inferos,
1740 4479 1813 4531 Ac
1841 4474 1889 4531 si

528 4553 761 4621 diceret,
790 4556 996 4622 locum,
1030 4561 1084 4613 et
1106 4562 1333 4629 tempus
1361 4558 1627 4614 merendi
1646 4574 1767 4616 esse
1795 4574 1891 4615 so-

531 4636 652 4691 lum
684 4636 747 4692 in
793 4636 896 4693 hac
923 4638 1062 4704 vita,
1090 4654 1214 4710 quae
1243 4636 1411 4695 habet
1441 4639 1722 4698 rationem
1745 4640 1889 4708 viae3

326 4747 489 4791 0105„
535 4720 742 4776 nonin
796 4719 1009 4785 futura,
1040 4725 1104 4775 ut
1146 4722 1382 4793 exponit
1409 4721 1624 4780 ibidem
1671 4724 1887 4790 Glossa,

319 4797 507 4901 Βζῑὲῖῐῇἱ,
534 4808 590 4859 et
611 4804 673 4858 D.
709 4802 1044 4877 Hieronym.
1077 4809 1132 4860 et
1159 4805 1392 4877 Gregor.
1439 4804 1530 4862 lib.
1559 4808 1593 4861 4
1645 4807 1895 4878 dialoyo-

509 4880 678 4951 ἀτη,
700 4900 819 4955 cap.
846 4883 919 4937 39
944 4890 1023 4948 ;et
1044 4882 1351 4950 Eccles.l4,
1378 4901 1530 4941 num.
1567 4887 1648 4951 17,
1680 4886 1760 4943 sic
1786 4886 1895 4943 ha-

534 4962 630 5021 bes
662 4965 843 5024 :Ante
867 4966 1072 5022 obitum
1110 4974 1268 5024 tuum
1314 4985 1537 5042 operare
1577 4969 1889 5039 justitiam,

2008 536 2140 613 quia
2167 553 2276 591 non
2303 543 2380 592 est
2394 538 2545 609 apud
2564 537 2769 611 inferos
2808 540 3055 594 invenire
3080 537 3284 603 cibum,
3315 533 3389 590 id

2008 622 2091 673 est
2112 617 2408 682 meritum,
2432 619 2532 679 ‚vel
2589 623 2812 693 tempus
2859 618 3141 683 merendi,
3175 622 3238 672 ut
3292 621 3379 673 est

2009 699 2335 756 communis
2374 700 2677 774 expositio.
2717 703 2882 758 Joan.
2909 703 2945 757 9
2976 722 2989 757 :
3028 700 3210 759 Veniet
3236 717 3374 765 nox,

2008 781 2227 860 quando
2255 800 2410 840 nemo
2436 787 2634 858 poterit
2658 787 2877 858 operari
2901 803 2923 852 ,·
2950 783 3009 840 id
3029 789 3132 850 est,
3180 782 3380 840 veniet

2009 879 2184 932 morS,
2218 864 2281 921 in
2309 882 2420 938 qua
2447 868 2646 923 nullus
2675 867 2884 939 poterit
2915 866 3151 932 mereri,
3187 869 3249 920 ut
3268 879 3379 921 ex-

2011 952 2232 1019 ponunt
2278 946 2495 1004 ibidem
2557 951 2792 1023 August.
2858 946 3229 1004 (Ecumenius
3261 988 3274 1012 ,
3318 950 3378 1002 et
3392 949 3448 990 D·
3467 950 3552 1000 m-

2009 1028 2633 1100 Theophilactustem
2649 1030 2850 1088 suadet
2878 1030 3151 1104 parabola
3175 1027 3244 1085 de
3270 1028 3378 1084 vil·
3391 1000 3559 1091 (8.,ῗὲ

2011 1109 2136 1176 lico,
2167 1128 2293 1184 quae
2322 1112 2564 1179 habetur
2590 1112 2747 1170 Lueae
2775 1116 2857 1179 19,
2878 1111 2967 1169 cui
2991 1129 3122 1169 cum
3146 1097 3548 1185 tempusm

2009 1189 2333 1248 advenisset
2355 1191 2631 1249 reddendi
2657 1193 2940 1250 rationem
2994 1192 3378 1249 villicationis

2007 1286 2141 1337 suae,
2174 1271 2389 1329 dictum
2415 1280 2499 1330 est
2533 1296 2545 1329 ε
2575 1273 2707 1330 Jam
2735 1291 2843 1329 non
2865 1275 3072 1346 poteris
3090 1273 3373 1330 villicare.

2083 1360 2175 1415 27.
2223 1359 2505 1416 Probatur
2527 1359 2736 1417 deinde
2759 1360 2876 1416 haec
2906 1359 3118 1417 veritas
3148 1360 3377 1417 ratione
3417 1363 3540 1407 naun.

2009 1440 2308 1515 desumpta
2335 1459 2406 1500 ex
2433 1446 2496 1500 D.
2526 1444 2730 1500 Thom.
2782 1443 2921 1500 locis
2966 1444 3153 1500 citatis
3174 1468 3188 1511 ;
3232 1460 3375 1501 nam

2010 1523 2285 1579 meritum
2328 1523 2643 1582 secundum
2672 1540 2731 1580 se
2760 1525 3038 1597 importat
3084 1526 3375 1582 rationem

2010 1605 2119 1661 viae
2146 1622 2315 1682 :ergo
2337 1608 2474 1680 petit
2500 1611 2712 1663 statum
2737 1607 3377 1680 viatoris.consequen-

2011 1686 2090 1742 tia
2113 1693 2303 1759 patet;
2336 1689 2610 1761 quoniam
2645 1689 2802 1744 viam
2857 1694 3075 1744 certum
3125 1692 3212 1745 est
3258 1704 3378 1745 non

2013 1784 2171 1842 posse
2202 1786 2323 1827 esse
2348 1772 2461 1827 nisi
2493 1773 2555 1827 in
2583 1772 2822 1828 viatore.
2854 1771 3209 1829 Antecedens
3237 1786 3378 1828 vero

2014 1851 2287 1923 probatur
2312 1875 2326 1918 ;
2353 1868 2491 1908 nam
2519 1852 2793 1909 meritum
2840 1859 2923 1908 est
2965 1854 3121 1909 velut
3161 1857 3376 1916 motus,

2011 1948 2109 1988 seu
2138 1932 2452 1999 tendentia,
2486 1936 2645 2008 cujus
2683 1933 2989 2002 terminuS,
3016 1940 3072 1989 et
3111 1930 3248 1988 finis
3294 1939 3384 1988 est

2012 2013 2316 2086 praemium
2351 2040 2363 2078 ;
2393 2021 2449 2072 et
2496 2014 2623 2071 ideo
2661 2013 2810 2070 dixit
2836 2016 2982 2088 Aug.
3014 2016 3214 2071 Doctor
3265 2016 3382 2070 toco

2010 2098 2175 2149 citato
2201 2112 2272 2149 ea:
2302 2096 2319 2150 1
2348 2104 2499 2168 part.
2528 2098 2588 2150 in
2603 2095 2868 2150 solutione
2910 2096 2986 2150 ad
3018 2097 3062 2162 l,
3089 2093 3239 2167 quod
3262 2113 3382 2150 τηε-
3409 2133 3428 2149 .

2011 2180 2121 2233 reri
2140 2185 2216 2232 est
2241 2179 2382 2249 ejus,
2408 2178 2553 2257 quod
2571 2185 2816 2232 movetur
2836 2176 2911 2232 ad
2935 2175 3098 2238 finem
3126 2195 3145 2230 .·
3169 2181 3228 2232 at
3249 2192 3385 2233 mo-

2011 2263 2102 2313 tus
2152 2258 2340 2330 seipso
2390 2259 2664 2331 importat
2706 2257 2993 2315 rationem
3039 2258 3192 2323 viat-5
3235 2255 3383 2314 dum

2010 2340 2166 2396 enim
2197 2340 2402 2412 aliquis
2443 2346 2725 2407 movetur,
2755 2339 3015 2396 nondum
3051 2344 3137 2395 est
3158 2339 3222 2393 in
3250 2342 3380 2395 ter-

2012 2422 2175 2478 mino
2200 2427 2406 2486 motus,
2433 2420 2528 2477 sed
2553 2421 2616 2477 in
2645 2421 2739 2477 via
2766 2420 2837 2478 ad
2861 2422 3051 2487 illum,
3080 2421 3225 2478 alias
3247 2437 3381 2479 mo-

2013 2510 2243 2560 veretur
2269 2503 2466 2568 simul,
2499 2509 2555 2561 et
2579 2505 2893 2577 quiesceret
2919 2525 2932 2559 :
2956 2520 3112 2578 ergo.

2089 2581 2480 2640 confirmatur
2506 2600 2576 2640 ex
2591 2584 2789 2641 eodem
2817 2586 2878 2640 D.
2905 2584 3109 2641 Thom.
3130 2586 3190 2640 in
3211 2582 3379 2647 3,ubi
3420 2593 3556 2648 coutr-

2012 2681 2206 2737 supra,
2232 2669 2286 2721 et
2313 2664 2482 2722 citato
2531 2666 2649 2721 loco
2677 2663 2747 2721 de
2786 2665 3067 2722 veritate:
3098 2665 3379 2737 quoniam
3425 2648 3546 2686 ¹³⁸¹*

2013 2746 2152 2802 dum
2182 2747 2390 2819 aliquis
2437 2753 2715 2814 meretur,
2768 2746 2951 2803 adhuc
2989 2752 3074 2804 est
3114 2747 3178 2803 in
3224 2751 3377 2802 statu

2016 2829 2370 2904 proficiendi,
2396 2834 2452 2887 et
2474 2830 2803 2904 acquirendi
2833 2829 3155 2888 mercedem
3187 2851 3199 2886 ε
3225 2829 3380 2887 unde

2015 2912 2179 2971 debet
2200 2913 2390 2985 aliquo
2418 2911 2587 2970 modo
2615 2929 2810 2970 carere
2861 2914 2982 2977 illo,
3009 2912 3158 2986 quod
3189 2928 3380 2970 mere-

2015 3000 2110 3050 tur
2144 3016 2155 3049 :
2179 2993 2276 3050 sed
2331 2998 2511 3049 status
2556 2994 2906 3066 proficiendi,
2938 2999 2995 3050 et
3044 2992 3378 3066 acquirendi

2014 3080 2098 3132 est
2118 3079 2297 3129 status
2317 3074 2616 3131 existentis
2644 3075 2706 3132 in
2735 3076 2829 3132 via
2861 3099 2875 3142 ;
2899 3079 2984 3131 est
3010 3076 3169 3131 enim
3197 3079 3380 3130 status

2014 3156 2277 3213 exeuntis
2305 3154 2374 3211 de
2401 3157 2653 3228 potentia
2707 3156 2768 3212 in
2796 3163 3003 3223 actum,
3030 3162 3085 3212 et
3112 3157 3235 3231 ejus
3281 3155 3377 3228 qui

2017 3236 2275 3293 nondum
2300 3238 2563 3309 pervenit
2591 3236 2661 3293 ad
2689 3237 3006 3294 terminum
3036 3252 3208 3311 :ergo
3230 3252 3378 3310 prae-

2016 3319 2198 3375 dictus
2218 3325 2397 3376 status
2420 3320 2736 3391 requiritur
2765 3318 2834 3376 ad
2865 3319 3160 3376 meritum.

2090 3413 2180 3467 28.
2227 3414 2340 3467 Nec
2367 3409 2560 3478 refert,
2619 3410 2665 3465 si
2695 3411 2930 3485 objicias
2957 3411 3377 3484 primocontra
3411 3409 3542 3503 ogger-

2018 3495 2324 3560 rationem,
2373 3493 2521 3567 quod
2571 3496 2660 3551 vel
2711 3495 2964 3551 nimium
3013 3493 3235 3567 probat,
3285 3494 3375 3550 rel
3493 3491 3502 3499 ’

2018 3593 2135 3634 non
2162 3582 2245 3633 est
2264 3577 2460 3635 efficax
2487 3598 2500 3632 ε
2531 3578 2732 3649 probat
2759 3578 2939 3643 enim,
2969 3578 3020 3632 si
3042 3584 3127 3634 est
3153 3577 3372 3642 efficax,

2015 3661 2164 3734 quod
2192 3677 2374 3734 neque
2401 3660 2470 3718 de
2500 3662 2749 3733 potentia
2781 3662 2879 3718 Dei
2909 3660 3168 3718 absoluta
3201 3661 3377 3735 possit

2017 3742 2226 3814 aliquis
2255 3742 2469 3799 mereri
2509 3742 2761 3799 existens
2800 3748 2962 3799 extra
2985 3743 3141 3798 viam
3177 3747 3263 3798 :at
3278 3743 3382 3797 hoc

2017 3829 2101 3880 est
2122 3822 2349 3890 falsum,
2377 3830 2438 3879 ut
2466 3823 2661 3878 statim
2708 3822 2966 3879 dicemus
3001 3838 3179 3897 :ergo
3231 3837 3381 3894 prae·

2018 3903 2165 3959 dicta
2190 3904 2335 3960 ratio
2357 3920 2475 3961 non
2522 3902 2849 3960 estefficax.
2882 3904 3118 3978 Sequela
3173 3901 3383 3975 proba-

2021 3991 2113 4042 tur
2142 4011 2156 4055 ;
2188 4002 2324 4042 nam
2354 3988 2500 4044 ratio
2551 3986 2696 4042 sacta
2744 3987 3021 4044 innititur
3062 3992 3301 4052 naturae,
3327 3990 3388 4042 et

2018 4069 2277 4125 essentiae
2300 4069 2479 4142 ipsius
2509 4066 2809 4133 meriti,de
2833 4071 2992 4143 cujus
3023 4070 3246 4126 ratione
3271 4073 3382 4133 est,

2021 4155 2081 4205 ut
2123 4149 2198 4204 sit
2226 4155 2432 4214 motuS,
2464 4154 2518 4205 et
2549 4150 2661 4214 via,
2689 4155 2854 4221 atque
2877 4149 3016 4207 adeo
3043 4150 3392 4206 constituere

2019 4229 2334 4304 subjectum
2351 4273 2364 4296 ,
2387 4230 2461 4286 in
2487 4247 2597 4302 quo
2623 4237 2725 4296 est,
2760 4232 2915 4287 intra
2941 4237 3152 4287 statum
3198 4230 3393 4287 viato-

2024 4313 2102 4368 ris
2130 4333 2141 4367 ε
2169 4310 2227 4367 id
2257 4317 2469 4377 autem,
2493 4310 2642 4383 quod
2665 4317 2749 4367 est
2774 4311 2844 4367 de
2875 4318 3083 4368 natura
3109 4312 3213 4376 rei,
3245 4313 3394 4368 nul·

2021 4396 2078 4451 la
2106 4393 2362 4467 potentia
2378 4393 2502 4466 quit
2530 4393 2600 4448 ab
2621 4408 2687 4448 ea
2709 4395 2925 4450 auferri
2954 4415 2966 4449 :
2997 4410 3132 4468 ergo
3153 4394 3202 4449 si
3233 4409 3394 4466 prae-

2022 4475 2174 4531 dicta
2197 4476 2341 4532 ratio
2380 4480 2466 4531 est
2485 4474 2699 4540 efficax,
2750 4476 2915 4532 nulla
2961 4476 3214 4548 potentia
3254 4474 3390 4533 dari

2024 4562 2209 4634 posset
2234 4557 2511 4613 meritum
2526 4563 2691 4614 extra
2717 4556 2896 4614 viam.

2097 4641 2224 4696 Non
2252 4638 2442 4710 itaque
2470 4639 2574 4695 hoc
2596 4638 2771 4695 refert
2797 4662 2811 4705 ;
2838 4637 3100 4713 neganda
3118 4644 3203 4695 est
3222 4637 3390 4695 enim
3405 4664 3592 4709 unffi.

2022 4720 2249 4792 sequela
2276 4717 2588 4791 loquendo,
2647 4723 2709 4773 ut
2749 4718 2919 4776 modo
2952 4719 3263 4790 loquimur,
3316 4717 3395 4774 de

2023 4803 2139 4869 via,
2164 4819 2290 4875 quae
2318 4803 2392 4858 sit
2438 4803 2536 4858 via
2563 4801 2923 4874 simpliciter,
2954 4819 3190 4875 quaeque
3216 4801 3394 4860 abso-

2026 4886 2144 4943 lute
2168 4885 2474 4942 constituat
2522 4890 2734 4941 statum
2765 4884 3005 4942 viatoris
3031 4891 3125 4942 :et
3150 4883 3222 4941 ad
3250 4901 3396 4959 pro-

2025 4966 2315 5025 bationem
2332 4965 2638 5023 dicendum
2654 4964 2912 5039 est,quod
2935 4965 3067 5023 licet
3087 4966 3389 5032 meritum,

3234 5046 3396 5121 quod
