3647 5753
1284 373 1465 431 DISP.
1509 373 1608 440 vl,
1651 372 1819 430 DUB.
1861 373 1958 431 111.

171 540 366 618 digno,
386 543 510 618 J‘am
531 545 699 619 impii
718 545 1046 620 justificatio
1068 562 1186 604 non
1217 543 1382 603 fieret
1399 559 1539 620 gra-

173 624 265 692 tis,
308 623 408 682 sed
451 642 522 683 ex
566 628 794 685 meritis
840 626 1307 701 praecedentibus,
1354 631 1420 682 ut
1462 643 1537 683 ex

174 704 314 779 ipsis
337 706 610 764 terminis
638 709 815 783 liquet
842 730 855 765 :
879 725 1017 784 ergo
1041 708 1357 766 secundum
1386 723 1536 783 prae-

171 792 394 846 sentem
423 790 846 862 providentiam
892 793 1101 849 merita
1135 790 1275 866 justi
1330 806 1447 849 non
1474 806 1536 849 se

172 868 490 927 extendunt
511 871 582 928 ad
602 872 947 931 merendum
969 872 1040 930 de
1064 872 1348 947 condigno
1376 888 1535 946 repa-

179 951 462 1009 rationem
486 960 609 1026 post
634 956 881 1029 lapsum.

59 1031 164 1076 ⁰¹¹0·
253 1033 639 1094 confirmatur
658 1036 926 1106 secundo,
957 1038 1093 1111 quia
1132 1035 1203 1093 ad
1254 1034 1531 1092 meritum

173 1115 245 1174 de
270 1115 555 1192 condigno
602 1120 917 1191 requiritur
965 1124 1211 1192 pactum,
1242 1117 1366 1173 sive
1393 1132 1532 1189 pro-

169 1197 372 1256 missio
423 1201 802 1273 praemiantis,
862 1207 925 1259 ut
967 1200 1223 1257 diximus
1272 1199 1414 1266 disp.
1478 1199 1524 1267 1,

166 1282 292 1338 dub.
317 1282 382 1349 6,
402 1281 500 1338 sed
527 1281 597 1339 de
619 1282 764 1340 facto
793 1285 938 1340 Deus
953 1283 1106 1357 justo
1133 1281 1381 1338 merenti
1411 1294 1529 1336 non

165 1362 435 1437 promisit
481 1365 905 1438 reparationem
951 1369 1076 1438 post
1124 1364 1381 1435 lapsum;
1426 1376 1530 1418 nec

164 1444 325 1501 enim
349 1444 412 1501 in
433 1460 594 1501 sacra
614 1445 909 1518 Scriptura
935 1444 1068 1501 talis
1092 1443 1401 1517 promissio
1441 1443 1528 1500 le-

164 1525 337 1600 gitur,
370 1523 468 1582 sed
497 1525 686 1599 potius
706 1526 915 1583 adsunt
939 1525 1233 1600 oppositae,
1266 1529 1321 1582 et
1341 1523 1529 1579 mani-

167 1605 320 1662 iestae
345 1607 869 1665 comminationes:
911 1623 1046 1681 ergo
1086 1608 1277 1682 justus
1321 1619 1526 1661 secun-

166 1687 305 1746 dum
329 1694 665 1763 praesentem
682 1691 1108 1765 providentiam
1134 1706 1251 1747 non
1271 1694 1528 1746 meretur

165 1767 236 1826 de
262 1770 544 1845 condigno
567 1772 993 1844 reparationem
1020 1777 1143 1846 post
1168 1772 1412 1842 lapsum.

112 1901 123 1913 .
242 1850 632 1909 confirmatur
660 1855 846 1920 tertio,
872 1855 1006 1927 quia
1032 1852 1345 1910 secundum
1373 1865 1526 1925 prae-

165 1938 386 1990 sentem
414 1934 515 1990 Dei
543 1934 968 2006 providentiam
999 1935 1274 1992 meritum
1296 1932 1366 1989 de
1385 1947 1526 1989 con-

164 2014 358 2090 digne,
390 2021 446 2073 et
473 2018 777 2088 praemium
804 2018 858 2074 ei
886 2015 1339 2090 correspondens
1365 2031 1525 2071 com-

165 2104 443 2170 parantur
471 2099 625 2155 inter
650 2115 710 2155 se
751 2100 914 2173 juxta
960 2116 1163 2158 eorum
1200 2098 1524 2154 naturalem

160 2180 535 2253 exigentiam
558 2196 662 2237 nec
689 2181 848 2237 enim
872 2181 1029 2239 adest
1054 2179 1519 2245 fundamentum,

165 2264 225 2316 ut
249 2260 528 2328 dicamus,
559 2261 709 2334 quod
748 2278 995 2335 praesens
1025 2262 1126 2319 Dei
1163 2260 1525 2335 providentia

164 2346 316 2401 hunc
342 2343 608 2401 ordinem
637 2345 879 2402 invertit
911 2368 923 2403 :
954 2346 1110 2420 atqui
1134 2361 1253 2402 non
1279 2351 1363 2402 est
1383 2359 1525 2400 con—

161 2441 370 2485 sonum
397 2432 617 2482 naturae
636 2426 833 2482 meriti
850 2427 919 2484 de
938 2426 1221 2500 condigno
1241 2424 1520 2493 ordinari,

161 2514 218 2567 et
243 2508 474 2567 extendi
521 2507 592 2563 ad
621 2510 1046 2580 reparationem
1077 2510 1345 2566 amicitiae
1371 2509 1526 2565 inter

98 2654 99 2657 Ἴ
164 2596 507 2657 merentem,
538 2596 595 2648 et
631 2592 1051 2664 praemiantem,
1082 2609 1210 2666 quse
1257 2597 1380 2665 post
1431 2591 1523 2664 ip-

159 2690 290 2729 sum
313 2673 588 2730 meritum
613 2673 982 2739 rescinditur,
1009 2680 1071 2729 ut
1093 2679 1242 2747 patet
1261 2674 1436 2730 etiam
1459 2673 1524 2730 in

158 2756 468 2822 humanis;
503 2755 812 2812 ridiculum
843 2756 1000 2813 enim
1039 2759 1315 2815 meritum
1354 2763 1518 2824 esset,

157 2837 208 2894 si
257 2837 387 2910 quis
432 2838 617 2895 amico
670 2837 884 2896 diceret
914 2860 926 2895 :
977 2859 1001 2891 ι
1047 2838 1212 2897 Facio
1264 2838 1367 2896 tibi
1418 2840 1524 2898 hoc

160 2941 185 2970 α
230 2916 567 2991 obsequium
598 2916 669 2974 ad
697 2917 1060 2984 merendum,
1097 2925 1157 2974 ut
1207 2926 1401 2992 postea
1428 2935 1524 2976 me

160 3021 186 3051 a
233 3016 461 3058 revoces
489 3000 559 3057 ad
588 3000 736 3056 hanc
763 3001 1100 3067 amicitiam,
1126 3017 1300 3075 quam
1326 3003 1520 3058 statim

156 3105 183 3135 α
228 3082 456 3139 violabo
484 3083 708 3155 alapam
733 3082 837 3139 tibi
858 3083 1192 3158 infligendo,
1220 3090 1315 3140 aut
1358 3091 1521 3141 tuum

158 3186 183 3216 α
231 3162 422 3220 filium
450 3164 757 3223 occidendo
790 3187 804 3221 ε
849 3187 875 3217 ιο
921 3183 1057 3241 ergo
1080 3166 1242 3240 juxta
1265 3183 1523 3238 praesen-

151 3252 271 3303 tem
299 3246 725 3320 providentiam
760 3247 946 3320 justus
988 3263 1107 3303 non
1157 3253 1413 3304 meretur
1452 3247 1524 3305 de

152 3328 438 3403 condigno
467 3331 891 3402 reparationem
922 3335 1043 3402 post
1084 3330 1327 3400 lapsum.
1361 3328 1523 3394 Quod

154 3425 299 3483 opus
325 3424 441 3466 non
460 3415 546 3466 est
585 3410 835 3481 amplius
857 3410 950 3465 hic
974 3408 1312 3466 confirmari
1337 3431 1351 3465 ε
1384 3425 1522 3466 nam

154 3489 481 3548 evidentius
504 3490 687 3547 adhuc
706 3490 987 3548 constabit
1023 3507 1096 3549 ex
1136 3490 1392 3548 dicendis
1419 3509 1522 3568 pro

157 3571 403 3629 secunda
428 3573 814 3630 conclusione.

230 3655 323 3710 64.
355 3654 462 3711 Sed
501 3653 731 3728 oincies
778 3676 791 3710 :
832 3671 969 3712 nam
1014 3655 1329 3713 secundum
1370 3675 1523 3732 prae-

67 3729 87 3752 ’·
155 3740 377 3792 sentem
433 3736 858 3809 providentiam
911 3738 1096 3811 justus
1146 3744 1401 3795 meretur
1451 3740 1522 3800 de

155 3815 440 3890 condigno
490 3832 607 3873 non
634 3817 823 3873 solum
867 3818 1046 3876 vitam
1086 3825 1383 3886 aeternam,
1422 3821 1522 3878 sed

154 3897 332 3954 etiam
355 3895 537 3969 ipsius
575 3898 712 3954 vitae
731 3901 962 3954 aeternae
989 3901 1516 3972 consequutionem‚

73 3989 119 4031 ·.
156 3986 219 4036 ut
263 3978 423 4037 docet
462 3980 677 4036 Concil.
720 3980 980 4038 Trident.
1013 3999 1140 4039 sess.
1173 3985 1227 4047 6,
1253 4002 1378 4041 can.
1404 3987 1516 4053 32;

70 4059 71 4064 ’
128 4061 253 4119 'sed
301 4060 498 4133 nequit
535 4063 804 4134 consequi
855 4064 1033 4120 vitam
1080 4071 1376 4132 aeternam,
1405 4067 1518 4124 nisi

156 4147 282 4215 post
303 4143 527 4214 lapsum
553 4149 851 4215 reparetur
872 4161 1036 4221 :ergo
1053 4147 1239 4221 J'ustus
1260 4146 1330 4205 de
1350 4148 1514 4216 facte,

151 4231 207 4282 et
234 4223 547 4282 secundum
579 4233 915 4296 praesentem
938 4227 1363 4302 providentiam
1391 4248 1519 4290 me-

152 4311 313 4364 retur
358 4306 429 4364 de
455 4306 740 4382 condigno
781 4310 1208 4382 reparationem
1240 4318 1362 4386 post
1389 4316 1520 4389 lap-

148 4404 304 4444 sum.
329 4389 490 4445 Patet
516 4390 919 4462 consequentia
953 4415 967 4458 ;
1000 4407 1137 4448 nam
1159 4394 1258 4465 qui
1286 4392 1357 4452 de
1378 4413 1518 4454 con-

149 4469 327 4545 digno
394 4476 650 4528 meretur
716 4475 1223 4546 consequutionem
1276 4478 1517 4553 alicujus

152 4551 403 4625 praemii,
436 4557 695 4610 meretur
720 4553 895 4609 etiam
923 4553 993 4611 de
1020 4555 1300 4630 condigno
1324 4574 1516 4618 remo-

149 4632 369 4690 tionem
398 4648 620 4699 eorum,
652 4649 779 4706 quae
802 4635 1027 4706 praemii
1058 4639 1513 4710 assequutionem

152 4711 500 4787 impediunt.
527 4713 686 4778 Quod
707 4713 1058 4787 significasse
1077 4717 1302 4775 videtur
1316 4722 1509 4793 Apost.

72 4795 226 4878 ,aad
249 4794 499 4853 Hebraeos
536 4797 590 4857 6,
641 4794 736 4851 ubi
766 4798 1063 4871 alloquens
1101 4798 1316 4868 fideles,
1346 4801 1443 4874 qui
1479 4818 1514 4859 a

71 4868 85 4879 ’
146 4877 356 4951 gratia,
388 4883 441 4933 et
482 4877 705 4950 justitia
750 4876 1102 4945 exciderant,
1134 4880 1216 4936 ait
1266 4901 1279 4936 :
1322 4880 1513 4955 Confi-

149 4959 336 5014 dimus
362 4964 545 5011 autem
572 4957 635 5011 de
665 4957 831 5022 vobis,
861 4959 1224 5026 dilectissimi,
1256 4963 1508 5030 meliora,

147 5048 198 5096 et
242 5039 518 5096 viciniora
562 5038 735 5095 saluti
760 5062 776 5092 .·
804 5057 914 5095 non
949 5042 1098 5096 enim
1142 5044 1381 5114 injustus
1425 5051 1503 5100 est

2919 372 3042 431 835·

1668 546 1836 613 Deus,
1863 553 1921 603 ut
1967 546 2326 604 obliviscatur
2351 548 2526 621 operis
2566 546 2748 612 vestri,
2778 550 2831 599 et
2855 543 3027 599 dilec-

1666 630 1854 699 tionis,
1896 648 2065 708 quam
2103 631 2413 688 ostendistis
2457 632 2517 686 in
2555 630 2772 684 nomine
2812 628 3028 700 ipsius:

1665 712 1761 783 qui
1784 713 2150 769 ministrastis
2173 714 2398 776 sanctis,
2432 719 2528 768 etc.
2562 711 2620 766 Si
2652 715 2845 766 autem
2878 722 3029 779 prae-

1665 788 1801 848 dicti
1821 790 2020 850 fideles
2047 808 2149 867 per
2175 808 2350 865 opera
2372 793 2433 847 in
2454 796 2605 848 statu
2620 789 2859 865 justitiae
2881 787 3028 843 facta

1666 890 1784 932 non
1823 875 2169 934 meruissent
2187 875 2259 933 de
2289 874 2573 949 condigno
2602 871 3026 945 reparationem

1665 962 1790 1031 post
1815 960 2039 1032 lapsum
2065 982 2080 1027 ς
2105 958 2351 1015 minime
2379 960 2564 1032 posset
2590 958 2738 1012 Deus
2779 954 3027 1028 injustus

1662 1039 1795 1108 dici,
1828 1043 2053 1100 tametsi
2078 1043 2317 1101 illorum
2340 1056 2580 1115 operum
2608 1054 2726 1096 non
2756 1033 3025 1094 recorda-

1662 1125 1839 1191 retur,
1865 1123 1967 1181 sed
2010 1140 2077 1182 ea
2123 1141 2359 1198 prorsus
2385 1124 2812 1180 irremunerata
2838 1117 3025 1175 relin-

1698 1208 1878 1263 ueret.

1659 1218 1695 1276 q
1735 1287 1976 1360 Propter
2004 1288 2152 1344 hanc
2181 1285 2566 1360 obJectionem
2600 1282 2837 1358 quidam
2859 1279 3240 1373 di¹⁰·ff³⁰ss¹¹¹m¹2-‘

1661 1367 1978 1440 runt,quod
1993 1368 2180 1443 justus
2201 1383 2304 1440 per
2325 1365 2476 1423 bona
2495 1380 2670 1438 opera
2693 1378 2811 1419 non
2834 1376 3026 1418 mere·
3055 1378 3220 1433 pensio.

1659 1452 1754 1504 tur
1766 1445 1838 1505 de
1865 1448 2147 1524 condigno
2173 1449 2374 1525 gloriae
2392 1443 2895 1518 consequutionem
2920 1441 3026 1499 ab-

1657 1532 1859 1597 solute,
1883 1529 1981 1588 sed
2001 1529 2388 1605 dependenter
2416 1547 2450 1587 a
2467 1526 2796 1586 conditione
2818 1525 3025 1582 futurae

1659 1614 2281 1685 perseverantiae;etita
2293 1615 2517 1671 salvare
2528 1610 2694 1668 facile
2705 1607 3026 1665 sibividen-

1657 1698 1771 1760 tur,
1802 1694 1953 1767 quod
1993 1695 2179 1771 justus
2207 1709 2438 1752 merens
2480 1692 2551 1750 de
2577 1689 2862 1764 condigno
2895 1691 3025 1765 glo-

1659 1773 1831 1840 riam,
1882 1792 2002 1833 non
2047 1782 2339 1834 mereatur
2378 1775 2450 1832 de
2493 1772 2776 1848 condigno
2804 1770 3024 1829 donum

1659 1862 2117 1929 perseverantiae,
2145 1875 2249 1917 nec
2277 1856 2707 1931 reparationem
2737 1859 2862 1926 post
2887 1855 3017 1926 lap·

1656 1955 1807 1996 sum.
1839 1941 1954 1997 Pro
1982 1956 2095 2013 quo
2120 1939 2348 1998 dicendi
2377 1937 2546 1995 modo
2575 1935 2827 1993 refertur
2856 1935 3025 1992 Picus
3038 1929 3240 2025 ffiffl’d..

1655 2020 2098 2078 Mirandulanus
2119 2023 2180 2077 in
2200 2021 2427 2096 Apoloy.
2455 2025 2637 2098 quaest.
2664 2020 2718 2083 2,
2745 2018 2838 2074 cui
2869 2017 3025 2074 iavet

1658 2104 1977 2161 Concilium
2023 2104 2281 2162 Trident.
2328 2106 2451 2161 loco
2478 2103 2542 2158 in
2569 2100 2887 2173 objectione
2930 2101 3016 2157 ci-

1657 2188 1793 2251 tato,
1822 2185 1918 2242 ubi
1941 2187 2021 2243 ait
2047 2208 2060 2243 :
2083 2187 2152 2245 Si
2172 2188 2295 2264 quis
2319 2185 2528 2240 diaeerit
2553 2184 2828 2238 hominem
2844 2183 3025 2254 justi-

1654 2269 1882 2339 ficetum
1908 2287 2017 2327 non
2054 2288 2177 2327 vere
2214 2272 2410 2327 mereri
2435 2274 2787 2339 auymentum
2809 2268 3020 2335 qratiae,

1655 2353 1835 2408 vitam
1857 2362 2132 2420 aternam,
2158 2361 2208 2410 et
2246 2355 2424 2427 ipsius
2463 2353 2585 2407 vitae
2605 2356 2825 2416 aeternz,
2858 2350 2911 2403 si
2939 2356 3024 2404 ta·

1655 2451 1780 2488 men
1831 2437 1892 2490 in
1932 2438 2123 2506 yratia
2172 2434 2473 2499 decesserit,
2525 2431 3017 2506 consequutionem‚

1655 2516 1954 2572 anathema
1981 2520 2071 2574 sit.
2105 2515 2215 2571 Ubi
2246 2514 2424 2579 vides,
2455 2526 2722 2585 expresse
2751 2512 3023 2585 proponit

1654 2596 2047 2655 conditionem
2070 2595 2264 2653 finalis
2287 2594 2750 2669 perseverantiae.

1731 2680 1896 2735 Hunc
1936 2684 2133 2736 tamen
2179 2677 2405 2735 dicendi
2458 2675 2696 2733 modum
2754 2689 3021 2748 expresse
3034 2686 3246 2739 Disponi—

1656 2760 1870 2817 refellit
1897 2763 1961 2817 D.
1994 2761 2197 2819 Thom.
2226 2764 2286 2816 in
2327 2760 2597 2833 praesenti,
2632 2766 2749 2815 art.
2777 2760 2810 2812 7
2861 2757 2936 2812 ad
2962 2757 3019 2823 3,
3085 2739 3165 2780 ω’·

1654 2840 1745 2898 his
1771 2841 1965 2899 verbis
1989 2862 2002 2897 :
2040 2864 2065 2896 α
2087 2841 2403 2900 Dicendum
2424 2839 2574 2916 quod
2595 2837 2831 2914 quidam
2852 2836 3020 2895 dixe-

1657 2942 1684 2975 «
1717 2926 1872 2989 runt,
1891 2923 2042 2996 quod
2065 2926 2261 2981 nullus
2282 2930 2538 2982 meretur
2561 2920 2816 2979 absolute
2837 2920 3018 2977 vitam

1658 3024 1685 3057 α
1715 3010 2012 3073 aeternam,
2046 3007 2159 3062 nisi
2208 3025 2310 3080 per
2338 3012 2526 3063 actum
2555 3003 2749 3060 finalis
2775 3001 2974 3076 gratiae
3002 3024 3016 3067 ;

1660 3106 1686 3139 α
1715 3085 1814 3142 sed
1848 3087 2037 3143 solum
2080 3086 2185 3144 sub
2211 3088 2558 3148 conditione,
2586 3085 2635 3139 si
2671 3090 3015 3155 perseverat.

1659 3186 1685 3219 ι
1717 3167 1827 3224 Sed
1885 3168 1992 3224 hoc
2042 3166 2530 3225 irrationabiliter
2589 3164 2798 3220 dicitur
2823 3205 2836 3228 ,
2887 3163 3023 3236 quia

1659 3269 1685 3300 α
1714 3250 2055 3322 quandoque
2102 3255 2257 3306 actus
2287 3248 2505 3305 ultimae
2529 3248 2731 3322 gratiae
2773 3261 2891 3302 non
2935 3250 3021 3301 est

1660 3350 1688 3382 α
1718 3332 1902 3406 magis
1930 3331 2281 3394 meritorius,
2306 3331 2405 3387 sed
2434 3331 2650 3394 minuS,
2676 3343 2848 3401 quam
2865 3331 3024 3383 actus

1659 3430 1685 3463 ι
1713 3410 2113 3485 praecedentes,
2144 3418 2374 3485 propter
2398 3409 2760 3486 aegritudinis
2781 3423 3021 3480 oppres-

1659 3518 1685 3550 «
1715 3497 1960 3552 sionem.
1991 3492 2156 3550 Unde
2182 3492 2490 3551 dicendum
2529 3497 2631 3557 est,
2663 3489 2812 3564 quod
2838 3490 3022 3564 quili-

1658 3597 1684 3629 α
1715 3575 1808 3632 bet
1837 3579 1993 3631 actus
2027 3573 2328 3630 charitatis
2353 3577 2612 3629 meretur
2640 3571 2898 3628 absolute
2923 3571 3022 3627 vi-

1658 3678 1684 3710 «
1714 3663 1834 3712 tam
1860 3659 2136 3712 aeternam
2159 3679 2173 3722 ;
2197 3653 2296 3712 sed
2326 3669 2426 3727 per
2456 3656 2746 3726 peccatum
2779 3667 3024 3723 sequens

1656 3758 1683 3791 «
1715 3737 1952 3811 ponitur
1997 3735 2482 3810 impedimentum
2512 3730 2850 3806 praecedenti
2893 3748 3024 3789 me·—

1657 3840 1684 3872 «
1716 3818 1849 3887 rito,
1872 3823 2066 3877 utnon
2087 3817 2363 3875 sortiatur
2384 3815 2667 3878 effectum3
2683 3815 2827 3870 sicut
2841 3813 3018 3872 etiam
3090 3836 3095 3840 ·

1656 3922 1682 3956 α
1714 3917 1897 3958 cansae
1918 3902 2212 3959 naturales
2232 3898 2506 3957 deficiunt
2529 3914 2561 3953 a
2581 3897 2701 3953 suis
2729 3895 3028 3953 effectibus

1658 4005 1683 4036 α
1715 3989 1945 4057 propter
1983 3981 2401 4056 superveniens
2444 3978 2950 4052 impedimentum.
2989 4000 3015 4030 ι)

1650 4067 1765 4121 Nec
1795 4067 2121 4138 oppositum
2149 4061 2498 4139 significavit
2530 4060 2856 4118 Concilium
2877 4060 3018 4116 Tri-

1649 4144 1804 4203 dent.
1838 4148 1959 4204 loco
1984 4147 2185 4213 citato;
2213 4160 2352 4201 nam
2375 4144 2480 4200 illa
2501 4141 2679 4200 verba
2703 4164 2713 4196 :
2737 4139 2805 4199 Si
2834 4147 3018 4197 tamen

1650 4229 1712 4283 in
1743 4229 1933 4299 qratia
1971 4228 2268 4294 decesserit,
2303 4225 2636 4282 referuntur
2663 4221 2730 4279 ad
2759 4238 3018 4295 exequu-

1649 4311 1868 4368 tionem
1889 4310 2174 4369 efficacem
2190 4309 2514 4366 collationis
2532 4306 2750 4380 gloriae,
2781 4322 2905 4378 quae
2930 4309 3015 4361 est

1647 4399 1810 4451 extra
1832 4394 2142 4450 essentiam
2170 4391 2364 4448 meriti
2392 4414 2407 4457 ;
2434 4407 2552 4447 non
2574 4387 2862 4462 autem'gad
2884 4404 3014 4447 con-

1647 4472 2011 4549 dignitatem,
2036 4478 2091 4531 et
2107 4474 2218 4547 J'us,
2242 4486 2343 4544 per
2364 4486 2491 4544 qua?
2515 4470 2790 4526 meritum
2816 4484 3015 4526 essen-

1646 4555 1867 4612 tialiter
1918 4552 2284 4612 constituitur
2339 4573 2352 4608 :
2411 4550 2561 4607 unde
2613 4565 2685 4607 ex
2737 4549 3008 4624 praedicto

1647 4635 1979 4693 testimonio
2008 4634 2256 4692 minime
2275 4633 2586 4707 colligitur,
2612 4632 2760 4704 quod
2783 4633 2847 4687 in
2862 4632 3016 4706 justo

1647 4734 1769 4776 non
1796 4717 1873 4774 sit
1898 4717 2172 4773 meritum
2200 4715 2459 4775 absolute
2497 4715 2570 4773 ad
2614 4715 2884 4791 gloriam,
2915 4716 3016 4774 sed

1642 4799 1836 4856 solum
1862 4795 2013 4872 quod
2039 4798 2208 4871 huJus
2234 4797 2432 4855 efficax
2470 4797 2701 4855 collatio
2727 4795 3012 4870 dependet

1643 4897 1677 4939 a
1730 4881 1996 4955 pluribus
2040 4879 2486 4947 conditionibuS,
2544 4885 2601 4937 et
2651 4880 2938 4953 praecipue
2964 4897 3017 4950 ,a

1645 4963 2082 5037 perseverantia
2133 4962 2320 5020 finali.
2366 4965 2436 5018 Et
2486 4963 2568 5019 ita
2608 4964 2794 5036 justus
2841 4961 3011 5021 abso-

1640 5047 1778 5112 lute,
1805 5049 1865 5102 et
1898 5042 2354 5118 independenter
2379 5061 2413 5102 a
2446 5045 2773 5103 conditione
2801 5041 3010 5100 futurae
