3647 5753
269 1537 468 1582 :Solvitur

306 1588 444 1632 tertia.

268 2375 465 2419 =Diluitur

298 2430 456 2478 quarta.

263 2475 481 2526 ⁸complut.

495 382 606 437 212

497 551 880 610 admittendas
903 569 1059 621 esse;
1092 554 1266 611 aliam
1314 554 1639 619 formalem,
1670 567 1795 625 quaa
1821 568 1855 608 a

497 633 792 691 voluntate
818 640 1002 691 creata
1028 630 1312 703 eliciatur,
1336 641 1393 692 et
1420 650 1520 707 per
1557 649 1730 707 quam
1760 633 1855 688 ul·-

498 712 699 769 timate
723 712 1168 780 determinetur;
1200 714 1376 770 aliam
1404 728 1542 770 vero
1568 713 1853 768 causalem

497 808 528 849 a
546 793 668 850 solo
688 794 801 849 Deo
824 792 1172 865 productam,
1195 809 1293 867 per
1307 809 1481 866 quam
1496 793 1853 851 voluntatem

499 879 741 939 moveat,
793 875 1154 948 applicet,‘et
1199 875 1546 933 determinet
1571 873 1642 931 ad
1677 891 1857 949 agen-

497 954 655 1012 dum.
690 957 875 1025 Prior,
909 972 1117 1029 nempe
1154 956 1414 1023 causalis,
1447 961 1531 1014 est
1565 957 1854 1014 auxilium

497 1035 723 1102 efficax;
767 1035 1014 1093 secunda
1039 1052 1195 1102 vere,
1247 1036 1532 1093 nimirum
1562 1035 1849 1104 formalis,

496 1119 580 1172 est
599 1115 824 1172 effectus
845 1116 1052 1173 auxilii
1073 1116 1329 1174 efficacis.
1351 1119 1543 1189 Neque
1564 1115 1623 1171 id
1650 1117 1856 1186 volun<

496 1195 658 1262 taric,
681 1201 736 1252 et
757 1195 966 1270 absque
989 1196 1317 1253 necessitate
1338 1196 1633 1260 asseritur,
1658 1196 1756 1253 sed
1782 1195 1854 1254 ob

500 1276 761 1349 urgentia
808 1277 1042 1341 motiva,
1092 1292 1215 1350 quaa
1240 1293 1419 1349 supra
1445 1276 1849 1349 expendimus,

497 1359 709 1431 etdisp.
733 1360 786 1426 5,
804 1359 931 1415 dub.
952 1362 1007 1425 6,
1032 1363 1087 1415 et
1109 1358 1172 1415 in
1194 1359 1299 1416 hac
1318 1358 1723 1431 disputatione,
1752 1376 1853 1433 per

497 1445 694 1507 totam,
725 1447 780 1498 et
806 1442 1056 1514 amplius
1080 1441 1376 1514 apparebit
1397 1457 1466 1499 ex
1495 1441 1777 1498 dicendis,

570 1521 657 1577 Ad
703 1521 932 1579 tertiam
979 1523 1306 1597 negandum
1333 1527 1436 1588 est,
1467 1521 1617 1595 quod
1659 1523 1852 1579 omnis

496 1603 898 1661 determinatio
932 1604 1244 1661 voluntatis
1275 1604 1549 1662 consistat
1585 1604 1856 1661 formali-

496 1689 585 1741 ter
612 1684 675 1740 in
723 1683 823 1740 illo
867 1699 1115 1758 egressu,
1146 1684 1269 1741 sive
1304 1684 1460 1740 exitu
1500 1684 1855 1757 operationis

495 1763 568 1822 ab
594 1765 729 1832 illa;
757 1766 1023 1837 quamvis
1067 1765 1227 1822 enim
1272 1765 1681 1824 determinatio
1727 1766 1854 1824 sor-

497 1847 668 1903 malis
694 1847 772 1926 sit
816 1847 1186 1903 intransitive
1233 1846 1535 1920 praedictus
1572 1863 1849 1922 egressuS,

493 1929 617 1987 sive
642 1928 957 1996 elicientia;
988 1928 1395 1986 determinatio
1430 1933 1624 1985 tamen
1652 1945 1853 1986 causa-

496 2014 584 2081 lis,
616 2013 738 2069 sive
783 2012 1067 2068 auxilium
1113 2011 1412 2069 efficaciter
1451 2010 1856 2069 determinans

493 2092 775 2152 antecedit
818 2092 1021 2150 ordine
1067 2093 1415 2150 causalitatis
1457 2093 1628 2150 illum
1654 2110 1853 2168 egres-

492 2191 654 2242 sum;
693 2179 887 2231 movet
929 2173 1090 2231 enim
1138 2175 1515 2239 voluntatem,
1562 2179 1623 2230 ut
1661 2175 1856 2232 eliciat

495 2257 786 2330 propriam
815 2253 1227 2328 operationem.

568 2335 655 2391 Ad
681 2340 945 2409 quartam
973 2333 1350 2406 respondetur
1376 2333 1638 2408 negando
1665 2335 1854 2409 majo-

500 2431 653 2483 rem;
684 2432 819 2472 nam
841 2419 1028 2472 motus
1047 2413 1240 2471 differt
1263 2414 1498 2471 realiter
1520 2430 1551 2470 a
1575 2417 1847 2485 termine,

497 2513 666 2570 quem
688 2496 1016 2560 introducit,
1042 2501 1102 2550 ut
1128 2494 1436 2552 ostendunt
1463 2498 1532 2551 N.
1563 2498 1851 2570 Complut.

497 2580 556 2634 in
601 2577 695 2633 lib.
747 2575 961 2646 physic.
1006 2577 1147 2648 disp.
1189 2578 1270 2640 16,
1304 2583 1486 2652 quast.
1521 2576 1595 2642 33
1627 2578 1778 2635 unde
1806 2580 1853 2635 si

495 2658 777 2715 auxilium
792 2657 987 2713 efficax
1006 2673 1067 2713 se
1086 2654 1292 2713 habeat
1309 2661 1368 2711 ut
1387 2655 1624 2728 quidam
1641 2665 1848 2726 motus,

492 2739 651 2812 cujus
672 2738 955 2795 terminus
969 2742 1054 2793 est
1074 2742 1268 2793 nostra
1284 2738 1558 2810 operatio,
1587 2738 1657 2795 ad
1679 2757 1852 2813 quam

494 2834 595 2892 per
639 2817 922 2873 auxilium
971 2816 1354 2889 impellimur,
1406 2821 1463 2873 et
1510 2834 1850 2890 movemur;

491 2899 750 2972 sequitur
794 2897 1081 2954 auxilium
1106 2896 1301 2953 efficax
1352 2897 1585 2960 realiter
1618 2898 1855 2960 differre

492 2978 564 3035 ab
609 2978 960 3050 operatione,
1013 2975 1084 3033 ad
1122 2992 1295 3049 quam
1342 2985 1553 3037 movet.
1597 2983 1666 3037 Et
1706 2983 1854 3040 ratio

490 3058 777 3133 generalis
802 3065 904 3123 est,
935 3056 1209 3130 quoniam
1233 3064 1422 3115 motus
1449 3062 1729 3119 antecedit
1748 3080 1854 3121 or-

493 3138 629 3196 dine
673 3138 1038 3205 causalitatis,
1101 3145 1157 3197 et
1208 3146 1429 3199 naturae
1488 3143 1806 3200 terminum
1834 3188 1848 3214 ,

491 3234 661 3292 quem
710 3217 1018 3276 introducit
1054 3241 1067 3275 ε
1103 3220 1199 3277 sed
1229 3227 1526 3296 repugnat,
1564 3225 1711 3295 quod
1740 3226 1855 3282 ali-

490 3297 628 3372 quid
654 3298 967 3356 secundum
990 3299 1323 3373 praedictum
1345 3301 1611 3359 ordinem
1635 3310 1856 3362 antece·

490 3380 588 3439 dat
611 3382 882 3455 seipsum,
909 3398 976 3439 eo
1001 3383 1151 3456 quod
1179 3385 1320 3442 ordo
1353 3386 1705 3445 causalitatis
1731 3388 1852 3453 sal-

491 3463 614 3520 vari
644 3464 841 3535 nequit
861 3461 1069 3537 absque
1093 3466 1287 3539 aliqua
1312 3465 1678 3525 distinctione
1707 3470 1851 3525 reali

488 3550 881 3603 extremorum
934 3564 1111 3622 :ergo
1150 3554 1360 3615 motus,
1408 3555 1465 3605 et
1513 3549 1571 3605 id
1598 3550 1746 3622 quod
1773 3568 1853 3608 ‚se

491 3625 660 3683 habet
685 3626 753 3683 ad
784 3627 966 3684 instar
994 3634 1199 3697 motus,
1233 3644 1350 3685 non
1377 3634 1461 3685 est
1489 3630 1642 3687 idem
1675 3633 1853 3688 reali·

490 3714 577 3765 ter
606 3724 738 3765 cum
766 3709 1034 3776 termino,
1064 3709 1163 3767 sed
1203 3709 1578 3785 distinguitur
1620 3714 1854 3771 realiter

491 3788 563 3846 ab
606 3790 748 3857 illo;
796 3796 852 3847 et
895 3798 1304 3866 consequenter
1331 3793 1380 3848 si
1421 3794 1731 3861 auxilium,
1761 3797 1854 3854 vel

482 3886 797 3927 concursus
823 3871 1019 3928 efficax
1044 3888 1105 3930 se
1132 3873 1304 3931 habet
1329 3874 1399 3932 ad
1428 3875 1613 3932 instar
1641 3881 1848 3943 motus,

482 3965 631 4023 opus
670 3957 773 4017 est,
817 3952 966 4024 quod
992 3952 1220 4010 differat
1266 3955 1501 4011 realiter
1534 3954 1604 4012 ab
1644 3972 1853 4028 opera-

492 4030 648 4087 tione
675 4030 745 4087 ad
791 4049 965 4105 quam
1013 4038 1227 4091 movet.
1256 4034 1416 4099 Quod
1460 4036 1742 4107 loquendo
1780 4036 1853 4093 de

492 4112 811 4170 actionibus
856 4114 1306 4183 transeuntibuS,
1358 4122 1413 4173 et
1458 4117 1697 4184 auxilio,
1728 4118 1854 4176 sive

481 4210 765 4252 concursu
792 4196 1001 4253 efficaci
1027 4197 1110 4253 eis
1138 4197 1736 4271 correspondentibus,
1769 4206 1855 4257 est

477 4276 627 4332 satis
654 4277 1028 4334 manifestum
1058 4298 1071 4333 ε
1097 4294 1233 4334 nam
1261 4279 1547 4336 auxilium
1576 4281 1854 4355 recipitur

489 4356 554 4412 in
596 4372 781 4423 causa,
827 4373 1000 4429 quam
1029 4364 1251 4427 movet;
1282 4359 1569 4416 terminus
1606 4376 1764 4428 vero,
1797 4368 1853 4418 et

430 4481 443 4492 .
476 4437 636 4495 actio
662 4455 779 4497 non
804 4440 1160 4512 recipiuntur
1189 4442 1251 4498 in
1273 4457 1460 4508 causa,
1485 4442 1581 4499 sed
1605 4443 1667 4499 in
1691 4460 1855 4516 passo

483 4516 770 4591 praedictae
814 4535 997 4576 causae
1041 4517 1293 4594 subjecto
1338 4542 1352 4577 ε
1394 4538 1519 4595 quae
1562 4522 1852 4580 verificari

490 4614 609 4656 non
649 4599 845 4656 valent
872 4601 1082 4675 absque
1107 4600 1477 4660 distinctione
1517 4603 1659 4659 reali
1696 4603 1855 4660 inter

488 4679 799 4746 auxilium,
847 4688 904 4739 et
955 4682 1351 4755 operationem
1401 4682 1472 4740 ad
1528 4699 1702 4756 quam
1740 4684 1855 4741 eli-

477 4759 753 4817 ciendam
801 4766 1009 4819 movet.
1044 4761 1207 4819 Unde
1248 4779 1378 4819 cum
1428 4764 1748 4828 necessitas,
1797 4769 1857 4820 et

478 4837 741 4897 conditio
800 4841 1027 4909 auxilii,
1083 4842 1208 4899 sive
1256 4858 1565 4899 concursus
1614 4842 1855 4901 efficacis

490 4933 608 4976 non
654 4919 929 4978 fundetur
955 4922 1018 4979 in
1045 4923 1382 4997 particulari
1412 4924 1636 4980 ratione
1673 4940 1855 4981 causae

483 5000 730 5072 agentis,
758 5002 846 5058 vel
872 5018 971 5075 per
993 5003 1273 5060 actionem
1295 5003 1732 5069 immanentem,
1761 5006 1854 5063 vel

1526 382 1619 437 DE
1654 380 1926 437 GRATIA
1964 380 2304 435 EFFICACI.

1989 566 2088 624 per
2116 550 2396 608 actionem
2425 555 2841 616 transeuntem,
2872 547 2970 606 sed
3000 548 3062 603 in
3088 544 3346 622 generali

1989 631 2211 688 ratione
2231 647 2413 688 causas
2434 630 2717 698 secundas,
2739 629 2999 703 sequitur
3026 642 3200 686 omne
3240 641 3349 682 au-

1985 712 2194 768 xilium
2222 711 2417 770 efficax
2443 711 2717 787 distingui
2766 711 2999 768 realiter
3026 708 3097 765 ab
3142 723 3349 781 opera-

1985 793 2163 850 tione.
2184 793 2509 850 Praesertim
2531 793 2666 866 quia
2686 807 2803 849 non
2825 792 3021 847 minus
3041 787 3341 861 dependet,

1988 888 2090 929 nec
2105 872 2298 928 minus
2321 873 2550 945 proprie
2567 877 2828 930 causatur
2851 870 2995 928 actio
3019 870 3348 926 immanens

1987 951 2059 1010 ab
2085 952 2303 1009 auxilio
2348 952 2574 1019 efficaci,
2624 968 2798 1026 quam
2847 951 2993 1008 actio
3025 949 3344 1013 transiens;

1988 1032 2130 1090 alias
2149 1050 2279 1089 cum
2301 1035 2444 1092 actio
2469 1034 2799 1090 immanens
2824 1048 2895 1089 ex
2915 1047 3018 1088 suo
3038 1045 3248 1105 genere
3275 1028 3351 1084 sit

1988 1114 2288 1187 perfectior
2349 1116 2569 1173 actione
2616 1121 2966 1180 transeunte,
3016 1115 3349 1186 sequeretur

1988 1195 2046 1253 id
2084 1197 2232 1270 quod
2261 1198 2565 1271 perfectius
2585 1204 2688 1264 est,
2704 1197 2901 1253 minus
2921 1194 3109 1273 subdi,
3129 1210 3190 1251 ac
3212 1193 3355 1250 sub-

1985 1276 2243 1334 ordinari
2289 1280 2399 1335 Deo
2427 1280 2615 1351 agenti
2647 1294 2747 1351 per
2796 1275 3083 1333 auxilium
3131 1273 3348 1332 efficax.

1986 1373 2159 1430 quam
2189 1357 2246 1412 id
2292 1357 2440 1431 quod
2489 1359 2686 1415 minus
2714 1357 3024 1430 perfectum
3063 1359 3165 1412 est.
3197 1356 3350 1411 Sicut

1985 1454 2120 1512 crgo
2147 1454 2217 1495 ex
2265 1439 2613 1508 causalitate,
2645 1443 2702 1496 et
2734 1434 3136 1510 dependentia,
3171 1451 3345 1509 quam

1987 1518 2050 1575 in
2073 1519 2314 1584 auxilio,
2345 1519 2467 1576 sive
2493 1535 2768 1576 concursu
2791 1517 3019 1582 efficaci,
3043 1522 3099 1573 et
3125 1515 3346 1572 actione

1988 1606 2324 1658 transeunte
2379 1602 2717 1674 reperimuS,
2774 1599 3101 1674 obligamur
3157 1596 3346 1654 dicere

1986 1697 2323 1739 concursum
2370 1684 2469 1739 Dei
2515 1682 2795 1739 efficacem
2845 1680 3078 1737 realiter
3112 1678 3347 1735 differre

1986 1759 2057 1816 ab
2086 1763 2305 1819 actione
2326 1763 2647 1819 transeunti
2674 1786 2688 1830 ;
2712 1761 2859 1834 quod
2879 1760 3055 1816 etiam
3081 1773 3347 1832 expresse

1986 1839 2144 1899 docet
2190 1841 2461 1900 Ledesma
2499 1845 2595 1899 ino
2620 1840 2729 1898 ar‘t.
2775 1844 2830 1906 6,
2871 1840 3106 1897 conclus,
3138 1841 3193 1906 4,
3242 1856 3344 1895 ra·
3368 1850 3585 1895 Ledam.

1986 1926 2206 1989 tionel,
2240 1925 2316 1981 ita
2344 1924 2512 1982 fateri
2540 1929 2782 1998 oportet,
2815 1923 3098 1979 auxilium
3127 1921 3341 1989 efficax,

1985 2008 2042 2060 et
2066 2005 2346 2061 actionem
2377 2005 2792 2061 immanentem
2823 2003 2891 2059 ad
2920 2019 3093 2076 quam
3123 2010 3337 2067 movet,

1986 2085 2260 2161 distingui
2290 2088 2521 2145 realiter
2549 2089 2704 2144 inter
2732 2101 2810 2151 se,
2842 2084 3110 2159 quamvis
3137 2084 3198 2140 in
3244 2100 3346 2141 eo-

1986 2165 2117 2223 dem
2152 2166 2399 2240 subjecto
2444 2169 2808 2230 conveniant,
2858 2172 2913 2222 et
2955 2165 3343 2237 reperiantur.

1987 2250 2133 2303 Nam
2178 2247 2465 2306 distinctio
2521 2248 2845 2305 essentialis
2907 2249 3051 2320 (quae
3099 2261 3166 2303 eo
3225 2246 3348 2319 ipso

1985 2330 2133 2403 quod
2177 2333 2496 2388 essentialis
2540 2331 2634 2393 sit,
2668 2330 3026 2387 numericam
3053 2330 3249 2393 etiam,
3288 2335 3345 2385 et

1989 2407 2200 2468 realem
2244 2410 2771 2484 indispensabiliter
2819 2410 3014 2476 infert,
3049 2415 3109 2466 ut
3148 2415 3346 2466 osten-

1986 2489 2129 2547 dunt
2174 2495 2240 2548 N.
2297 2494 2577 2565 Complut.
2628 2490 2963 2548 Abbreviati
3025 2491 3087 2545 in
3140 2489 3581 2564 Logieacommm-

1984 2574 2129 2646 disp.
2185 2574 2267 2637 14,
2317 2591 2367 2650 q.
2399 2576 2480 2646 5‚)
2519 2591 2635 2631 non
2676 2589 2708 2629 a
2746 2572 3028 2648 subjectis,
3062 2573 3150 2628 vel
3177 2589 3346 2629 causa

1986 2653 2272 2710 materiali
2317 2652 2668 2710 desumenda
2706 2658 2809 2717 est,
2859 2653 2957 2710 sed
3004 2670 3035 2709 a
3079 2653 3344 2728 generali

1985 2731 2312 2789 conditione
2327 2732 2531 2789 auxilii
2546 2740 2603 2788 et
2622 2732 2974 2804 operationis
2997 2731 3105 2804 ipsi
3127 2747 3344 2789 corres-

1989 2812 2314 2888 pondentiS.
3106 2817 3110 2822 “

2061 2895 2147 2951 Ad
2173 2897 2433 2968 quintam
2463 2896 2894 2970 respondemus,
2929 2893 3075 2969 quod
3106 2894 3342 2969 Angeli-
3379 2914 3560 2972 amm

1986 2993 2085 3034 cus
2108 2980 2304 3034 Doctor
2332 2995 2399 3035 eo
2428 2979 2547 3035 loco
2574 2977 2783 3033 dividit
2806 2979 3053 3053 gratiam
3086 2977 3147 3033 in
3176 2974 3346 3031 babi—
3384 2966 3560 3007 mmm·

1987 3060 2202 3117 tualem
2241 3066 2296 3117 et
2325 3060 2387 3116 in
2415 3062 2716 3127 actualem,
2759 3078 2858 3117 seu
2888 3066 3213 3117 moventem
3250 3080 3262 3114 :
3291 3064 3347 3114 et

1986 3140 2057 3198 de
2083 3142 2362 3203 habituali
2394 3144 2595 3199 asserit
2620 3159 2741 3200 esse
2766 3144 3124 3215 qualitatem,
3157 3140 3227 3198 de
3253 3156 3349 3196 ac-

1988 3225 2130 3281 tuali
2159 3240 2296 3281 vero
2335 3241 2458 3282 esse
2484 3232 2704 3282 motum
2738 3226 2965 3291 animm,
3001 3231 3060 3279 ut
3085 3241 3155 3281 ex
3190 3226 3349 3280 textu

1985 3302 2284 3361 evidenter
2327 3309 2546 3361 constat
2592 3325 2605 3360 ε
2654 3310 2819 3376 atque
2869 3303 2994 3362 ideo
3039 3299 3343 3378 significat,

1984 3384 2134 3459 quod
2160 3385 2349 3442 omnis
2375 3386 2562 3460 gratia
2590 3388 2825 3442 actualis
2864 3392 2949 3442 est
2994 3392 3181 3442 motus
3208 3384 3345 3440 ani-

1985 3484 2115 3524 mae.
2143 3470 2296 3525 Sicut
2315 3485 2450 3543 ergo
2470 3484 2540 3525 ex
2566 3485 2652 3535 eo,
2683 3468 2829 3541 quod
2857 3472 2922 3524 D.
2947 3471 3153 3526 Thom.
3183 3482 3342 3523 asse-

1990 3554 2078 3604 rat
2119 3548 2365 3622 gratiam
2413 3549 2712 3616 actualem,
2758 3555 2812 3605 et
2853 3554 3180 3607 moventem
3225 3562 3348 3601 esse

1987 3635 2208 3684 motum
2252 3629 2484 3692 animm,
2538 3645 2653 3686 non
2705 3635 2882 3701 potest
2930 3629 3143 3702 colligi,
3195 3624 3345 3700 quod

1986 3707 2177 3765 omnis
2196 3708 2381 3781 gratia
2417 3708 2491 3763 sit
2510 3710 2766 3780 operatio
2794 3707 2865 3763 ab
2891 3708 3087 3764 anima
3114 3706 3303 3763 elicita
3332 3728 3346 3768 ;

1987 3802 2091 3844 nec
2135 3786 2192 3843 id
2238 3785 2550 3843 intendunt
2596 3786 2949 3853 Adversarii,
2980 3803 3110 3844 cum
3158 3787 3348 3860 palam

1985 3867 2314 3935 concedant,
2358 3870 2606 3942 gratiam
2636 3871 2914 3926 actualem
2949 3868 3346 3931 sufficientem,

1984 3955 2041 4008 et
2066 3949 2503 4007 constituentem
2536 3952 2849 4023 potentiam
2896 3953 2958 4007 in
2987 3957 3108 4007 actu
3156 3949 3348 4022 primo

1987 4029 2057 4087 ad
2097 4030 2403 4105 agendum,
2448 4030 2724 4105 distingui
2771 4032 3001 4089 realiter
3030 4030 3099 4087 ab
3129 4045 3345 4102 opera-

1987 4111 2160 4178 tione,
2211 4115 2378 4184 atque
2424 4111 2494 4169 ab
2540 4128 2602 4169 ea
2647 4113 2939 4170 multoties
2976 4112 3253 4184 separari,
3288 4117 3351 4166 ut

1986 4191 2242 4249 vidimus
2268 4194 2412 4266 disp.
2443 4196 2497 4260 5,
2547 4195 2674 4250 dub.
2706 4197 2761 4250 2.
2794 4197 2876 4250 Ita
2919 4194 3188 4268 colligere
3231 4208 3349 4249 non

1988 4280 2223 4347 possunt
2248 4291 2319 4332 ex
2364 4275 2633 4347 praedicta
2679 4277 3045 4341 authoritate,
3094 4274 3244 4349 quod
3285 4277 3344 4332 S.

1958 4360 2189 4421 ‚Doctor
2214 4360 2476 4424 senserit,
2509 4360 2795 4416 auxilium
2818 4360 3031 4423 efficax,
3063 4359 3185 4415 sive
3211 4374 3349 4433 gra-

1987 4436 2127 4493 tiam
2148 4438 2447 4496 efficaciter
2469 4446 2818 4501 moventem,
2844 4456 2964 4497 esse
2990 4438 3143 4496 idem
3171 4439 3349 4496 reali-

1989 4523 2075 4574 ter
2117 4535 2247 4575 cum
2276 4521 2629 4592 operatione,
2675 4520 2743 4577 ad
2785 4536 2955 4594 quam
2998 4525 3221 4586 movet3
3248 4518 3350 4576 sed

1988 4604 2104 4657 tam
2125 4600 2198 4658 ab
2221 4601 2360 4666 illis,
2385 4618 2560 4674 quam
2584 4619 2617 4659 a
2644 4601 2808 4659 nobis
2831 4601 3160 4674 praedictum
3183 4601 3353 4658 testi-

1989 4681 2252 4740 monium
2313 4683 2719 4755 exponendum
2778 4690 2880 4740 est.
2950 4683 3353 4756 Respondetur

1986 4778 2122 4837 ergo
2163 4778 2233 4819 ex
2260 4761 2424 4819 dictis
2455 4764 2576 4821 loco
2620 4764 2808 4831 citato,
2852 4765 2978 4820 dub.
3024 4766 3078 4832 3,
3123 4768 3153 4833 ς)
3193 4766 3248 4829 4,
3283 4766 3347 4821 D.

1988 4847 2192 4903 Thom.
2250 4860 2368 4902 non
2422 4846 2732 4903 asseruisse
2772 4848 3022 4922 gratiam
3070 4847 3353 4903 actualem

1986 4941 2109 4982 esse
2136 4933 2341 4981 motum
2367 4926 2436 4981 ab
2457 4928 2671 4993 anima,
2705 4927 2808 4984 hoc
2847 4934 2932 4985 est
2957 4926 3354 5000 operationem

1987 5006 2058 5063 ab
2103 5007 2297 5063 anima
2328 5007 2754 5080 procedentem;
2779 5008 2876 5065 sed
2904 5008 3049 5065 dixit
3076 5024 3197 5065 esse
3231 5025 3357 5062 mo-

3233 5097 3355 5146 tum
