3647 5753
457 458 571 512 460
598 524 601 526 q

461 629 654 685 dotem
680 611 954 692 agilitatis
975 622 1076 680 per
1111 596 1348 657 modum
1389 588 1635 651 habituS,
1665 585 1721 638 et
1760 580 1823 635 in

461 723 587 767 esse
628 703 819 776 quieto
852 720 866 761 ;
915 687 1117 747 habuit
1145 688 1339 738 tamen
1366 674 1535 754 illum
1570 682 1669 740 per
1696 677 1826 718 mo-

465 791 607 847 dum
631 775 932 857 passionis,
958 776 1017 828 et
1036 762 1422 823 transeunter,
1442 764 1505 807 ut
1523 744 1830 804 manifeste

270 895 434 940 urim.
467 868 760 941 colligitur
775 875 846 915 ex
866 851 1066 912 eodem
1090 848 1152 900 D.
1185 842 1389 896 Thom.
1417 836 1451 889 3
1466 836 1616 905 part.
1641 828 1823 900 quast.

467 953 563 1018 45,
589 954 698 1003 art.
729 946 783 999 2.
816 940 964 992 Tum
985 929 1181 991 etiam,
1225 919 1362 994 quia
1387 928 1551 971 mens
1574 902 1830 980 Angelici

473 1026 728 1088 Doctoris
754 1037 821 1078 eo
849 1011 1134 1091 praecipue
1176 1000 1469 1060 collimat,
1520 995 1583 1081 ut
1626 986 1835 1075 statuat

478 1277 546 1331 in
598 1271 703 1326 hoc
746 1275 916 1320 sensu
963 1244 1149 1325 negat,
1199 1247 1397 1301 lumen
1443 1231 1664 1310 gloriae,
1689 1221 1840 1298 quod

479 1351 769 1413 nimirum
794 1339 1095 1399 reducatur
1117 1327 1187 1385 ad
1207 1328 1419 1381 statum
1440 1315 1567 1379 viae,
1586 1316 1643 1367 et
1663 1310 1726 1363 in
1749 1304 1843 1360 via

482 1428 891 1509 permanenter
906 1407 1394 1474 communicetur;
1421 1394 1668 1453 minime
1705 1398 1845 1442 vero

486 1518 656 1590 negat
681 1506 1016 1583 qualitatem
1059 1490 1381 1549 elevantem
1423 1476 1733 1534 intrinsece
1759 1467 1848 1521 in-

491 1596 802 1654 tellectum,
837 1587 897 1639 ut
925 1574 1255 1651 praedictam
1307 1561 1593 1619 visionem
1633 1547 1843 1607 eliciat.

488 1674 649 1743 Quod
694 1669 831 1726 satis
875 1662 1056 1733 liquet
1093 1669 1165 1710 ex
1203 1650 1327 1721 ipso
1370 1645 1548 1703 textu,
1578 1639 1727 1691 etex
1754 1628 1848 1690 iis,

492 1773 619 1832 qua}
645 1753 804 1809 docet
823 1748 884 1800 in
916 1743 972 1805 4,
996 1739 1123 1792 dist.
1155 1732 1247 1794 49,
1280 1728 1459 1802 quoest.
1489 1721 1546 1786 2,
1570 1720 1678 1771 art.
1709 1714 1766 1775 7,
1792 1710 1854 1762 in

491 1856 641 1911 corp.
667 1832 766 1889 ubi
793 1823 1160 1884 simillimam
1188 1807 1511 1867 doctrinam
1549 1793 1727 1853 tradit
1764 1788 1856 1845 his

494 1919 726 1981 verbis:
759 1936 783 1967 «
815 1909 1003 1965 Potest
1036 1894 1378 1958 miraculose
1415 1881 1563 1948 fieri,
1588 1874 1736 1952 quod
1763 1871 1859 1928 di-

505 2028 534 2060 «
574 2003 715 2061 vina
740 1994 954 2051 virtut-e
994 1981 1203 2055 aliquis
1248 1970 1570 2030 intellectus
1609 1975 1725 2015 non
1752 1957 1861 2011 ha-

508 2110 535 2139 «
577 2083 719 2140 bens
741 2073 856 2132 nisi
902 2061 1337 2138 dispositionem
1358 2050 1467 2105 viae
1510 2046 1708 2118 (atque
1744 2036 1864 2091 ideo

508 2183 620 2224 non
653 2160 853 2218 habens
895 2153 1074 2207 lumen
1116 2140 1298 2212 ρίαν-ἐκ
1338 2122 1734 2206 permanenter)
1753 2118 1866 2174 ele·

513 2270 541 2301 «
584 2248 749 2301 vetur
777 2234 846 2293 ad
876 2223 1189 2288 videndum
1212 2221 1392 2272 Deum
1415 2224 1513 2282 per
1533 2198 1861 2262 essentiam.

514 2350 542 2382 ι(
582 2329 697 2381 Nec
718 2326 915 2375 tamen
937 2326 1006 2366 ex
1029 2305 1131 2361 tali
1161 2298 1382 2356 visione
1405 2291 1581 2364 potest
1606 2281 1717 2338 dici
1738 2278 1870 2333 bea-

517 2432 543 2462 «
584 2414 676 2462 tus
714 2393 1072 2468 simpliciter,
1103 2381 1202 2440 sed
1234 2372 1551 2449 secundum*
1572 2362 1709 2438 quid
1738 2365 1871 2415 tan-

518 2512 545 2543 «
587 2493 730 2549 tum,
765 2481 829 2534 in
856 2474 1135 2548 quantum
1161 2461 1374 2517 scilieet
1397 2443 1783 2509 communicat
1809 2439 1874 2495 in

520 2592 547 2622 «
589 2570 714 2622 actu
744 2556 921 2614 Beati.
944 2552 1097 2606 Sicut
1123 2543 1297 2600 etiam
1327 2528 1554 2604 aliquod
1580 2538 1782 2601 corpus
1811 2519 1875 2574 in

521 2670 548 2701 ιι
589 2649 738 2701 statu
781 2630 1078 2712 gravitatis
1116 2622 1369 2680 existens
1397 2612 1578 2684 potest
1620 2603 1877 2660 miracu-

524 2751 550 2783 «
592 2728 712 2782 lose
742 2715 1084 2793 participare
1112 2708 1297 2761 actum
1327 2689 1619 2768 agilitatiS,
1643 2684 1734 2740 vel
1763 2683 1880 2737 im-

525 2831 552 2861 «
597 2794 992 2879 passibilitatis
1043 2811 1055 2843 :
1104 2786 1248 2840 sicut
1285 2777 1355 2834 de
1383 2768 1642 2829 Abacuch
1669 2762 1881 2836 legitur

526 2911 553 2942 «
597 2881 821 2943 Daniel,
853 2874 960 2931 ult.
983 2874 1040 2927 et
1058 2866 1128 2923 de
1154 2858 1341 2918 tribus
1363 2850 1883 2928 puerisconserva-

527 2990 553 3020 α
597 2965 673 3021 tis
695 2963 758 3017 in
796 2958 1058 3016 fornace,
1110 2941 1333 3005 Daniel,
1365 2939 1418 3001 3,
1442 2942 1554 2988 ‘nec
1581 2935 1775 2984 tamen
1796 2938 1888 2978 eo-

530 3071 555 3102 «
602 3061 735 3104 rum
771 3050 1019 3111 ‚corpora
1064 3031 1229 3086 erant
1264 3018 1531 3096 gloriosa.
1564 3013 1642 3066 Ea
1670 3013 1883 3070 autem,

531 3151 564 3196 «‚
601 3142 727 3199 quae
756 3121 898 3177 fiunt
927 3110 1287 3171 miraculose,
1322 3115 1440 3156 non
1470 3095 1738 3150 dicuntur
1768 3102 1890 3160 pos·

529 3230 555 3260 «
601 3204 802 3263 sibilia
835 3194 1148 3256 secundum
1178 3191 1466 3244 naturam,
1495 3177 1557 3231 in
1584 3188 1695 3246 qua
1722 3167 1886 3232 fiunt,

533 3311 557 3342 «
601 3286 702 3344 sed
722 3278 1036 3340 secundum
1057 3272 1333 3328 virtutem
1362 3255 1620 3317 facientis
1641 3255 1890 3308 tantum.

534 3392 561 3423 «
607 3372 735 3425 Non
765 3364 924 3423 enim
963 3356 1210 3414 dicimus
1236 3393 1248 3415 ,
1292 3341 1522 3420 proprie
1569 3329 1852 3407 loquendo
1877 3372 1890 3394 ,

539 3474 567 3505 «
608 3447 759 3523 quod
804 3457 978 3501 caecus
1006 3438 1184 3509 potest
1204 3427 1332 3485 fieri
1361 3421 1592 3484 videns3
1624 3419 1721 3470 sed
1748 3408 1897 3484 quod

542 3554 569 3585 «
613 3532 760 3585 Deus
784 3525 966 3597 potest
986 3531 1118 3573 eum
1143 3513 1326 3567 facere
1347 3501 1658 3561 videntem.
1689 3494 1757 3545 Et
1776 3488 1900 3544 ideo

540 3634 568 3664 «
612 3604 918 3665 dicendum
946 3603 1048 3663 est,
1078 3591 1227 3666 quod
1257 3585 1419 3643 nulla
1460 3592 1603 3652 pura
1640 3574 1902 3629 creatura

543 3714 572 3746 «
615 3691 679 3747 in
706 3691 854 3744 statu
875 3682 984 3739 viae
1003 3677 1252 3734 existens
1277 3669 1453 3742 potest
1477 3665 1655 3716 Deum
1684 3669 1784 3728 per
1811 3667 1903 3708 es-

549 3795 576 3825 «
616 3769 864 3827 sentiam
908 3759 1137 3821 videre;
1185 3750 1282 3808 sed
1308 3751 1455 3804 Deus
1496 3742 1675 3814 potest
1703 3735 1901 3798 facere,

559 4277 587 4308 «
629 4268 747 4309 non
772 4250 969 4322 potest,
994 4242 1108 4298 nisi
1141 4253 1240 4311 per
1262 4237 1461 4289 lumen
1480 4224 1697 4301 gloriae,
1722 4217 1918 4289 dequo

564 4357 592 4389 «
632 4331 842 4388 dicitur
869 4327 932 4382 in
963 4323 1103 4396 psal.
1137 4320 1209 4373 35
1237 4316 1348 4371 :.1n
1370 4307 1592 4366 lumine
1620 4308 1731 4357 tuo·
1761 4295 1919 4354 vide-

568 4435 594 4466 «
635 4412 829 4466 bimus
877 4408 1108 4460 lumen.
1161 4391 1320 4460 Quod
1371 4395 1564 4446 tamen
1615 4377 1920 4452 dupliciter

568 4516 596 4548 e<
638 4486 976 4565 participari
999 4483 1195 4556 potest.
1221 4477 1350 4530 Uno
1370 4467 1540 4527 modo
1563 4479 1662 4538 per
1683 4458 1921 4517 modum

566 4595 594 4627 «
638 4572 842 4627 formae
896 4554 1292 4622 immanentis.
1333 4553 1403 4606 Et
1421 4549 1502 4604 sie
1546 4546 1747 4600 Beatos
1791 4536 1925 4593 facit

569 4677 597 4709 α
636 4656 861 4710 sanctos
889 4648 952 4704 in
981 4640 1187 4717 patria.
1214 4635 1343 4691 Alio
1368 4627 1540 4687 modo
1562 4640 1662 4698 per
1688 4617 1925 4677 modum

572 4759 599 4791 ι(
641 4729 936 4808 cujusdam
961 4719 1240 4797 passionis
1264 4708 1633 4771 transeuntis,
1652 4704 1795 4759 sicut
1815 4698 1928 4753 dic-

573 4841 601 4872 «
640 4824 767 4873 tum
813 4816 899 4869 est
941 4807 1011 4864 de
1056 4804 1280 4860 lumine
1334 4789 1659 4869 prophetice.
1712 4785 1781 4838 Et
1827 4781 1931 4835 hoc

573 4919 601 4952 «
646 4892 819 4953 modo
848 4893 1046 4946 lumen
1074 4879 1220 4940 illud
1241 4876 1356 4934 fuit
1382 4874 1445 4929 in
1467 4870 1665 4931 Paulo,
1704 4856 1932 4937 quando

577 4997 606 5031 α
649 4980 845 5047 raptus
885 4967 1014 5023 fuit.
1062 4965 1130 5017 Et
1183 4956 1311 5014 ideo
1334 4969 1407 5011 ex
1432 4950 1535 5007 tali
1566 4945 1788 5004 visione
1815 4951 1934 4993 non

577 5075 606 5107 α
652 5055 760 5111 fuit
785 5044 1127 5118 simpliciter
1173 5039 1387 5101 beatus,
1418 5035 1483 5086 ut
1524 5026 1687 5083 fieret
1720 5018 1937 5077 redun-

1391 419 1483 475 DE
1521 400 2104 469 JUSTIFIC‘ATIONE
2145 386 2347 450 IMPII.

1963 593 1989 624 «
2033 567 2231 625 dantia
2259 562 2329 621 ad
2374 572 2614 630 corpus;
2640 549 2739 608 sed
2778 547 2968 603 solum
3007 535 3326 598 secundum

1967 674 1993 706 α
2033 647 2191 723 quid.
2218 647 2284 699 Et
2307 641 2435 698 ideo
2462 637 2595 694 talis
2623 635 2822 704 raptus
2843 626 3035 698 aliquo
3063 616 3232 676 modo
3252 613 3328 671 ad

1969 756 1995 786 α
2038 724 2400 804 prophetiam
2425 717 2692 793 pertinet.
2739 730 2765 763 ι)

2037 811 2167 867 230.
2211 804 2317 861 Sed
2347 803 2609 871 insurges
2643 814 2655 848 ι
2683 788 2960 863 quoniam
2994 798 3061 840 eo
3088 793 3333 854 propor-
3346 792 3519 848 neptia

1967 889 2170 948 tionali
2218 883 2389 942 modo
2434 872 2715 950 dependet
2761 884 2925 926 amor
2975 859 3275 920 charitatis
3302 874 3336 913 a

1968 970 2156 1047 gratia
2181 962 2589 1023 sanctificante,
2629 970 2741 1027 quo
2768 944 3050 1022 dependet
3077 960 3110 999 a
3137 939 3337 998 chari-

1972 1058 2086 1109 tate
2131 1072 2144 1106 :
2186 1047 2284 1105 sed
2330 1046 2490 1119 juxta
2542 1035 2816 1095 traditam
2868 1024 3335 1100 responsionem,

1975 1150 2093 1191 non
2119 1125 2394 1202 dependet
2414 1116 2796 1179 essentialiter
2819 1109 2890 1167 ab
2913 1106 3113 1163 habitu
3141 1100 3341 1167 chari-

1977 1213 2128 1279 tatiS,
2153 1208 2253 1267 sed
2273 1206 2463 1263 solum
2487 1217 2520 1256 a
2539 1196 2815 1271 qualitate
2835 1187 3031 1251 fluida,
3065 1192 3127 1242 ut
3152 1197 3346 1241 exem-

1981 1296 2140 1369 plum
2165 1286 2406 1347 visionis
2432 1282 2534 1339 Dei
2558 1282 2620 1336 in
2661 1278 2848 1349 seipso
2874 1316 2887 1340 ‚
2926 1276 2983 1328 et
3009 1264 3347 1325 testimonia

1981 1382 2048 1434 D.
2077 1374 2282 1429 Thom.
2332 1364 2593 1440 proxime
2624 1360 2803 1416 relata
2828 1353 2965 1411 satis
3010 1350 3287 1408 evincunt
3332 1364 3346 1398 :

1983 1471 2118 1529 ergo
2163 1447 2464 1524 praedictus
2491 1456 2655 1498 amor
2683 1453 2802 1494 non
2828 1429 3113 1504 dependet
3146 1439 3350 1485 essen-

1986 1537 2201 1594 tialiter
2253 1529 2322 1587 ab
2351 1526 2548 1583 habitu
2577 1520 2775 1598 gratiae
2800 1540 2814 1583 ;
2842 1514 2984 1580 sive,
3015 1510 3167 1586 quod
3195 1507 3352 1564 idem

1987 1624 2089 1682 est,
2121 1632 2154 1672 a
2179 1611 2365 1687 gratia
2411 1601 2724 1666 habituali;
2750 1595 2849 1654 sed
2895 1593 3023 1650 fieri
3066 1590 3357 1647 divinitus

1991 1703 2171 1773 potest
2198 1710 2298 1767 per
2339 1688 2588 1766 gratiam
2629 1679 2891 1744 fluidam,
2915 1676 3039 1731 sive
3067 1672 3360 1729 auxilium

1994 1779 2312 1840 transiens;
2342 1770 2490 1844 quod
2539 1768 2657 1822 haec
2703 1761 2901 1837 opinio
2947 1756 3233 1830 praecipue
3261 1751 3361 1807 in-

1995 1857 2195 1917 tendit.
2221 1857 2436 1910 Caetera
2458 1847 2735 1908 constant,
2768 1846 2826 1897 et
2851 1837 3038 1910 major
3059 1831 3360 1895 suadetur,

1997 1940 2130 2014 quia
2159 1934 2319 1992 nulla
2347 1929 2602 2004 operatio
2622 1919 2990 1996 conjungitur
3028 1912 3367 1971 immediate

1998 2036 2128 2078 cum
2155 2013 2341 2091 gratia
2366 2010 2645 2067 existente
2677 2004 2741 2059 in
2767 2000 2983 2064 anima,
3016 1993 3115 2052 sed
3154 1990 3369 2049 mediis

2001 2095 2312 2157 virtutibus
2334 2090 2597 2164 proxime
2619 2079 2930 2156 operativis
2954 2096 2967 2130 :
2993 2090 3128 2150 ergo
3149 2080 3217 2130 'eo
3240 2086 3370 2144 pro-

2006 2176 2311 2258 portionali
2334 2170 2504 2229 modo
2531 2165 2810 2241 dependet
2833 2177 2997 2219 amor
3016 2154 3373 2215 charitatis·a

2006 2262 2208 2340 gratia,
2239 2271 2350 2330 quo
2378 2248 2658 2323 dependet
2684 2244 2753 2301 ab
2782 2246 2906 2316 ipsa
2931 2238 3229 2296 charitate.

2085 2341 2228 2397 Huic
2256 2334 2481 2408 replicae
2510 2332 2690 2402 potest
2727 2327 2906 2398 primo
2936 2312 3274 2389 responderi
3302 2327 3376 2368 ex
3415 2326 3544 2371 Prima
3635 2294 3636 2323 ²

2012 2421 2268 2480 doctrina
2287 2414 2607 2490 plurimum
2623 2405 2890 2481 gravium
2911 2398 3373 2458 Themistarum,
3402 2376 3555 2421 ⁸⁰¹¹¹¹¹⁰·

2011 2520 2152 2579 quos
2179 2500 2388 2563 refert,
2434 2500 2490 2551 et
2514 2491 2771 2563 sequitur
2816 2482 2993 2541 Godoi
3033 2480 3131 2536 ubi
3155 2490 3375 2549 supra,
3411 2475 3556 2524 Godos-

2015 2580 2275 2658 negando
2314 2577 2632 2633 minorem;
2659 2567 2795 2642 quia
2821 2567 3021 2621 lumen
3060 2556 3299 2635 gloriae,
3348 2570 3384 2610 a

2016 2681 2127 2739 quo
2184 2657 2569 2718 essentialiter
2626 2644 2940 2722 dependet„
2960 2642 3109 2699 visio
3159 2637 3265 2694 Dei
3319 2635 3385 2689 in

2018 2747 2203 2818 seipso
2229 2786 2241 2809 ,
2273 2756 2393 2798 non
2419 2742 2503 2794 est
2527 2732 2707 2789 motio
2734 2772 2747 2796 ,
2798 2722 3098 2798 dispositio
3120 2765 3135 2790 ,
3170 2715 3382 2793 passi0,

2020 2830 2112 2886 vel
2132 2825 2376 2900 qualitas
2402 2814 2785 2875 essentialiter
2811 2805 3018 2871 ssuida;
3047 2802 3147 2859 sed
3170 2805 3256 2858 est
3283 2797 3388 2871 def-

2023 2908 2331 2966 terminate
2350 2898 2595 2974 qualitas
2635 2889 3000 2966 permanenS,
3032 2890 3087 2941 et
3115 2880 3391 2938 habitua-

2026 2991 2116 3055 lis,
2148 2987 2352 3043 collata
2381 2986 2576 3036 tamen
2603 2990 2704 3046 per
2744 2967 2980 3027 modum
3008 2958 3390 3019 transeuntis.

2026 3070 2197 3126 Nulla
2219 3065 2428 3139 quippe
2449 3054 2767 3129 implicatio
2788 3052 3023 3123 apparet
3041 3046 3104 3100 in
3129 3058 3218 3108 eo,
3242 3036 3394 3114 quod

2029 3152 2219 3208 forma
2247 3145 2315 3202 ab
2345 3142 2657 3199 intrinseco
2689 3144 3034 3208 permanens
3059 3120 3395 3182 communi-

2030 3237 2186 3289 cetur
2237 3224 2408 3281 modo
2461 3215 2782 3276 transeunti
2831 3234 2844 3268 ε
2891 3211 3036 3266 sicut
3081 3208 3209 3280 ipsa
3248 3200 3396 3259 visio

2032 3308 2291 3369 beatifica
2316 3301 2632 3361 secundum
2657 3311 2822 3352 suam
2849 3291 3097 3364 speciem
3143 3290 3233 3343 est
3274 3296 3391 3356 per·

2033 3407 2276 3451 manens
2299 3412 2313 3454 ;
2337 3394 2392 3443 et
2412 3387 2515 3442 hoc
2544 3397 2660 3438 non
2690 3376 2950 3435 obstante
2976 3363 3398 3429 communicari

2036 3475 2190 3532 valet
2212 3486 2310 3544 per
2330 3465 2565 3523 modum
2589 3454 2966 3516 transeuntis,
2988 3455 3174 3516 Quam
3196 3443 3402 3504 doctri-

2040 3572 2174 3614 nam
2202 3565 2499 3625 possumus
2525 3542 2869 3601 confirmare
2889 3552 2961 3593 ex
2988 3537 3051 3589 D.
3100 3531 3313 3586 Thom.
3345 3527 3397 3589 2,
3415 3535 3462 3575 n.
3485 3529 3560 3571 ‘rm

2038 3640 2113 3695 ad
2141 3635 2393 3694 Corinth.
2427 3633 2510 3695 12,
2539 3630 2659 3683 lect.
2699 3626 2744 3689 l,
2775 3624 2922 3676 circa
2950 3624 3133 3689 finem,
3158 3611 3263 3667 ubi
3291 3579 3561 3670 aitz²³ff¹

2048 3740 2074 3770 «
2115 3711 2362 3787 Aliquod
2392 3713 2589 3765 lumen
2617 3700 3076 3761 communicatur
3104 3688 3280 3748 alicui
3310 3701 3406 3760 per

2049 3822 2073 3852 «
2117 3795 2354 3854 modum
2376 3787 2675 3864 passioniS,
2696 3781 2869 3839 alicui
2886 3793 3023 3835 vero
3047 3790 3148 3847 per
3169 3769 3407 3829 modum

2050 3904 2076 3935 «
2121 3882 2319 3936 forma}
2348 3868 2708 3929 inhaerentis:
2738 3866 2883 3920 sicut
2915 3862 3116 3916 lumen
3136 3853 3289 3910 Solis
3314 3851 3408 3907 in-

2054 3985 2080 4015 «
2121 3958 2353 4016 venitur
2394 3955 2457 4009 in
2497 3946 2864 4011 carbunculo,
2897 3947 2954 3998 et
2997 3939 3060 3994 in
3088 3934 3304 4000 stellis,
3352 3934 3412 3985 ut

2056 4064 2081 4095 «
2122 4040 2309 4096 forma
2336 4034 2646 4094 inhaerenS‚
2675 4026 2733 4083 id
2760 4029 2845 4081 est
2884 4015 3281 4078 connaturalis
3328 4010 3411 4067 ef-

2058 4145 2081 4175 «
2125 4123 2306 4186 fecta;
2358 4113 2454 4172 sed
2495 4115 2560 4170 in
2600 4126 2731 4168 aere
2779 4103 3080 4163 invenitur
3122 4104 3184 4155 ut
3227 4097 3413 4154 forma

2057 4226 2082 4256 «
2129 4200 2430 4264 transienS,
2460 4201 2518 4252 et
2543 4210 2659 4250 non
2691 4200 3055 4264 permanenS,
3098 4179 3236 4253 quia
3262 4182 3414 4231 tran-

2061 4305 2086 4335 «
2128 4283 2200 4338 sit
2254 4279 2498 4336 abeunte
2562 4273 2710 4330 Sole.
2767 4265 3051 4323 Similiter
3111 4266 3169 4317 et
3220 4259 3416 4313 lumen

2063 4386 2088 4417 «
2129 4360 2326 4436 gloriae
2353 4355 2659 4429 dupliciter
2689 4347 2870 4406 menti
2895 4339 3248 4403 infunditur,
3277 4339 3413 4392 etc.»

2059 4445 2287 4501 Constat
2314 4439 2473 4495 enim
2501 4437 2686 4490 lucem
2708 4445 2829 4488 esse
2854 4442 2926 4483 ex
2952 4422 3135 4497 specie
3162 4434 3267 4474 sua
3293 4429 3421 4487 qua·

2060 4528 2281 4584 litatem
2323 4520 2780 4592 permanentem,
2812 4504 3079 4583 quamvis
3119 4493 3423 4572 aliquando

2063 4607 2428 4663 transeunter
2468 4595 2927 4655 communicetur
2955 4591 3048 4643 :et
3072 4596 3302 4655 semper
3335 4591 3424 4633 re-

2062 4691 2208 4745 tinet
2247 4684 2448 4743 eadem
2505 4676 2809 4754 praedicata
2837 4666 3097 4745 specifica
3121 4709 3135 4734 ,
3181 4664 3313 4719 licet
3336 4658 3423 4714 di·

2065 4784 2229 4825 verso
2293 4762 2463 4821 modo
2510 4759 2717 4816 afficiat
2779 4753 3114 4827 subjectum.
3179 4741 3345 4799 Unde
3381 4738 3426 4794 si

2068 4863 2231 4905 amor
2258 4840 2559 4902 charitatis
2579 4834 2815 4900 visioni,
2843 4837 2905 4887 ut
2926 4828 3142 4900 replica
3163 4819 3425 4883 intendit,

2069 4925 2483 4986 assimilandus
2523 4924 2636 4992 est3
2677 4921 2903 4974 tantum
2936 4907 3244 4972 evincitur,
3286 4896 3431 4974 quod

2070 5008 2375 5083 praedictus
2418 5017 2581 5060 amor
2604 5014 2723 5056 non
2751 4990 3067 5068 dependeat
3110 4979 3432 5043 essentiali-

3348 5067 3431 5117 ter
