3647 5753
443 3105 586 3150 Tertia

429 3155 586 3251 atili?

629 387 740 445 782

632 559 897 632 proprios
913 566 1066 617 actus
1095 563 1327 638 physice
1351 562 1604 636 seipsum
1633 561 1919 635 disponat,
1938 565 1995 618 et

631 646 696 697 ut
713 640 1010 715 dispositio
1038 644 1113 700 sit
1132 647 1367 719 aequalis
1387 647 1586 720 gratiae
1608 643 1950 717 recipiendae
1975 665 1989 700 z

627 721 727 779 sed
754 722 927 780 homo
946 727 1318 798 quantumvis
1339 727 1410 783 ad
1433 726 1491 783 id
1512 732 1767 792 conetur,
1795 725 1994 799 nequit

630 804 959 878 praedictam
1008 807 1442 880 dispositionem
1471 825 1758 882 apponere
1797 830 1812 865 ι
1859 824 1994 883 ergo

631 901 817 960 neque
844 887 1114 944 amissam
1137 891 1384 963 gratiam
1409 892 1680 963 recipere.
1706 890 1902 947 Minor
1928 890 1993 944 in

630 982 743 1039 qua
768 972 852 1022 est
891 965 1209 1030 difficultas.
1255 969 1569 1043 probatur;
1614 986 1751 1026 nam
1778 985 1994 1042 suppo-

631 1060 841 1102 namus
869 1047 1167 1106 hominem
1191 1055 1326 1108 tunc
1349 1051 1558 1108 elicere
1584 1049 1655 1107 ad
1694 1065 1755 1106 se
1796 1049 1994 1122 dispo-

632 1125 890 1183 nendum
937 1135 1124 1186 actum
1177 1131 1542 1188 contritionis
1590 1135 1651 1185 ut
1690 1130 1945 1203 quinque
1977 1150 1990 1184 ε

633 1208 1011 1279 proculdubio
1051 1212 1275 1269 ratione
1329 1212 1461 1268 talis
1486 1209 1881 1282 dispositionis
1908 1226 1994 1267 so-

634 1289 760 1347 lum
800 1292 1087 1351 tribuetur
1111 1295 1165 1351 ei
1192 1296 1379 1370 gratia
1408 1299 1468 1351 ut
1503 1293 1755 1367 quinque
1781 1295 1801 1364 (
1827 1291 1994 1349 debet

634 1372 813 1438 enim,
841 1378 903 1429 ut
930 1376 1241 1450 tetigimus,
1273 1376 1494 1433 servari
1523 1374 1816 1447 aequalitas
1840 1374 1995 1430 inter

631 1451 1087 1528 dispositionem,
1131 1464 1187 1516 et
1224 1459 1470 1534 gratiam
1520 1455 1990 1531 recipiendam):

633 1551 765 1592 cum
786 1552 918 1611 ergo
937 1540 1188 1613 quinque
1211 1539 1305 1595 isti
1326 1538 1537 1613 gradus
1551 1540 1751 1614 gratiae
1768 1538 1992 1595 ratione

633 1617 797 1674 illius
841 1624 996 1676 actus
1035 1621 1402 1678 contritionis
1425 1620 1739 1677 secundum
1761 1636 1822 1676 se
1842 1635 1994 1692 spec-

632 1699 737 1755 tati
768 1742 780 1765 ,
852 1701 1416 1774 independenterque
1460 1717 1493 1758 a
1543 1700 1992 1774 praecedentibus

636 1780 862 1835 meritis
907 1781 1238 1850 debeantur,
1289 1797 1638 1854 consequens
1687 1780 1769 1850 fit,
1803 1785 1865 1835 ut
1892 1796 1992 1853 per

635 1861 811 1917 talem
840 1868 1026 1919 actum
1056 1879 1173 1920 non
1204 1863 1274 1920 ad
1301 1862 1523 1935 aliquid
1553 1862 1752 1937 gratiae
1780 1877 1992 1934 praece-

634 1941 823 1999 dentis
880 1945 1052 2002 homo
1110 1961 1170 2002 se
1215 1945 1499 2018 disponat,
1555 1944 1653 2001 sed
1700 1942 1770 2000 ad
1821 1944 1990 2001 illam

631 2025 949 2095 dumtaxat,
994 2045 1118 2101 quae
1145 2028 1332 2085 eidem
1387 2028 1535 2086 actui
1574 2027 1890 2086 secundum
1930 2042 1991 2084 se
2033 2032 2037 2035 ”

629 2109 1047 2182 correspondet.
1095 2108 1365 2184 Idemque
1402 2110 1533 2167 fieri
1578 2114 1759 2183 potest
1812 2125 1990 2183 argu-

630 2197 892 2248 mentum
914 2192 984 2249 de
1003 2208 1360 2266 quocumque
1388 2194 1503 2251 alio
1531 2199 1655 2249 actu
1684 2196 1990 2265 quantum·

626 2271 717 2329 vis
738 2272 984 2341 intenso,
1003 2289 1104 2346 per
1122 2290 1291 2347 quem
1323 2275 1386 2331 in
1413 2279 1529 2332 toto
1554 2275 1687 2331 vitae
1713 2290 1882 2330 cursu
1897 2288 1991 2330 ve·

630 2353 703 2409 lit
719 2369 779 2410 se
796 2354 966 2411 homo
987 2354 1323 2428 disponere:
1347 2356 1535 2413 solum
1559 2356 1719 2412 enim
1745 2355 1858 2412 erit
1877 2353 1991 2410 dis-

632 2436 840 2507 positio
861 2436 931 2493 ad
958 2438 1207 2511 gratiam
1234 2438 1297 2494 in
1324 2453 1390 2495 ea
1411 2439 1758 2506 intensione,
1793 2437 1855 2493 in
1878 2454 1989 2510 qua

628 2513 804 2571 fuerit
851 2517 981 2573 talis
1022 2524 1196 2584 actus,
1241 2535 1303 2575 ac
1344 2519 1584 2592 proinde
1624 2517 1694 2575 ad
1739 2519 1988 2592 gratiam

627 2594 816 2651 eidem
871 2599 1018 2653 actui
1064 2599 1378 2656 secundum
1423 2616 1485 2656 se
1529 2599 1810 2667 debitam;
1854 2599 1991 2672 quia

628 2675 865 2732 cuilibet
891 2678 1038 2734 actui
1085 2677 1323 2736 debetur
1360 2680 1545 2751 gratia
1594 2681 1832 2753 aequalis
1857 2697 1988 2737 cum

630 2754 772 2827 ipso.
819 2758 1126 2829 Nunquam
1177 2774 1313 2831 ergo
1347 2773 1407 2813 se
1452 2758 1717 2832 disponet
1761 2759 1832 2815 ad
1874 2761 1988 2816 ali-

628 2851 803 2909 quam
844 2837 1019 2894 aliam
1048 2838 1315 2914 gratiam,
1350 2845 1516 2913 atque
1544 2839 1684 2898 adeo
1707 2855 1889 2913 neque
1916 2841 1987 2899 ad

629 2919 835 2987 illam,
885 2937 1056 2994 quam
1114 2927 1247 2979 ante
1292 2929 1581 2995 peccatum
1635 2924 1852 2980 meruit
1895 2924 1986 2980 vel

628 3002 894 3076 possedit.

697 3094 753 3151 8.
798 3093 1008 3158 Tertia,
1049 3100 1105 3152 et
1138 3093 1559 3168 quodammodo
1596 3097 1748 3153 inter
1776 3112 1990 3170 praece-

623 3172 823 3231 dentes
849 3174 1038 3232 media
1065 3177 1350 3233 sententia
1377 3176 1456 3234 ita
1481 3177 1729 3252 explicat
1758 3177 1988 3251 praedic-

625 3263 744 3314 tam
794 3260 1278 3327 reviviscentiam,
1329 3264 1395 3316 ut
1422 3276 1523 3332 per
1550 3260 1868 3333 quemlibet
1892 3277 1986 3318 ac-

625 3344 750 3396 tum
795 3342 1111 3411 charitatiS‚
1160 3344 1248 3400 vel
1300 3343 1664 3401 contritionis
1716 3344 1888 3400 homo
1915 3343 1985 3400 ad

624 3422 971 3497 duplicatam
992 3425 1239 3498 gratiam
1259 3440 1320 3480 se
1341 3424 1624 3497 disponat,
1655 3428 1712 3480 et
1731 3441 1859 3481 eam
1891 3442 1986 3481 re-

544 3538 553 3549 ·
625 3503 798 3577 cipiat
830 3522 922 3560 :v.
966 3522 1020 3579 g.
1070 3505 1120 3561 si
1163 3511 1318 3562 actus
1340 3506 1415 3560 sit
1443 3506 1701 3562 intensus
1724 3512 1785 3562 ut
1810 3508 1986 3579 quin-

433 4108 613 4202 meuse-0

448 4254 572 4299 Moti·

447 4314 557 4350 vum.

624 3601 752 3658 que,
781 3586 1019 3659 recipiat
1039 3585 1231 3644 decem
1253 3584 1463 3660 gradus
1490 3587 1706 3662 gratiae,
1732 3589 1987 3662 quinque

626 3667 851 3724 ratione
872 3668 1212 3724 meritorum
1237 3667 1700 3740 praecedentium,
1733 3675 1790 3726 et
1808 3671 1986 3743 quin-

624 3763 734 3822 que
777 3749 874 3821 qui
918 3750 1149 3823 ipsimet
1171 3747 1316 3806 actui
1338 3749 1650 3806 secundum
1674 3767 1734 3808 se
1759 3768 1985 3810 corres-

629 3830 925 3903 pondent;
983 3833 1197 3907 hacque
1241 3834 1465 3889 ratione
1514 3849 1615 3906 per
1667 3834 1986 3906 quemlibet

625 3917 812 3969 actum
841 3912 1185 3986 duplicatam
1215 3914 1460 3988 gratiam
1485 3915 1737 3987 recipiat,
1771 3931 1986 3988 quous-

624 4010 733 4065 que
754 3999 867 4051 tota
894 3994 1015 4059 illa,
1048 4010 1219 4067 quam
1244 3993 1455 4063 amisit,
1488 3994 1598 4051 sibi
1627 3996 1977 4054 restituatur.

626 4076 785 4131 Hanc
810 4077 1153 4133 sententiam
1183 4082 1335 4133 tenet
1355 4078 1549 4134 Scotus
1574 4078 1635 4132 in
1659 4078 1714 4146 4,
1739 4078 1869 4134 dist.
1898 4080 1978 4146 16,

624 4164 804 4233 quaest.
840 4161 890 4225 2,
936 4157 1208 4214 Ledesma
1264 4160 1308 4224 1,
1359 4166 1508 4231 part.
1552 4160 1606 4225 4,
1639 4166 1752 4214 art.
1790 4162 1896 4214 2et
1923 4161 1977 4227 5,

623 4254 764 4310 quos
812 4238 912 4295 alii
960 4255 1076 4296 non
1125 4238 1286 4313 pauci
1312 4244 1651 4312 sequuntur.
1681 4240 1983 4311 Potestque

621 4321 872 4389 suaderi,
907 4322 1178 4394 quoniam
1207 4321 1270 4379 in
1299 4322 1564 4395 praesenti
1585 4321 1697 4379 duo
1720 4337 1982 4378 necessa-

624 4402 712 4459 rio
757 4407 891 4459 sunt
937 4401 1286 4459 verificanda
1331 4424 1343 4459 z
1394 4404 1649 4476 primum
1695 4407 1796 4470 est,
1831 4401 1981 4475 quod

621 4483 848 4540 meritis
876 4483 1251 4548 mortificatis,
1272 4489 1329 4541 et
1357 4482 1833 4542 reviviscentibus
1850 4499 1982 4540 cor-

662 4565 970 4640 espondeat
1022 4564 1248 4638 aliquod
1306 4566 1611 4639 praemium
1650 4565 1975 4631 essentiale,

625 4651 839 4724 „cilicet
875 4649 1073 4723 gratiae
1111 4654 1168 4705 et
1205 4649 1406 4723 gloriae
1431 4694 1444 4717 ,
1496 4654 1702 4723 praeter
1741 4648 1800 4705 id
1829 4646 1980 4722 quod

616 4735 784 4795 novis
816 4731 1033 4790 actibus
1059 4730 1130 4788 ab
1163 4732 1400 4790 homine
1430 4733 1635 4790 elicitis
1661 4731 1979 4789 secundum

612 4831 674 4874 se
699 4813 938 4871 debetur
967 4831 980 4865 :
1014 4811 1325 4868 secundum
1359 4818 1463 4878 est,
1507 4811 1657 4886 quod
1711 4811 1978 4885 praedicta

610 4895 798 4970 gratia
838 4910 954 4951 non
1001 4892 1309 4959 tribuatur,
1345 4892 1459 4948 nisi
1501 4892 1752 4967 subjecto
1780 4891 1978 4964 dispo-

609 4977 738 5043 sito,
774 4981 939 5048 atque
978 4973 1117 5031 adeo
1162 4974 1276 5030 nisi
1313 4975 1501 5042 homo,
1544 4975 1635 5032 cui
1668 4972 1978 5030 tribuenda

606 5063 710 5125 est,
754 5056 1018 5128 disponat
1056 5071 1116 5112 se
1143 5053 1215 5111 ad
1258 5071 1385 5112 eam
1429 5054 1817 5129 recipiendam
1869 5068 1969 5128 per

1449 392 1542 447 DE
1582 389 2138 447 REVIVISCENTIA
2177 389 2645 445 MERITORUM.

2130 560 2391 634 proprios
2417 563 2573 617 actus
2606 582 2620 617 ε
2648 566 2970 633 utrumque
2992 562 3179 615 autem
3205 556 3298 614 hoc
3326 555 3435 612 veri·

2126 639 2327 698 flcatur
2367 642 2531 716 juxta
2578 642 2726 699 hanc
2762 641 3152 704 sententiam;
3179 654 3320 694 secus
3340 653 3436 694 vero

2121 723 2284 797 juxta
2312 724 2692 796 praecedentes
2726 745 2738 779 ε
2768 722 2943 780 debet
2992 738 3132 797 ergo
3181 721 3291 777 illis
3325 734 3431 792 prae-

2127 804 2290 862 ferri.
3035 841 3045 851 .

2198 885 2383 958 Major
2403 885 2587 958 quoad
2606 885 2918 942 secundam
2939 891 3165 958 partem
3185 885 3372 938 constat
3386 896 3436 937 ex

2126 966 2291 1024 dictis
2320 984 2422 1040 pro
2447 966 2696 1025 secunda
2720 969 3018 1026 sententia
3046 968 3110 1022 in
3149 965 3263 1039 ejus
3287 964 3439 1037 praeci·

2129 1066 2239 1124 puo
2265 1049 2663 1108 fundamento.
2693 1052 2892 1117 Quoad
2923 1052 3182 1125 primam
3209 1063 3330 1103 vero
3345 1061 3442 1101 sua-

2126 1132 2293 1189 detur
2319 1154 2332 1189 :
2392 1139 2516 1190 tum
2563 1133 2701 1207 quia
2767 1134 2990 1192 idcirco
3059 1131 3305 1204 rejicitur
3346 1129 3445 1183 satis

2125 1215 2511 1271 communiter
2561 1214 2831 1287 praedicta
2876 1212 3139 1272 secunda
3196 1209 3441 1272 sententia,

2125 1296 2260 1369 quia
2275 1300 2443 1371 negat
2455 1296 2683 1353 meritis
2699 1293 3188 1353 reviviscentibus
3199 1291 3442 1365 praemium

2124 1377 2426 1434 essentiale
2467 1377 2787 1450 proprium,
2817 1383 2875 1433 et
2917 1375 3254 1431 distinctum
3289 1370 3348 1427 ab
3376 1385 3437 1434 eo,

2124 1455 2272 1530 quod
2313 1457 2479 1514 novis
2518 1457 2788 1530 operibus
2831 1455 3165 1531 respondet,
3195 1454 3442 1521 solumque

2123 1536 2378 1595 concedit
2404 1539 2525 1595 illis
2547 1539 2641 1597 vel
2665 1555 2882 1595 novum
2908 1538 3221 1613 praemium
3242 1531 3439 1589 acciden-

2126 1620 2255 1686 tale,
2289 1620 2381 1676 vel
2404 1619 2559 1677 idem
2580 1620 2887 1678 essentiale
2910 1636 3071 1677 novo
3110 1617 3268 1674 titulo
3290 1612 3438 1669 conie-

2125 1700 2392 1759 rendum.
2417 1705 2565 1759 Tum
2605 1703 2800 1767 etiam,
2827 1703 2970 1774 quia
3013 1717 3134 1758 non
3160 1698 3365 1755 videtur
3385 1694 3439 1748 ita

2124 1798 2438 1840 consonum
2467 1784 2684 1841 divinae
2707 1783 2975 1849 bonitati,
3006 1788 3070 1838 ut
3109 1781 3231 1837 viro
3248 1775 3435 1832 sanctis·

2123 1866 2290 1933 simo,
2315 1867 2411 1939 qui
2436 1867 2605 1941 longo
2625 1868 2758 1925 vitae
2784 1884 2958 1923 cursu
2985 1868 3051 1922 in
3073 1864 3250 1941 gratia
3270 1858 3438 1916 fidelis-

2123 1947 2269 2005 sime
2290 1946 2592 2015 laboravit‚
2617 1950 2667 2005 si
2698 1950 2760 2005 in
2787 1947 2905 2005 fine
2936 1949 3072 2004 vitae
3112 1961 3212 2020 pro
3235 1944 3435 1999 humana

2123 2028 2436 2102 fragilitate
2465 2030 2526 2085 in
2556 2029 2784 2102 aliquod
2814 2034 3113 2101 peccatum
3136 2024 3352 2083 mortale
3368 2021 3434 2075 in-

2123 2110 2288 2177 cidat,
2317 2127 2350 2167 a
2376 2127 2486 2183 quo
2525 2112 2635 2169 cito
2678 2128 2777 2184 per
2803 2112 3216 2169 contritionem
3241 2124 3290 2163 v.
3315 2120 3358 2177 g.
3392 2106 3434 2155 ut

2122 2191 2235 2248 duo
2262 2200 2538 2268 resurgat,
2570 2195 2880 2265 statimque
2909 2193 3210 2256 moriatur,
3232 2186 3434 2244 contera-

2122 2280 2218 2332 tur
2267 2276 2466 2332 minus
2529 2277 2728 2349 gratiae
2778 2281 2834 2333 et
2886 2275 3094 2348 gloriae
3149 2267 3432 2328 essentialis.

2121 2374 2293 2430 quam
2316 2355 2608 2413 confertur
2632 2357 2822 2421 alteri,
2848 2356 2950 2428 qui
2985 2371 3089 2428 per
3110 2359 3273 2409 totam
3293 2347 3429 2402 vitam

2121 2439 2465 2512 gravissima
2494 2443 2714 2509 peccata
2741 2437 3058 2502 commisit,
3088 2441 3143 2493 et
3179 2434 3239 2489 in
3274 2428 3434 2484 ultimo

2121 2520 2283 2578 illius
2347 2519 2546 2576 habuit
2608 2518 3023 2576 contritionem
3085 2523 3144 2573 ut
3202 2516 3428 2598 quatuor:

2121 2603 2269 2676 quod
2298 2609 2493 2659 tamen
2521 2619 2593 2659 ex
2621 2599 2889 2674 praedicta
2914 2599 3168 2659 secunda
3203 2595 3429 2653 sententia

2123 2683 2441 2741 necessario
2459 2682 2727 2747 infertur,
2745 2686 2806 2736 ut
2821 2682 3078 2739 intuenti
3098 2676 3306 2753 patebit.
3319 2674 3428 2725 Tum

2122 2766 2386 2840 denique,
2432 2765 2567 2837 quia
2626 2780 2744 2822 non
2802 2765 2939 2820 satis
3006 2760 3312 2837 percipitur,
3348 2765 3428 2824 quo

2123 2854 2301 2923 pacto,
2327 2847 2420 2905 vel
2441 2862 2553 2920 qua
2578 2847 2817 2906 veritate
2838 2847 2948 2905 dici
2980 2845 3172 2921 possit,
3202 2835 3327 2914 quod
3344 2847 3428 2889 me·

2123 2931 2236 2987 rita
2288 2926 2630 2986 mortificata
2671 2929 3045 2993 reviviscant,
3089 2932 3145 2984 et
3179 2918 3307 2996 quod
3339 2927 3423 2971 non

2122 3012 2338 3069 frustra
2377 3010 2663 3067 laboravit
2691 3018 2946 3084 peccator
2969 3016 3106 3067 ante
3132 3010 3297 3081 ipsum
3331 2999 3423 3068 1³1³·

2120 3110 2269 3160 sum,
2314 3094 2362 3150 si
2416 3099 2538 3166 post
2590 3093 2760 3150 illum
2817 3101 3047 3150 revocet
3096 3091 3343 3148 animum,
3384 3082 3424 3163 e}

2123 3173 2521 3248 poenitentiam
2565 3181 2711 3248 agat,
2757 3180 2818 3230 ut
2858 3175 3172 3248 Scriptura,
3208 3173 3258 3224 et
3279 3162 3421 3246 Sancti

2121 3258 2320 3312 Patres
2347 3255 2679 3327 loquuntur,
2707 3255 2757 3310 si
2787 3255 2938 3311 nihil
2983 3252 3216 3328 majoris
3250 3251 3420 3318 praemn

2120 3339 2443 3395 essentialis
2466 3344 2917 3411 consequuturus
2945 3344 3053 3406 est,
3079 3348 3239 3410 quam
3263 3325 3420 3383 stante

2119 3420 2345 3491 lapsum
2377 3434 2492 3476 non
2519 3418 2842 3476 meruisset.
3384 3480 3394 3490 ,

2194 3503 2376 3571 Porro
2399 3505 2671 3558 neutrum
2694 3517 2764 3557 ex
2785 3501 2861 3556 iis
2879 3516 3005 3572 quas
3025 3498 3281 3557 diximus,
3302 3498 3418 3542 vert-

2119 3582 2278 3640 ficari
2315 3586 2477 3659 juxta
2518 3584 2772 3655 aliquam
2812 3598 2882 3639 ex
2922 3580 3220 3640 sententiis
3258 3581 3420 3661 prace-

2118 3664 2404 3732 dentibus,
2430 3681 2500 3721 ex
2523 3665 2664 3738 ipsis
2702 3670 2951 3729 constat;
2979 3662 3252 3737 siquidem
3278 3661 3419 3742 pruna

2119 3754 2286 3822 negat
2347 3747 2738 3804 necessitatem
2793 3746 3184 3820 dispositionis
3231 3739 3422 3812 physffae

2118 3830 2188 3886 ad
2218 3829 2605 3903 recipiendam
2626 3829 2875 3903 gratiam
2897 3854 2910 3894 ;
2944 3835 2999 3886 et
3021 3822 3253 3885 secunda
3272 3828 3418 3905 recep·

2119 3913 2335 3969 tionem
2376 3913 2619 3986 alicujus
2658 3929 2821 3970 novae
2871 3914 3094 3986 gratiae,
3137 3912 3225 3965 aut
3266 3902 3420 3976 glonae

2117 3995 2439 4052 essentialis
2462 4000 2671 4067 praeter
2699 3995 2884 4063 illam,
2918 4011 3045 4067 quae
3075 3988 3279 4050 meritis
3296 3992 3418 4037 mor-

2117 4074 2346 4132 tificatis
2395 4075 2891 4148 correspondebat.
2949 4069 3233 4131 verificari
3271 4067 3416 4155 autem

2115 4163 2427 4231 utrumque
2450 4158 2613 4231 juxta
2656 4159 2804 4215 hanc
2833 4159 3066 4216 tertiam
3106 4151 3413 4225 sententiam,

2116 4241 2283 4298 facile
2309 4239 2602 4296 suadetur.
2636 4244 2782 4296 Nam
2809 4256 2880 4297 ex
2919 4255 3030 4313 quo
3070 4231 3282 4294 cuilibet
3304 4227 3417 4282 actui

2114 4320 2433 4386 charitatis,
2462 4326 2559 4376 aut
2585 4322 2951 4378 contritionis
2976 4319 3297 4391 duplicatam
3314 4317 3416 4379 gra‘

2115 4405 2257 4461 tiam
2271 4403 2617 4469 tribuit,non
2630 4388 3417 4479 relinquitmeritamortificaffl

2113 4486 2241 4541 sine
2263 4484 2501 4557 praemio
2520 4486 2816 4543 essentiali
2839 4481 3221 4556 sibiproprio,
3245 4480 3293 4531 et
3324 4467 3414 4523 dis-

2113 4565 2290 4622 tincto
2312 4564 2381 4621 ab
2408 4565 2532 4631 illo,
2564 4564 2710 4637 quod
2736 4582 2837 4638 pro
2859 4564 3026 4639 novis
3045 4558 3292 4635 operibus
3307 4560 3414 4606 con-

2114 4645 2317 4702 fertur.
2350 4647 2434 4702 Ex
2455 4660 2567 4717 quo
2594 4660 2732 4703 vero
2760 4661 2877 4702 non
2901 4643 3167 4707 admittit,
3194 4631 3323 4720 quot}
3340 4637 3416 4699 Per

2116 4742 2298 4783 unum
2315 4729 2503 4782 actum
2528 4726 2859 4781 restituatur
2876 4730 2990 4782 tota
3009 4724 3188 4799 gratia
3202 4719 3410 4799 remtsfa·

2111 4806 2210 4864 sed
2238 4803 2577 4863 tantundem
2606 4805 2765 4861 illius
2791 4807 3009 4880 gratim,
3033 4808 3234 4877 quanta
3249 4795 3320 4852 est
3342 4799 3414 4841 111·

2114 4888 2301 4946 tensio
2331 4886 2512 4960 ipsius
2556 4892 2728 4955 actus,
2764 4885 3091 4943 verificatur
3133 4877 3262 4958 quod
3297 4881 3412 4947 ΡΜ·

2113 4971 2262 5027 dicta
2309 4970 2495 5044 gratia
2540 4968 2709 5026 datur
2765 4968 3014 5043 subjecto
3065 4960 3325 5040 disposito,
3368 4950 3412 5004 0²

2104 5055 2331 5110 servata
2348 5051 2717 5124 proportione
2733 5049 2801 5106 ad
2820 5051 2990 5107 talem
3007 5043 3405 5190 disposigffiffii
