3647 5753
1396 369 1574 425 DISP.
1617 370 1738 435 vll,
1783 370 1946 426 DUB.
1992 372 2113 427 v11.
3007 381 3110 436 251

255 539 453 596 salitas
481 543 671 596 autem
696 539 895 612 nequit
916 555 1033 597 non
1046 540 1333 613 explicare
1359 540 1616 607 modum,

257 634 369 692 quo
389 635 557 675 causa
578 617 790 685 influit,
823 624 886 674 ut
911 624 1149 692 apparet
1168 620 1232 676 in
1271 620 1622 678 motionibus

260 700 604 767 artificiosis,
626 700 835 774 quibus
856 701 1243 759 instrumenta
1263 704 1623 776 applicantur

261 781 333 840 ad
359 782 587 839 effectus
617 783 782 839 artis.

73 867 227 926 mum
334 864 464 918 347.
492 863 712 919 L'ltimo
740 862 998 935 sequitur
1024 879 1097 920 ex
1117 863 1300 931 dictis,
1319 862 1626 936 quodlicet

70 919 217 962 “¹³⁸²
263 942 454 1016 prima
477 941 643 998 radix
668 942 948 999 libertatis
967 949 1184 1026 creatae,
1210 950 1327 1000 tam
1356 943 1624 1001 habitua-

264 1025 355 1092 lis,
387 1034 561 1096 quam
591 1025 849 1091 actualis,
880 1025 957 1080 sit
977 1026 1396 1098 omnipotentia
1423 1025 1541 1090 Dei,
1569 1029 1626 1082 et

255 1124 495 1174 summa
536 1107 782 1164 efficacia
830 1106 1047 1163 divinae
1091 1107 1433 1174 voluntatis,
1501 1122 1626 1181 quae

255 1191 527 1247 causatin
551 1187 717 1245 nobis
739 1204 856 1245 non
876 1190 1065 1246 solum
1086 1189 1465 1247 substantiam
1487 1204 1626 1262 ope-

264 1271 509 1328 rationis
556 1269 771 1335 liberae,
816 1269 915 1326 sed
948 1270 1123 1327 etiam
1171 1270 1408 1328 modum
1439 1270 1625 1343 ipsum

264 1352 550 1408 libertatis
582 1374 596 1417 ;
636 1350 1023 1407 nihilominus
1051 1351 1286 1408 libertas
1309 1350 1511 1407 divina
1544 1356 1628 1407 est

263 1432 336 1490 ad
363 1433 559 1488 minus
586 1431 836 1488 conditio
875 1431 1404 1504 indispensabiliter
1433 1430 1628 1504 requi-

261 1516 396 1581 sita,
422 1519 485 1568 ut
529 1510 968 1583 omnipotentia,
1018 1517 1075 1568 et
1114 1527 1344 1568 summa
1383 1511 1630 1570 efficacia

266 1596 370 1652 Dei
400 1593 694 1667 praedictos
719 1589 949 1647 effectus
972 1589 1203 1658 inferat,
1216 1597 1269 1649 et
1293 1596 1625 1665 exequatur.

267 1675 530 1732 Primam
583 1672 753 1746 hujus
817 1672 1109 1729 corollarii
1163 1677 1384 1745 partem
1427 1673 1631 1730 docent

265 1753 653 1814 communiter
674 1751 985 1807 Thomistae
1010 1768 1139 1808 cum
1171 1753 1443 1826 Angelico
1471 1755 1631 1809 Prae-

78 1849 237 1893 nfrtxo.
268 1841 496 1909 captore
531 1835 549 1888 l
606 1837 757 1904 part.
785 1839 968 1908 quast.
1010 1833 1091 1897 19,
1112 1834 1232 1888 ἀνι.
1264 1835 1316 1900 8,
1350 1831 1447 1888 uhi
1477 1837 1631 1904 post-

265 1930 440 1988 quam
485 1911 850 1985 impugnavit
887 1911 1223 1983 opinionem
1269 1911 1630 1984 quorundam

268 1996 650 2056 asserentium
672 1993 988 2050 carentiam
1004 1994 1352 2050 necessitatis
1373 1994 1435 2050 in
1457 2008 1633 2066 agen-

270 2080 344 2136 do
390 2074 768 2134 revocandam
814 2088 935 2131 esse
980 2074 1044 2129 in
1094 2090 1290 2130 causas
1334 2072 1627 2140 secundas,

273 2158 481 2217 mediis
511 2157 642 2213 aliis
667 2155 875 2229 quibus
914 2157 1061 2211 Deus
1081 2160 1368 2228 operatur,
1395 2154 1585 2228 inquit
1617 2175 1630 2209 ε

278 2264 306 2292 α
348 2241 416 2294 Et
446 2237 572 2293 ideo
611 2237 821 2292 melius
846 2234 1154 2291 dicendum
1194 2240 1296 2300 est,
1336 2234 1484 2307 quod
1531 2234 1635 2290 hoc

278 2343 308 2373 (ι
349 2317 626 2391 contingit
666 2321 898 2390 propter
923 2314 1229 2372 efficaciam
1270 2314 1484 2371 divinae
1528 2331 1635 2371 vo-

279 2423 309 2451 «
352 2399 605 2455 luntatis,
639 2399 782 2453 Cum
821 2396 980 2452 enim
1028 2395 1220 2467 aliqua
1245 2410 1412 2451 causa
1438 2394 1633 2451 efficax

283 2503 312 2531 α
357 2479 529 2534 fuerit
557 2477 623 2533 ad
668 2475 973 2551 agendum,
1005 2475 1231 2531 effectus
1271 2474 1635 2548 consequitur

283 2582 314 2612 «
356 2573 602 2622 causam,
634 2573 746 2613 non
777 2553 1000 2613 tantum
1026 2554 1340 2612 secundum
1387 2554 1444 2610 id
1485 2554 1634 2628 quod

277 2663 312 2694 α
356 2638 439 2704 fit,
498 2630 592 2695 sed
628 2638 799 2694 etiam
829 2636 1139 2693 secundum
1172 2634 1405 2712 modum
1433 2634 1629 2704 fiendi,

273 2743 307 2773 α
353 2720 446 2776 vel
470 2717 715 2775 essendi.
760 2720 902 2773 Cum
931 2717 1106 2790 igitur
1133 2718 1409 2773 voluntas<
1435 2716 1635 2772 divina

269 2825 304 2855 α
347 2802 448 2858 sit
474 2801 879 2864 efficacissima,
928 2814 1046 2856 non
1097 2799 1284 2854 solum
1335 2797 1630 2870 sequitur,

266 2910 300 2939 <r
343 2884 497 2959 quod
523 2883 667 2940 fiant
693 2899 778 2949 ea,
831 2897 956 2955 quae
995 2884 1142 2938 Deus
1186 2883 1309 2936 vult
1362 2878 1507 2945 fieri,
1538 2878 1636 2935 sed

264 2990 298 3021 a
341 2965 497 3039 quod
530 2980 598 3021 eo
638 2962 809 3020 modo
855 2963 1016 3026 fiant,
1065 2978 1176 3034 quo
1216 2965 1361 3018 Deus
1406 2976 1475 3017 ea
1509 2959 1637 3018 fieri

263 3071 296 3101 a
340 3047 493 3103 vult.
519 3046 657 3101 Vult
692 3048 882 3100 autem
922 3045 1068 3099 Deus
1094 3040 1356 3115 quaedam
1383 3040 1510 3097 fieri
1535 3057 1641 3099 ne-

264 3151 295 3181 «
326 3126 601 3191 cessari0‚
620 3123 879 3198 quaedam
896 3122 1314 3196 contingenter,
1337 3126 1396 3177 ut
1410 3121 1485 3177 sit
1499 3121 1640 3179 ordo

265 3235 293 3265 a
339 3211 410 3267 in
453 3208 625 3266 rebus
649 3206 720 3263 ad
748 3205 1236 3278 complementum
1265 3204 1547 3260 universi.
1572 3206 1641 3258 Et

262 3317 291 3347 (ι
339 3292 478 3350 ideo
507 3287 852 3363 quibusdam
881 3286 1173 3343 affectibus
1201 3286 1418 3360 aptavit
1445 3302 1640 3342 causas

259 3399 290 3428 α
336 3372 719 3436 necessarias,
743 3386 868 3442 quae
895 3367 1132 3426 deficere
1153 3384 1271 3425 non
1294 3372 1544 3441 possunt,
1567 3383 1640 3423 ex

262 3480 291 3510 α
335 3453 559 3529 quibus
574 3450 805 3508 effectus
825 3450 895 3506 de
916 3449 1246 3505 necessitate
1269 3447 1634 3521 proveniunt.

259 3560 290 3591 <r
335 3531 708 3602 Quibusdam
732 3534 923 3586 autem
946 3530 1164 3602 aptavit
1188 3544 1386 3584 causas
1411 3528 1641 3585 contla-

257 3642 288 3671 «
330 3623 550 3693 gentes
601 3612 990 3677 defectibileS,
1040 3627 1113 3668 ex
1156 3610 1364 3683 quibus
1411 3610 1640 3667 effectus

253 3722 286 3752 α
330 3697 756 3770 contingenter
781 3691 1075 3749 eveniant.
1106 3694 1234 3747 Non
1262 3690 1438 3765 igitur
1467 3707 1642 3764 prop-

253 3805 284 3835 «
330 3786 504 3838 terea
535 3775 764 3833 effectus
790 3772 953 3829 voliti
982 3788 1015 3828 a
1055 3774 1169 3828 Deo
1200 3770 1478 3828 eveniunt
1503 3787 1642 3828 con-

252 3884 285 3913 «
330 3861 665 3933 tingenter,
697 3853 830 3926 quia
850 3867 1032 3908 causae
1058 3851 1335 3923 proximae
1360 3856 1494 3907 sunt
1514 3867 1644 3907 con·

253 3965 286 3995 α
330 3942 641 4014 tingentes
654 3959 669 4002 ;
687 3933 786 3990 sed
803 3938 1118 4005 propterea,
1137 3932 1272 4004 quia
1292 3934 1440 3988 Deus
1460 3930 1644 3988 voluit

255 4044 285 4074 α
312 4037 418 4079 eos
428 4016 844 4089 contingenter
856 4011 1506 4086 evenire,contingentes
1516 4026 1643 4067 cau-

252 4126 284 4157 «
328 4119 427 4161 sas
451 4099 528 4158 ad
558 4113 660 4155 eos
683 4094 1044 4168 praeparavit.
1075 4114 1100 4145 n
1136 4096 1204 4149 Et
1230 4093 1301 4149 ad
1327 4093 1642 4150 secundum

245 4186 686 4262 argumentum
727 4177 958 4250 inquit:
993 4198 1019 4229 α
1060 4178 1145 4232 Ex
1179 4176 1285 4232 hoc
1330 4175 1468 4247 ipso,
1493 4172 1641 4247 quod

249 4288 283 4319 α
325 4264 494 4322 nihil
522 4259 818 4318 voluntati
854 4258 1069 4315 divinae
1098 4256 1331 4324 resistit,
1381 4256 1644 4330 sequitur

249 4372 281 4403 α
322 4345 486 4421 quod
518 4360 647 4401 non
667 4342 857 4398 solum
879 4338 1019 4395 fiant
1044 4356 1130 4403 ea,
1162 4355 1287 4413 quae
1327 4343 1472 4397 Deus
1519 4339 1644 4394 vult

246 4452 280 4481 α
324 4427 463 4485 fieri
495 4450 510 4493 ;
540 4424 648 4481 sed
695 4419 849 4495 quod
890 4419 1030 4476 fiant
1077 4421 1497 4496 contingenter,
1551 4419 1644 4475 vel

251 4532 283 4563 α
327 4505 697 4568 necessario,
741 4516 867 4573 quae
885 4499 966 4556 sic
987 4498 1112 4558 fieri
1140 4502 1285 4556 vult.
1313 4521 1339 4551 »
1387 4496 1645 4556 Secunda

244 4605 395 4647 vero
437 4583 753 4644 corollarii
798 4598 930 4654 pars
968 4580 1216 4637 traditur
1258 4580 1647 4637 communiter

244 4687 282 4728 a
303 4666 651 4727 Thomistis
676 4680 740 4719 su
750 4679 856 4735 pra
884 4661 1096 4726 relatis,
1127 4667 1185 4718 et
1222 4661 1389 4717 facile
1429 4663 1650 4717 constat

239 4771 323 4812 ex
342 4751 523 4809 dictis
553 4771 569 4814 3
619 4744 903 4818 quoniam
925 4748 987 4798 ut
1011 4742 1279 4799 voluntas
1304 4747 1494 4798 creata
1521 4745 1648 4814 agat

247 4833 463 4897 libere,
524 4826 863 4900 requiritur
887 4823 1034 4895 quod
1063 4823 1126 4878 in
1152 4821 1353 4880 eodem
1408 4820 1648 4878 instanti

245 4915 437 4990 possit
463 4907 821 4984 oppositum
846 4927 862 4960 ι
890 4920 1014 4976 quae
1050 4908 1294 4977 potestas
1319 4901 1487 4959 debet
1511 4917 1650 4959 con-

246 5003 484 5063 notare,
505 4998 570 5051 et
598 5001 935 5061 supponere
963 4986 1024 5042 in
1046 4988 1157 5044 Deo
1184 4986 1439 5042 similem
1463 4988 1650 5058 potes-

1755 546 1931 599 tatem
1957 566 1971 609 ;
2027 558 2163 599 nam
2191 543 2337 600 sicut
2366 560 2534 619 agere
2566 551 2819 602 creatum
2847 547 3119 606 subordi-

1757 631 1928 681 natur
1969 639 2136 699 agere
2160 623 2402 692 divino;
2458 626 2538 683 ita
2575 632 2819 698 potestas
2846 635 3120 688 creaturae

1758 707 2015 779 potestati
2055 707 2271 763 divinae
2316 707 2670 781 subjicienda
2696 716 2818 767 est:
2846 711 2945 768 sed
2975 714 3119 768 Deus

1757 786 1896 844 dum
1931 789 2046 863 agit
2086 804 2287 854 unum,
2323 791 2522 862 nequit
2549 791 2759 849 habere
2786 797 3118 865 potestatem

1757 868 1829 924 ad
1854 869 2198 941 oppositum,
2243 870 2386 942 quin
2414 870 2680 929 libertate
2720 871 2959 947 gaudeat
2992 898 3005 940 ;
3034 875 3120 931 si-

1758 948 1988 1021 quidem
2013 949 2247 1006 libertas
2268 950 2332 1005 in
2353 950 2453 1006 tali
2479 951 2649 1020 modo
2677 952 2883 1027 agendi
2899 954 3121 1010 consis—

1760 1030 1848 1085 tit:
1878 1045 2012 1105 ergo
2037 1034 2156 1087 esto
2172 1029 2407 1087 libertas
2432 1027 2633 1088 divina
2673 1048 2789 1090 non
2816 1034 2891 1089 sit
2933 1036 3123 1108 prima

1761 1108 1928 1166 radix
1956 1109 2236 1166 libertatis
2257 1115 2478 1176 creatae,
2510 1116 2565 1168 et
2601 1117 2754 1168 actus
2800 1113 2990 1180 liberi,
3022 1113 3123 1171 sed

1760 1191 2183 1263 omnipotentia
2232 1215 2246 1256 ς
2301 1192 2689 1250 nihilominus
2738 1199 2821 1251 est
2872 1195 3123 1253 conditio

1762 1269 2292 1343 indispensabiliter
2338 1274 2676 1340 necessaria,
2723 1279 2784 1329 ut
2814 1276 2957 1330 Deus
2987 1290 3124 1347 pro-

1762 1350 1929 1407 ducat
1957 1352 2018 1406 in
2045 1351 2320 1408 creaturis
2336 1350 2801 1428 libertatem‚tam
2824 1356 3120 1422 actualem,

1762 1446 1935 1503 quam
1981 1431 2349 1488 habitualem.
2402 1432 2678 1490 Videatur
2730 1436 2961 1490 Arauxo
3005 1435 3127 1493 loco

1699 1536 1707 1543 ·
1763 1513 1951 1578 citato,
1994 1512 2092 1569 ubi
2115 1512 2255 1569 duas
2272 1513 2527 1587 cajetani
2550 1514 2849 1573 evasiones
2885 1517 3129 1588 praeclu-

1763 1593 1867 1660 dit,
1892 1600 1948 1651 et
1992 1593 2246 1651 defendit
2293 1594 2738 1652 fundamentum
2783 1597 2950 1664 Scoti,
2977 1597 3130 1671 quod
3223 1602 3226 1605 ’

1764 1689 1894 1729 cum
1925 1674 2146 1730 ratione
2169 1679 2364 1731 nostra
2388 1676 2577 1749 reipsa
2599 1675 2888 1733 coincidit.

2363 1859 2395 1926 g
2437 1859 2532 1914 111.

1843 2004 2101 2078 Refertur
2121 2006 2307 2078 opinio
2327 2007 2630 2070 contraria,
2657 2012 2705 2060 et
2728 2007 2911 2079 primo
2935 2008 3058 2078 ejus

2163 2086 2365 2140 motivo
2404 2086 2731 2142 occurritur.

1845 2238 2269 2294 348.Adversus
2290 2238 2664 2295 assertionem
2678 2244 2951 2305 nostram,
2977 2239 3131 2313 ejus·
3167 2252 3322 2306 Opinio

1768 2333 1879 2390 que
1918 2318 2225 2375 corollaria
2265 2319 2524 2375 sentiunt
2562 2319 2863 2391 CaJetanus
2909 2321 2927 2374 l
2978 2327 3125 2392 part.
3159 2308 3325 2394 ⁰22¹?

1807 2405 1953 2453 uest.
1970 2399 2055 2463 19,
2078 2404 2188 2453 art.
2209 2401 2306 2468 8,§
2336 2397 2501 2455 Circa
2520 2401 2704 2464 istam,
2729 2402 2778 2454 N
2783 2398 3007 2455 azarius
3022 2398 3133 2455 ibi·
3158 2401 3326 2494 cuffia-

1770 2415 1923 2543 gem,
1947 2485 2272 2535 controvers.
2304 2481 2358 2544 2,
2390 2480 2624 2535 conclus.
2651 2479 2705 2543 3,
2731 2479 2973 2535 Alvarez
2987 2479 3128 2551 disp.
3172 2463 3307 2545 Num.

1771 2557 2357 2626 26,deauae2712·cs‚num.
2375 2561 2456 2624 14,
2474 2561 2533 2614 in
2546 2558 3134 2633 respons.ad4‚Godoy
3147 2549 3300 2643 &3¹¹³ss

1773 2636 1872 2693 ubi
1900 2654 2091 2711 supra,
2123 2639 2220 2712 qui
2243 2639 2416 2696 etiam
2436 2640 2610 2696 refert
2632 2639 2774 2696 alios
2790 2639 3129 2706 Thomistas‚
3163 2611 3342 2702 (3032511

1772 2723 1837 2772 ut
1862 2718 2221 2790 capreolum,
2255 2721 2581 2784 Fet-raram,
2605 2724 2663 2776 et
2682 2719 2999 2775 Zumelum.
3026 2717 3136 2775 Sed

1773 2800 2039 2864 Ferrara,
2072 2803 2128 2854 et
2151 2800 2347 2855 Zumel
2378 2808 2481 2872 pro
2509 2797 2674 2856 nobis
2700 2803 2854 2854 stant
2883 2799 3018 2856 locis
3042 2815 3136 2853 su-

1775 2894 1878 2950 pra
1917 2878 2136 2935 citatis:
2171 2881 2495 2953 ‚Capreolus
2541 2886 2677 2937 vero
2723 2895 2839 2937 non
2882 2879 3135 2953 loquitur

1772 2960 2154 3019 determinate
2169 2962 2238 3019 de
2261 2962 2479 3020 actibus
2501 2961 2824 3027 liberis.sed
2837 2961 2907 3020 de
2926 2962 3136 3019 effecti-

1775 3040 1880 3098 bus
1899 3042 2456 3116 contingentibuS,de
2475 3042 2682 3116 quibus
2699 3058 2816 3100 non
2832 3048 2915 3100 est
2934 3042 3133 3101 eadem

1777 3124 1941 3191 ratio,
1959 3131 2020 3181 ut
2034 3141 2101 3181 ex
2113 3124 2370 3182 dicendis
2389 3124 2898 3183 constabit.Eidem
2914 3125 3135 3198 opinio·

1775 3204 1838 3261 ni
1876 3204 2251 3262 subscribunt
2272 3208 2524 3278 vasquez
2561 3207 2578 3262 l
2624 3211 2773 3278 part.
2815 3205 2955 3278 disp.
3009 3206 3129 3273 100,
3198 3216 3297 3256 vas·

1773 3286 1958 3359 cap.3,
1986 3284 2234 3343 Arrubal
2255 3287 2495 3359 disp.62,
2522 3288 2764 3359 cap.3,et
2783 3284 3016 3356 quidam
3032 3283 3132 3340 alii
3149 3273 3351 3359 Δῖῗξῇι,

1774 3373 1940 3426 extra
1959 3367 2223 3424 Scholam
2254 3371 2318 3424 D.
2343 3368 2596 3425 Thomae.
2627 3369 2694 3422 Et
2721 3365 2996 3438 probatur
3024 3364 3336 3437 pri-primm„

1776 3465 1892 3515 m0,
1917 3448 2190 3521 quoniam
2218 3448 2445 3504 etiamsi
2468 3450 2615 3503 Deus
2636 3451 2826 3520 ageret
2849 3459 2918 3502 ex
2942 3460 3137 3502 neces-
3154 3446 3351 3528 mffiffm-

1775 3531 1940 3586 sitate
1968 3534 2210 3593 naturae,
2238 3527 2421 3585 adhuc
2441 3528 2719 3587 darentur
2744 3527 2974 3583 effectus
2998 3539 3139 3582 con-

1777 3611 2062 3684 tingentes
2087 3625 2257 3683 :ergo
2283 3609 2456 3665 etiam
2485 3607 2760 3665 darentur
2784 3612 2938 3663 actus
2967 3604 3138 3661 liberi

1778 3691 1842 3747 in
1864 3690 2161 3748 creaturis.
2186 3688 2604 3761 Consequentia
2651 3693 2802 3761 patet
2825 3704 2857 3744 a
2874 3687 3141 3760 paritate;

1775 3772 1913 3844 quia
1950 3771 2096 3828 sicut
2123 3769 2380 3835 libertas,
2413 3770 2493 3825 ita
2527 3769 2708 3825 etiam
2752 3766 3143 3840 contingentia

1779 3870 1898 3911 non
1938 3858 2049 3910 stat
2095 3868 2226 3909 cum
2277 3851 2616 3908 omnimoda
2661 3851 3013 3915 necessitate,
3045 3848 3143 3906 sed

1780 3935 1922 4008 petit
1949 3932 2399 3990 indifferentiam
2447 3932 2516 3989 ad
2563 3948 2703 3997 esse,
2735 3938 2790 3989 et
2830 3947 2945 3989 non
2973 3945 3139 3988 esse:

1776 4031 1914 4090 ergo
1938 4015 1987 4069 si
2017 4012 2319 4070 necessitas
2357 4012 2455 4068 Dei
2487 4012 2552 4067 in
2599 4010 2817 4084 agendo
2869 4026 2984 4067 non
3012 4009 3145 4067 des-

1780 4099 1996 4151 trueret
2008 4092 2480 4167 contingentiam,
2503 4092 2578 4148 ita
2595 4107 2778 4165 neque
2795 4090 3137 4148 libertatem.

1777 4176 2138 4233 Antecedens
2178 4179 2368 4231 autem
2400 4174 2693 4248 probatur,
2737 4173 2872 4247 quia
2913 4172 3143 4229 etiamsi

1780 4260 1927 4314 Deus
1973 4260 2166 4331 ageret
2203 4270 2274 4311 ex
2302 4254 2632 4312 necessitate
2675 4259 2915 4319 naturae,
2962 4252 3144 4309 adhuc

1778 4353 1961 4395 causa)
1981 4335 2243 4393 secundm
2268 4338 2458 4391 essent
2480 4332 2848 4399 defectibiles,
2879 4338 2937 4389 et
2958 4332 3146 4405 impe-

1779 4417 1988 4474 dibiles
2014 4423 2132 4472 tam
2174 4430 2207 4470 a
2251 4429 2420 4470 causa
2464 4413 2675 4486 prima,
2706 4429 2880 4485 quam
2908 4411 2977 4468 ab
3013 4410 3146 4468 aliis

1780 4497 1965 4555 causis
2014 4494 2279 4553 secundis
2340 4492 2759 4567 potentIoribus
2803 4514 2816 4549 ε
2871 4507 3005 4565 ergo
3065 4491 3145 4547 ita

1781 4584 2035 4654 agerent,
2066 4576 2215 4650 quod
2245 4581 2473 4648 possent
2494 4574 2565 4631 ab
2585 4574 2802 4648 agendo
2825 4572 3097 4646 impediri
3128 4592 3141 4627 ε

1777 4677 1918 4734 ergo
1940 4662 2174 4731 agerent
2200 4657 2620 4730 contingenter.
2682 4679 2687 4684 ·

1859 4741 2001 4796 Huic
2029 4743 2368 4812 argumento
2399 4735 2747 4809 respondent
2774 4736 2963 4808 primo
3009 4736 3145 4791 Sco·
3195 4761 3309 4807 seon

1781 4828 1892 4890 tus,
1923 4827 1980 4878 et
2001 4820 2159 4876 illius
2185 4818 2452 4891 discipuli
2483 4816 2744 4891 negando
2766 4815 3102 4873 antecedens
3130 4839 3142 4881 ;
3174 4819 3345 4888 rospon-

1781 4902 2119 4959 existimant
2163 4899 2343 4965 enim,
2373 4897 2521 4972 quod
2561 4898 2609 4954 si
2654 4899 2796 4954 Deus
2842 4901 3032 4971 ageret
3076 4912 3148 4953 ex
3211 4890 3278 4923 ⁵¹⁰

1787 4983 2118 5040 necessitate
2166 4985 2403 5047 naturae,
2469 4980 2632 5036 nulla
2675 4994 2844 5035 causa
2901 4975 3150 5034 secunda
