3647 5753
102 1257 152 1298 ir·

103 1307 379 1398 ,f¹¹,'niam,
417 1334 479 1383 ut
507 1327 741 1384 suarius
763 1324 1339 1391 fatetur,‘Concilium
1368 1325 1559 1379 Arau-

1240 425 1416 480 DlSP.
1464 424 1559 478 vll

184 602 297 658 sibi
321 602 631 677 subjicere,
668 607 725 656 ut
753 602 913 657 faciat
934 599 1230 657 efficaciter
1255 598 1438 671 ipsam
1468 595 1557 651 fa-

181 699 335 747 cere,
369 692 430 739 et
474 682 863 740 infallibiliter
891 683 1052 737 illam
1075 695 1204 737 cum
1226 677 1558 751 operatione

182 763 506 838 conjungat
531 787 545 831 ;
589 770 644 818 et
673 763 752 819 ita
788 767 871 820 est
898 761 1181 817 auxilium
1209 774 1279 815 ex
1300 772 1378 822 se,
1406 759 1461 812 et
1487 753 1558 811 ab

187 847 516 902 intrinseco
552 844 768 909 efficax,
816 842 963 917 quod
1017 840 1415 913 intendimus:
1468 838 1557 894 vel

190 942 312 981 non
343 928 482 982 facit
508 924 803 982 efficaciter
824 925 1007 997 ipsam
1038 923 1241 986 facere,
1273 919 1370 976 sed
1399 934 1558 976 com-

189 1008 454 1062 mittitur
498 1006 619 1078 ejus
657 1003 1036 1077 dispositioni,
1090 1018 1152 1058 ac
1197 999 1558 1057 determina-

189 1086 341 1142 tioni
374 1110 390 1151 ;
421 1092 481 1141 et
507 1085 586 1140 ita
602 1084 722 1157 jam
748 1084 945 1159 gratiae
965 1081 1318 1156 adjutorium
1348 1080 1558 1135 huma-

192 1183 282 1222 nae
307 1165 598 1222 voluntati
626 1163 1008 1239 subjungitur.

265 1246 661 1304 confirmatur
713 1247 896 1303 tertio.
946 1252 1000 1301 et
1033 1243 1370 1318 urgentius:
1412 1257 1558 1314 quo-

188 1416 462 1471 sicanum
510 1411 798 1468 diffiniens
862 1413 1041 1466 Deum
1094 1414 1212 1466 non
1261 1410 1559 1479 expectare

188 1500 483 1553 humanas
529 1497 870 1558 voluntates,
896 1492 1135 1548 damnat
1155 1506 1250 1546 eos
1275 1488 1373 1561 qui
1403 1502 1558 1544 asse-

188 1577 417 1641 rebant,
472 1580 651 1633 Deum
710 1580 1024 1647 expectare,
1082 1569 1230 1644 quod
1291 1569 1559 1626 voluntas

185 1667 378 1715 creata
414 1657 712 1713 inchoaret
754 1653 1047 1728 negotium
1085 1648 1508 1725 justificationis
1540 1669 1554 1704 z

184 1738 281 1796 sed
315 1739 436 1794 nisi
481 1736 821 1794 admittatur
861 1734 1149 1791 auxilium
1170 1748 1242 1788 ex
1263 1746 1322 1787 se
1341 1729 1552 1797 efficax,

188 1820 519 1878 necessario
537 1816 842 1873 dicendum
881 1821 983 1879 est,
1014 1814 1366 1871 voluntatem
1396 1826 1558 1867 crea-

188 1910 304 1957 tam
353 1900 633 1956 inchoare
679 1896 1109 1971 justificationis
1157 1893 1470 1968 negotium,
1502 1895 1557 1947 et

191 1986 369 2039 Deum
403 1981 552 2037 hanc
580 1978 1004 2035 inchoationem
1032 1982 1329 2050 expectare
1361 1995 1373 2029 :
1423 1987 1557 2045 ergo

192 2063 276 2118 vel
303 2059 643 2134 praedictum
673 2057 959 2114 auxilium
988 2073 1058 2112 ex
1086 2072 1144 2112 se
1171 2054 1366 2112 efficax
1392 2052 1557 2108 dehet

189 2142 438 2207 admitti,
475 2142 569 2197 vel
620 2155 735 2197 non
763 2137 1022 2193 salvatur
1067 2151 1252 2193 canon
1289 2132 1551 2190 Concilii.

195 2223 479 2280 Probatur
527 2222 723 2277 minor
753 2261 766 2286 ,
816 2217 1093 2291 quoniam
1144 2214 1290 2272 illud
1335 2213 1557 2287 princi-

194 2305 348 2375 pium
379 2302 612 2359 inchoat
633 2299 835 2356 salutis
864 2297 1178 2370 negotium,
1209 2293 1355 2367 quod
1397 2292 1557 2365 ponit

196 2387 450 2457 primum
501 2381 840 2455 requisitum
895 2378 965 2435 ad
993 2378 1255 2443 salutem,
1295 2375 1422 2432 sine
1446 2389 1558 2447 quo

197 2471 339 2523 Deus
366 2468 526 2522 ultra
555 2462 820 2537 progredi
845 2477 959 2518 non
976 2462 1147 2525 valet,
1176 2465 1237 2515 ut
1257 2474 1326 2515 ex
1349 2456 1558 2512 termi-

195 2549 283 2604 nis
307 2554 574 2605 constare
620 2543 850 2602 videtur
883 2568 895 2602 ς
945 2541 1042 2599 sed
1075 2542 1186 2597 nisi
1218 2540 1558 2596 admittatur

196 2631 481 2686 auxilium
527 2645 599 2685 ex
651 2643 729 2693 se,
774 2632 832 2682 et
877 2623 947 2681 ab
1000 2623 1313 2680 intrinseco
1338 2620 1552 2684 efficax,

197 2713 462 2770 voluntas
509 2716 699 2769 creata
741 2710 902 2782 ponit
931 2709 1186 2782 primum
1218 2705 1557 2777 requisitum

195 2793 259 2849 ad
282 2792 777 2869 justificationem,
805 2790 932 2846 sine
955 2803 1067 2862 quo
1092 2789 1236 2844 Deus
1259 2786 1409 2841 ultra
1433 2798 1561 2857 pro-

198 2874 353 2946 gredi
384 2891 506 2932 non
536 2874 688 2929 valet
720 2894 734 2929 ε
788 2887 924 2946 ergo
951 2870 1217 2927 voluntas
1245 2871 1434 2923 creata
1462 2865 1559 2921 in-

196 2957 420 3014 choabit
460 2956 760 3029 negotium
797 2950 1243 3027 justificationis.
1276 2945 1560 3003 Suadetur

201 3040 408 3104 minor,
462 3037 601 3110 quia
648 3036 760 3092 nisi
791 3033 1129 3091 admittatur
1173 3029 1460 3087 auxilium
1488 3043 1560 3083 ex

199 3135 273 3182 se,
301 3124 356 3175 et
377 3117 450 3174 ab
480 3118 800 3174 intrinseco
820 3114 1032 3177 efficax,
1060 3117 1175 3168 tota
1198 3109 1442 3167 efficacia
1465 3121 1560 3163 re-

200 3199 419 3255 ducitur
461 3196 533 3254 ad
572 3194 991 3270 praescientiam
1033 3191 1285 3250 mediam
1314 3203 1560 3246 consen-

201 3299 290 3336 sus
341 3281 736 3338 conditionate
799 3276 999 3337 futuri,
1063 3275 1144 3330 ita
1199 3270 1349 3347 quod
1413 3271 1560 3325 Deus

205 3371 437 3438 nequeat
484 3362 744 3419 absolute
797 3356 1113 3422 intendere,
1149 3361 1203 3412 et
1252 3354 1562 3410 decernere

198 3443 662 3516 justificationem
685 3437 884 3506 adulti,
912 3437 1026 3493 nisi
1051 3436 1211 3509 prius
1228 3430 1561 3507 praeviderit

205 3524 366 3580 illum
417 3536 761 3580 concursum
791 3519 912 3575 fore
956 3516 1157 3592 gratiae
1200 3513 1437 3571 auxiliis
1462 3536 1476 3580 ;
1506 3516 1562 3568 et

206 3620 317 3660 non
346 3604 522 3678 possit
554 3601 814 3659 hominis
844 3595 1404 3672 praedestinationem
1425 3607 1562 3649 exe-

204 3685 459 3756 quutioni
508 3682 808 3744 mandare,
855 3679 967 3734 nisi
1012 3674 1420 3750 praesupposito
1457 3670 1561 3729 ob-

203 3766 335 3837 jecto
362 3765 497 3822 talis
537 3763 825 3820 scientiae:
856 3757 1186 3833 hujusmodi
1230 3762 1421 3812 autem
1468 3768 1562 3809 re-

206 3847 473 3917 quisitum
523 3860 642 3901 non
698 3848 784 3899 est
829 3858 860 3897 a
904 3842 1018 3897 Deo
1047 3882 1060 3903 ,
1116 3839 1319 3895 saltem
1383 3832 1563 3890 libere

209 3934 419 4000 agente,
464 3928 609 3983 alias
647 3922 887 3980 scientia
940 3919 1130 3978 media
1170 3923 1315 3975 esset
1349 3915 1457 3987 ipsi
1487 3913 1563 3970 li-

211 4007 355 4075 bera;
378 4009 478 4065 sed
503 4007 669 4065 debet
688 4023 809 4065 esse
832 4022 863 4062 a
887 4006 1180 4061 voluntate
1206 4004 1413 4065 creata,
1432 4016 1562 4055 cum

213 4094 440 4163 nequeat
475 4106 596 4146 non
617 4089 687 4145 ab
714 4088 906 4160 aliqua
927 4101 1095 4142 causa
1123 4081 1370 4156 pendere
1396 4097 1564 4155 :ergo

213 4171 466 4227 voluntas
518 4175 706 4227 creata
756 4169 918 4241 ponit
940 4168 1194 4239 primum
1224 4162 1562 4235 requisitum

213 4252 274 4307 ad
314 4252 802 4327 justificationem,
835 4255 891 4306 et
932 4249 1059 4305 sine
1103 4262 1215 4321 quo
1237 4247 1384 4302 Deus
1411 4244 1564 4299 ultra

216 4332 467 4407 progredi
496 4349 613 4390 non
646 4337 847 4404 potest.

279 4412 360 4468 Ad
387 4413 508 4469 haec
541 4433 554 4467 z
595 4412 702 4477 Qui
732 4426 851 4468 non
892 4413 1071 4482 potest
1123 4403 1352 4479 aliquod
1389 4418 1565 4477 nego-

215 4495 350 4551 tium
372 4493 579 4559 ordiri‚
607 4493 721 4549 nisi
744 4491 1042 4564 supposito
1059 4488 1251 4561 aliquo
1270 4484 1559 4559 requisit0,

216 4577 352 4649 quod
397 4592 519 4634 non
560 4573 732 4631 habet
755 4590 826 4631 ex
859 4589 937 4639 se,
968 4569 1066 4627 sed
1094 4568 1166 4626 ab
1207 4569 1337 4635 alie,
1369 4565 1566 4639 nequit

218 4672 326 4713 non
344 4662 642 4731 expectare
663 4651 1206 4710 determinationem
1229 4648 1369 4721 ejuS,
1403 4662 1436 4702 a
1455 4659 1566 4719 quo

222 4736 353 4793 illud
378 4736 716 4809 requisitum
758 4729 1088 4807 ponendum
1115 4732 1198 4785 est
1229 4752 1243 4794 ;
1268 4732 1323 4783 et
1355 4726 1436 4781 sic
1462 4741 1567 4797 po-

220 4817 322 4873 tius
340 4818 644 4890 iste,quam
667 4816 770 4871 ille
789 4813 1081 4888 negotium
1112 4807 1341 4865 inchoat
1367 4827 1380 4862 :
1410 4804 1566 4878 atqui

221 4897 356 4954 Deus
379 4896 577 4970 nequit
603 4893 789 4952 ordiri
817 4892 1109 4967 negotium
1132 4885 1564 4963 Justificationis

222 4975 410 5042 adulti,
438 4977 550 5033 nisi
571 4973 863 5047 supposita
887 4971 1227 5028 futuritione
1254 4981 1564 5024 consensus

225 5057 608 5126 conditionate,
638 5055 851 5121 futuri,
898 5060 954 5111 et
994 5053 1113 5109 haec
1161 5045 1568 5107 determinatio

1570 464 1582 488 ,
1628 422 1791 476 DUB.
1840 422 1931 477 lv.
1972 418 1975 421 ’
2952 428 3048 481 117

1688 592 1969 667 objectiva
2000 610 2117 650 non
2145 600 2229 651 est
2249 611 2282 651 a
2305 597 2436 661 Deo,
2464 597 2607 652 alias
2632 612 2746 652 non
2772 596 3053 669 praecede-

1690 679 1776 730 ret
1800 674 2139 744 exercitium
2179 675 2461 732 libertatis
2506 676 2722 733 divinae
2748 701 2760 743 ;
2786 675 2882 733 sed
2909 683 2994 733 est
3018 693 3051 733 a

1689 755 1984 811 voluntate
2013 761 2220 821 creata,
2253 756 2511 829 alioquin
2541 758 2897 829 praescientia
2925 771 3051 813 me-

1689 834 1784 893 dia
1811 843 1957 893 esset
1975 837 2289 910 suppositio
2331 838 2672 910 simpliciter
2694 837 3048 899 antecedens,

1687 922 1745 975 et
1771 917 2023 975 libertati
2043 924 2245 974 creatae
2271 918 2664 993 praejudicaret
2698 940 2711 974 ε
2744 935 2879 994 ergo
2906 921 3054 976 Deus

1690 998 1887 1070 nequit
1939 1014 2056 1055 non
2082 1005 2378 1070 expectare
2414 999 2770 1055 voluntatem
2798 1004 3047 1056 creatam

1689 1081 1752 1132 ut
1794 1078 2164 1136 inchoantem
2228 1077 2655 1152 justificationis
2708 1080 3043 1154 negotium;

1687 1158 1835 1231 quod
1871 1165 2063 1216 tamen
2085 1173 2339 1215 asserere
2376 1164 2460 1215 est
2480 1165 2676 1216 contra
2706 1160 3046 1224 Concilium,

1689 1244 1751 1294 ut
1777 1240 1986 1297 Suarez
2013 1237 2180 1296 nobis
2199 1238 2478 1296 concedit.

1770 1322 1892 1376 175.
1938 1320 2007 1374 Et
2028 1319 2277 1392 profecto
2317 1320 2703 1378 Massilienses
2729 1322 3049 1395 Semipela-
3093 1332 3209 1372 Nota.

1688 1399 1865 1474 giani,
1898 1405 2095 1456 contra
2120 1414 2261 1471 quos
2309 1401 2425 1474 agit
2471 1401 2814 1469 Concilium,
2863 1402 3051 1475 potius

1689 1479 1759 1537 ad
1783 1485 1995 1537 statum
2041 1479 2519 1547 conditionatum,
2575 1499 2747 1556 quam
2779 1483 2849 1540 ad
2883 1482 3050 1541 abso·

1689 1562 1875 1617 lutum
1900 1558 2435 1635 respiciebant,cum
2457 1563 2847 1636 opinabantur
2869 1565 3048 1621 Deum

1687 1649 1987 1718 expectare
2004 1644 2290 1700 humanas
2311 1644 2655 1714 voluntates,
2689 1652 2748 1702 ut
2777 1663 2808 1704 a
2831 1653 3052 1720 peccato

1690 1733 2025 1802 purgentur.
2063 1727 2209 1781 Nam
2243 1731 2302 1780 ut
2340 1732 2560 1783 constat
2579 1744 2650 1784 ex
2688 1729 3050 1801 supradictis

1688 1825 1842 1864 num.
1876 1809 1996 1874 171,
2017 1809 2212 1877 aperte
2228 1805 2573 1875 fatebantur,
2602 1810 2782 1864 Deum
2811 1809 2876 1865 in
2896 1815 3044 1866 statu

1689 1886 1947 1946 absoluto
2011 1887 2329 1961 praevenire
2387 1889 2671 1945 humanas
2728 1890 3054 1947 voluntates

1689 1973 1776 2042 (eo
1801 1985 2009 2043 nempe
2035 1970 2239 2026 auxilii
2261 1969 2610 2035 sufficientis,
2645 1978 2698 2028 et
2719 1973 3049 2029 comitantis

1687 2067 1896 2128 genere
1915 2050 2083 2124 quod,
2109 2056 2166 2107 et
2188 2066 2305 2107 non
2340 2053 2543 2125 majus,
2590 2052 2902 2109 admittunt
2926 2052 3046 2109 Ad-

1688 2132 1955 2203 versarii)
2013 2130 2085 2188 ad
2130 2133 2329 2188 omnia
2376 2131 2601 2203 pietatis
2651 2149 2856 2204 opera,
2909 2133 3048 2189 Fide

1688 2217 1951 2285 excepta;
1981 2212 2129 2268 hanc
2153 2212 2531 2284 quippeinter
2559 2227 2732 2284 opera
2761 2228 2877 2269 non
2898 2228 3047 2270 com-

1692 2291 1998 2365 putabant.
2051 2292 2264 2348 Verum
2309 2290 2603 2358 dicebant,
2664 2294 2841 2348 Deum
2898 2292 3046 2347 nihil

1691 2372 1946 2430 absolute
1975 2372 2124 2428 circa
2143 2387 2316 2444 opera
2334 2377 2546 2438 nostra,
2578 2373 2669 2429 vel
2687 2371 3051 2445 justificatio-—

1690 2468 1791 2510 nes
1817 2452 2141 2516 decernere,
2169 2451 2283 2507 nisi
2308 2450 2468 2523 prius
2513 2450 2868 2524 explorando
2907 2452 3045 2525 quid

1689 2534 1956 2590 voluntas
1988 2537 2175 2588 creata
2208 2532 2463 2606 eligeret.
2494 2532 2581 2587 vel
2611 2530 2680 2588 ad
2708 2548 2881 2604 quam
2912 2548 3049 2605 par-

1690 2621 1805 2671 tem
1832 2630 1893 2670 se
1913 2613 2250 2670 inclinaret:
2280 2619 2446 2686 atque
2474 2613 2601 2670 ideo
2630 2614 2808 2670 Deum
2839 2614 3046 2670 huma-

1689 2711 1791 2751 nas
1832 2695 2156 2751 voluntates
2197 2698 2495 2765 expectare
2543 2692 2927 2758 affirmabant,
2953 2694 3044 2749 vel

1690 2776 1978 2835 affirmare
2004 2773 2510 2832 convincebantur.
2533 2775 2692 2840 Quod
2720 2777 2858 2832 satis
2876 2792 3048 2833 eons-

1691 2863 1771 2916 tat
1795 2874 1867 2915 ex
1919 2859 2124 2914 Fausto
2162 2855 2429 2929 Regiensi
2474 2857 2565 2914 lib.
2611 2860 2665 2923 ⁴2,
2718 2859 2919 2930 cap.2,
2949 2855 3045 2913 ubi
3078 2886 3251 2926 Faustus

1691 2939 2012 2998 clarissime
2051 2937 2234 2993 utitur
2278 2938 2519 2994 scientia
2560 2937 2769 3003 media,
2810 2954 3052 3011 eamque
3069 2934 3263 2986 itegtens.

1692 3021 1755 3076 in
1784 3019 2169 3093 patrocinium
2210 3018 2302 3073 sui
2328 3019 2547 3075 erroris
2575 3017 2811 3083 inducit,
2839 3018 3050 3074 simul-

1690 3117 1800 3174 que
1823 3098 2076 3157 excludit
2098 3098 2199 3154 Dei
2222 3098 2575 3154 voluntatem
2600 3098 3047 3164 antecedentem,

1691 3188 1747 3240 et
1771 3181 2071 3239 efficacem.
2122 3178 2233 3237 Sed
2257 3181 2508 3244 revolviS,
2544 3180 2750 3252 inquit,
2799 3187 2848 3235 et
2873 3180 3010 3236 dicis
3039 3200 3056 3233 .-

1699 3284 1724 3314 α
1768 3260 2154 3327 Praescientia‚
2203 3265 2259 3316 et
2305 3258 2729 3333 praedestinatio
2765 3260 3055 3317 humano-

1699 3365 1723 3395 «
1769 3358 1900 3398 rum
1946 3345 2195 3409 actuum,
2222 3346 2277 3396 et
2308 3340 2650 3396 meritorum
2694 3337 2954 3410 praefixit,
2999 3345 3057 3396 et

1699 3446 1724 3476 α
1768 3423 1977 3480 excitat
2014 3436 2212 3478 causas
2243 3464 2256 3476 .
2300 3423 2429 3477 Non
2480 3420 2559 3476 ita
2602 3423 2724 3474 est:
2770 3421 2953 3493 magis
2986 3418 3057 3476 de

1700 3526 1726 3557 «
1767 3505 1993 3578 origine
2046 3500 2358 3558 voluntatis
2385 3501 2657 3556 humanae
2682 3499 2879 3572 ‘genus
2908 3514 3057 3572 prae-
3096 3538 3226 3587 Quam

1700 3608 1724 3638 «
1766 3584 2022 3641 scientiae
2047 3582 2365 3640 derivatur.
2395 3602 2420 3631 »
2469 3583 2536 3634 Et
2561 3586 2685 3651 post
2705 3581 2896 3652 aliqua
2916 3580 3055 3635 sub·
3105 3594 3220 3646 grata

1693 3664 1778 3721 dit
1816 3687 1829 3722 :
1888 3687 1912 3716 a
1956 3663 2063 3721 Sed
2117 3660 2301 3718 adhuc
2347 3659 2531 3716 dicis:
2582 3662 2725 3725 Quia
2771 3675 2961 3732 opera,
2994 3638 3266 3738 αοοὲῖἷξρῗξ

1701 3769 1725 3801 «
1768 3747 2091 3803 voluntates
2119 3742 2422 3798 hominum
2452 3740 2522 3797 de
2538 3746 2696 3810 nutu,
2722 3747 2776 3798 et
2799 3742 3053 3814 impulsu
3095 3737 3232 3829 ᾖξὲξίῑζ

1701 3851 1726 3882 «
1770 3823 2138 3900 praescientiae
2184 3821 2427 3878 coelestis
2467 3822 2764 3894 incipiant.
2811 3825 2939 3879 Non
2976 3822 3054 3880 ita
3070 3835 3245 3879 seientia

1701 3931 1727 3961 α
1768 3910 1885 3963 est:
1911 3903 2014 3960 hoc
2037 3901 2224 3975 potius
2239 3916 2496 3973 agnosce,
2523 3900 2672 3973 quod
2691 3901 3055 3978 *praescientia
3096 3884 3245 3928 ΜΨ·

1702 4007 1726 4040 «
1769 3985 1869 4042 Dei
1897 3983 1967 4040 de
1994 3980 2235 4037 materia
2284 3980 2675 4036 humanorum
2700 3987 2928 4037 actuum
2955 3997 3057 4036 su-

1702 4090 1727 4121 «
1770 4071 1891 4123 mat
1910 4061 2236 4122 exordium.
2284 4059 2434 4125 Quid
2473 4061 2544 4118 de
2569 4060 2734 4118 nobis
2770 4061 3052 4134 praescire,

1703 4171 1728 4200 «
1770 4162 1833 4203 ac
1874 4140 2263 4217 praeordinare
2313 4137 2514 4196 debeat
2558 4143 2723 4206 DeuS,
2779 4144 3059 4214 quantum

1702 4252 1728 4283 «
1772 4226 2022 4301 pertinet
2048 4223 2117 4280 ad
2141 4222 2426 4288 futurum,
2480 4223 2540 4278 in
2585 4222 2839 4295 profectu
2867 4221 3060 4280 homi-

1703 4331 1730 4364 α
1771 4309 1882 4374 nis,
1936 4306 2266 4378 defectuque
2309 4303 2589 4360 consistit.
2636 4326 2660 4354 »
2722 4305 2788 4358 Et
2836 4320 2955 4376 cap.
3001 4306 3056 4367 3,

1697 4394 1821 4465 post
1841 4388 2024 4445 multa
2065 4387 2199 4443 hinc
2239 4383 2377 4442 inde
2404 4384 2695 4457 proposita
2727 4384 3013 4441 concludit
3047 4383 3084 4438 εΔ

1703 4494 1729 4525 «
1770 4474 1849 4527 Ac
1895 4470 2008 4526 nisi
2061 4467 2419 4541 praescientia
2468 4466 2874 4537 exploraverit,
2910 4480 3062 4538 prae-

1704 4575 1730 4606 «
1770 4549 2078 4609 destinatio
2123 4547 2275 4604 nihil
2297 4546 2575 4604 decernit.
2607 4566 2632 4598 »
2677 4548 2745 4602 Et
2774 4547 2877 4604 hoc
2905 4553 3065 4618 pacto

1696 4634 1835 4689 satis
1879 4630 2147 4695 declarat,
2198 4643 2311 4701 quo
2359 4642 2529 4684 sensu
2559 4625 2822 4692 affirmet,
2882 4629 3061 4683 Deum

1696 4720 1994 4787 expectare
2045 4711 2329 4766 humanas
2374 4708 2696 4765 voluntates
2756 4708 2818 4763 in
2862 4708 3065 4765 salutis

1699 4795 1947 4872 negotio,
1976 4790 2242 4850 videlicet
2268 4804 2387 4846 non
2425 4789 2562 4862 quia
2588 4789 2657 4847 de
2686 4791 2972 4863 praesenti,
3009 4795 3065 4847 et

1697 4879 1761 4935 in
1805 4881 1955 4933 statu
2006 4871 2265 4929 absoluto
2306 4871 2407 4927 Dei
2458 4869 2713 4927 influxus
2750 4887 3063 4944 suspensus

1700 4964 1952 5025 maneat,
1984 4958 2297 5028 expectans·
2322 4951 2472 5025 quod
2513 4958 2775 5011 creatura
2797 4952 3065 5011 distincto

1701 5040 1926 5098 influxu
1950 5035 2187 5110 incipiat
2202 5033 2431 5107 operari
2463 5057 2478 5101 ς
2508 5050 2639 5090 cum
2669 5034 2855 5107 potius
2877 5033 3063 5091 diser-
