3647 5753
120 1495 270 1550 Oblec-

92 2068 295 2115 Diluitur.

1439 424 1624 481 DISP.
1666 424 1736 492 11,
1781 424 1949 481 DUB.
1989 425 2114 481 vn.

303 602 434 659 licet
462 604 629 675 neget
657 597 874 672 requiri
915 595 1448 670 indispensabiliter
1474 599 1664 653 muta-

304 686 519 743 tionem
537 681 910 740 intrinsecam
927 681 996 739 ad
1019 679 1662 754 remissionemfpeccati,

304 765 693 824 nihilominus
732 763 946 819 fatetur
973 768 1264 836 peccatum
1304 761 1368 816 in
1393 766 1543 817 statu
1567 777 1670 834 pu·

306 864 507 907 rorum
528 845 905 905 commissum
925 844 1108 904 deleri
1134 860 1251 902 non
1273 858 1435 916 posse
1455 841 1666 917 absque

302 929 487 1004 gratia
509 924 941 1000 supernaturali
963 925 1285 982 extrinseca
1314 947 1330 991 3
1380 923 1517 995 quia
1543 922 1670 997 ejus

304 1007 646 1067 condonatio
672 1005 840 1065 debet
864 1020 986 1062 esse
1024 1021 1058 1062 a
1084 1008 1199 1063 Deo
1237 1003 1668 1078 supernaturali

306 1091 562 1157 authore,
591 1096 647 1147 et
676 1089 967 1163 pertinere
1006 1086 1078 1144 ad
1101 1085 1527 1161 providentiam
1568 1102 1670 1142 su-

306 1171 740 1245 pernaturalem
765 1192 779 1226 z
810 1168 946 1242 quia
964 1169 1121 1225 solus
1147 1170 1294 1224 Deus
1318 1170 1669 1239 supernatu-

309 1252 451 1309 ralis
477 1251 701 1316 author,
727 1256 784 1306 et
827 1247 1257 1321 supernaturali
1304 1245 1670 1320 providentia

307 1339 473 1391 utens
504 1338 690 1406 posset
710 1330 964 1389 debitam
1006 1346 1238 1403 poenam
1266 1329 1506 1404 peccatis
1533 1334 1671 1386 tunc

305 1414 631 1473 commissis
656 1411 938 1487 infligere.

379 1497 510 1554 275.
554 1494 661 1552 Sed
681 1492 912 1567 objicies
952 1509 1125 1551 :nam
1150 1492 1221 1551 ad
1246 1491 1490 1550 eandem
1532 1506 1670 1564 pro-

213 1578 225 1590 ·
307 1573 629 1633 videntiam
655 1578 867 1647 spectat
908 1573 1149 1647 praemia
1189 1572 1453 1630 conferre
1473 1570 1664 1646 justis,

306 1663 362 1716 et
390 1658 599 1731 punire
625 1657 811 1713 malos
841 1678 854 1713 :
886 1655 986 1713 sed
1024 1658 1172 1712 Deus
1194 1661 1256 1711 ut
1282 1660 1449 1711 utens
1470 1653 1671 1726 provi-

306 1738 503 1797 dentia
529 1739 802 1807 naturali,
836 1743 1023 1812 posset
1044 1738 1210 1811 justis
1231 1738 1295 1793 in
1320 1740 1471 1793 statu
1493 1751 1671 1808 puro-

311 1837 443 1877 rum
470 1819 661 1878 debita
684 1821 921 1894 praemia
948 1819 1210 1877 conferre
1242 1839 1256 1874 =
1297 1833 1433 1892 ergo
1470 1817 1669 1874 eadem

309 1902 674 1976 providentia
700 1907 887 1975 posset
913 1898 1300 1976 peccatoribus
1320 1898 1513 1957 debita
1536 1916 1671 1973 sup-

308 1984 481 2057 plicia
508 1985 792 2059 infligere.

382 2066 780 2140 Respondetur
825 2066 1105 2140 majorem
1144 2065 1334 2122 solum
1379 2060 1670 2121 verificari

311 2162 412 2220 per
462 2164 522 2204 se
577 2146 874 2221 loquendo,
929 2152 986 2203 et
1040 2144 1268 2219 quando
1313 2161 1504 2217 opera,
1554 2148 1668 2200 tam

309 2226 477 2296 bona,
508 2244 681 2301 quam
706 2230 861 2284 mala
881 2225 952 2283 ad
973 2225 1220 2282 eundem
1238 2222 1504 2282 ordinem
1526 2223 1669 2281 adae·

303 2314 474 2380 quate
502 2308 824 2380 pertinent;
855 2305 1004 2379 quod
1052 2321 1170 2362 non
1198 2303 1401 2361 accidit
1448 2305 1512 2360 in
1538 2321 1667 2361 casu

305 2387 660 2462 obJectionis.
692 2388 976 2453 Quoniam
1005 2385 1155 2443 bona
1181 2401 1354 2458 opera
1375 2386 1566 2442 elicita
1603 2385 1668 2441 in

306 2472 453 2523 statu
484 2483 762 2541 purorum
789 2467 976 2524 solum
1024 2466 1294 2522 sisterent
1327 2466 1483 2521 intra
1508 2463 1669 2522 ordi-

309 2562 443 2604 nem
491 2549 839 2614 naturalem,
884 2553 941 2605 et
1012 2545 1291 2603 haberent
1350 2544 1667 2602 bonitatem

306 2625 445 2682 satis
492 2625 844 2683 diminutam
897 2646 910 2681 τ
956 2625 1163 2698 quibus
1205 2625 1448 2697 proinde
1483 2629 1669 2697 posset

305 2709 453 2763 Deus
502 2712 563 2761 ut
608 2713 772 2762 utens
812 2705 1176 2777 providentia
1216 2721 1375 2762 mere
1411 2704 1665 2760 naturali

302 2787 545 2859 praemia
569 2786 875 2852 naturalia,
905 2791 962 2842 et
987 2802 1190 2843 eorum
1232 2785 1489 2841 valorem
1512 2782 1665 2839 adae-

301 2864 545 2940 quantia
572 2864 853 2923 conferre.
908 2868 1190 2923 Caeterum
1215 2869 1437 2937 peccata
1461 2864 1663 2938 gravia

303 2945 557 3020 praedicti
586 2950 765 3003 status
794 2944 1074 3002 haberent
1099 2961 1170 3002 ex
1196 2961 1314 3001 una
1345 2950 1506 3016 parte
1525 2961 1662 3019 gra·

303 3028 536 3083 vitatem
584 3025 876 3082 infinitam
911 3041 982 3082 ex
1031 3030 1191 3099 parte
1218 3025 1464 3092 offensae,
1496 3030 1552 3081 et
1591 3041 1663 3082 ex

302 3107 417 3163 alia
457 3111 617 3180 parte
658 3110 979 3180 tangerent,
1011 3111 1067 3161 et
1095 3104 1451 3162 offenderent
1479 3107 1661 3162 Deum

299 3190 800 3260 supernaturalem
850 3187 1173 3254 authorem,
1205 3192 1261 3244 et
1299 3185 1501 3252 finem,
1543 3186 1662 3241 sal-

300 3272 413 3324 tem
435 3266 735 3331 indirecte,
761 3271 818 3324 et
837 3283 908 3324 ex
929 3266 1297 3339 consequenti
1319 3290 1333 3333 ;
1376 3264 1659 3338 siquidem

298 3353 625 3406 averterent
650 3364 684 3405 a
704 3349 835 3415 Deo,
863 3352 1033 3421 prout
1051 3354 1135 3404 est
1155 3347 1220 3401 in
1246 3362 1326 3403 se.
1357 3347 1534 3402 Nulla
1556 3361 1661 3402 au-

298 3436 413 3489 tem
455 3448 622 3505 poena
649 3447 750 3504 per
779 3429 1207 3504 providentiam
1236 3444 1396 3485 mere
1419 3432 1661 3484 natura-

300 3512 413 3568 lem
438 3511 797 3584 applicabilis
820 3511 1029 3583 punire
1057 3509 1210 3567 valet
1236 3510 1329 3566 vel
1356 3508 1655 3582 condigne,

301 3593 393 3650 vel
415 3592 986 3665 proportionabiliter
1011 3589 1306 3665 praedictas
1332 3588 1663 3645 deformita-

299 3677 380 3729 tes
399 3696 413 3739 ;
439 3672 674 3740 aliunde
694 3673 869 3730 etiam
894 3688 1011 3729 non
1029 3677 1215 3745 posset
1236 3672 1481 3741 (servata
1502 3684 1661 3725 com-

295 3754 461 3811 muni
486 3754 852 3828 providentia
871 3758 1049 3810 status
1072 3753 1373 3826 purorum)
1389 3749 1661 3807 omnibus

295 3834 681 3907 peccatoribus
707 3835 773 3890 in
816 3835 920 3890 hac
955 3834 1074 3890 vita
1119 3830 1328 3906 inssigi,
1377 3835 1436 3886 ut
1477 3846 1661 3903 nuper

295 3915 639 3973 dicebamus.
667 3915 834 3973 Unde
857 3932 960 3989 pro
999 3914 1191 3972 debita
1222 3913 1525 3988 punitione
1559 3929 1660 3970 eo-

298 4012 432 4053 rum
457 4006 831 4068 peccatorum,
876 4013 1001 4070 quae
1025 3999 1090 4055 in
1118 3996 1220 4054 tali
1249 4000 1397 4051 statu
1428 3993 1653 4061 fierent,

298 4078 530 4136 deberet
567 4084 713 4138 Deus
759 4097 1056 4139 recurrere
1106 4080 1175 4137 ad
1230 4077 1657 4153 providentiam

297 4165 816 4235 supernaturalem,
843 4169 898 4221 et
926 4163 995 4221 ad
1024 4180 1241 4237 poenas,
1280 4178 1405 4235 quae
1449 4176 1657 4217 secun-

297 4242 438 4298 dum
479 4242 644 4300 illam
673 4244 947 4317 applicari
986 4248 1238 4316 possunt.
1277 4238 1437 4307 Quod
1476 4240 1525 4295 si
1554 4240 1659 4296 hoc

300 4326 532 4382 nullum
564 4330 648 4381 est
673 4326 1108 4391 inconveniens,
1143 4325 1358 4399 pariter
1380 4324 1659 4379 inconve-

299 4407 471 4464 niens
512 4421 630 4462 non
654 4406 785 4475 erit,
815 4406 964 4479 quod
994 4410 1139 4463 Deus
1166 4410 1409 4479 nequeat
1436 4406 1659 4476 peccata

299 4487 364 4543 in
383 4492 531 4542 statu
556 4501 836 4559 purorum
859 4487 1003 4543 facta
1028 4502 1099 4543 ex
1125 4488 1249 4543 sola
1293 4481 1659 4558 providentia

300 4568 555 4626 naturali
578 4567 889 4636 destruere,
915 4569 1006 4625 vel
1031 4570 1344 4626 remittere.

3047 429 3160 483 495

2398 598 2430 666 g
2469 596 2563 653 v1.

1807 750 2015 809 Ultima
2037 752 2309 809 conclusio
2347 769 2448 826 pro
2466 752 2708 827 perfecta
2749 749 2906 806 dubii
2950 749 3160 805 resolu-

2393 835 2557 890 tione.

1873 987 1998 1042 276.
2020 983 2336 1043 Dicendum
2357 991 2444 1044 est
2467 985 2653 1052 tertio,
2687 987 2976 1057 peccatum
3007 997 3161 1038 mor·
3208 982 3348 1027 ren-tta

1801 1068 1916 1124 tale
1966 1067 2339 1125 commissum
2384 1068 2448 1124 in
2498 1072 2647 1124 statu
2715 1080 2992 1141 purorum
3041 1080 3159 1121 non
3185 1032 3349 1124 ⁰233&

1803 1163 1981 1220 posse,
2015 1147 2197 1205 adhuc
2242 1147 2311 1205 de
2351 1147 2607 1220 potentia
2651 1146 2928 1214 absoluta,
2976 1142 3160 1200 deleri

1801 1228 2012 1302 absque
2034 1229 2324 1287 infusione
2347 1230 2546 1304 gratiae
2565 1227 2991 1285 sanctificantis
3004 1227 3162 1282 Hanc

1801 1312 2226 1369 conclusionem
2247 1310 2407 1368 docet
2436 1313 2502 1366 D.
2533 1310 2741 1366 Thom.
2771 1308 2910 1366 locis
2937 1312 2967 1378 ς
3013 1310 3047 1364 2
3077 1307 3160 1364 ci-
3174 1303 3226 1345 ⁰·
3249 1301 3353 1346 '1¹¹⁰-

1800 1394 1967 1462 tatis;
1991 1410 2128 1451 nam
2158 1398 2220 1450 ut
2243 1410 2313 1452 ex
2334 1409 2534 1452 eorum
2550 1397 2815 1449 contextu
2845 1391 3043 1463 liquet,
3071 1390 3161 1446 lo-

1800 1475 1997 1548 quitur
2021 1473 2092 1532 de
2109 1475 2297 1550 gratia
2322 1472 2728 1531 sanctificante.
2764 1473 2834 1526 Et
2860 1470 3013 1527 idem
3038 1475 3162 1527 tra-

1801 1557 1888 1614 dit
1921 1557 2051 1614 aliis
2085 1558 2241 1624 lociS‚
2297 1574 2422 1632 quae
2459 1556 2726 1614 dedimus
2761 1556 2891 1612 dub.
2929 1553 3156 1628 proeced.

1801 1642 1834 1710 ξ
1854 1641 1908 1706 4,
1941 1640 2005 1695 in
2033 1638 2240 1712 quibus
2261 1638 2504 1696 adstruit
2544 1637 2934 1695 necessitatem
2961 1636 3162 1710 gratim

1801 1717 2211 1776 sanctificantis
2234 1718 2302 1775 ad
2318 1718 2759 1776 destructionem
2779 1717 2986 1789 peccati
3009 1732 3161 1786 mor·

1801 1801 1955 1866 talis,
1987 1801 2151 1857 nulla
2172 1798 2429 1855 adhibita
2452 1799 2814 1866 limitatione,
2844 1814 2955 1871 qua
2995 1813 3159 1854 suam

1802 1880 2125 1938 doctrinam
2154 1879 2463 1954 restringat
2492 1877 2559 1934 ad
2579 1878 2700 1934 sola
2743 1882 2962 1950 peccata
2998 1893 3159 1935 mor-

1802 1961 1942 2018 talia
1987 1960 2243 2017 hominis
2288 1959 2496 2016 elevati
2550 1960 2613 2015 in
2658 1959 3158 2032 supernaturalem

1762 2059 1768 2078 ·
1800 2040 1999 2098 finem.
2038 2039 2204 2096 Unde
2228 2039 2309 2096 sic
2336 2038 2536 2096 docent
2577 2041 2900 2111 Capreolus,
2936 2038 3158 2113 CaJeta-
3172 2043 3367 2094 cam-eol.

1802 2141 1929 2192 nuS‚
2000 2125 2372 2199 Hispalensis,
2445 2120 2694 2187 Medina,
2761 2124 3034 2189 Herrera:
3104 2125 3158 2178 et
3190 2089 3355 2184 fiijeii.

1801 2207 1979 2265 Labat
2007 2208 2136 2263 locis
2181 2209 2212 2276 ς
2252 2208 2288 2262 2
2341 2207 2567 2261 citatis:
2597 2203 2861 2277 idemque
2902 2204 3048 2259 tueri
3072 2208 3156 2260 te·
3172 2190 3350 2283 {¹324}ss-

1802 2296 2015 2347 nentur
2040 2289 2138 2362 qui
2166 2289 2384 2355 docent,
2420 2293 2704 2361 peccatum
2754 2286 3010 2344 hominis
3037 2286 3158 2342 ele-
3194 2270 3346 2333 nabat:

1801 2373 1920 2429 vati
1943 2371 2011 2428 ad
2037 2371 2536 2444 supernaturalem
2552 2367 2838 2434 ordinem,
2859 2385 2974 2425 non
2999 2383 3159 2441 posse

1802 2451 2013 2525 absque
2060 2452 2354 2508 infusione
2378 2449 2576 2524 gratiae
2601 2448 3006 2506 sanctificantis
3051 2462 3158 2503 au-

1801 2536 1943 2592 ferri
1974 2556 1986 2590 2
2015 2550 2153 2607 quos
2199 2533 2460 2590 dedimus
2506 2532 2616 2587 loco
2655 2533 2822 2586 citato
2849 2550 2866 2586 .·
2891 2530 3157 2602 quamvis

1798 2632 2000 2673 eorum
2013 2604 2296 2672 *nonnulli
2320 2612 2515 2669 minus
2535 2616 2943 2684 consequenter
2966 2624 3156 2682 proce·

1797 2697 1956 2764 dant,
1992 2703 2053 2753 ut
2077 2713 2148 2753 ex
2175 2693 2432 2751 dicendis
2460 2693 2758 2751 constabit.

1872 2779 2336 2835 Fundamentum
2366 2777 2533 2850 hujus
2555 2775 2888 2833 assertionis
2909 2774 3151 2831 habetur
3191 2777 3316 2822 Ratio
3341 2835 3348 2841 ,

1795 2876 1866 2918 ex
1925 2861 2196 2918 hactenus
2256 2857 2420 2915 dictis
2447 2883 2459 2925 ;
2521 2857 2794 2932 quoniam
2863 2861 3150 2929 peccatum
3183 2826 3339 2921 [Ξῖῗῖ

1793 2958 1969 3016 grave
1991 2939 2246 2998 hominis
2272 2939 2487 2996 conditi
2518 2940 2578 2995 in
2607 2939 2768 3012 puris
2792 2938 2954 2994 nullo
2982 2937 3152 2995 modo
3206 2925 3319 2970 Μ’·

1796 3029 1976 3097 potest
2018 3021 2200 3080 deleri
2254 3020 2463 3095 absque
2509 3021 2701 3094 aliqua
2747 3020 3153 3077 immutatione

1793 3105 2107 3161 intrinseca
2125 3104 2574 3177 supernaturali,
2612 3107 2721 3173 αις
2748 3105 2782 3157 2
2810 3102 3148 3158 statuimus:

1792 3185 1891 3243 sed
1919 3184 2245 3260 hujusmodi
2276 3185 2537 3251 mutatio,
2567 3200 2691 3257 quae
2718 3182 2787 3239 ad
2817 3182 3151 3254 praedictum

1792 3267 2053 3324 effectum
2082 3265 2304 3332 sufficit,
2329 3270 2384 3320 et
2403 3264 2679 3337 sequitur,
2711 3264 2925 3319 salvari
2955 3262 3154 3336 nequit

1794 3346 2003 3421 absque
2054 3346 2347 3403 infusione
2409 3345 2607 3419 gratia)
2672 3343 3078 3401 sanctificantis
3133 3361 3146 3396 :

1793 3445 1929 3504 ergo
1975 3428 2192 3484 infusio
2239 3426 2518 3499 praedictae
2555 3428 2755 3502 gratias
2793 3431 2877 3482 est
2911 3425 3152 3483 omnino

1793 3510 2113 3568 necessaria
2140 3509 2210 3566 ad
2252 3509 2653 3567 remissionem
2687 3508 2893 3582 peccati
2930 3513 3152 3564 morta—

1794 3591 1886 3657 lis,
1930 3588 2078 3663 quod
2125 3590 2297 3646 homo
2323 3590 2387 3645 in
2411 3594 2559 3645 statu
2598 3604 2876 3662 purorum
2904 3588 3149 3646 commi-

1791 3674 1886 3730 sit.
1917 3672 2200 3730 Probatur
2228 3671 2443 3739 minor,
2469 3672 2604 3745 quia
2645 3673 2748 3728 illa
2776 3671 3018 3728 mutatio
3049 3686 3149 3726 su-

1793 3753 2181 3828 pernaturalis
2207 3752 2429 3817 sufficit,
2485 3756 2542 3809 et
2568 3752 2886 3824 requiritur
2914 3750 2986 3807 ad
3032 3750 3154 3808 des-

1792 3836 2100 3894 truendum
2134 3839 2440 3909 peccatum,
2472 3850 2595 3907 quae
2624 3835 2812 3907 ipsum
2854 3833 3153 3891 efficaciter

1794 3921 2076 3985 retractet,
2102 3921 2158 3972 et
2171 3931 2363 3972 secum
2388 3915 2635 3972 minime
2663 3915 2957 3989 permittat
2987 3929 3156 3986 ;quu·

1793 4000 1865 4055 lis
1887 4014 2005 4055 non
2026 4000 2109 4054 est
2139 3997 2377 4063 attritio,
2417 3997 2508 4053 vel
2538 3997 2688 4053 alius
2715 4001 2902 4053 motus
2932 3995 3153 4067 imper-

1792 4080 1990 4138 fectior
2017 4078 2381 4145 contritione,
2413 4084 2469 4135 et
2496 4095 2692 4136 amore
2719 4077 3149 4150 supernaturali

1790 4177 1961 4234 super
1988 4159 2203 4226 omnia,
2246 4165 2306 4214 ut
2331 4159 2716 4231 explicuimus
2753 4158 2878 4214 dub.
2916 4157 3141 4229 praeced.

1789 4248 1821 4314 ς
1851 4246 1870 4299 l
1897 4261 1910 4307 ;
1934 4241 2084 4299 unde
2125 4246 2410 4315 peccatum
2436 4242 2601 4298 unice
2628 4240 3038 4298 destruendum
3059 4242 3146 4295 est

1792 4328 1882 4383 vel
1936 4342 2037 4398 per
2081 4325 2327 4400 gratiam
2373 4322 2843 4387 sanctificantem,
2901 4323 2992 4378 vel
3043 4336 3144 4394 per

1743 4422 1751 4432 ·
1790 4407 2194 4464 contritionem
2229 4406 2418 4478 :atqui
2446 4406 2732 4471 contritio,
2776 4410 2833 4461 et
2853 4420 3015 4460 amor
3043 4419 3143 4459 su-

1791 4489 2178 4563 pernaturalis
2201 4488 2301 4546 Dei
2327 4504 2498 4561 super
2538 4488 2735 4544 omnia
2762 4486 3145 4544 essentialiter

1789 4571 2114 4645 dependent
2140 4588 2170 4628 a
2196 4571 2384 4645 gratia
2407 4568 3096 4642 sanctificante,tanquam
3113 4584 3146 4625 a

1791 4655 2077 4728 principio
2120 4651 2396 4722 effectivo,
2443 4658 2503 4708 ut
2531 4653 2650 4709 loco
2676 4651 2844 4709 citato
2889 4650 3147 4708 ostendi-

1790 4753 1921 4792 mus
1971 4757 1985 4792 :
2037 4751 2172 4810 ergo
2223 4734 2481 4800 mutatio,
2525 4750 2652 4806 quae
2707 4733 3043 4806 requiritur,
3094 4739 3150 4790 et

1790 4816 1995 4875 sufficit
2021 4816 2091 4873 ad
2131 4814 2542 4872 destruendum
2572 4821 2858 4887 peccatum
2909 4814 2971 4869 in
2999 4819 3148 4870 statu

1792 4915 2071 4972 purorum
2111 4900 2480 4956 commissum
2507 4942 2520 4966 ,
2569 4900 2786 4957 salvari
2835 4916 2951 4957 non
2997 4900 3151 4956 valet

1792 4982 2002 5056 absque
2031 4982 2325 5039 infusione
2349 4983 2552 5056 gratiae
2572 4982 2998 5041 sanctificantis.

1866 5063 2259 5122 confirmatur
2285 5063 2499 5135 primo,
2547 5064 2683 5137 quia
2712 5065 2937 5124 aversio
2977 5082 3010 5123 a
3037 5069 3151 5125 Deo
