3647 5753
1434 411 1612 469 DISP.
1654 411 1750 479 ΙΙΙ,
1796 412 1964 469 DUB.
2006 413 2078 471 11.

268 590 611 649 clinationes
632 589 745 646 sibi
771 588 1019 664 subjicit,
1044 591 1101 644 et
1127 586 1198 644 ad
1225 589 1408 644 Deum
1450 585 1630 643 finem

269 673 541 730 ultimum
565 673 881 739 convertit;
912 677 1079 745 atque
1109 669 1235 728 ideo
1282 668 1546 735 destruit,
1576 672 1633 724 et

266 754 518 814 excludit
539 761 726 812 actum
763 753 1224 826 peccaminosum
1252 750 1628 825 praeteritum,

266 837 365 912 qui
387 842 520 895 ante
540 836 897 894 infusionem
924 834 1127 911 gratiae
1148 832 1485 891 censebatur
1508 846 1633 905 per-

265 933 532 978 severare
557 917 882 976 moraliter.

42 1001 241 1046 Solvitur
343 1000 455 1055 Per
479 996 628 1070 quod
648 997 825 1054 etiam
848 994 1029 1069 liquet
1049 992 1120 1050 ad
1140 990 1448 1050 secundam
1463 1013 1478 1058 ς
1494 1003 1632 1046 nam

39 1050 403 1136 sefflm'licet
450 1078 772 1136 retractatio
806 1076 1041 1142 directa,
1073 1078 1130 1132 et
1170 1072 1437 1132 formalis
1477 1075 1633 1127 actus

270 1158 650 1234 peccaminosi
689 1156 892 1215 debeat
910 1154 1039 1213 fieri
1065 1170 1165 1228 per
1186 1159 1374 1210 actum
1403 1150 1634 1224 opposi-

270 1248 418 1310 tum;
439 1240 764 1299 retractatio
778 1244 975 1297 tamen
991 1237 1290 1304 indirecta,
1306 1240 1362 1292 et
1381 1233 1635 1307 aequiva-

268 1324 397 1382 lens
423 1322 765 1379 sufficienter
792 1319 858 1376 fit
884 1336 984 1394 per
1006 1318 1270 1375 habitum
1296 1315 1514 1391 gratiae.
1542 1312 1636 1368 Si-

269 1409 363 1462 cut
390 1405 521 1461 licet
542 1403 791 1476 privatio
809 1399 1144 1458 voluntaria
1170 1398 1371 1473 gratiae
1392 1398 1636 1467 nequeat

269 1482 486 1542 directe
514 1482 743 1540 ‘auferri
786 1480 903 1538 nisi
931 1496 1033 1554 per
1077 1477 1343 1536 habitum
1387 1475 1632 1551 gratiae3

272 1570 453 1641 potest
510 1570 706 1622 tamen
746 1563 910 1636 juxta
962 1558 1322 1634 probabilem
1374 1555 1636 1630 plurium

271 1649 607 1723 opinionem
628 1645 853 1705 excludi
879 1643 1158 1702 indirecte
1175 1658 1276 1716 per
1300 1646 1487 1698 actum
1508 1653 1638 1695 con-

272 1730 547 1796 tritionis,
575 1728 667 1785 vel
690 1725 1019 1792 charitatis;
1044 1730 1101 1781 et
1141 1725 1326 1796 posset
1355 1719 1632 1785 absolute,

270 1812 320 1867 si
373 1806 701 1884 hujusmodi
756 1810 911 1863 actus
949 1820 980 1861 a
1013 1803 1199 1878 gratia
1244 1798 1638 1858 sanctificante

256 1890 656 1969 *essentialiter
701 1903 821 1945 non
865 1884 1231 1959 dependeret,
1273 1888 1335 1939 ut
1384 1879 1638 1938 vidimus

272 1972 417 2045 disp.
436 1971 657 2045 praeced.
683 1969 809 2025 dub.
838 1969 893 2032 6,
926 1970 958 2037 ἓ
984 1969 1042 2021 2.

55 2050 246 2147 Q&
349 2057 579 2112 Constat
605 2053 780 2110 etiam
808 2050 879 2107 ad
907 2048 1141 2105 tertiam
1159 2090 1172 2113 ,
1198 2045 1476 2120 quoniam
1501 2058 1639 2117 gra-

77 2110 220 2195 nrmae.¹
277 2137 357 2193 tia
382 2132 745 2192 sanctificans
775 2128 1047 2188 rectificat
1075 2127 1394 2191 hominem,
1441 2139 1640 2180 mora-

277 2218 410 2274 liter
451 2211 804 2287 subjiciendo
855 2211 1046 2283 ipsum
1089 2211 1202 2264 Deo
1243 2206 1450 2262 ultimo
1490 2201 1637 2270 fini;

278 2303 443 2371 atque
464 2295 591 2353 ideo
619 2292 821 2349 sufficit
843 2291 914 2349 ad
947 2287 1261 2348 tollendam
1289 2301 1524 2344 omnem
1547 2282 1642 2340 de·

278 2380 632 2436 formitatem
656 2376 956 2438 moralem,
985 2388 1110 2445 quae
1136 2370 1198 2425 in
1230 2373 1450 2443 peccato
1482 2381 1642 2423 mor-

280 2460 382 2518 tali
412 2457 699 2530 reperitur
727 2478 740 2512 t
766 2472 869 2513 nec
890 2455 961 2511 ad
988 2454 1092 2509 hoc
1113 2451 1430 2524 requiritur
1451 2463 1644 2505 essen-

282 2541 497 2598 tialiter
521 2537 837 2604 moralitaS,
868 2553 992 2609 quae
1019 2535 1318 2591 invenitur
1340 2531 1404 2587 in
1427 2527 1642 2586 actibus

6 2654 7 2675 κ
283 2620 740 2696 disponentibus,

6 2682 9 2773 Γ
56 2715 253 2763 Tertium
360 2706 452 2761 40.
499 2701 775 2778 Arguitur
802 2699 969 2756 tertio
1005 2721 1017 2755 ε
1047 2698 1181 2773 quia
1210 2694 1442 2752 habenti
1473 2692 1644 2750 affec-

6 2786 7 2835 Ῐ
61 2776 408 2863 mgffffistum
432 2787 713 2843 actualem
756 2783 1081 2847 formalem,
1112 2780 1204 2837 vel
1232 2777 1543 2835 virtualem
1572 2774 1643 2831 ad

6 2866 9 2880 '
284 2876 593 2948 peccatum,
627 2865 825 2940 nequit
861 2865 1046 2940 gratia
1099 2859 1351 2925 infundi,
1386 2857 1643 2931 alioquin

278 2954 465 3030 gratia
492 2947 854 3009 sanctificans
880 2945 1216 3003 coexisteret
1249 2956 1379 2998 cum
1423 2944 1644 3013 peccato

280 3035 514 3095 mortali
538 3059 551 3101 ;
582 3032 733 3108 quod
759 3046 879 3088 esse
908 3025 1265 3101 impossibile
1291 3020 1645 3079 ostendimus

280 3119 421 3192 disp.
469 3116 690 3190 praeced.
740 3113 870 3169 dub.
912 3114 947 3167 4
976 3135 989 3179 ;
1014 3107 1114 3166 sed
1145 3103 1363 3177 impius
1389 3100 1643 3176 quandiu

282 3218 399 3261 non
425 3200 581 3259 elicit
622 3204 809 3255 actum
858 3192 1227 3269 poenitentiae,
1279 3193 1335 3244 et
1381 3189 1647 3242 retractat

282 3287 571 3359 peccatum
614 3278 987 3354 proeteritum,
1034 3272 1205 3331 habet
1247 3269 1508 3328 affectum
1551 3282 1645 3323 ac-

284 3365 499 3422 tualem
523 3360 838 3418 virtualem
866 3355 938 3413 ad
967 3359 1290 3429 peccatum;
1322 3352 1648 3424 perseverat

286 3444 444 3504 enim
471 3441 775 3501 moraliter
806 3443 979 3503 actus,
1005 3432 1262 3510 quandiu
1290 3448 1408 3488 non
1433 3435 1649 3488 retrac-

289 3532 443 3584 tatur
466 3541 565 3599 per
584 3527 772 3581 actum
794 3520 1119 3596 oppositum
1145 3535 1158 3570 t
1186 3532 1321 3590 ergo
1346 3515 1642 3587 repugnat,

291 3605 440 3679 quod
484 3609 628 3663 Deus
656 3602 926 3670 infundat
953 3599 1135 3674 impio
1160 3597 1409 3674 gratiam
1433 3592 1648 3669 justifi-

292 3686 549 3752 cationis,
581 3683 832 3760 quandiu
859 3697 975 3740 non
1002 3681 1159 3737 elicit
1181 3678 1432 3750 aliquem
1462 3680 1649 3733 actum

293 3770 639 3843 poenitentiae
669 3766 1099 3824 retractativum
1120 3760 1352 3836 peccati.

368 3849 755 3908 confirmatur
807 3846 1017 3920 primo,
1069 3843 1206 3917 quia
1254 3842 1336 3897 ita
1382 3854 1442 3894 se
1484 3835 1654 3893 habet

295 3948 412 3990 non
434 3932 633 3989 volens
647 3927 972 4003 justificari,
1006 3942 1068 3983 ac
1099 3926 1300 3981 nolens
1323 3917 1648 3993 justificari:

294 4012 392 4071 sed
429 4012 705 4085 implicat,
737 4009 986 4081 impium
1016 4007 1309 4064 nolentem
1351 3998 1653 4076 justificari

294 4093 560 4166 consequi
588 4091 836 4167 gratiam
887 4085 1309 4163 justificationis
1360 4105 1373 4139 ι
1420 4097 1557 4155 ergo
1600 4084 1656 4137 et

295 4174 446 4249 quod
475 4175 641 4230 illam
663 4176 1043 4245 consequatur
1077 4167 1306 4240 impius,
1348 4163 1446 4237 qui
1483 4162 1656 4236 justi·

295 4256 459 4313 ficari
508 4270 625 4311 non
677 4252 839 4309 vult:
870 4250 1026 4324 atqui
1079 4261 1198 4307 non
1247 4248 1374 4304 vult
1399 4242 1654 4318 quandiu

297 4353 417 4396 non
443 4334 597 4392 elicit
625 4333 876 4406 aliquem
906 4336 1095 4389 actum
1124 4344 1313 4404 :ergo,
1344 4332 1451 4384 etc.

128 4440 207 4482 se·
373 4416 763 4475 Confirmatur
790 4413 1056 4482 secund0,
1089 4428 1226 4469 nam
1267 4410 1365 4484 qui
1394 4409 1573 4466 semel
1599 4424 1660 4465 se

98 4486 253 4532 cundo.
298 4498 584 4558 convertit
612 4500 673 4553 in
703 4500 882 4555 Deum
929 4494 1107 4552 finem
1135 4493 1429 4558 ultimum,
1462 4490 1663 4563 nequit

300 4582 451 4638 hanc
471 4578 905 4637 conversionem
933 4575 1239 4649 deponere,
1267 4573 1383 4630 nisi
1420 4588 1522 4645 per
1549 4571 1663 4629 ali-

300 4679 474 4739 quem
515 4665 705 4718 actum
746 4661 1071 4734 oppositum
1111 4674 1285 4733 :ergo
1311 4656 1408 4730 qui
1436 4671 1496 4712 se
1521 4668 1663 4711 con-

302 4746 479 4804 vertit
505 4745 567 4802 in
612 4749 934 4801 creaturam
959 4748 1230 4815 tanquam
1279 4739 1341 4794 in
1388 4737 1662 4793 ultimum

302 4828 482 4886 finem
507 4869 521 4894 ,
578 4827 778 4900 nequit
832 4821 1162 4898 praedictam
1227 4817 1663 4877 conversionem

303 4910 588 4977 amittere,
639 4908 755 4967 nisi
800 4907 1054 4980 aliquem
1101 4909 1289 4961 actum
1334 4901 1563 4960 eliciat;
1605 4898 1665 4957 id

299 4993 515 5067 quippe
551 4990 806 5065 exposcit
834 4988 1096 5063 paritatis
1142 4985 1290 5043 ratio
1316 5006 1329 5041 ε
1358 4981 1457 5039 sed
1477 4997 1667 5055 quan-

301 5073 402 5132 diu
432 5073 650 5147 impius
690 5071 902 5128 retinet
926 5065 1365 5128 conversionem
1406 5060 1476 5120 ad
1505 5077 1667 5119 crea-

97 3855 262 3900 conflr-

99 3911 253 4009 3⁰32}

3009 410 3121 466 559

1762 590 1953 643 turam
1994 593 2267 661 tanquam
2309 586 2379 645 ad
2408 588 2682 645 ultimum
2725 584 2921 650 finem,
2949 581 3123 656 justi-

1763 666 1925 725 ficari
1955 684 2072 726 non
2111 670 2263 727 valet
2294 691 2307 726 ε
2338 685 2473 745 ergo
2501 668 2778 741 implicat,
2828 663 2977 739 quod
3006 664 3122 720 im·

1766 750 1893 823 pius
1906 747 2266 822 justificetur,
2294 749 2409 806 nisi
2425 750 2676 822 aliquem
2701 752 2888 805 actum
2908 745 3119 802 eliciat.

1836 828 1923 885 Ad
1945 835 2353 904 argumentum
2377 844 2657 904 negamus
2677 828 2969 884 minorem
2988 825 3126 882 uni-—
3140 838 3333 885 nli-uitur

1763 911 2067 968 versaliter
2109 910 2495 978 intellectam;
2548 910 2685 983 quia
2731 908 2945 981 optime
2996 905 3125 963 fieri

1766 995 1965 1064 potest,
1996 994 2051 1047 et
2088 990 2475 1048 communiter
2504 989 2587 1046 ita
2627 987 2708 1053 fit,
2734 986 2883 1059 quod
2919 986 3129 1057 aliquis

1766 1071 1973 1129 habeat
2012 1077 2301 1143 peccatum
2330 1069 2645 1135 habituale,
2690 1074 2748 1125 et
2775 1074 2969 1125 tamen
3011 1083 3130 1124 non

1766 1152 1971 1209 habeat
1991 1152 2253 1209 affectum
2277 1152 2582 1218 actualem,
2606 1149 2700 1206 vel
2725 1147 3035 1204 virtualem
3059 1146 3131 1202 ad

1768 1237 2075 1307 peccatum.
2109 1236 2256 1288 Nam
2285 1231 2356 1288 ad
2397 1232 2504 1288 hoc
2545 1230 2826 1304 posterius
2868 1228 2995 1300 plus
3038 1242 3133 1283 re-

1765 1315 2036 1388 quiritur,
2062 1331 2234 1388 quam
2261 1312 2497 1371 adillud
2526 1312 2705 1385 priuS,
2731 1317 2788 1369 et
2812 1310 2949 1367 satis
2976 1327 3047 1377 ex
3073 1325 3133 1366 se

1766 1396 1964 1471 liquet,
1997 1400 2053 1454 et
2079 1401 2261 1469 potest
2305 1393 2642 1452 confirmari
2689 1393 2956 1465 exemplo
2981 1392 3128 1466 ejus,

1767 1478 1866 1551 qui
1885 1477 2082 1535 babuit
2097 1476 2484 1535 intentionem
2499 1473 2790 1531 occidendi
2808 1477 3062 1538 Petrum,
3080 1477 3137 1529 et

1770 1564 1961 1630 postea
1989 1562 2171 1614 mutat
2215 1558 2363 1613 hanc
2402 1555 2805 1620 intentionem,
2836 1559 2893 1610 et
2934 1554 3135 1610 statuit

1769 1639 2133 1712 oppositum,
2184 1637 2394 1710 absque
2440 1636 2631 1708 aliquo
2677 1641 2872 1691 tamen
2937 1633 3136 1692 dolore

1771 1719 2138 1792 praecedentis
2167 1717 2396 1791 peccati.
2441 1720 2590 1773 Nam
2623 1716 2683 1771 in
2713 1716 2817 1772 hoc
2845 1732 2973 1771 casu
3006 1731 3137 1772 cer-

1769 1807 1893 1857 tum
1914 1805 2018 1866 est,
2044 1807 2099 1858 et
2115 1800 2400 1875 praecipue
2422 1798 2571 1872 apud
2593 1797 2989 1863 AdversariOS,
3012 1814 3134 1853 ma·

1770 1899 1910 1941 nere
1957 1885 2128 1941 illum
2157 1883 2455 1940 hominem
2487 1882 2549 1938 in
2579 1885 2829 1955 peccat0;
2872 1896 3004 1937 cum
3035 1895 3138 1935 nec

1773 1966 2171 2039 poenitentiam
2220 1964 2507 2031 habuerit,
2558 1980 2662 2021 nec
2701 1962 2975 2036 receperit
3001 1977 3138 2035 gra-

1772 2048 1915 2105 tiam
1945 2054 2038 2106 :et
2066 2047 2453 2105 nihilominus
2483 2062 2601 2103 non
2629 2049 2927 2103 conservat
2967 2041 3136 2099 affec-

1773 2135 1895 2187 tum
1925 2132 2224 2197 actualem,
2260 2136 2359 2187 aut
2384 2129 2695 2185 virtualem
2725 2127 2794 2184 ad
2823 2129 3134 2200 peccatum,

1772 2210 2057 2285 siquidem
2085 2211 2432 2284 supponitur
2473 2213 2723 2264 mutasse
2750 2205 3133 2263 intentionem

1774 2291 2085 2351 occidendi.
2119 2293 2361 2366 Signum
2383 2305 2519 2363 ergo
2561 2294 2663 2352 est,
2690 2286 2837 2362 quod
2868 2302 2984 2343 non
3006 2299 3138 2342 om-

1775 2374 1869 2431 nis
1914 2374 2165 2431 existens
2216 2374 2278 2429 in
2327 2378 2547 2445 peccato
2600 2374 2793 2426 manet
2840 2367 3138 2425 actualiter

1775 2455 2104 2512 virtualiter
2148 2454 2377 2511 affectus
2423 2452 2493 2509 ad
2541 2456 2848 2525 peccatum,
2881 2447 3136 2522 quandiu

1775 2553 1893 2594 non
1920 2536 2076 2593 elicit
2102 2541 2289 2594 actum
2319 2532 2704 2597 contritioniS,
2738 2531 2829 2587 vel
2853 2528 3139 2603 poeniten-

1775 2619 1887 2688 tiae,
1940 2634 2041 2691 per
2085 2633 2255 2690 quem
2282 2619 2652 2677 convertatur
2700 2612 2769 2668 ad
2818 2614 3017 2668 Deum.
3069 2611 3138 2663 Et

1774 2705 2186 2774 consequenter
2256 2704 2545 2770 peccatum
2611 2693 2905 2751 habituale
2942 2691 3130 2746 solum

1776 2781 1940 2839 affert
1962 2781 2243 2853 affectum,
2277 2785 2332 2836 et
2359 2776 2757 2835 voluntarium
2794 2771 3136 2837 habitualia,

1775 2882 1899 2940 quae
1923 2863 2269 2921 sufficienter
2294 2860 2679 2918 excluduntur
2722 2874 2822 2931 per
2864 2855 3139 2912 volunta-

1779 2947 1933 3002 rium
1961 2943 2251 3000 habituale
2290 2942 2353 2998 in
2393 2941 2580 3017 gratia
2608 2936 2999 3001 sanctificante
3044 2949 3139 2991 re-

1778 3032 2023 3100 pertum.

3172 898 3293 942 argu·

3143 945 3341 984 mentum.

1851 3099 1936 3155 Ad
1979 3098 2230 3172 primam
2275 3094 2774 3153 confirmationem
2826 3087 3138 3163 responde-
3153 3114 3339 3166 Respon-

1778 3186 1890 3246 tur,
1924 3180 2172 3253 aliquem
2200 3177 2310 3233 dici
2343 3192 2458 3233 non
2481 3177 2791 3237 volentem,
2823 3176 2878 3228 et
2925 3169 3137 3226 nolen-

1778 3266 1914 3325 tem,
1960 3261 2050 3316 vel
2097 3257 2379 3332 negative,
2413 3256 2504 3311 vel
2532 3250 2839 3312 contrarie.
2873 3248 3139 3322 Et'nega-

1778 3344 1897 3403 tive
1942 3343 2163 3407 nolenS,
2209 3343 2304 3396 aut
2350 3352 2468 3394 non
2517 3338 2716 3394 volens
2754 3332 2986 3396 dicitur,
3037 3346 3136 3403 qui

1780 3428 2009 3483 nullum
2039 3430 2226 3482 actum
2266 3418 2439 3489 elicit,
2474 3433 2575 3495 per
2600 3431 2770 3492 quem
2798 3411 3134 3476 consentiat,

1779 3510 1873 3568 vel
1903 3508 2127 3564 resistat
2157 3531 2170 3566 ι
2201 3504 2410 3561 dicitur
2449 3508 2639 3562 autem
2671 3497 2891 3563 nolenS,
2923 3498 2979 3551 et
3026 3508 3143 3549 non

1782 3594 1982 3651 volens
2007 3589 2312 3656 contrarie,
2345 3587 2443 3659 qui
2475 3603 2575 3659 per
2619 3588 2805 3640 actum
2836 3596 2869 3637 a
2893 3595 2953 3635 se
2978 3576 3145 3634 elici-

1784 3680 1906 3731 tum
1934 3672 2164 3737 resistit,
2201 3675 2369 3742 atque
2409 3665 2693 3723 dissentit.
2741 3662 2955 3719 Nolens
2982 3675 3140 3733 ergo,

1783 3761 1840 3814 et
1861 3770 1977 3811 non
2001 3753 2200 3810 volens
2237 3748 2501 3823 negative
2542 3745 2811 3821 gratiam,
2848 3745 3027 3816 potest
3054 3738 3148 3796 ab·

1783 3838 1967 3895 solute
1997 3834 2162 3891 illam
2194 3831 2463 3904 recipere,
2490 3836 2544 3887 et
2568 3824 2871 3904 justificari
2899 3845 2912 3879 :
2943 3823 3148 3879 nolens

1786 3924 1997 3982 autem,
2030 3921 2084 3973 et
2112 3931 2229 3972 non
2257 3915 2458 3971 volens
2485 3908 2793 3973 contrarie,
2824 3921 2938 3963 non
2969 3908 3147 3978 potest

1786 3998 2054 4071 consequi
2091 3994 2517 4072 justificationis
2561 3989 2831 4067 gratiam.
2859 3990 2952 4042 Et
3001 3985 3149 4041 ratio

1788 4078 2142 4153 disparitatis
2167 4081 2268 4141 est,
2299 4074 2575 4147 quoniam
2606 4072 2708 4128 ille
2734 4069 2831 4143 qui
2860 4062 3150 4124 contrarie

1790 4178 1909 4220 non
1926 4162 2047 4218 vult
2067 4159 2318 4231 recipere
2333 4156 2603 4232 gratiam,
2627 4158 2812 4228 peccat
2828 4148 3145 4212 actualiter,

1790 4249 1847 4302 et
1868 4244 2028 4317 ponit
2067 4242 2287 4300 obicem
2316 4239 2425 4313 ipsi
2453 4237 2673 4311 gratiae,
2700 4240 2865 4306 atque
2888 4231 3016 4287 ideo
3045 4243 3149 4284 ne-

1790 4326 1915 4399 quit
1943 4325 2005 4380 in
2044 4339 2213 4381 sensu
2240 4319 2550 4393 composito
2572 4317 2738 4389 hujus
2760 4308 3152 4386 dispositionis

1788 4403 2119 4482 justificari;
2143 4401 2280 4474 quia
2299 4399 2485 4475 gratia
2507 4412 2624 4454 nou
2641 4393 3005 4467 componitur
3019 4404 3150 4445 cum

1797 4490 2037 4561 peccato,
2081 4488 2144 4539 ut
2183 4481 2438 4538 diximus
2483 4479 2624 4549 disp.
2668 4475 2888 4549 praeced.
2919 4472 3045 4529 dub.
3089 4473 3146 4526 4.

1796 4573 2076 4625 Caeterum
2096 4563 2194 4637 qui
2218 4559 2481 4634 negative
2504 4573 2622 4614 non
2638 4557 2763 4612 vult
2782 4556 3030 4631 gratiam
3058 4550 3153 4608 ad·

1797 4650 2046 4713 mittere,
2065 4660 2207 4718 pure
2229 4642 2492 4715 negative
2511 4655 2571 4696 se
2593 4637 2782 4703 habet,
2808 4644 2865 4694 et
2892 4652 3008 4694 non
3033 4650 3154 4707 pec-

1796 4736 1885 4788 cat
1912 4732 2036 4785 actu
2052 4750 2067 4795 ;
2113 4730 2278 4797 atque
2319 4719 2446 4778 ideo
2472 4720 2604 4775 licet
2633 4734 2750 4775 non
2776 4733 2836 4773 se
2863 4716 3148 4788 disponat,

1797 4827 1917 4869 non
1937 4815 2133 4865 tamen
2158 4822 2219 4862 se
2247 4802 2568 4875 indisponit
2608 4800 2677 4856 ad
2717 4797 2917 4874 gratiae
2959 4812 3156 4867 recep·

1797 4893 2035 4949 tionem.
2082 4883 2348 4942 Carentia
2395 4886 2584 4937 autem
2613 4876 3007 4952 dispositionis
3035 4892 3156 4933 non

1798 4969 2059 5044 impedit,
2110 4982 2185 5024 ne
2229 4968 2375 5021 Deus
2404 4962 2583 5035 possit
2626 4959 2882 5017 absolute
2909 4958 3158 5033 gratiam

1792 5047 2217 5129 justificationis
2244 5041 2575 5112 infundere,
2606 5047 2668 5098 ut
2694 5043 2914 5099 constat
2947 5054 3018 5096 ex
3045 5037 3161 5092 hu-

3176 3162 3244 3205 sio
3256 3162 3311 3205 ad

3151 3210 3328 3264 primam

3178 3259 3329 3303 conflr-

3121 3328 3132 3339 ·
3175 3309 3321 3352 matio-

3193 3366 3302 3403 nem.
