3647 5753
1482 451 1660 507 DISP.
1705 450 1748 517 1,
1790 450 1956 507 DUB.
2002 450 2045 509 1.
3030 451 3132 506 671

87 633 238 726 Psslm·
282 627 507 686 Det-lina
536 646 572 684 a
598 629 766 695 malo,
807 636 858 685 et
902 628 996 702 fac
1032 628 1233 684 bonum
1268 647 1288 684 .·
1321 644 1456 704 ergo
1499 629 1645 686 sicut

281 717 455 778 actus,
487 728 612 784 ⁵quo
656 711 866 784 aliquis
906 716 1132 769 exercet
1180 711 1417 780 bonum,
1476 711 1647 769 habet

283 795 569 851 rationem
594 794 763 863 boni3
793 795 875 851 ita
900 795 1076 851 etiam
1105 796 1359 863 omiss10,
1391 812 1502 868 qua
1542 795 1645 853 de-

280 874 459 931 clinat
503 892 537 931 a
576 877 748 933 malo,
794 877 941 932 Tum
989 877 1185 943 etiam,
1230 879 1365 951 quia
1394 878 1458 934 in
1485 894 1647 935 sacra

279 957 574 1030 Scriptura
643 956 909 1015 laudatur
974 963 1249 1032 tanquam
1304 958 1534 1027 bonum,
1590 965 1647 1016 et

281 1039 521 1112 praemio
590 1037 829 1112 dignum
855 1080 868 1104 ,
934 1038 1084 1112 quod
1143 1040 1328 1114 justus
1399 1041 1647 1113 potuerit

282 1119 604 1196 transgredi
660 1118 928 1177 divinum
986 1128 1367 1195 praeceptum,
1418 1129 1475 1179 et
1529 1139 1647 1180 non

282 1201 459 1258 fuerit
501 1206 915 1275 transgressus;
963 1201 1147 1260 facere
1199 1203 1370 1267 mala,
1419 1208 1476 1259 et
1529 1220 1647 1261 non

281 1283 480 1344 fecerit
501 1288 593 1341 :et
618 1282 908 1341 subditur:
929 1283 1060 1340 Ideo
1081 1284 1332 1341 stabilita
1357 1293 1486 1342 sunt
1508 1287 1647 1342 bona

73 1377 187 1421 1³:001.
205 1367 438 1426 amilius
476 1367 537 1421 in
579 1365 831 1423 Domina.
876 1368 1084 1425 Eccles.
1132 1369 1197 1423 31
1233 1391 1249 1436 ς
1281 1384 1417 1443 ergo
1455 1369 1647 1442 ipsum

282 1465 393 1503 non
432 1448 759 1519 transoredi,
791 1455 840 1502 et
866 1466 975 1505 non
1002 1452 1180 1522 facere
1206 1452 1437 1517 malum,
1481 1449 1653 1508 habet

285 1533 570 1590 rationem
593 1529 753 1589 boni.
782 1533 928 1587 Tum
957 1531 1222 1605 denique,
1253 1533 1389 1606 quia
1415 1533 1651 1592 omissio

285 1614 427 1672 mali
467 1620 694 1687 sumpta
720 1613 1036 1696 secundum
1062 1633 1140 1683 se,
1171 1622 1255 1673 est
1277 1616 1652 1689 adimpletiva

286 1699 549 1772 praecepti
579 1719 590 1753 ι
623 1703 900 1772 praecepta
937 1703 1127 1755 autem
1169 1705 1303 1756 sunt
1344 1699 1408 1756 in
1446 1699 1652 1757 ordine

287 1780 359 1837 ad
386 1779 602 1837 bonum
639 1801 651 1834 :
679 1795 814 1854 ergo
854 1780 977 1854 ipsa
1004 1781 1240 1839 omissio
1269 1797 1369 1854 per
1396 1797 1456 1838 se
1483 1781 1654 1840 habet

288 1861 572 1918 rationem
601 1859 763 1917 boni.

362 1949 752 2007 confirmatur
781 1950 991 2023 primo,
1023 1951 1159 2024 quia
1186 1953 1349 2009 nullo
1377 1953 1656 2010 existente

289 2038 411 2089 actu
467 2031 710 2103 positivo
762 2033 825 2089 in
873 2035 1187 2100 voluntate,
1222 2034 1459 2094 omissio
1511 2033 1653 2090 mali

290 2118 469 2187 potest
512 2129 633 2170 esse
674 2114 738 2169 in
791 2119 915 2171 actu
968 2113 1217 2172 secundo
1263 2115 1595 2172 voluntaria
1640 2135 1655 2169 z

290 2211 426 2268 ergo
448 2192 615 2259 bona,
649 2200 747 2249 aut
773 2196 929 2251 mala
970 2195 1288 2252 moraliter.
1323 2197 1450 2251 Non
1479 2196 1651 2261 mala,

293 2281 357 2331 ut
380 2291 450 2332 ex
470 2290 530 2331 se
551 2280 765 2331 constat
794 2297 806 2331 ε
837 2276 1013 2350 igitur
1042 2276 1209 2333 bona.
1245 2277 1372 2332 Haec
1410 2274 1659 2334 secunda

290 2356 693 2429 consequentia
716 2356 1051 2428 probatione
1068 2374 1186 2414 non
1203 2357 1422 2431 indiget
1442 2379 1454 2413 :
1471 2359 1660 2432 prima

294 2453 432 2494 vero
459 2435 764 2504 suadetur;
795 2454 929 2494 nam
955 2456 986 2495 a
1011 2445 1170 2510 parte
1197 2440 1300 2506 rei,
1327 2446 1382 2496 et
1411 2439 1472 2496 in
1501 2437 1661 2495 indi-

295 2515 470 2574 viduo
512 2532 627 2572 non
654 2515 823 2574 datur
856 2519 1255 2575 voluntarium
1300 2518 1654 2586 indifferens,

294 2596 395 2655 sed
440 2596 605 2654 debet
655 2613 777 2654 esse
826 2598 1210 2656 determinate
1261 2598 1517 2666 bonum,
1571 2601 1659 2656 vel

299 2679 540 2745 malum,
568 2684 628 2735 ut
650 2677 876 2735 videtur
901 2681 1144 2752 probare
1167 2683 1229 2736 D.
1256 2680 1461 2737 Thom.
1487 2697 1663 2752 supra

295 2770 479 2840 quo-ost.
519 2765 601 2828 18,
641 2770 751 2818 art.
798 2764 851 2818 9.
897 2763 954 2819 Si
998 2765 1174 2839 igitur
1213 2761 1382 2819 datur
1427 2765 1662 2821 omissio

295 2843 624 2903 voluntaria
664 2843 874 2917 absque
915 2851 1056 2913 actu,
1103 2851 1157 2901 et
1198 2860 1314 2902 non
1350 2845 1519 2911 ma10,
1551 2845 1662 2902 erit

295 2927 489 3000 utique
531 2942 630 3000 per
667 2942 728 2982 se
769 2925 938 2983 bona.
970 2928 1049 2983 Eo
1078 2926 1170 2982 vel
1209 2926 1482 2993 maxime,
1514 2926 1663 2999 quod

294 3011 549 3075 omissio,
607 3025 731 3082 quae
782 3025 882 3082 per
936 3008 1172 3066 modum
1228 3016 1384 3067 actus
1429 3010 1662 3068 secundi

297 3092 550 3166 procedit
577 3091 757 3150 libere
778 3110 812 3149 a
841 3095 1154 3158 voluntate,
1189 3092 1439 3166 procedit
1468 3095 1539 3151 ab
1563 3095 1666 3151 illa

296 3181 359 3231 ut
377 3176 625 3249 subjecta
648 3175 860 3249 regulis
883 3191 1135 3241 morum,
1154 3180 1321 3247 atque
1336 3175 1475 3233 adeo
1496 3175 1666 3233 modo

296 3257 507 3315 morali
527 3279 539 3313 ε
563 3255 715 3312 unde
733 3257 1053 3313 necessario
1071 3253 1236 3312 debet
1258 3271 1378 3313 esse
1402 3256 1660 3320 moralis,

295 3344 355 3396 et
394 3339 475 3394 sic
500 3336 668 3399 bona,
702 3335 791 3392 vel
817 3337 1001 3401 mala;
1026 3333 1310 3406 siquidem
1338 3335 1582 3401 bonitas,
1613 3340 1668 3391 et

300 3417 527 3476 malitia
576 3413 845 3471 dividunt
910 3414 1201 3487 adaequate
1254 3415 1666 3471 moralitatem.

300 3495 656 3554 Antecedens
715 3502 906 3551 autem
957 3496 1228 3551 suadetur
1277 3494 1485 3568 primo,
1535 3495 1670 3569 quia

301 3579 538 3637 omissio
586 3584 741 3634 actus
788 3576 922 3634 boni
979 3583 1157 3651 potest
1211 3576 1420 3650 absque
1478 3578 1671 3650 aliquo

303 3667 428 3721 actu
469 3678 590 3719 esse
632 3661 961 3718 voluntaria
1000 3677 1071 3718 ex
1111 3676 1176 3717 eo
1225 3660 1477 3732 praecise,
1522 3659 1672 3732 quod

304 3746 515 3819 aliquis
545 3746 719 3819 possit
741 3745 925 3801 facere
948 3742 1113 3809 illud,
1144 3743 1212 3799 ad
1240 3741 1389 3817 quod
1419 3747 1667 3810 tenetur,

303 3833 359 3886 et
388 3844 504 3885 non
544 3827 718 3884 facit:
749 3840 883 3900 ergo
925 3825 1075 3882 idem
1118 3824 1423 3881 dicendum
1465 3824 1576 3881 erit
1603 3823 1674 3880 de

305 3908 617 3967 omissione
644 3914 798 3966 actus
840 3906 1002 3962 mali.
1044 3904 1275 3972 Deinde,
1304 3905 1354 3961 si
1397 3905 1444 3961 is
1483 3904 1573 3961 cui
1614 3921 1674 3961 se

307 3990 473 4049 offert
517 3990 733 4049 occasio
775 3987 1029 4054 furandi,
1075 3989 1277 4054 sciens,
1327 3992 1381 4044 et
1423 3987 1675 4061 prudens

307 4074 617 4149 suspendat
656 4089 890 4131 omnem
934 4077 1121 4129 actum
1149 4073 1482 4136 voluntatis,
1515 4075 1569 4127 et
1597 4069 1677 4126 sic

311 4157 499 4214 iurari
548 4157 795 4223 omittat,
852 4154 1086 4213 omissio
1133 4156 1251 4212 haec
1305 4150 1679 4226 proculdubio

311 4240 425 4297 erit
448 4238 780 4296 voluntaria
814 4258 827 4293 ε
865 4242 923 4293 at
953 4253 1067 4293 non
1093 4238 1315 4295 ratione
1342 4242 1516 4303 actus,
1542 4234 1680 4307 quia

314 4320 683 4394 suspenditur
711 4340 725 4375 :
755 4334 891 4394 ergo
919 4324 1024 4375 etc.

391 4407 780 4466 confirmatur
813 4406 1061 4465 secundo
1094 4428 1106 4462 :
1138 4423 1275 4463 nam
1317 4420 1460 4478 pura
1499 4404 1681 4461 omis-

316 4490 423 4557 sio,
452 4490 669 4546 secluso
690 4488 850 4545 omni
881 4493 1005 4545 actu
1035 4488 1289 4552 formali,
1317 4490 1497 4559 potest
1521 4499 1683 4542 exer-

318 4572 435 4630 ceri
469 4569 540 4627 ob
567 4569 783 4626 bonum
829 4569 1131 4635 motivum,
1159 4569 1363 4625 saltem
1392 4567 1683 4638 interpre-

318 4652 494 4709 tative
528 4665 701 4723 tergo
743 4665 842 4721 per
880 4664 960 4713 se,
1003 4657 1063 4707 et
1099 4649 1315 4706 secluso
1354 4645 1514 4702 omni
1557 4650 1682 4702 actu

318 4733 430 4790 erit
470 4731 638 4789 bona.
678 4729 1031 4787 Antecedens
1072 4734 1251 4803 patetz
1294 4742 1428 4782 nam
1470 4726 1518 4782 si
1557 4726 1687 4799 quis

318 4814 596 4871 maximis
640 4813 963 4879 tormentis,
996 4814 1088 4870 vel
1128 4807 1541 4867 tentationibus
1582 4824 1686 4864 ur-

318 4902 567 4973 geretur,
600 4900 663 4951 ut
704 4893 872 4950 idolis
911 4894 1260 4953 sacrificium
1301 4889 1554 4957 offerret,
1588 4892 1689 4948 ille

321 4996 459 5038 vero
479 4974 834 5050 suspendens
852 4992 1085 5034 omnem
1105 4981 1292 5032 actum
1317 4987 1434 5029 non
1457 4987 1692 5028 consen-

321 5064 478 5128 tiret,
512 5072 805 5133 possemus
830 5057 1059 5115 cordate
1092 5052 1464 5129 interpretari
1500 5052 1690 5126 ipsum

88 1945 250 1989 conflr-

100 1994 242 2040 matio.

89 4418 193 4465 Alta
208 4425 304 4475 con·

96 4472 300 4515 firmatio.

1777 628 1852 687 ob
1885 627 2075 694 fidem,
2108 633 2163 686 et
2198 630 2499 705 religionis
2539 644 2797 686 amorem
2839 629 3142 685 tentationi

1779 710 1871 768 illi
1901 726 2017 767 non
2039 709 2236 770 cedere
2264 728 2434 786 :ergo
2463 710 2790 785 hujusmodi
2815 725 2933 767 non
2955 725 3146 769 assen-

1778 809 1875 850 sus
1896 797 2041 850 esset
2065 792 2497 867 interpretative
2511 793 2582 851 ob
2599 793 3139 851 bonummotivum.

1781 875 2198 946 Consequentia
2220 892 2357 933 vero
2379 875 2670 948 probatur,
2693 874 2967 947 quoniam
2994 875 3148 930 rela-

1781 959 1862 1014 tio
1891 955 2178 1023 virtualis,
2203 974 2303 1015 seu
2331 957 2768 1031 interpretativa
2794 955 2866 1012 ad
2895 957 3146 1029 aliquem

1781 1036 1981 1104 finem,
2025 1039 2328 1111 aequivalet
2373 1039 2644 1096 relationi
2685 1036 2756 1094 ad
2796 1038 2983 1110 ipsum
3026 1037 3147 1095 for-

1783 1118 1946 1184 mali,
1981 1123 2148 1193 atque
2187 1117 2327 1177 adeo
2353 1119 2575 1188 sufficit,
2604 1124 2665 1175 ut
2690 1118 2751 1174 id
2776 1118 2925 1191 quod
2946 1119 3024 1175 ita
3053 1135 3148 1176 re-

1784 1205 1987 1273 fertur,
2021 1203 2256 1277 accipiat
2293 1219 2364 1260 ex
2390 1202 2657 1276 praedicto
2684 1200 2800 1258 fine
2842 1203 3149 1259 moralita-

1785 1290 1919 1346 tem.

1858 1374 1912 1429 5.
1940 1372 2333 1444 Respondetur
2356 1371 2426 1429 ad
2456 1375 2860 1445 argumentum
2890 1369 3149 1444 negando
3161 1375 3348 1420 occurri·

1786 1453 2141 1512 antecedens.
2202 1455 2271 1509 Et
2316 1451 2386 1510 ad
2440 1451 2690 1525 primam
2752 1450 3147 1526 probationem
3163 1432 3365 1518 “izi’gurt‘o‘f’

1785 1535 2001 1608 optime
2043 1534 2346 1606 respondet
2388 1535 2449 1590 D.
2478 1533 2682 1590 Thom.
2711 1533 2831 1590 loco
2860 1531 2941 1588 ibi
2982 1533 3152 1589 citato
3179 1525 3344 1569 ¹³·'1'b0-

1788 1617 1852 1673 in
1879 1615 2165 1674 solutione
2189 1616 2259 1673 ad
2287 1619 2340 1684 2,
2367 1616 2458 1672 his
2489 1616 2682 1672 verbis
2707 1637 2719 1672 :
2754 1638 2780 1668 «
2813 1614 3145 1683 Dicendum,

1792 1722 1816 1752 κ
1861 1699 2011 1772 quod
2049 1699 2340 1757 declinare
2382 1717 2412 1758 a
2453 1701 2607 1757 malo
2646 1697 2958 1756 secundum
3003 1696 3154 1770 quod

1793 1804 1818 1835 α
1865 1783 2097 1855 ponitur
2121 1800 2252 1856 pars
2269 1783 2524 1858 justitiae,
2552 1798 2667 1839 nou
2693 1783 2966 1854 importat
2988 1796 3155 1853 nega-

1796 1886 1821 1917 «
1865 1863 2081 1920 tionem
2112 1880 2336 1936 puram,
2367 1862 2517 1937 quod
2545 1869 2631 1919 est
2659 1877 2773 1919 non
2817 1861 3001 1920 facere
3028 1878 3155 1918 ma-

1797 1969 1822 2001 «
1867 1949 2020 2010 lum;
2069 1947 2173 2003 hoc
2216 1947 2376 2003 enim
2421 1963 2537 2003 non
2580 1950 2836 2002 meretur
2878 1945 3150 2018 palmam,

1795 2053 1820 2082 α
1863 2029 1961 2087 sed
1980 2031 2167 2086 solum
2191 2029 2330 2086 vitat
2359 2045 2584 2102 poenam
2616 2048 2628 2085 ε
2654 2028 2931 2099 importat
2960 2032 3153 2083 autem

1799 2135 1825 2167 α
1866 2118 2088 2169 motum
2117 2113 2431 2169 voluntatis
2454 2111 2809 2186 repudiantis
2832 2110 3067 2174 malum,
3099 2114 3162 2164 ut

1797 2218 1823 2249 α
1868 2197 2057 2268 ipsum
2099 2210 2311 2253 nomen
2347 2194 2750 2252 declinationis
2789 2192 3073 2257 ostendit;
3102 2197 3161 2249 et

1800 2300 1826 2331 α
1869 2278 1972 2335 hoc
1990 2282 2073 2337 est
2095 2276 2477 2342 meritorium,
2496 2277 2778 2350 praecipue
2797 2291 2928 2330 cum
2953 2271 3162 2343 aliquis

1799 2381 1825 2412 α
1869 2361 2261 2433 impugnatur,
2287 2365 2348 2415 ut
2365 2359 2533 2416 faciat
2549 2360 2784 2420 malum,
2802 2362 2858 2412 et
2876 2355 3103 2412 resistit.
3131 2374 3157 2407 ο

1798 2444 1908 2500 Per
1947 2440 2095 2515 quod
2133 2448 2283 2514 patet
2313 2443 2488 2499 etiam
2519 2439 2587 2497 ad
2615 2437 2922 2496 secundam
2952 2435 3164 2509 proba-

1796 2524 2050 2590 tionem;
2084 2539 2218 2579 nam
2249 2521 2395 2580 illud
2424 2541 2532 2578 non
2560 2519 2885 2589 transyredi,
2918 2523 3015 2574 aut
3054 2534 3164 2572 non

1796 2608 1975 2678 facere
2001 2609 2226 2671 malum,
2253 2611 2401 2677 quod
2444 2605 2507 2659 in
2545 2605 2698 2678 justo
2726 2599 3010 2665 laudatur,
3045 2614 3164 2654 non

1795 2694 1878 2758 est
1925 2704 2041 2744 non
2086 2686 2428 2761 transgredi,
2461 2692 2556 2741 aut
2602 2703 2712 2741 non
2750 2687 2928 2757 facere
2973 2683 3162 2739 solum

1797 2769 2077 2842 negative,
2122 2769 2226 2825 hoc
2264 2774 2365 2832 est,
2402 2782 2501 2838 per
2532 2782 2736 2838 puram
2785 2764 3162 2822 omissionem

1795 2847 2277 2923 transgrediendi,
2309 2854 2365 2906 et
2392 2846 2638 2905 faciendi
2666 2846 2887 2903 malum
2914 2869 2927 2912 ;
2957 2842 3054 2901 sed
3082 2845 3167 2900 est

1798 2928 1917 2989 non
1962 2931 2306 3005 transgredi,
2352 2937 2410 2987 et
2456 2946 2574 2987 non
2622 2930 2808 2986 facere
2853 2924 3162 2991 contrarie,

1797 3013 2011 3070 scilicet
2034 3029 2132 3085 per
2149 3019 2336 3085 actum
2362 3011 2673 3084 positivum
2694 3009 2837 3083 fugae
2862 3006 3168 3080 repudian-

1799 3101 1914 3151 tem
1945 3094 2482 3167 transgressionem,
2513 3098 2571 3149 et
2598 3092 2821 3147 malum
2861 3105 2930 3145 ex
2972 3101 3170 3143 amore

1801 3174 2046 3247 oppositi
2076 3172 2231 3230 boni.
2268 3173 2353 3228 Ad
2381 3173 2618 3229 tertium
2659 3173 2878 3228 constat
2904 3183 2974 3224 ex
3001 3165 3170 3222 dictis

1803 3257 1866 3313 in
1893 3255 2139 3313 secunda
2164 3262 2358 3314 nostra
2377 3253 2841 3312 confirmatione.

1877 3344 1964 3400 Ad
2012 3346 2264 3417 primam
2326 3341 2829 3400 confirmationem
2880 3354 3169 3413 possemus
3207 3356 3346 3403 pam.

1805 3424 2063 3482 absolute
2102 3440 2310 3496 negare
2338 3421 2696 3480 antecedens.
2729 3423 2876 3476 Tum
2905 3420 3038 3493 quia
3066 3436 3170 3491 op-
3202 3409 3357 3501 Πᾮῗξξ·

1806 3504 2053 3578 positum
2077 3504 2275 3560 multis
2303 3501 2658 3560 ostendimus
2679 3503 2738 3555 in
2772 3507 2937 3556 tract.
2960 3501 3023 3555 de
3066 3498 3171 3556 Vo-
3185 3506 3379 3552 solvitur.

1809 3588 2073 3649 luntariO,
2098 3585 2238 3657 disp.
2264 3587 2320 3649 4,
2345 3583 2472 3640 dub.
2501 3584 2557 3648 2,
2582 3581 2673 3637 cui
2702 3580 2978 3638 doctrinae
3006 3580 3174 3653 potis·

1806 3669 2022 3725 simum
2072 3665 2341 3723 standum
2409 3672 2493 3722 est
2561 3664 2623 3720 in
2675 3663 2968 3736 praesenti.
3023 3664 3173 3718 Tum

1807 3750 2001 3815 etiam,
2034 3748 2169 3821 quia
2206 3748 2334 3804 licet
2361 3745 2735 3821 admittamus
2766 3750 2825 3799 ut
2857 3743 3171 3817 probabile,

1812 3846 2015 3904 puram
2038 3827 2429 3892 omissionem,
2455 3827 2504 3898 si
2529 3825 2785 3889 daretur,
2812 3825 2935 3881 fore
2963 3825 3025 3880 in
3052 3829 3176 3881 actu

1809 3910 2056 3968 secundo
2103 3908 2518 3973 voluntariam,
2568 3907 2749 3979 posita
2797 3906 3173 3971 advertentia,
3271 3948 3276 3951 -

1808 3999 1867 4051 et
1909 3991 2257 4067 obligatione
2310 4005 2428 4046 non
2469 3987 2774 4046 omittendi
2817 3993 3005 4044 actum
3058 4010 3070 4043 ι
3122 3991 3180 4043 at

1810 4075 2029 4131 seclusa
2062 4071 2390 4147 hujusmodi
2418 4070 2768 4146 obligatione
2794 4073 2878 4141 (ut
2905 4070 2968 4125 in
2997 4068 3179 4125 omis-

1812 4155 1974 4212 sione
2003 4161 2158 4211 actus
2192 4153 2352 4216 mali,
2385 4151 2552 4209 debet
2595 4152 2916 4208 necessario
2942 4147 3182 4219 secludi)

1814 4235 1874 4291 id
1921 4250 2038 4291 non
2078 4232 2243 4291 debet
2270 4233 2519 4299 admitti,
2552 4249 2654 4290 nec
2681 4237 2861 4306 potest
2903 4230 3177 4305 intelligi,

1814 4314 2098 4389 quomodo
2138 4312 2405 4387 praedicta
2438 4313 2674 4370 omissio
2713 4312 2922 4385 absque
2951 4317 3096 4375 actu,
3129 4314 3186 4367 et

1813 4399 2166 4474 obligatione
2189 4397 2379 4456 reduci
2409 4399 2595 4455 valeat
2624 4397 2686 4452 in
2713 4397 3091 4453 voluntatem.
3119 4395 3190 4449 Et

1816 4482 2020 4538 saltem
2069 4478 2376 4538 dicendum
2420 4486 2503 4537 est
2543 4478 2938 4542 omissionem,
2972 4478 3192 4533 secluso

1818 4561 1981 4620 omni
2011 4565 2155 4627 actu,
2194 4566 2249 4617 et
2294 4558 2647 4634 obligatione
2693 4574 2809 4615 non
2856 4555 3187 4623 omittendi,

1819 4640 1892 4700 ad
1937 4657 2233 4698 summum
2263 4655 2422 4714 posse
2456 4655 2578 4696 esse
2618 4637 3010 4696 voluntariam
3041 4639 3192 4712 phy-

1819 4724 1955 4788 sice,
2004 4739 2121 4780 non
2168 4737 2306 4779 vero
2357 4722 2676 4778 moraliter.
2725 4718 2889 4775 Unde
2942 4719 3195 4776 admisso

1822 4802 2181 4861 antecedenti
2201 4802 2272 4859 de
2289 4800 2619 4859 voluntario
2635 4799 2912 4856 duntaxat
2935 4799 3191 4874 physic0,

1823 4886 2085 4961 neganda
2106 4892 2190 4943 est
2218 4885 2408 4958 prima
2428 4883 2864 4956 consequentia;
2893 4888 2950 4940 et
2978 4882 3047 4939 ad
3069 4883 3193 4955 ejus

1826 4970 2081 5042 priorem
2125 4967 2521 5042 probationem
2551 4966 2945 5039 respondetur,
2979 4964 3198 5022 doctri-

1827 5067 1964 5110 nam
2019 5051 2182 5107 illam
2229 5049 2299 5107 de
2344 5048 2738 5107 indifferentia
2796 5048 3192 5104 humanorum
