3647 5753
234 3006 431 3099 39123531.

260 4207 409 4250 Reios·

252 4260 399 4305 (luetur
406 4289 416 4299 .

481 383 592 438 576
1152 377 1245 432 DE
1288 374 1895 434 DISPOSITIONIBUS
1934 348 2039 430 AD.
2068 374 2731 430 JUSTIFICATIONEM.

472 552 592 606 lere
614 554 922 621 peccatum,
956 548 1123 604 illam
1152 549 1453 623 impugnat
1480 548 1569 604 his
1597 547 1790 605 verbis
1823 568 1838 603 ε

478 653 502 684 «
546 628 652 685 Sed
683 631 786 685 hoc
815 645 931 686 non
963 634 1144 702 potest
1174 645 1317 685 esse.
1350 633 1497 686 Nam
1525 630 1675 703 quod
1702 645 1839 686 cau-

476 734 501 765 «
543 718 629 766 sat
658 711 878 784 aliquid
920 727 1020 784 per
1065 712 1475 783 operationem,
1520 717 1712 769 causat
1740 727 1841 784 per

477 813 502 844 «
545 790 781 847 modum
828 807 1010 848 causae
1053 791 1369 849 efficientis,
1415 793 1612 848 Gratia
1638 792 1835 866 igitur,

477 893 502 925 «
544 872 591 925 si
616 888 716 944 per
738 878 926 930 actum
949 873 1332 940 contritionis,
1352 877 1408 931 et
1423 871 1560 930 fidei
1580 874 1841 930 formatae

474 974 499 1004 «
544 954 945 1010 remissionem
982 956 1160 1028 culpae
1187 960 1398 1020 causat,
1430 954 1685 1011 causabit
1709 970 1837 1011 eam

472 1053 496 1084 (ι
542 1049 643 1106 per
685 1034 921 1091 modum
965 1052 1145 1092 causae
1173 1035 1470 1092 efficientis
1498 1060 1511 1102 ;
1542 1034 1690 1109 quod
1717 1050 1839 1092 esse

471 1136 495 1166 α
539 1130 655 1171 non
678 1121 877 1187 potest.
900 1119 1047 1173 Nam
1070 1134 1237 1174 causa
1259 1117 1515 1175 effective
1538 1117 1838 1174 destruens

468 1216 493 1246 «
539 1196 774 1269 aliquid,
808 1200 969 1270 prius
997 1200 1233 1271 ponitur
1256 1201 1318 1255 in
1346 1215 1488 1266 esse,
1507 1214 1680 1271 quam
1710 1198 1831 1266 hoc,

470 1297 496 1328 «
537 1275 687 1348 quod
714 1275 976 1345 destruit,
1011 1279 1086 1334 sit
1114 1280 1179 1334 in
1202 1294 1318 1335 non
1345 1295 1484 1336 esse.
1518 1282 1644 1335 Non
1673 1278 1835 1335 enim

466 1377 491 1406 «
538 1362 731 1430 ageret
773 1358 843 1415 ad
885 1359 1332 1417 destructionem
1372 1362 1510 1435 ejus,
1541 1358 1689 1433 quod
1713 1359 1835 1433 jam

466 1457 491 1488 «
537 1451 656 1492 non
700 1444 804 1496 est.
857 1438 1021 1497 Unde
1066 1447 1420 1514 sequeretur,
1452 1441 1601 1514 quod
1648 1439 1835 1515 gratia

466 1516 697 1588 «prius
722 1523 867 1575 esset
907 1520 971 1574 in
1021 1521 1240 1588 anima,
1285 1538 1458 1596 quam
1495 1523 1664 1593 culpa
1688 1523 1836 1576 esset

466 1619 491 1650 «
537 1598 797 1665 remissa;
818 1599 966 1671 quod
988 1605 1070 1657 est
1092 1602 1444 1675 impossible.
1475 1602 1637 1658 Unde
1658 1604 1829 1674 patet,

466 1699 491 1730 α
532 1678 681 1750 quod
720 1682 906 1753 gratia
948 1698 1064 1739 non
1115 1700 1215 1755 per
1261 1685 1516 1758 aliquam
1544 1684 1834 1758 operatio-

468 1782 493 1813 «
535 1777 668 1817 nem
690 1769 773 1818 est
793 1780 961 1822 causa
990 1768 1351 1824 remissionis
1380 1769 1579 1840 culpae,
1611 1766 1707 1824 sed
1732 1782 1833 1839 per

470 1863 494 1895 α
540 1842 1012 1904 informationem
1040 1847 1298 1923 subjecti,
1330 1865 1455 1923 quae
1483 1851 1833 1921 importatur

469 1942 495 1974 ι(
539 1938 638 1995 per
677 1926 877 1996 gratiae
918 1927 1290 1994 infusionem,
1323 1935 1378 1986 et
1417 1930 1595 2001 culpas
1624 1929 1832 1984 remis-

467 2023 493 2055 «
535 2003 781 2060 sionem.
814 2007 879 2060 Et
900 2005 1028 2064 ideo
1052 2008 1204 2066 inter
1225 2011 1424 2084 gratiae
1452 2009 1823 2075 infusionem,

386 2099 391 2104 ’
468 2107 493 2138 «
536 2092 591 2143 et
643 2087 824 2158 culpae
876 2091 1274 2148 remissionem
1325 2094 1474 2149 nihil
1514 2092 1663 2149 cadit
1704 2106 1831 2147 me·-

467 2188 492 2220 «
535 2167 697 2223 dium
727 2190 774 2223 ».
798 2168 856 2223 Si
886 2177 1075 2228 autem
1098 2174 1285 2245 gratia
1310 2180 1455 2231 esset
1479 2174 1827 2247 principium

460 2246 787 2304 effectivum
836 2253 1240 2318 contritionis,
1293 2270 1417 2327 quae
1461 2255 1712 2311 deservit
1757 2252 1829 2310 ad

456 2330 860 2401 expellendum
911 2341 1220 2405 peccatum,
1255 2336 1473 2409 liquido
1513 2336 1828 2393 inferretur

459 2410 773 2465 secundum
802 2411 1125 2471 discursum
1153 2419 1216 2471 D.
1238 2418 1445 2473 Thom.
1473 2415 1621 2488 quod
1642 2417 1828 2491 gratia

457 2488 713 2545 effective
735 2499 1022 2562 peccatum
1046 2497 1376 2567 expelleret,
1397 2503 1451 2553 et
1476 2496 1583 2568 ipsi
1607 2496 1827 2552 coexis-

457 2574 599 2625 teret
618 2594 631 2636 ;
657 2573 804 2642 quod
836 2580 1030 2631 tamen
1055 2578 1111 2631 S.
1142 2580 1294 2633 Doct.
1329 2580 1532 2634 asserit
1559 2594 1680 2635 esse
1710 2578 1828 2633 im-
1875 2599 1881 2605 ·

458 2650 727 2722 possibile
770 2674 782 2708 :
814 2670 949 2727 ergo
976 2674 1047 2712 ex
1087 2658 1208 2730 ejus
1234 2661 1517 2716 sententia
1557 2660 1825 2715 contritio

457 2731 664 2787 ultimo
702 2732 1016 2806 disponens
1061 2736 1132 2793 ad
1176 2739 1575 2795 remissionem
1607 2740 1820 2810 peccati

462 2829 576 2869 non
623 2813 901 2888 dependet
948 2835 981 2875 a
1025 2820 1208 2894 gratia
1258 2821 1644 2878 sanctificante
1691 2814 1822 2878 tan-'-

457 2912 627 2968 quam
653 2914 683 2953 a
707 2898 993 2972 principio
1020 2900 1297 2959 effectivo.
1331 2906 1450 2968 Quo
1480 2910 1820 2979 argumento

456 2977 596 3036 adeo
639 2982 1001 3039 convincitur
1042 2986 1119 3040 M.
1169 2986 1329 3041 Joan.
1360 3002 1391 3042 a
1436 2988 1489 3042 S.
1524 2987 1726 3043 Thom.
1761 2992 1822 3042 ut

456 3059 602 3115 illud
633 3067 793 3118 vocet
819 3062 1122 3120 invictum.

531 3136 599 3189 Et
647 3142 807 3209 urget
852 3138 1102 3209 amplius
1141 3138 1344 3195 citatus
1383 3140 1643 3209 Author;
1683 3157 1819 3197 nam

456 3217 519 3271 D.
554 3216 759 3272 Thom.
804 3220 1025 3287 asserit,
1057 3219 1203 3292 quod
1246 3222 1295 3276 si
1341 3222 1525 3295 gratia
1565 3227 1821 3278 causaret

454 3297 710 3356 effective
737 3301 1138 3371 expulsionem
1167 3303 1394 3375 peccati,
1428 3302 1658 3360 deberet
1683 3319 1820 3377 gra-

455 3379 535 3434 tia
554 3380 801 3437 existere
821 3387 954 3438 ante
975 3382 1237 3440 effectum
1259 3385 1615 3457 expulsionis
1650 3406 1662 3440 :
1685 3400 1834 3459 ergo·

452 3458 502 3513 si
523 3459 705 3532 gratia
729 3467 921 3516 causat
940 3462 1197 3520 effective
1219 3472 1408 3520 actum
1430 3465 1814 3530 contritionis,

453 3538 617 3595 dehet
647 3543 1009 3614 praesupponi
1057 3545 1308 3602 existens
1335 3551 1467 3602 ante
1512 3546 1712 3613 illum;
1749 3562 1822 3603 ex

453 3634 563 3690 quo
606 3621 849 3678 ulterius
889 3630 1241 3696 sequeretur,
1275 3627 1423 3699 quod
1461 3641 1577 3683 non
1604 3624 1822 3699 depen-

451 3699 613 3758 deret
641 3718 672 3756 a
699 3704 1047 3760 contritione
1074 3711 1348 3778 tanquam
1370 3723 1401 3763 a
1420 3706 1814 3780 dispositione.

453 3784 615 3839 Patet
641 3784 757 3840 haec
783 3787 1029 3843 secunda
1049 3790 1453 3861 consequentia
1476 3814 1488 3857 ;
1514 3791 1648 3862 quia
1670 3790 1819 3846 nihil

454 3867 919 3937 praesupponitur
945 3868 1195 3924 existens
1219 3877 1351 3927 ante
1373 3869 1535 3935 illud,
1570 3887 1602 3926 a
1622 3886 1734 3944 quo
1755 3871 1817 3926 in

452 3962 553 4002 sua
603 3947 974 4020 productione
1014 3949 1293 4023 dependet
1326 3973 1338 4008 ε
1380 3959 1435 4009 et
1475 3968 1507 4009 e
1544 3968 1818 4010 converso

454 4026 603 4082 nihil
633 4028 913 4101 dependet
943 4031 1013 4088 ab
1039 4048 1126 4098 eo,
1160 4039 1292 4090 ante
1318 4033 1466 4106 quod
1490 4050 1817 4107 praesuppo-

455 4110 615 4166 nitur
653 4112 922 4169 existens,

529 4192 924 4265 Respondetur
964 4194 1069 4250 hoc
1097 4197 1380 4253 motivum
1409 4195 1638 4253 destitui
1670 4197 1818 4254 viri-

452 4270 570 4333 bus,
601 4290 740 4346 quas
770 4275 879 4347 ipsi
908 4273 1289 4334 Adversarius
1337 4277 1621 4335 attribuit.
1657 4280 1724 4335 Et
1753 4279 1817 4335 in

454 4352 662 4424 primis
695 4352 765 4409 ab
793 4369 860 4410 eo
887 4352 1225 4413 diluendum
1260 4362 1345 4413 est
1378 4379 1390 4413 ε
1415 4364 1537 4412 tum
1565 4358 1701 4430 quia
1723 4375 1818 4416 ac-

451 4438 543 4487 tus
567 4434 775 4504 peccati
797 4432 1042 4491 destruit
1066 4436 1323 4494 effective
1342 4438 1606 4512 gratiam,
1639 4444 1702 4493 ut
1726 4438 1819 4496 hic

452 4512 672 4569 Author
702 4514 971 4583 admittit,
1003 4521 1061 4573 et
1088 4524 1305 4576 constat
1349 4536 1420 4576 ex
1453 4536 1626 4592 supra
1654 4518 1816 4577 dictis

450 4593 591 4666 disp.
615 4597 836 4668 praeced.
868 4598 993 4653 dub.
1030 4600 1064 4653 3
1091 4621 1103 4666 ;
1131 4615 1267 4673 ergo
1292 4600 1342 4655 si
1365 4616 1533 4657 causa
1560 4600 1817 4658 effective

448 4675 749 4733 destruens
793 4677 1054 4735 effectum
1092 4678 1257 4737 debet
1281 4681 1334 4738 ei
1362 4681 1691 4748 coexistere,
1723 4697 1817 4738 se-

448 4759 644 4832 quitur
673 4765 861 4817 actum
905 4762 1112 4835 peccati
1140 4763 1450 4821 coexistere
1478 4780 1580 4838 pro
1626 4765 1817 4837 aliquo

251 4818 379 4929 „i
448 4841 690 4899 instanti
728 4858 857 4900 cum
884 4845 1070 4919 g-ratia
1101 4843 1414 4914 habituali;
1444 4846 1592 4920 quod
1622 4852 1816 4904 tamen

446 4938 646 4981 omnes
668 4924 959 4999 Theologi,
985 4930 1041 4981 et
1057 4927 1335 5001 praecipue
1350 4928 1658 4985 Thomistas
1681 4944 1816 5001 pro·

447 5001 583 5060 bant
623 5011 822 5062 contra
876 5007 1113 5063 Lorcam
1170 5023 1283 5066 non
1333 5009 1411 5065 ita
1457 5010 1808 5084 contingere.

1973 547 2121 601 Tum
2142 545 2337 611 etiam,
2371 544 2506 618 quia
2527 551 2647 602 esto
2673 551 2827 601 actus
2854 541 3221 601 contritionis
3247 556 3344 597 ex-

1974 627 2192 699 pellens
2217 628 2442 699 culpam
2475 641 2591 682 non
2633 626 2896 697 procedat
2938 640 2968 680 a
2994 623 3180 698 gratia
3211 628 3346 678 tan-

1972 723 2144 781 quam
2167 724 2199 764 a
2223 707 2507 781 principio
2527 706 2785 763 effectivo
2810 729 2824 773 ;
2849 704 3128 777 dependet
3143 709 3343 760 tamen

1971 788 2042 846 ab
2094 789 2284 862 aliquo
2329 788 2566 854 auxilio,
2617 795 2735 844 tam
2785 786 3109 852 sufficienti,
3163 799 3339 858 quam

1971 868 2198 936 efficaci,
2230 869 2378 943 quod
2407 870 2468 926 in
2499 868 2831 943 praedictum
2861 874 3048 925 actum
3077 865 3339 924 effective

1972 951 2164 1008 influit
2198 969 2368 1027 :ergo
2393 952 2442 1008 si
2472 952 2824 1025 principium
2847 950 3169 1007 effectivum
3199 965 3338 1006 con-

1971 1035 2225 1092 tritionis
2251 1034 2416 1092 debet
2440 1035 2750 1091 coexistere
2777 1038 3018 1106 peccato,
3050 1031 3200 1105 quod
3228 1048 3336 1089 ex-

1971 1116 2224 1189 pellitur,
2256 1114 2512 1188 sequitur
2538 1113 2687 1187 quod
2719 1113 3003 1170 auxilium
3032 1111 3337 1177 sufficiens,

1968 1201 2026 1253 et
2042 1196 2238 1253 efficax
2257 1197 2529 1253 collatum
2557 1196 2621 1251 in
2651 1195 2891 1251 instanti
2915 1193 3344 1268 justificationis

1969 1275 2039 1333 ad
2062 1277 2407 1335 eliciendum
2429 1277 2859 1342 contritionem,
2893 1274 3096 1333 debeat
3125 1274 3339 1331 coexis-

1969 1364 2090 1415 tere
2135 1374 2265 1415 cum
2314 1365 2557 1432 peccato.
2587 1356 2748 1424 Quod
2792 1362 2987 1414 tamen
3027 1362 3112 1413 est
3139 1354 3337 1411 mani—

1967 1437 2109 1495 feste
2130 1437 2374 1505 falsum;
2402 1454 2538 1495 nam
2564 1438 2625 1494 in
2653 1436 2913 1503 instanti,
2942 1437 3004 1493 in
3030 1452 3142 1509 quo
3170 1435 3339 1491 datur

1968 1519 2253 1575 auxilium
2293 1518 2488 1575 efficax
2516 1517 2586 1574 ad
2629 1518 3054 1583 contritionem,
3086 1522 3172 1574 est
3198 1532 3338 1574 con-

1967 1601 2144 1667 triti0,
2177 1607 2232 1658 et
2259 1618 2377 1659 non
2420 1606 2505 1658 est
2535 1605 2842 1672 peccatum.
2890 1600 3030 1654 Ruit
3055 1614 3191 1673 ergo
3217 1597 3330 1653 dis·

1965 1698 2165 1738 cursus
2206 1681 2276 1739 ab
2321 1697 2388 1739 eo
2427 1681 2681 1737 Authore
2726 1678 3052 1753 disposituS,
3084 1684 3141 1736 et
3168 1678 3239 1736 ab
3267 1695 3334 1736 eo

1964 1761 2366 1819 dissolvendus
2392 1767 2494 1819 est.

2037 1842 2127 1898 68.
2163 1845 2276 1899 Nos
2303 1848 2493 1898 autem
2541 1839 2707 1897 facile
2741 1838 3174 1913 respondemus,
3206 1854 3326 1895 non
3350 1830 3387 1871 Ε

1963 1937 2084 1979 esse
2111 1921 2180 1979 de
2227 1923 2448 1979 ratione
2492 1936 2671 1976 causae
2698 1919 2994 1977 efficientis
3021 1919 3332 1975 coexistere

1963 2019 2091 2059 cum
2133 2002 2351 2070 effectu,
2385 2019 2553 2075 quem
2596 2001 2840 2058 destruit
2869 2026 2881 2068 ;
2911 2000 3007 2057 sed
3040 2016 3198 2073 posse
3226 2016 3332 2072 op-

1963 2083 2103 2139 time
2143 2084 2431 2158 componi,
2464 2082 2612 2155 quod
2642 2083 2811 2139 illum
2838 2082 3093 2138 effective
3131 2079 3332 2153 expel-

1962 2167 2061 2234 lat,
2106 2173 2161 2225 et
2188 2174 2383 2224 tamen
2410 2167 2462 2222 ei
2495 2182 2612 2223 non
2659 2166 2950 2229 coexistat,
3000 2171 3059 2220 ut
3089 2168 3236 2237 patet
3262 2163 3329 2219 in

1961 2249 2223 2321 exemplo
2251 2254 2405 2303 actus
2434 2246 2812 2318 peccaminosi
2835 2244 3172 2319 expellentis
3193 2258 3332 2316 gra-

1960 2330 2102 2385 tiam
2129 2328 2597 2386 sanctificantem.
2629 2334 2685 2383 et
2732 2328 2796 2383 in
2842 2328 2987 2390 Sole,
3019 2326 3118 2399 qui
3148 2323 3330 2380 active

1959 2410 2196 2482 expellit
2213 2409 2497 2466 tenebras.
2517 2407 2687 2481 quue
2711 2407 2911 2465 accidit
2927 2407 3146 2480 quoties
3161 2420 3330 2461 causa

1959 2490 2207 2547 efficiens
2249 2492 2408 2564 ponit
2455 2506 2700 2563 semper,
2746 2495 2800 2545 et
2843 2488 3160 2545 necessario
3207 2485 3332 2542 for-

1959 2588 2135 2640 mam,
2165 2589 2289 2646 quae
2330 2571 2663 2628 immediate
2710 2570 2936 2644 aliquod
2965 2568 3330 2627 contrarium

1957 2650 2230 2708 excludit.
2257 2654 2370 2706 Nec
2392 2655 2458 2706 D.
2484 2651 2689 2708 Thom.
2712 2648 3328 2721 intenditoppositum,

1956 2730 2054 2788 sed
2084 2732 2250 2788 valde
2278 2731 2448 2787 aliter
2470 2730 2742 2803 procedit,
2778 2746 2948 2802 quam
2979 2731 3180 2785 citatus
3209 2731 3336 2783 Au-

1957 2811 2086 2867 thor
2145 2811 2459 2868 existimat.
2505 2810 2757 2866 Intendit
2802 2809 3033 2883 quidem
3079 2808 3335 2883 gratiam

1954 2892 2403 2950 sanctificantem
2453 2891 2807 2959 immediate,
2839 2900 2894 2948 et
2938 2909 3036 2965 per
3077 2892 3332 2964 seipsam

1955 2975 2243 3047 expellere
2266 2979 2575 3047 peccatum,
2609 2988 2711 3029 nec
2737 2973 2997 3047 indigere
3027 2978 3154 3029 actu
3184 2989 3330 3030 con-

1954 3058 2209 3115 tritionis
2256 3056 2325 3113 ad
2368 3057 2520 3112 hunc
2563 3055 2849 3113 effectum.
2894 3054 3055 3120 Quod
3104 3055 3326 3129 probat,

1953 3139 2091 3212 quia
2111 3138 2159 3193 si
2182 3138 2368 3212 gratia
2390 3153 2508 3194 non
2530 3138 2845 3209 expelleret
2868 3141 3179 3210 peccatum,
3207 3137 3322 3192 nisi

1954 3220 2228 3284 effective,
2255 3225 2310 3275 et
2326 3218 2518 3276 media
2541 3217 2912 3285 contritione,
2938 3234 3067 3274 cum
3093 3218 3330 3275 aliunde

1952 3302 2140 3376 gratia
2181 3299 2356 3373 possit
2389 3300 2594 3355 saltem
2623 3296 2905 3354 divinitus
2934 3315 2964 3355 a
2993 3314 3094 3355 sua
3120 3315 3328 3371 opera-

1954 3384 2112 3440 tione
2156 3381 2437 3454 separari‚
2483 3385 2538 3436 et
2585 3380 2749 3435 illam
2797 3384 3054 3452 tempore
3100 3385 3327 3437 antece-

1953 3463 2107 3529 dere,
2144 3465 2334 3535 palam
2365 3461 2703 3526 inferretur,
2734 3461 2984 3534 gratiam
3019 3467 3077 3516 ut
3105 3476 3325 3535 praeve-

1954 3546 2043 3601 nit
2083 3560 2247 3601 suam
2275 3544 2692 3615 operationem,
2724 3533 2900 3598 simul
2944 3559 3073 3599 cum
3103 3547 3325 3614 peccato

1953 3626 2290 3691 coexistere;
2313 3623 2463 3696 quod
2486 3623 2606 3696 ipse
2624 3622 2782 3680 docet
2807 3639 3126 3698 repugnare
3146 3623 3321 3679 etiam

1955 3705 2266 3778 respective
2320 3702 2389 3759 ad
2419 3705 2735 3776 potentiam
2766 3704 2864 3760 Dei
2894 3703 3222 3766 absolutam,
3258 3709 3316 3757 ut

1957 3787 2215 3843 vidimus
2255 3786 2399 3859 disp.
2425 3786 2648 3857 praeced.
2681 3785 2811 3841 dub.
2840 3787 2893 3841 4.
2932 3788 2999 3839 Et
3025 3788 3316 3857 propterea

1952 3865 2255 3931 concludit,
2287 3864 2439 3938 quod
2464 3866 2651 3939 gratia
2697 3866 2884 3937 seipsa
2931 3864 3166 3937 expellit
3191 3880 3321 3937 pec-

1951 3951 2161 4011 catum,
2206 3952 2262 4001 et
2288 3944 2437 4017 quod
2468 3946 2621 4001 inter
2669 3945 2832 4001 illius
2875 3945 3242 4005 infusionem,
3269 3950 3324 4001 et

1953 4030 2126 4104 hujus
2153 4027 2600 4086 destructionem
2632 4024 2749 4084 nen
2777 4033 2957 4099 potest
2985 4027 3185 4085 cadere
3211 4027 3324 4083 ali-

1950 4111 2098 4185 quod
2143 4110 2422 4176 medium,
2457 4111 2652 4182 utique
2681 4110 3075 4167 immediatius
3119 4111 3325 4168 tollens

1951 4196 2260 4265 peccatum,
2293 4197 2349 4248 et
2373 4191 2680 4247 formalem
2708 4192 2908 4265 gratiae
2928 4190 3319 4247 causalitatem

1948 4273 2291 4347 impedienS,
2326 4277 2388 4327 ut
2411 4288 2585 4345 supra
2610 4271 2866 4329 diximus
2889 4289 3044 4328 num.
3064 4274 3156 4329 54.
3177 4272 3325 4327 Hinc

1951 4370 2088 4411 vero
2136 4353 2383 4410 minime
2424 4353 2697 4420 infertur,
2728 4353 2878 4427 quod
2923 4354 3195 4410 contritio
3231 4354 3329 4409 ul-

1952 4435 2093 4493 timo
2122 4435 2433 4507 disponens
2455 4433 2525 4491 ad
2541 4433 3010 4509 Justificationem
3041 4450 3158 4491 non
3190 4450 3326 4507 pro-

1950 4516 2110 4574 cedat
2159 4532 2192 4572 a
2217 4517 2405 4591 gratia
2446 4523 2726 4590 tanquam
2773 4532 2805 4572 a
2833 4515 3120 4589 principio
3158 4515 3329 4573 effec-

1952 4600 2105 4657 tivo:
2129 4600 2404 4673 quoniam
2434 4600 2578 4656 sicut
2600 4599 2868 4657 contritio
2887 4600 3159 4673 supponit
3180 4599 3327 4656 sim-

1952 4682 2175 4754 pliciter
2217 4681 2485 4755 gratiam,
2535 4681 2618 4737 ita
2667 4681 2942 4754 supponit
2979 4680 3327 4753 simpliciter

1952 4762 2353 4819 remissionem
2386 4763 2594 4835 peccati
2624 4778 2725 4836 per
2744 4762 3024 4836 gratiam;
3054 4768 3110 4818 et
3136 4763 3324 4819 solum

1951 4843 2221 4917 praecedit
2264 4851 2568 4917 utramque
2617 4845 2683 4901 in
2710 4860 2812 4901 suo
2852 4860 3084 4919 genere,
3118 4860 3327 4919 nempe

1948 4943 2131 4985 causae
2157 4927 2476 4985 materialis
2497 4926 2867 5001 dispositivae.
2895 4929 2962 4983 Et
2984 4928 3066 4985 ita
3086 4943 3159 4985 ex
3182 4943 3321 4986 nos-

1952 5014 2039 5067 tra
2067 5009 2383 5069 assertione
2405 5026 2522 5067 non
2545 5010 2823 5083 sequitur,
2850 5010 2942 5067 vel
2963 5006 3115 5083 quod
3135 5008 3321 5147 gratia

3156 5101 3212 5148 to
3262 5096 3318 5148 at

3391 1838 3545 1872 nem·

3404 1884 3488 1921 tur.
