3647 5753
240 3768 430 3812 Robora·

258 3821 325 3860 tur
343 3819 418 3862 lm·

242 3851 509 3960 ἒὲςιςΐιῗιοῑ,
538 3853 592 3917 2,
642 3856 839 3924 quaest.
900 3852 1018 3917 109,
1059 3853 1166 3906 art.
1223 3850 1278 3916 6,
1312 3849 1375 3903 in
1414 3862 1669 3919 corpore,
1720 3847 1834 3903 ubi-

474 445 552 500 46

479 620 876 687 connexioniS,
908 621 1044 693 quia
1072 619 1371 695 praedictus
1394 635 1705 678 consensus
1740 634 1841 676 eo-

473 696 606 754 dem
646 699 815 756 modo
859 698 1039 768 fieret,
1079 701 1344 773 quamvis
1388 703 1536 758 Deus
1575 714 1736 767 caeco,
1785 703 1842 753 et

473 779 800 852 improvido
813 781 982 838 modo
996 787 1360 839 concurreret
1376 782 1649 856 ignorans
1662 795 1842 837 even-

477 866 619 929 tum,
653 862 701 917 si
723 863 901 918 semel
930 863 1384 919 communicaret
1407 861 1653 936 gratiam
1681 859 1841 915 suffi-

474 943 743 1007 cientem,
777 960 951 1015 quam
992 942 1161 1000 modo
1200 942 1403 999 tribuit
1437 964 1450 998 ε
1480 957 1616 1016 ergo
1641 957 1673 998 e
1701 956 1841 997 con-

475 1039 643 1080 verso
669 1025 719 1079 si
747 1039 1055 1080 consensus
1097 1023 1302 1095 pendet
1330 1038 1430 1096 per
1456 1037 1517 1078 se
1553 1039 1585 1078 a
1614 1023 1745 1088 Deo,
1779 1025 1841 1075 ut

475 1109 677 1178 agente
704 1103 873 1160 modo
895 1102 1154 1175 provido,
1180 1109 1232 1160 et
1257 1101 1546 1176 prudenti,
1576 1117 1838 1158 necessa-

477 1185 565 1242 rio
594 1190 990 1258 praesupponet
1019 1200 1118 1256 per
1156 1199 1217 1239 se
1254 1184 1503 1258 gratiam
1546 1181 1838 1239 infallibi-

474 1264 608 1320 liter
655 1279 971 1321 connexam
999 1280 1127 1320 cum
1166 1264 1365 1320 effectu
1395 1278 1427 1320 a
1467 1266 1580 1320 Deo
1623 1262 1839 1335 praein-

472 1349 649 1402 tento.
692 1346 886 1401 Minor
931 1351 1121 1402 autem
1172 1344 1444 1418 probatur
1490 1347 1656 1399 :tum
1704 1343 1839 1416 quia

473 1441 784 1483 consensus
808 1427 1266 1500 supernaturalis
1287 1424 1567 1499 dependet
1596 1440 1695 1498 per
1724 1440 1783 1482 se
1804 1440 1838 1481 a

472 1510 587 1564 Deo
615 1515 886 1581 tanquam
914 1524 946 1564 a
976 1507 1163 1580 prima
1191 1523 1376 1572 causa,
1410 1523 1442 1563 a
1482 1521 1593 1579 qua
1620 1504 1838 1576 depen-

472 1587 667 1647 dentia
691 1588 852 1646 nullo
873 1588 1062 1655 mod0,
1085 1595 1143 1646 et
1164 1589 1226 1645 in
1254 1590 1419 1645 nulla
1445 1587 1837 1660 suppositione

472 1667 695 1726 absolvi
748 1675 947 1742 potest,
990 1685 1122 1725 cum
1168 1668 1244 1723 sit
1270 1684 1374 1725 ens
1401 1665 1734 1731 secundum,
1779 1670 1836 1720 et

474 1750 877 1822 participatum
924 1766 957 1806 a
1004 1750 1194 1823 primo
1227 1747 1366 1804 :sed
1395 1750 1542 1804 Deus
1580 1745 1685 1801 sub
1737 1761 1835 1801 ra-

470 1830 630 1885 tione
705 1830 904 1903 primae
956 1845 1137 1886 causae
1189 1829 1463 1900 importat
1515 1825 1835 1883 necessario

470 1909 707 1966 modum
755 1916 991 1977 certum,
1026 1907 1349 1982 providum,
1398 1913 1453 1964 et
1494 1906 1832 1979 prudentem

469 1990 533 2046 in
562 1990 811 2065 agendo;
840 1991 1123 2065 siquidem
1165 1989 1355 2063 prima
1396 2005 1580 2055 causa,
1633 1994 1833 2061 quate-

469 2087 579 2127 nus
609 2073 754 2138 talis,
781 2072 945 2130 debet
965 2077 1167 2129 cuncta
1195 2069 1516 2143 providere,
1548 2073 1603 2126 et
1632 2083 1833 2125 omnes

466 2154 612 2210 alias
632 2171 828 2211 causas
853 2153 1128 2210 secundas
1150 2153 1213 2208 in
1238 2152 1500 2224 proprios
1526 2149 1671 2206 fines
1691 2149 1833 2205 diri-

461 2249 596 2308 gere
629 2256 641 2291 :
672 2251 807 2309 ergo
846 2251 1154 2292 consensus
1182 2231 1642 2304 supernaturalis
1664 2306 1665 2309 Ἴ
1685 2246 1832 2302 pen-

463 2314 558 2372 det
606 2332 707 2388 per
745 2332 806 2372 se
854 2332 886 2371 a
926 2318 1058 2381 Deo,
1110 2330 1229 2372 non
1278 2319 1598 2384 utcumque,
1641 2310 1738 2367 sed
1766 2315 1830 2366 ut

463 2402 664 2469 agente
710 2394 880 2453 modo
908 2394 1166 2468 provido,
1198 2400 1255 2449 et
1296 2391 1585 2466 prudenti,
1617 2391 1830 2462 praein-

462 2476 751 2543 tendente,
813 2483 868 2534 et
918 2480 1303 2548 praenoscente
1347 2473 1629 2530 effectum.
1680 2474 1830 2527 Tum

461 2559 658 2624 etiam,
690 2559 826 2631 quia
871 2573 1196 2625 consensus,
1238 2556 1362 2613 sive
1401 2554 1702 2611 conversio
1728 2571 1828 2609 su-·

461 2639 868 2712 pernatur'alis,
896 2644 980 2693 est
1006 2644 1179 2702 actuS,
1205 2651 1317 2709 quo
1344 2636 1515 2691 homo
1544 2633 1726 2690 tendit
1765 2634 1828 2690 in

462 2720 739 2777 ultimum
769 2719 942 2776 finem
966 2718 1463 2791 supernaturalem
1493 2737 1506 2771 ε
1530 2715 1628 2770 sed
1657 2716 1829 2773 homo

466 2817 585 2858 non
610 2802 788 2860 tendit
810 2802 873 2857 in
903 2801 1174 2856 ultimum
1202 2797 1378 2854 finem
1409 2797 1520 2853 nisi
1541 2813 1612 2853 ex
1633 2796 1823 2854 direc-

465 2883 631 2941 tione.
689 2884 890 2957 primae
942 2897 1142 2948 causae,
1193 2879 1285 2937 cui
1341 2878 1641 2951 praedictus
1692 2876 1828 2935 finis

462 2960 866 3034 correspondet
886 2986 899 3028 ;
926 2976 1029 3017 nec
1057 2961 1245 3033 prima
1263 2974 1430 3014 causa
1451 2957 1701 3033 dirigere
1721 2975 1827 3030 po-

464 3048 572 3100 test
592 3042 920 3109 secundam,
954 3042 1066 3098 nisi
1089 3039 1260 3097 modo
1290 3038 1575 3110 prudenti,
1605 3045 1661 3095 et
1689 3055 1828 3111 pro-

461 3122 615 3188 vido,
646 3128 703 3180 et
743 3139 844 3196 per
891 3121 1081 3177 media
1121 3134 1378 3177 connexa
1417 3135 1544 3175 cum
1591 3119 1821 3187 effectu;

462 3219 639 3259 eaecus
665 3203 844 3267 enim,
869 3208 925 3259 et
941 3199 1278 3274 imprudens
1306 3201 1682 3256 concurrendi
1706 3216 1828 3257 mo-

461 3281 568 3338 dus
597 3284 793 3356 nequit
820 3283 890 3339 ad
939 3281 1314 3339 directionem
1362 3279 1694 3347 conducere,
1726 3280 1825 3338 sed

461 3362 645 3436 magis
672 3361 740 3418 ad
769 3379 1047 3431 errorem,
1080 3366 1134 3417 et
1170 3359 1604 3416 subversionem
1640 3381 1653 3415 :
1690 3375 1825 3434 ergo

458 3459 764 3501 concursus
808 3443 1264 3517 supernaturalis
1307 3439 1588 3513 dependet
1634 3458 1665 3497 a
1710 3442 1823 3498 Deo

460 3525 888 3596 supernaturali
936 3523 1193 3578 Authore
1235 3525 1437 3595 agente
1477 3519 1645 3577 modo
1685 3536 1823 3594 pro-

458 3605 612 3673 vido,
663 3611 720 3663 et
783 3605 1068 3678 prudenti,
1110 3608 1166 3661 et
1211 3618 1338 3660 cum
1381 3602 1721 3670 intentione,
1767 3609 1823 3660 et

461 3686 819 3759 praescientia
849 3686 1029 3741 futuri
1050 3689 1309 3741 eventus,

533 3770 623 3826 67.
652 3772 786 3833 Quae
813 3767 1072 3825 doctrina
1119 3766 1369 3822 sumitur
1409 3781 1478 3821 ex
1508 3766 1571 3821 D.
1610 3765 1814 3821 Thom.

457 3930 582 3987 ait:
618 3954 643 3984 ι(
690 3935 924 3988 Necesse
961 3936 1046 3987 est
1088 3929 1267 3996 enim,
1294 3945 1421 3987 cum
1474 3944 1645 3986 omne
1693 3933 1821 4001 agat

462 4033 488 4062 α
518 4019 749 4085 propter
776 4011 973 4076 finem,
994 4010 1144 4084 quod
1168 4011 1359 4067 omnis
1386 4025 1555 4067 causa
1575 4024 1818 4066 conver-

461 4112 487 4142 «
518 4097 596 4148 tat
641 4108 841 4149 omnes
884 4092 1113 4148 effectus
1166 4090 1235 4146 ad
1282 4106 1451 4145 suum
1503 4087 1679 4146 finem
1714 4113 1726 4155 ;
1762 4094 1819 4145 et

460 4193 487 4225 «
518 4172 646 4230 ideo
671 4189 801 4229 cum
841 4171 1152 4229 secundum
1184 4169 1450 4227 ordinem
1496 4169 1811 4244 agentium,

459 4277 485 4309 α
512 4255 635 4311 sive
656 4253 1014 4311 moventium
1055 4252 1127 4307 sit
1163 4250 1303 4308 ordo
1336 4249 1565 4318 finium,
1592 4266 1817 4308 necesse

401 4377 407 4384 .
458 4362 484 4391 «
509 4345 607 4406 est,
637 4336 786 4409 quod
822 4335 892 4392 ad
914 4335 1188 4390 ultimum
1247 4331 1424 4389 finem
1445 4338 1815 4391 convertatur

458 4443 484 4472 «
509 4420 682 4476 homo
710 4434 810 4491 per
849 4417 1163 4474 motionem
1194 4416 1370 4487 primi
1394 4416 1713 4482 moventis3
1743 4415 1813 4473 ad

458 4499 690 4558 «finem
746 4505 935 4556 autem
983 4498 1318 4571 proximum
1360 4514 1460 4571 per
1497 4499 1813 4556 motionem

457 4583 755 4656 «alicujus
825 4580 1171 4638 inferiorum
1226 4580 1604 4638 moventium.
1660 4581 1815 4638 Sicut

457 4687 483 4718 α
513 4665 743 4721 animus
783 4662 990 4720 militis
1033 4669 1299 4721 movetur
1340 4663 1409 4720 ad
1437 4662 1811 4737 quaerendum

457 4769 483 4799 «
525 4745 827 4803 victoriam
868 4762 939 4802 ex
979 4745 1232 4803 motione
1275 4747 1443 4802 Ducis
1486 4747 1807 4812 exercitus3

456 4852 482 4883 «
513 4827 583 4886 ad
623 4827 975 4901 sequendum
1017 4834 1207 4885 autem
1248 4830 1529 4886 vexillum
1572 4829 1810 4904 alicujus

456 4933 483 4962 a
513 4910 654 4968 aciei
677 4924 747 4967 ex
769 4911 1022 4967 motione
1048 4909 1312 4967 Tribuni.
1339 4912 1431 4968 Sic
1457 4911 1652 4985 igitur,
1676 4926 1808 4966 cum

455 5015 481 5046 α
509 4993 659 5048 Deus
691 4992 765 5047 sit
790 4991 1045 5064 primum
1086 5007 1325 5049 movens
1353 4993 1712 5065 simpliciter,
1737 5009 1809 5050 ex

453 5095 481 5128 α
513 5074 634 5149 ejus
660 5074 915 5131 motione
954 5077 1056 5142 est,
1087 5071 1234 5146 quod
1279 5074 1474 5130 omnia
1517 5075 1578 5130 in
1618 5075 1807 5149 ipsum

1500 443 1593 497 DE
1632 442 1903 498 GRATIA
1943 443 2286 500 EFFICACI.

1981 641 2007 672 «
2036 626 2444 678 convertantur
2489 620 2800 679 secundum
2841 637 3209 680 communem
3246 635 3348 677 ra·

1981 701 2252 759 «tionem
2304 702 2461 769 boni,
2525 720 2627 777 per
2670 721 2844 777 quam
2888 702 3364 781 unumquodque*

1981 802 2005 831 α
2036 780 2283 838 intendit
2324 783 2637 841 assimilari
2682 786 2796 841 Deo
2820 782 3133 840 secundum
3163 797 3344 837 suum

1980 880 2005 911 α
2035 860 2290 919 modum.
2327 863 2491 921 Unde
2536 865 2771 938 Dionys
2796 863 2858 920 in
2888 861 2990 920 lib.
3021 861 3092 919 de
3116 860 3349 924 divinis

1980 962 2005 992 «
2037 943 2321 1000 nominib.
2348 943 2504 1010 dicit,
2547 943 2696 1016 quod
2724 946 2871 1000 Deus
2897 943 3180 1000 convertit
3204 957 3341 999 om-

1980 1045 2004 1075 «
2036 1022 2135 1078 nia
2163 1022 2234 1079 ad
2256 1023 2509 1096 seipsum
2537 1048 2551 1091 ;
2580 1022 2678 1080 sed
2707 1023 2972 1080 homines
2993 1023 3174 1096 justos
3195 1037 3346 1078 con—

1978 1126 2004 1156 «
2035 1105 2206 1160 vertit
2253 1104 2323 1161 ad
2394 1106 2644 1178 seipsum
2698 1106 2842 1161 sicut
2886 1104 2956 1160 ad
3027 1103 3337 1176 specialem

1979 1209 2004 1239 «
2032 1184 2228 1251 finem,
2279 1201 2449 1259 quem
2499 1186 2824 1251 intendunt,
2850 1192 2903 1241 et
2958 1186 3046 1242 cui
3095 1184 3346 1255 cupiunt

1977 1289 2003 1321 α
2032 1266 2344 1333 adhaerere,
2391 1269 2536 1325 sicut
2589 1268 2735 1325 bono
2783 1267 3033 1340 proprio.
3067 1268 3139 1321 Et
3183 1264 3334 1331 idem

1977 1369 2001 1399 α
2031 1347 2180 1421 quod
2233 1348 2405 1405 homo
2452 1354 2821 1406 convertatur
2869 1346 2939 1405 ad
2982 1350 3181 1414 Deum,
3234 1345 3346 1402 hoc

1977 1451 2001 1481 «
2033 1444 2150 1485 non
2180 1434 2359 1502 potest
2397 1445 2536 1496 esse,
2568 1429 2681 1486 nisi
2713 1430 2826 1485 Deo
2873 1429 3064 1501 ipsum
3092 1441 3342 1484 conver-

1976 1529 2002 1561 «
2029 1514 2199 1565 tente.
2231 1529 2255 1560 »
2290 1512 2438 1566 Deus
2479 1514 2670 1565 autem
2712 1525 2873 1574 caeco,
2924 1513 2981 1564 et
3008 1505 3347 1579 improvido

1968 1587 2138 1646 modo
2167 1604 2337 1663 agens
2360 1591 2556 1662 nequit
2583 1590 2879 1646 hominem
2904 1588 2975 1644 ad
3001 1604 3063 1645 se
3091 1601 3329 1644 conver-

1967 1675 2106 1737 tere,
2138 1687 2268 1727 cum
2299 1671 2415 1728 haec
2441 1673 2739 1730 conversio
2763 1672 3035 1743 importet
3061 1668 3341 1726 directio-

1969 1767 2122 1817 nem,
2148 1758 2205 1808 et
2249 1754 2753 1810 transmissionem
2795 1751 3051 1808 hominis
3097 1750 3166 1806 ad
3191 1750 3338 1805 ulti-

1968 1847 2129 1887 mum
2185 1831 2362 1890 finem
2398 1850 2569 1909 :ergo
2615 1834 2912 1891 conversio
2967 1831 3225 1887 hominis
3264 1828 3338 1885 ad

1967 1912 2144 1966 Deum
2176 1911 2456 1984 dependet
2475 1928 2577 1985 per
2616 1928 2676 1969 se
2716 1911 2786 1969 ab
2826 1912 2950 1984 ipso
2975 1912 3090 1966 Deo
3136 1914 3342 1983 agente

1966 1992 2135 2048 modo
2182 1993 2442 2066 provido,
2492 2000 2549 2052 et
2600 1993 2868 2067 prudenti
2897 2013 2908 2047 :
2962 1991 3228 2064 idemque
3267 1989 3344 2047 de

1965 2071 2097 2127 aliis
2125 2073 2357 2141 actibuS,
2385 2075 2481 2147 qui
2514 2073 2582 2130 ad
2613 2073 2948 2147 praedictum
2989 2071 3165 2127 finem
3195 2086 3338 2126 con-

1963 2149 2195 2220 ducunt,
2226 2154 2665 2229 intelligendum
2693 2159 2793 2211 est.
2822 2150 3205 2218 Quamobrem
3230 2149 3340 2205 ab·

1963 2232 2371 2290 surdissimum
2436 2235 2761 2309 judicamus
2805 2234 3012 2300 dicere,
3079 2231 3233 2304 quod
3281 2232 3333 2287 si

1964 2313 2110 2368 Deus
2138 2313 2419 2372 tribueret
2448 2317 2732 2373 voluntati
2759 2321 2961 2371 creatae
2984 2313 3202 2369 auxilia
3230 2326 3330 2366 su-

1966 2395 2362 2464 pernaturalia
2389 2412 2549 2452 mere
2571 2414 2641 2453 ex
2663 2412 2722 2453 se
2751 2394 3161 2457 indifferentia,
3189 2393 3332 2447 nul-

1964 2473 2199 2545 lumque
2244 2475 2525 2533 tribueret
2574 2477 2857 2533 auxilium
2906 2473 3324 2538 antecedenter,

1961 2558 2017 2609 et
2043 2554 2437 2613 infallibiliter
2471 2573 2792 2614 connexum
2833 2572 2961 2612 cum
2991 2554 3209 2621 effectu,
3235 2569 3332 2610 se-

1959 2640 2232 2705 queretur
2248 2652 2557 2694 consensus
2569 2644 2811 2703 creatus,
2836 2636 2933 2708 qui
2954 2650 3105 2690 nunc
3119 2633 3292 2690 datur
3310 2657 3325 2700 3

1959 2715 2223 2784 quamvis
2247 2716 2309 2772 in
2330 2733 2398 2775 eo
2419 2723 2626 2774 eventu
2644 2722 2788 2773 esset
2809 2720 3018 2788 praeter
3046 2714 3329 2770 intentio-

1962 2811 2116 2863 nem,
2148 2802 2204 2853 et
2226 2800 2645 2870 praescientiam
2686 2799 2799 2855 Dei.

2035 2879 2148 2934 Nec
2192 2881 2388 2936 minus
2435 2881 2644 2937 falsum
2690 2895 3020 2945 censemuS,
3050 2875 3202 2950 quod
3248 2876 3329 2933 sit

1960 2964 2158 3016 contra
2211 2963 2492 3019 rationem
2546 2978 2854 3019 consensus
2910 2960 3080 3017 liberi
3145 2960 3325 3015 creati

1961 3054 2401 3113 praesupponere
2430 3059 2530 3115 per
2551 3059 2611 3099 se
2640 3045 2819 3099 Deum
2848 3046 3110 3115 agentem
3144 3043 3319 3104 cert0,

1961 3120 2220 3189 provido,
2247 3128 2303 3178 et
2332 3122 2598 3194 prudenti
2630 3124 2831 3198 modo„
2858 3128 2914 3178 et
2950 3137 3082 3177 cum
3125 3121 3326 3175 inten-

1960 3201 2117 3258 tione
2142 3202 2527 3261 determinata
2552 3227 2564 3262 :
2595 3222 2666 3262 ex
2687 3222 2798 3278 quo
2820 3204 3084 3261 inferunt
3106 3201 3324 3258 Adver-

1956 3285 2119 3352 sarii,
2160 3287 2408 3360 gratiam
2446 3293 2782 3359 praesentem
2813 3293 2874 3341 ut
2901 3286 3182 3343 efficacem
3210 3300 3324 3340 an-

1958 3366 2282 3434 tecedentis,
2315 3374 2371 3425 et
2396 3368 2727 3424 infallibilis
2764 3367 3141 3425 connexionis
3188 3382 3321 3423 cum

1957 3465 2233 3505 consensu
2257 3450 2456 3519 libero,
2492 3467 2606 3507 non
2633 3451 2846 3524 requiri
2872 3466 2973 3528 per
2992 3466 3052 3506 se
3079 3448 3150 3504 ad
3176 3464 3319 3505 con—

1955 3547 2206 3599 sensum,
2252 3532 2348 3588 sed
2386 3534 2553 3589 illum
2584 3550 2683 3606 per
2710 3533 2968 3590 accidens
3006 3533 3271 3589 comitari
3300 3557 3315 3599 ;

1954 3618 2010 3669 et
2036 3612 2183 3685 quod
2211 3613 2260 3668 si
2296 3614 2362 3670 ad
2394 3615 2562 3670 illum
2593 3613 2918 3688 hujusmodi
2950 3612 3317 3687 providentia

1957 3707 2056 3763 per
2071 3708 2131 3748 se
2148 3694 2553 3765 requireretur,
2572 3694 2821 3751 libertati
2834 3699 3034 3750 creatae
3051 3692 3315 3766 praejudi-

1953 3775 2125 3828 caret.
2160 3774 2304 3828 Nam
2335 3772 2641 3830 absurdam
2689 3775 2836 3830 hanc
2879 3774 3306 3848 cogitationem,

1952 3868 2077 3926 quae
2097 3852 2440 3911 discordiam
2464 3854 2629 3929 fingit
2644 3856 2796 3912 inter
2821 3856 3142 3913 libertatem
3160 3871 3316 3912 crea-

1952 3940 2090 4000 tam,
2116 3941 2171 3991 et
2210 3934 2472 3992 divinam
2516 3937 2961 4009 providentiam,
2995 3947 3143 3995 recte
3169 3953 3311 3993 con-

1951 4015 2095 4072 futat
2117 4018 2184 4072 D.
2213 4017 2416 4074 Thom.
2444 4019 2496 4085 3,
2523 4025 2710 4074 contra
2733 4027 2915 4089 qentes
2933 4038 3056 4093 cap.
3083 4019 3175 4083 73,
3207 4037 3310 4073 ra·
3341 4052 3518 4097 „gl-m

1951 4100 2095 4153 tione
2127 4099 2179 4166 3,
2213 4099 2304 4155 his
2343 4099 2535 4156 verbis
2567 4123 2580 4156 ε
2618 4123 2642 4152 «
2676 4103 2784 4158 Per
2827 4101 3309 4176 gubernationem

1957 4201 1983 4233 «
2024 4182 2423 4255 cujuscumque
2465 4182 2819 4253 providentis
2862 4200 2953 4241 res
2979 4182 3312 4257 gubernatae

1956 4283 1982 4314 «
2024 4260 2382 4318 deducuntur
2399 4262 2468 4319 ad
2484 4263 2662 4321 finem
2678 4267 3114 4322 convenientem
3126 4263 3313 4321 .Unde

1955 4366 1981 4398 «
2022 4348 2078 4402 et
2098 4342 2168 4400 de
2192 4344 2555 4418 providentia
2593 4345 2797 4403 divina
2823 4348 3130 4423 Gregorius
3159 4351 3313 4422 Nys-

1955 4447 1979 4477 «
2020 4440 2192 4482 senus
2247 4424 2420 4493 dicit,
2464 4426 2613 4500 quod
2640 4433 2725 4485 est
2758 4429 3023 4485 voluntas
3056 4429 3176 4497 Dei,
3210 4445 3315 4502 per

1954 4529 1979 4559 ιι
2019 4523 2194 4580 quam
2246 4509 2464 4577 omnia,
2497 4527 2621 4582 quae
2666 4518 2820 4577 sunt,
2870 4514 3313 4571 convenientem

1953 4613 1978 4645 «
2019 4589 2423 4649 deductionem
2467 4595 2772 4668 accipiunt.
2805 4597 2970 4652 Finis
2995 4604 3187 4654 autem
3217 4599 3312 4654 ul-

1952 4695 1977 4727 «
2019 4671 2198 4728 timus
2225 4674 2530 4748 cujuslibet
2550 4680 2824 4733 creaturae
2864 4683 2968 4744 est,
3002 4684 3064 4734 ut
3108 4694 3312 4736 conse-

1951 4774 1976 4805 «
2017 4757 2227 4825 quatur
2254 4752 2517 4811 divinam
2545 4756 3016 4825 similitudinem,
3048 4760 3192 4815 sicut
3218 4776 3315 4816 su-

1950 4857 1976 4888 «
2019 4852 2123 4909 pra
2174 4842 2466 4894 ostensum
2519 4845 2618 4896 est.
2675 4842 2834 4898 Esset
2875 4842 3053 4917 igitur
3091 4842 3318 4900 divinas·

1949 4938 1975 4968 α
2019 4916 2397 4989 providentiae
2420 4936 2764 4995 repugnans,
2790 4924 2840 4978 si
2864 4923 3035 4980 alicui
3062 4924 3144 4981 rei
3166 4922 3305 4979 sub-

1949 5018 1974 5050 α
2017 4997 2341 5055 traheretur
2376 5000 2541 5066 illud,
2570 5016 2670 5073 per
2690 5001 2837 5075 quod
2866 5003 3190 5077 assequitur
3209 5003 3306 5060 di-

1948 5099 1973 5129 α
2015 5078 2215 5135 vinam
2245 5080 2712 5139 similitudinem.
2741 5085 2929 5158 Agens
2967 5089 3157 5141 autem
3198 5100 3307 5141 vo-

2977 5166 3302 5223 luntarium
