3647 5753
1321 396 1500 452 DISP.
1542 396 1664 463 vn,
1710 397 1874 453 DUB.
1920 399 2014 456 IV.
2961 407 3062 462 167

193 563 481 620 sentiendi
527 572 858 638 potestatem
913 567 1212 635 excludat3
1241 567 1392 641 quod
1429 583 1561 625 cum

190 643 465 700 omnibus
508 647 814 703 Catholicis
853 647 1205 705 affirmamus
1239 669 1252 704 ε
1313 648 1562 705 minime

194 740 331 781 vero
374 725 688 790 evincitur,
733 728 881 801 quod
906 729 1092 803 gratia
1144 730 1431 786 humanas
1458 746 1564 787 vo-

195 805 441 862 luntates
487 814 791 879 exspectet,
835 811 926 865 vel
977 807 1125 882 quod
1172 826 1243 867 ex
1268 825 1349 876 se,
1374 814 1432 866 et
1465 809 1563 866 in-

195 883 529 942 tallibiliter
578 903 695 944 non
737 888 948 945 inferat
996 894 1257 946 nostrum
1318 905 1563 947 consen-

190 982 338 1030 sum,
373 971 492 1023 tam
523 966 710 1040 quoad
737 969 1135 1037 substantiam,
1176 987 1347 1044 quam
1376 971 1560 1044 quoad

193 1045 427 1103 modum
479 1043 785 1104 libertatis,
854 1051 1139 1108 Similiter
1166 1050 1315 1125 quod
1364 1053 1562 1108 Patres

189 1127 584 1184 communiter
608 1129 795 1185 solum
816 1130 1150 1201 exprimant
1168 1131 1417 1206 gratiam
1442 1148 1561 1188 mo-

192 1209 391 1266 raliter
431 1214 788 1275 moventem,
841 1211 993 1267 nihil
1037 1212 1277 1270 interest
1305 1212 1375 1269 ad
1412 1230 1559 1286 prae-

189 1293 407 1347 sentem
430 1289 849 1348 difficultatem:
870 1298 993 1349 tum
1015 1295 1149 1366 quia
1170 1298 1348 1369 agunt
1361 1300 1560 1351 contra

192 1370 487 1428 haereticos
528 1377 845 1429 asserentes
876 1388 979 1430 nos
1004 1375 1097 1430 vel
1145 1374 1402 1431 absolute
1441 1390 1559 1431 non

189 1468 372 1525 agere,
404 1453 500 1509 vel
544 1468 712 1526 agere
755 1455 938 1512 instar
979 1455 1258 1528 pecudum
1289 1479 1305 1522 ;
1334 1460 1391 1510 et
1431 1453 1559 1512 ideo

189 1532 482 1606 oportebat
508 1535 841 1606 exprimere
876 1538 1192 1594 motionem
1231 1536 1557 1593 trahentem

189 1617 416 1680 morali,
442 1622 499 1672 et
522 1617 782 1675 humano
804 1618 993 1675 modo.
1020 1620 1167 1674 Tum
1198 1618 1397 1681 etiam,
1422 1619 1558 1691 quia

188 1696 354 1754 modo
376 1698 567 1753 solam
610 1697 967 1755 intendimus
1006 1701 1253 1774 gratiam
1285 1713 1406 1756 esse
1433 1697 1558 1754 effi·-

186 1794 368 1835 cacem
408 1794 483 1836 ex
523 1794 608 1846 se,
659 1784 714 1837 et
752 1778 1207 1853 independenter
1245 1796 1277 1836 a
1317 1779 1558 1836 scientia

188 1859 389 1928 media,
414 1861 542 1916 sive
572 1867 799 1919 moveat
822 1863 1051 1933 praecise
1073 1862 1397 1928 moraliter,
1433 1861 1557 1918 sive

188 1943 353 1999 etiam
377 1942 640 2018 physice:
656 1946 797 2022 quod
818 1945 942 2000 dub.
968 1962 1077 2021 seq.
1099 1944 1549 2010 examinabitur.

189 2025 328 2080 Tum
375 2031 677 2097 praeterea,
732 2029 866 2098 quia
918 2041 1049 2082 cum
1094 2027 1291 2082 Patres
1333 2024 1549 2091 dicunt,

189 2103 282 2161 Dei
315 2106 702 2172 vocationem,
731 2109 821 2163 vel
852 2106 1295 2179 inspirationem
1326 2105 1554 2162 infalli-

190 2185 375 2243 biliter
401 2202 508 2243 nos
535 2189 789 2253 trahere,
822 2194 877 2246 et
899 2204 1150 2253 movere,
1180 2202 1249 2244 eo
1272 2188 1394 2260 ipso
1414 2186 1554 2243 sub-

192 2267 518 2341 intelligunt
585 2270 857 2325 latentem
923 2267 1268 2325 efficacitatis
1314 2266 1553 2325 modum

192 2347 293 2421 ipsi
335 2350 627 2406 vocationi
675 2349 1028 2424 adJ’unctum,
1062 2349 1126 2405 in
1153 2365 1284 2421 quo,
1334 2354 1390 2405 et
1434 2364 1553 2405 non

193 2429 414 2501 praecise
453 2431 519 2486 in
568 2432 824 2487 motione
852 2431 1083 2497 morali,
1135 2430 1415 2486 fundatur
1450 2431 1554 2487 illa

193 2511 509 2567 infallibilis
529 2513 816 2569 connexio
837 2511 1152 2569 vocationis
1168 2528 1299 2569 cum
1323 2511 1546 2569 effectu.

196 2594 257 2648 Et
276 2609 372 2666 per
393 2594 496 2651 hoc
520 2594 664 2650 satis
702 2594 997 2650 constabat
1025 2593 1094 2650 ad
1121 2609 1324 2650 omnes
1372 2594 1551 2650 simul

195 2675 578 2742 authoritates,
628 2677 771 2749 quin
816 2692 957 2748 opus
1005 2680 1153 2732 esset
1180 2675 1249 2731 ad
1294 2675 1553 2750 singulas

196 2758 569 2830 respondere:
617 2757 716 2815 sed
762 2757 821 2814 id
870 2758 1256 2814 nihilominus
1298 2757 1553 2816 breviter

201 2838 608 2910 praestabimuS.

123 2946 166 2977 m.
263 2920 387 2976 244.
429 2922 486 2977 S.
519 2921 788 2977 Clemens
810 2922 1106 2977 Romanus
1133 2925 1282 2977 recte
1309 2921 1552 2977 asseruit

124 2995 163 3073 ᾗ·
199 2996 263 3052 ad
314 2999 642 3056 libertatem
686 3000 903 3071 requiri
952 3004 1283 3072 potestatem
1325 2998 1552 3057 dissen-

123 3094 171 3125 un
199 3079 381 3148 tiendi,
414 3089 499 3138 et·
491 3082 912 3139 necessitatem
954 3081 1272 3139 absolutam
1319 3098 1441 3139 esse
1474 3083 1552 3139 li-

123 3168 143 3223 ἰ
130 3142 389 3220 bertati
413 3164 794 3221 contrariam
822 3163 928 3220 Sed
950 3163 1087 3236 quid
1113 3163 1267 3231 inde,
1298 3169 1359 3219 ut
1387 3180 1552 3239 nege-

199 3260 314 3300 mus
340 3246 628 3302 auxilium
650 3260 721 3301 ex
748 3260 810 3301 se
835 3245 1049 3313 efficax,
1084 3244 1232 3317 quod
1261 3245 1341 3301 sic
1364 3246 1551 3301 relin-

196 3324 710 3398 quatdissentiendi
729 3326 1151 3392 facultatem,ut
1164 3325 1551 3382 nihilominus

196 3408 578 3477 operationem
642 3406 1039 3463 infallibiliter
1100 3406 1371 3462 inferat?
1435 3407 1551 3463 Hoc

199 3489 430 3561 profecto
481 3492 610 3564 ipse
650 3491 919 3547 Clemens
972 3489 1160 3546 docuit
1200 3504 1271 3545 ex
1292 3488 1549 3546 doctrina

197 3571 250 3624 S.
278 3572 426 3628 Petri
467 3572 838 3646 praeceptoris
886 3571 977 3626 sui
1006 3573 1067 3626 in
1114 3571 1208 3626 lib.
1240 3571 1275 3625 3
1303 3572 1550 3652 recoqui-

198 3654 412 3719 tionum,
438 3653 539 3710 ubi
567 3652 746 3710 refert
787 3652 1082 3708 Simonem
1104 3653 1334 3725 Magum
1365 3667 1512 3724 oppu
1532 3683 1550 3693 -

198 3746 384 3804 gnasse
428 3733 759 3790 libertatem
790 3731 1021 3788 arbitrii
1073 3747 1140 3788 eo
1186 3737 1543 3803 argument0‚

199 3828 298 3884 quo
346 3816 711 3873 Recentiores
758 3819 1038 3878 utuntur,
1070 3812 1383 3868 ‘nimirum
1430 3828 1548 3869 non

200 3893 466 3954 cobaerere
517 3903 779 3954 nostram
808 3895 1134 3952 libertatem
1182 3911 1311 3950 cum
1339 3892 1546 3950 efficaci

201 3971 428 4032 decreto.
442 3977 547 4031 Cui
574 3992 692 4033 non
716 3974 1009 4047 respondit
1030 3973 1331 4046 Apostolus
1351 3988 1549 4029 secun-

202 4054 326 4112 dum
352 4058 651 4130 principia
667 4058 917 4113 scientiae
943 4055 1167 4120 mediae,
1212 4053 1309 4111 sed
1340 4070 1548 4110 secun-

204 4134 326 4191 dum
338 4138 622 4210 principia
636 4154 759 4209 quae
773 4135 1085 4192 Thomistae
1100 4135 1487 4206 amplectuntu
1496 4149 1542 4201 r,

208 4214 448 4274 videlicet
468 4234 540 4275 ex
562 4216 804 4273 efficacia
826 4215 1144 4272 voluntatis
1162 4212 1377 4270 divinae
1389 4213 1548 4286 sequi

206 4301 256 4352 et
277 4312 441 4369 opera
470 4303 685 4361 nostra,
716 4302 772 4353 et
824 4296 1012 4369 ipsum
1043 4294 1279 4351 modum
1308 4294 1549 4351 liberta-

209 4375 290 4439 tis,
322 4384 377 4432 ut
423 4378 596 4433 latius
642 4375 895 4432 diximus
929 4376 1070 4448 disp.
1132 4377 1152 4429 l
1196 4374 1542 4447 prooemiali,

210 4472 252 4510 c.
274 4456 323 4522 3,
351 4461 382 4526 §
416 4460 460 4513 1.

124 4557 186 4600 mr.
276 4538 327 4594 S.
380 4537 715 4595 Ambrosius
755 4538 835 4593 ita
880 4537 1102 4594 alienus
1152 4538 1236 4591 est
1280 4550 1312 4589 a
1356 4533 1546 4591 Suarii

123 4614 487 4701 mopinione,
519 4623 580 4673 ut
625 4619 807 4689 ipsam
848 4617 985 4673 satis
1031 4620 1225 4688 aperte
1252 4614 1550 4688 impugnet

124 4715 161 4747 »s
212 4698 389 4755 zerbis
411 4716 533 4773 quae
559 4699 726 4756 nobis
761 4697 1151 4770 objiciuntur.
1182 4711 1317 4751 narn
1348 4695 1548 4751 asserit

212 4779 475 4851 Spiritum
527 4785 787 4836 sanctum
835 4778 1058 4850 spirare
1104 4792 1204 4832 sua
1255 4775 1549 4832 voluntate

213 4857 300 4915 ubi
341 4862 481 4927 vult,
531 4859 736 4933 quibus
790 4859 944 4923 vult,
989 4863 1044 4915 et
1087 4860 1366 4929 quantum
1401 4855 1542 4911 vult.

213 4941 358 5005 Quod
397 4940 684 4999 verificari
716 4939 918 5011 nequit
946 4938 1016 4994 de
1040 4937 1222 5012 gratia
1245 4934 1451 4993 efficaci
1477 4951 1549 4992 ex

213 5021 566 5092 praescientia,
617 5022 752 5093 quia
789 5020 909 5076 haec
937 5034 1055 5075 non
1093 5022 1179 5074 est
1228 5014 1425 5072 efficax
1450 5014 1547 5071 ubi

1694 570 1840 636 vult,
1885 575 1942 627 et
1993 570 2054 627 in
2082 571 2288 643 quibus
2330 574 2454 630 vult
2481 577 2674 641 Deus;
2721 575 2821 632 sed
2861 575 2978 640 ubi,
3005 580 3062 632 et

1694 648 1759 705 in
1798 648 2008 721 quibus
2055 651 2320 723 praevidit
2360 652 2621 711 futurum
2666 670 2789 712 esse
2814 669 3062 712 consen-

1693 745 1867 785 sum:
1910 746 2014 788 nec
2065 733 2332 803 voluntas
2386 735 2487 790 Dei
2532 740 2616 791 est
2637 735 2828 807 prima
2856 736 3058 809 regula

1694 811 1865 886 hujus
1878 810 2404 880 determinationis,
2432 815 2530 871 sed
2553 816 2819 873 voluntas
2845 817 3054 881 creata,

1692 908 1818 965 quae
1865 892 2213 966 praevidetur
2262 895 2530 951 elicitura
2582 911 2945 963 consensum,
2999 900 3059 951 ut

1691 987 1867 1044 supra
1891 972 2338 1045 ponderavimus
2360 978 2390 1045 ς
2416 977 2450 1029 4
2476 983 2527 1030 et
2551 976 2659 1030 dub
2685 977 2904 1048 praeced.
2937 978 2968 1045 g
2997 977 3053 1030 4.

1692 1051 1851 1116 Quod
1880 1058 2070 1111 autem
2100 1055 2158 1108 S.
2190 1056 2393 1112 Doctor
2415 1056 2562 1111 hanc
2591 1057 2905 1113 motionem
2927 1054 3057 1112 effi-

1691 1149 1882 1191 cacem
1928 1136 2176 1208 appellet
2216 1139 2653 1211 inspirationem,
2709 1133 2861 1194 nihil
2903 1138 3059 1194 inte·

1692 1218 1807 1270 rest
1831 1237 1844 1280 ;
1873 1214 2009 1285 quia
2032 1229 2235 1272 revera
2262 1216 2512 1289 Spiritus
2535 1222 2764 1274 sanctus
2784 1216 3058 1289 spirando

1691 1300 1885 1350 movet
1910 1293 2230 1361 efficaciter,
2278 1312 2395 1353 non
2426 1313 2530 1369 per
2555 1297 2999 1370 inspirationem
3025 1315 3056 1354 a

1688 1374 1931 1431 scientia
1958 1374 2148 1432 media
2169 1374 2719 1449 dependentem,sed
2749 1392 2850 1450 per
2864 1378 3056 1451 inspi-

1692 1459 1978 1515 rationem
2022 1474 2147 1531 quae
2197 1460 2536 1533 participat,
2590 1463 2682 1518 vel
2722 1461 3052 1536 adjunctam

1690 1539 1860 1597 habet
1886 1540 2102 1597 divinae
2121 1542 2435 1599 voluntatis
2457 1543 2782 1599 efficaciam.
2803 1545 3050 1602 Etsimi·

1690 1621 1823 1677 liter
1871 1636 1987 1677 non
2041 1620 2219 1687 obest,
2271 1620 2419 1695 quod
2447 1624 2708 1679 moralem
2755 1622 3054 1682 Dominum

1688 1699 1902 1757 dixerit
1935 1724 1949 1768 ;
1992 1701 2129 1773 quia
2170 1703 2229 1776 ly
2281 1704 2531 1769 moralis,
2584 1719 2701 1760 non
2745 1704 3048 1778 significat,

1686 1781 1837 1854 quod
1851 1783 2130 1839 Dominus
2156 1789 2382 1839 moveat
2405 1784 2636 1855 praecise
2655 1786 2975 1855 moraliter,
2999 1794 3054 1845 et

1687 1878 1817 1918 cum
1864 1863 2256 1934 expectatione
2283 1864 2595 1921 voluntatis
2614 1871 2835 1931 creatae,
2869 1881 2972 1924 nec
2994 1868 3053 1924 id

1687 1940 2011 2015 pertinebat
2056 1941 2125 1998 ad
2167 1942 2550 2001 intentionem
2579 1943 2911 2013 Ambrosii;
2954 1947 3053 2005 sed

1686 2021 1989 2096 significat,
2014 2021 2163 2094 quod
2191 2023 2470 2079 Dominus
2507 2029 2624 2080 tam
2654 2024 2847 2091 verbo,
2879 2043 3052 2098 quam

1686 2103 1952 2173 exemplo
1980 2107 2160 2159 rectos
2185 2118 2376 2158 mores
2400 2119 2504 2159 nos
2524 2102 2736 2170 doceat,
2768 2104 2909 2161 etin
2930 2121 3051 2163 mo-

1688 2181 1847 2239 ribus
1875 2183 2142 2248 instruat,
2177 2188 2238 2237 ut
2262 2188 2480 2239 constat
2500 2183 2800 2241 evidenter
2839 2189 2957 2240 tam
2981 2201 3052 2243 ex

1686 2264 1810 2336 ipso
1836 2270 2122 2333 contextu,
2165 2280 2338 2336 quam
2385 2280 2456 2321 ex
2504 2265 2783 2337 prooemio
2830 2264 2900 2320 ad
2945 2265 3051 2322 illa

1686 2344 2119 2410 commentaria,
2172 2342 2269 2399 ubi
2300 2344 2360 2399 in
2408 2343 2608 2401 eodem
2630 2360 2799 2400 sensu
2822 2347 3052 2401 moralis

1685 2439 1881 2480 vocem
1925 2429 2208 2498 usurpat:
2261 2425 2537 2489 MoraliS,
2586 2425 2812 2497 inquit,
2852 2432 3051 2496 puteus

1684 2506 2053 2571 abundantias,
2104 2524 2163 2561 eo
2189 2507 2332 2585 quod
2370 2507 2687 2563 cadentibus
2708 2506 3043 2580 Allopkylis,

1685 2606 1916 2666 quorum
1943 2591 2111 2662 specie
2129 2591 2271 2644 vitia
2291 2591 2533 2662 corporis
2557 2591 2794 2660 fiyurant
2804 2611 2890 2662 ur,
2909 2595 3045 2649 vivm

1684 2669 1852 2727 Isaac
1892 2671 2155 2748 liquorem
2204 2672 2402 2726 mentis
2451 2673 2662 2727 invenit
2689 2691 2706 2738 ,·
2740 2691 2880 2747 pure
2898 2678 3047 2730 enim

1680 2752 1966 2824 profluunt
1992 2753 2120 2806 boni
2143 2769 2336 2818 mores,
2384 2758 2485 2808 etc.
2512 2754 2581 2807 Et
2609 2758 2758 2810 recte
2780 2755 3040 2820 asseruit,

1683 2832 1833 2907 quod
1851 2834 2116 2890 Deusnon
2131 2836 2334 2890 invitos
2353 2833 2572 2905 alliyat,
2588 2835 2721 2908 quia
2740 2836 3042 2895 resistendi

1686 2919 2017 2987 potestatem
2067 2930 2183 2971 non
2229 2915 2440 2972 aufert.
2470 2915 2576 2971 Sed
2612 2916 2730 2973 haec
2751 2933 2852 2990 per
2875 2919 3043 2975 auxi-

1684 2995 1830 3050 lium
1859 2994 1929 3051 ab
1954 2996 2271 3053 intrinseco
2317 2996 2512 3053 efficax
2550 3013 2667 3054 non
2694 2998 3041 3056 excluditur.

1757 3075 1822 3131 D.
1857 3075 2283 3150 Hieronymus
2267 3090 2329 3131 m
2352 3076 2574 3133 duobus
2601 3078 2894 3150 prioribus
2923 3084 3038 3136 tes·
3059 3102 3240 3153 exponi

1682 3155 1945 3211 timoniis
2002 3157 2191 3213 solum
2257 3157 2477 3223 asserit,
2541 3157 2808 3215 homines
2862 3159 3044 3217 libere
3081 3152 3233 3243 3¹&ss

1683 3250 1868 3310 agere,
1914 3240 1970 3291 et
2008 3250 2126 3292 non
2175 3237 2515 3308 praemoveri
2566 3254 2600 3294 a
2645 3241 2759 3294 Deo
2785 3239 3042 3296 motione
3080 3259 3244 3303 aymus.

1683 3317 2073 3384 necessitante,
2099 3316 2195 3374 sed
2221 3318 2407 3391 potius
2434 3318 2724 3376 inferente
2751 3326 2938 3377 actum
2963 3321 3041 3376 li-

1682 3396 1906 3466 berum,
1939 3402 2002 3452 ut
2028 3398 2149 3470 ipse
2192 3414 2253 3455 se
2277 3399 2415 3454 satis
2436 3400 2684 3472 explicat
2719 3401 2782 3455 in
2803 3402 3043 3475 epistola

1662 3478 1786 3547 Villa
1808 3477 1878 3533 ad
1902 3479 2231 3543 Damasum,
2257 3495 2367 3533 non
2404 3494 2476 3532 ea:
2498 3482 2826 3545 necessitate,
2857 3481 2949 3535 sed
2973 3499 3045 3536 ea:

1680 3558 1979 3614 voluntate.
1994 3561 2099 3615 Per
2123 3557 2272 3630 quod
2296 3557 2546 3614 excludit
2571 3558 2837 3614 haeresim
2860 3562 3044 3616 Mani·

1680 3638 1990 3704 chaeorum,
2016 3637 2115 3695 sed
2163 3652 2280 3694 non
2328 3637 2629 3711 impugnat
2657 3639 2944 3695 auxilium
2972 3655 3044 3697 ex

1679 3734 1740 3774 se
1766 3719 1960 3775 efficax
2011 3717 2377 3781 Thomistice,
2408 3721 2465 3773 et
2504 3718 2792 3774 Catholiee
2812 3722 3044 3791 exposi-

1680 3804 1826 3865 tum;
1843 3797 1991 3872 quod
2014 3797 2277 3854 videlicet
2301 3798 2379 3854 ita
2402 3797 2616 3854 inferat
2645 3798 3042 3860 infallibiliter

1680 3896 1864 3936 unum
1911 3885 2118 3947 actum,
2177 3884 2237 3933 ut
2267 3880 2554 3952 relinquat
2585 3879 3041 3941 indifferentiam

1673 3960 1900 4035 iudicii,
1928 3966 1985 4017 et
2013 3960 2326 4033 potentiam
2356 3960 2426 4016 ad
2455 3961 2800 4032 oppositum.
2834 3966 2904 4017 Et
2923 3965 3041 4020 mi-

1681 4059 1793 4099 nus
1820 4041 2003 4098 adhuc
2020 4039 2184 4098 nobis
2206 4040 2516 4112 opponitur
2540 4041 2600 4095 in
2628 4041 2832 4099 ultima
2847 4044 3044 4101 autho·

1682 4122 1851 4179 ritate
1881 4145 1895 4189 ;
1944 4137 2080 4177 nam
2121 4120 2375 4193 loquitur
2396 4119 2467 4176 de
2492 4120 2797 4177 collatione
2842 4124 3044 4198 gloriae

1681 4204 1743 4261 in
1769 4202 2167 4276 exequutione,
2223 4218 2347 4276 quae
2374 4199 2583 4257 adultis
2627 4202 2923 4260 confertur
2945 4206 3044 4261 in-

1681 4287 1826 4343 tuitu
1870 4285 2235 4341 meritorum.
2290 4286 2358 4339 Et
2408 4279 2509 4356 p‘er
2561 4283 2621 4357 ly
2667 4292 2870 4356 sponte,
2921 4303 3040 4345 non

1679 4366 1930 4424 excludit
1978 4364 2371 4422 necessitatem
2415 4363 2603 4419 divini
2634 4365 2838 4421 auxilii
2872 4409 2885 4433 ,
2929 4384 3042 4440 quo

1682 4450 1830 4504 Deus
1876 4462 1979 4503 nos
2024 4445 2205 4501 libere
2249 4443 2575 4501 consentire
2630 4445 2830 4512 faciat,
2878 4448 3043 4520 juxta

1682 4530 1846 4585 illam
1872 4525 2153 4584 celebrem
2176 4529 2230 4583 S.
2264 4526 2518 4583 Doctoris
2545 4528 2893 4585 sententiam
2927 4550 2939 4585 :
2963 4530 3041 4587 Et

1680 4613 1795 4676 hoc,
1830 4610 1972 4687 quod
1990 4616 2067 4664 est
2093 4606 2292 4675 meum,
2321 4610 2438 4663 sine
2465 4606 2567 4664 Dei
2588 4611 2810 4665 auxilio
2831 4629 2937 4667 non
2964 4622 3040 4668 est

1680 4706 1914 4833 megia-d
1941 4768 2005 4821 D.
2041 4767 2305 4838 Prosper,
2361 4764 2714 4837 Fulgentius,
2747 4773 2803 4823 et
2839 4769 3042 4825 Petrus

1682 4850 1962 4907 Diaconus
2003 4863 2105 4919 pro
2146 4846 2340 4902 Suarii
2387 4845 2662 4917 opinione
2689 4848 3033 4922 allegentur,

1680 4946 1798 4987 non
1847 4942 2145 5002 possumus
2185 4925 2312 4981 sine
2358 4923 2748 4982 admiratione
2778 4927 2980 4986 audire
3023 4958 3035 4996 ;

1680 5026 1817 5066 nam
1848 5006 2105 5081 perpetui
2129 5005 2365 5061 fuerunt
2387 5003 2450 5058 in
2479 5005 2892 5078 propugnando
2917 5026 3043 5083 gra-
