3647 5753
1463 407 1644 462 DISP.
1686 407 1804 472 VII,
1853 407 2017 461 DL'B.
2063 408 2155 464 IV.
3100 408 3191 464 111

335 600 360 626 ιι
392 576 639 649 quidam
662 578 1076 652 contingentem
1106 579 1372 651 quamvis
1391 578 1535 634 illud
1550 575 1699 650 quod

336 683 361 710 «ι
393 659 552 713 Deus
582 657 723 724 vult,
748 674 971 730 semper
991 655 1108 714 fiat.
1147 680 1170 709 υ
1233 656 1336 713 L‘bi
1364 674 1434 714 ex
1460 657 1700 717 certitu-

336 739 483 796 dine
510 754 757 796 summae
774 738 1112 796 efficacitatis
1138 738 1355 795 divinae
1397 731 1598 806 infert,
1643 742 1699 795 et

239 821 252 827 ’
327 820 486 895 quod
532 828 805 893 sequatur
846 820 1089 889 effectus,
1139 826 1194 878 et
1237 821 1385 894 quod
1429 827 1700 895 sequatur

333 902 524 959 libere
553 923 566 958 ε
597 919 734 960 nam
758 908 1060 976 utrumque
1086 909 1169 960 est
1195 902 1498 960 efficaciter
1525 918 1559 959 a
1584 904 1698 959 Deo

329 986 606 1051 volitum;
621 993 677 1042 et
694 991 990 1057 propterea
1004 985 1287 1043 concludit
1310 985 1413 1041 illo
1429 984 1692 1051 articulo,

334 1065 904 1138 praedestinationem
919 1066 1166 1140 gaudere
1185 1065 1551 1131 certitudine,
1582 1071 1697 1121 tam

332 1148 727 1219 praaecientiae,
753 1163 925 1220 quam
952 1147 1322 1205 causalitatis.

42 1232 304 1290 §05⁰³ss
420 1230 541 1284 166.
586 1228 844 1286 Secundo
880 1237 1188 1286 occurrunt
1227 1229 1328 1286 alii
1373 1244 1444 1285 ex
1474 1227 1700 1284 Adver-

42 1284 296 1375 ²232&ss
330 1311 508 1368 sai-iis
560 1311 884 1384 probationi
922 1314 1165 1386 sequelae
1203 1331 1356 1369 num.
1409 1313 1511 1367 159
1564 1327 1699 1384 pro-

333 1394 556 1466 positae,
601 1393 964 1451 concedendo
1001 1394 1152 1469 quod
1192 1393 1402 1460 media,
1436 1408 1536 1467 per
1574 1408 1700 1466 quae

330 1474 763 1548 praedestinatio
807 1474 1117 1533 mandatur
1157 1474 1544 1548 exequutioni,
1591 1474 1699 1531 ha-

324 1556 506 1612 beant
530 1555 936 1612 certitudinem
960 1572 1077 1613 non
1098 1556 1278 1613 solius
1300 1554 1692 1627 praescientiae,

323 1634 429 1691 sed
492 1637 667 1693 etiam
736 1637 1112 1693 causalitatiS.
1176 1634 1263 1690 Ad
1329 1635 1435 1691 hoc
1503 1641 1696 1691 autem

320 1715 586 1773 sufficere
605 1716 964 1784 existimant,
982 1717 1131 1790 quod
1151 1715 1371 1773 auxilia
1385 1716 1586 1789 gratiae
1604 1731 1700 1772 re-

323 1797 454 1869 ipsa
514 1796 763 1852 intluant
821 1798 884 1853 in
933 1798 1296 1870 operationes
1350 1801 1595 1862 nostraS,
1643 1802 1698 1852 et

320 1875 479 1949 quod
491 1893 561 1933 ex
578 1876 955 1949 dispositione
980 1879 1075 1933 Dei
1103 1875 1566 1948 praedestinantis
1580 1877 1699 1932 sint

323 1973 590 2014 connexa
609 1974 741 2015 cum
764 1958 899 2024 fine,
932 1959 1054 2015 sive
1086 1958 1293 2014 ultimo
1319 1957 1518 2015 effectu
1550 1974 1697 2031 prae-

324 2039 751 2096 destinationis.
782 2041 897 2096 Hoc
938 2046 1130 2096 autem
1152 2040 1409 2101 salvatur
1438 2039 1500 2094 in
1529 2039 1697 2095 auxi-

329 2119 435 2174 liis
465 2119 877 2176 sufficientibus
922 2120 1122 2195 gratiae
1168 2120 1591 2192 praevenientia,
1641 2125 1698 2176 et

324 2200 647 2266 elevantis;
671 2216 808 2257 nam
834 2216 1035 2257 revera
1065 2204 1298 2271 possunt
1337 2198 1581 2256 influere
1634 2199 1696 2255 in

326 2284 490 2336 actus
519 2288 760 2347 nostros,
791 2287 848 2337 et
875 2280 1111 2337 aliunde
1136 2296 1205 2337 ex
1224 2280 1456 2352 speciali
1501 2280 1696 2336 inten-

329 2363 511 2427 tione,
563 2380 626 2419 ac
672 2361 1048 2435 dispositione
1089 2361 1190 2417 Dei
1237 2361 1696 2434 praedestinantis

324 2446 711 2502 conferuntur
741 2446 802 2502 in
844 2446 936 2501 his
957 2444 1365 2508 occasionibus,
1401 2444 1462 2498 in
1489 2444 1697 2516 quibus

325 2530 482 2583 Deus
499 2526 771 2599 praevidet
790 2527 894 2583 illa
918 2524 1184 2581 habitura
1203 2524 1462 2581 effectum
1486 2550 1499 2591 ;
1530 2532 1696 2597 atque

327 2607 465 2664 ideo
490 2612 645 2664 certo
670 2612 1090 2663 connectuntur
1110 2622 1240 2661 cum
1266 2606 1471 2662 ultimo
1492 2605 1692 2662 effectu

328 2687 878 2760 praedestinationis‚
912 2702 1030 2743 non
1057 2687 1244 2743 solum
1266 2702 1336 2742 ex
1378 2687 1689 2758 praescien-

327 2770 436 2831 tia,
467 2767 563 2824 sed
590 2768 767 2824 etiam
794 2768 1119 2823 causaliter.

83 2885 287 2932 hm,
407 2849 542 2904 Haec
576 2854 769 2904 tamen
812 2847 1104 2921 responsio
1159 2846 1306 2903 nihil
1363 2845 1482 2904 fere
1526 2845 1684 2904 addit

106 2937 282 2987 [ΜΨ.
323 2949 393 2987 sn
402 2947 507 3002 pra
524 2931 953 3002 responsionem
969 2929 1202 2985 Molinae
1218 2929 1489 2986 hactenus
1503 2930 1585 2985 im
1594 2947 1690 3002 pu-

53 2980 585 3086 Qissi'fbgnatam,
616 3017 672 3067 et
692 3011 857 3067 facile
888 3010 1190 3066 refellitur.
1223 3008 1433 3076 Primo,
1466 3010 1609 3082 quia,
1623 3009 1692 3066 ad

319 3091 735 3150 certitudinem
762 3090 1110 3148 causalitatis
1158 3097 1217 3146 ut
1256 3091 1692 3148 condistinctam

321 3191 355 3230 a
384 3172 734 3230 certitudine
760 3170 1147 3245 praescientiae,
1182 3187 1299 3227 non
1319 3171 1526 3228 sufficit
1544 3170 1692 3244 quod

320 3270 500 3310 cansa
551 3252 754 3310 influat
802 3259 1143 3324 utcumque;
1197 3251 1298 3310 sed
1353 3252 1687 3325 requiritur,

316 3333 478 3409 quod
497 3351 665 3390 causa
683 3333 834 3390 dicat
876 3332 1259 3390 infallibilem
1307 3333 1573 3392 ordinem
1622 3330 1691 3388 ad

315 3414 608 3478 effectum,
653 3420 707 3470 et
754 3413 943 3485 ipsum
990 3410 1386 3469 infallibiliter
1436 3417 1627 3469 causet
1675 3432 1689 3467 ε

314 3494 425 3552 sed
453 3495 669 3550 auxilia
696 3494 897 3568 gratiae
947 3493 1373 3565 praevenientis,
1417 3499 1474 3550 et
1524 3491 1693 3565 adju-

318 3575 536 3641 vantis,
561 3590 687 3647 quae
715 3589 836 3631 non
857 3572 1069 3631 habent
1092 3573 1399 3630 efficaciam
1427 3589 1499 3631 ex
1530 3590 1605 3640 se,
1637 3580 1693 3629 et

315 3656 395 3712 ab
420 3655 751 3721 intrinseco,
785 3659 1078 3727 nequeunt
1112 3655 1283 3709 illum
1309 3653 1690 3710 infallibilem

317 3734 593 3792 ordinem
617 3735 971 3808 importare:
1014 3751 1150 3808 ergo
1196 3734 1310 3790 nisi
1353 3733 1690 3791 admittatur

318 3817 611 3874 auxilium
639 3832 711 3873 ex
756 3832 833 3884 se,
894 3821 949 3872 et
991 3814 1071 3872 ab
1109 3815 1426 3872 intrinseco
1470 3814 1685 3881 efficax,

319 3897 752 3971 praedestinatio
783 3896 972 3954 solum
994 3897 1105 3952 erit
1149 3904 1304 3953 certa
1347 3895 1691 3953 certitudine

321 3979 715 4054 praescientiae,
748 3993 867 4035 non
894 3983 1086 4034 autem
1107 3977 1473 4034 causalitatis.
1495 3978 1690 4035 Minor

322 4062 524 4133 liquet,
555 4059 691 4132 quia
717 4059 937 4115 auxilia
957 4074 1083 4132 quae
1121 4074 1192 4115 ex
1224 4073 1286 4114 se
1313 4072 1430 4114 non
1477 4057 1692 4115 habent

317 4141 653 4206 efficaciam,
679 4139 867 4195 solum
891 4145 1160 4211 praestant
1194 4154 1354 4212 posse
1394 4154 1581 4213 agere,
1635 4146 1692 4196 et

316 4221 553 4279 suntab
576 4221 891 4277 intrinseco
907 4219 1318 4286 indifferentia,
1340 4220 1692 4278 subduntur-

315 4318 437 4376 que
459 4302 521 4357 in
539 4318 644 4359 suo
666 4300 891 4357 influxu
913 4300 1388 4358 determinationi
1418 4301 1688 4359 volunta-

317 4385 401 4439 tis
429 4388 649 4448 creatae,
681 4387 742 4437 ut
761 4380 1098 4438 Adversarii
1126 4379 1514 4439 communiter
1550 4397 1691 4438 con-

314 4461 695 4521 oeduutzsed
741 4478 873 4518 cum
926 4462 1030 4520 hoc
1069 4477 1186 4519 non
1233 4461 1497 4526 cohaeret,
1540 4460 1691 4534 quod

321 4544 773 4621 praedestinatio,
812 4550 868 4601 et
893 4544 1113 4601 auxilia
1158 4560 1259 4617 per
1297 4559 1426 4600 eam
1453 4543 1692 4618 dispen-

315 4635 449 4684 sata
467 4625 662 4683 dicant
683 4625 1058 4686 infallibilem
1087 4625 1354 4682 ordinem
1382 4625 1694 4683 causalita-

316 4711 399 4766 tis
427 4724 598 4782 super
620 4712 775 4763 actus
792 4712 1035 4774 nostros,
1062 4707 1209 4764 alias
1224 4707 1346 4781 jam
1371 4722 1488 4763 non
1503 4712 1693 4765 essent

317 4787 741 4854 indifferentia,
767 4794 826 4844 et
844 4786 1350 4856 determinabilia3
1380 4786 1480 4844 sed
1503 4789 1694 4860 potius

315 4871 778 4930 determinativa
799 4870 1134 4939 voluntatis,
1175 4876 1235 4927 ut
1256 4886 1327 4927 ex
1363 4885 1426 4926 se
1468 4870 1646 4943 liquet
1678 4893 1691 4929 :

313 4969 463 5027 ergo
483 4952 597 5008 nisi
630 4951 854 5009 auxilia
873 4951 990 5006 sint
1010 4966 1082 5007 ex
1102 4966 1179 5016 se,
1209 4958 1265 5008 et
1291 4948 1361 5007 ab
1377 4950 1695 5010 intrinseco

312 5031 592 5098 efficacia,
629 5046 750 5088 non
777 5029 1041 5087 inferunt
1068 5029 1263 5087 effectu
1285 5035 1438 5089 certo
1463 5031 1694 5087 certitu-

1835 577 1974 635 dine
2037 581 2405 637 causalitatis.
2476 580 2744 640 Secumlo,
2808 578 3081 652 quoniam
3148 579 3196 633 si

1835 662 2053 718 auxilia
2073 675 2143 717 ex
2163 677 2223 718 se
2245 661 2639 719 indifferentia
2653 667 2841 717 essent
2859 667 3011 715 certa
3031 659 3196 715 certi-

1836 740 2034 798 tudine
2078 741 2444 808 causalitatiS,
2501 742 2726 798 etiamsi
2774 740 3197 797 secluderemus

1834 823 2132 880 scientiam
2162 823 2433 892 mediam,
2469 824 2759 881 inferrent
2801 820 3197 879 infallibiliter

1834 920 2002 959 suum
2029 903 2322 971 effectum;
2354 905 2636 977 siquidem
2672 904 2855 961 adhuc
2880 904 3199 960 retinerent

1833 1001 1996 1041 suam
2023 986 2434 1053 causalitatem,
2493 991 2548 1041 et
2601 986 2876 1041 virtutem
2925 1006 2937 1039 ε
2994 997 3195 1039 conse-

1833 1082 2014 1139 quens
2039 1072 2123 1122 est
2150 1066 2381 1133 falsum,
2408 1082 2538 1122 cum
2564 1067 2625 1122 in
2647 1082 2715 1123 ea
2742 1064 3045 1140 hypothesi
3075 1078 3193 1118 non

1835 1147 2111 1204 haberent
2137 1148 2353 1220 aliquid
2380 1148 2787 1213 extrincecum,
2842 1145 2931 1202 vel
2976 1145 3196 1199 intrin-

1832 1242 2044 1293 secum,
2078 1227 2134 1282 vi
2156 1228 2315 1301 cujus
2344 1228 2530 1300 potius
2558 1230 3034 1284 connecterentur
3063 1239 3191 1278 cum

1833 1323 2132 1373 consensu,
2159 1323 2332 1379 quam
2379 1323 2508 1364 cum
2548 1306 2828 1372 dissensu,
2882 1312 2939 1361 ut
2980 1303 3194 1361 Adver-

1832 1390 1971 1446 sarii
1995 1388 2311 1448 concedunt
2340 1411 2353 1445 :
2383 1405 2518 1465 ergo
2540 1390 2759 1446 auxilia
2778 1405 2849 1445 ex
2870 1404 2929 1445 se
2959 1384 3192 1442 indiffe-

1837 1472 2040 1537 rentia,
2072 1477 2126 1528 et
2150 1470 2572 1544 praedestinatio
2596 1477 2654 1527 ut
2677 1487 2777 1544 per
2798 1487 2865 1528 ea
2891 1469 3193 1542 exequibi·

1834 1555 1925 1619 lis,
1956 1555 2142 1611 solum
2170 1560 2306 1610 sunt
2331 1560 2481 1612 certa
2508 1553 2853 1612 certitudine
2887 1554 3191 1626 praescien-

1834 1634 1949 1691 tiae.

1914 1715 2110 1781 Tertio,
2142 1714 2276 1787 quia
2301 1721 2359 1771 ut
2380 1732 2546 1772 causa
2567 1708 2643 1771 sit
2663 1720 2816 1772 certa
2842 1713 3191 1772 certitudine

1833 1798 2200 1864 causalitatis,
2231 1797 2729 1869 nonsufficitquod
2747 1798 3188 1869 possitcausare,

1834 1879 1976 1936 alias
1996 1879 2187 1936 omnis
2209 1894 2374 1934 causa
2404 1877 2639 1935 haberet
2665 1878 2990 1951 hujusmodi
3020 1877 3193 1935 certi-

1833 1958 2127 2024 tudinem;
2182 1958 2279 2015 sed
2327 1959 2561 2030 insuper
2610 1957 2988 2025 desideratur,
3042 1958 3191 2031 quod

1834 2055 1934 2112 per
1961 2039 2196 2096 modum
2219 2056 2398 2096 causae
2437 2039 2584 2096 dicat
2625 2039 3000 2096 infallibilem
3031 2040 3192 2097 ordi-

1833 2136 1967 2176 nem
1990 2120 2059 2177 ad
2088 2120 2347 2177 effectum
2396 2128 2455 2175 ut
2497 2121 2684 2192 reipsa
2726 2120 3087 2193 ponendum3
3116 2122 3193 2176 iti

1832 2203 1978 2275 quod
2018 2204 2140 2277 ejus
2178 2203 2510 2260 infallibilis
2563 2202 2856 2274 productio
2900 2209 3193 2259 revocetur

1833 2284 1893 2339 in
1925 2284 2156 2340 modum
2180 2283 2405 2358 agendi,
2437 2300 2548 2356 quo
2569 2300 2737 2340 causa
2785 2283 2978 2339 influit
3028 2304 3039 2337 :
3095 2282 3193 2338 secl

1833 2367 2051 2423 auxilia
2077 2382 2144 2423 ex
2166 2383 2226 2422 se
2250 2365 2660 2427 indifferentia.
2713 2366 2908 2438 qualia
2966 2366 3193 2435 praecise

1832 2445 2143 2502 admittunt
2182 2444 2536 2513 Adversarii,
2606 2447 2873 2519 quamvis
2941 2444 3191 2500 babeant

1832 2525 2105 2582 virtutem
2149 2524 2520 2582 sufficientem
2570 2525 2639 2581 ad
2709 2523 3066 2580 innuendum
3128 2523 3190 2579 in

1830 2614 1984 2663 actus
2038 2612 2278 2670 nostrOS,
2343 2606 2729 2664 nihilominus
2775 2607 2993 2662 seclusa
3045 2620 3193 2677 prae—

1829 2687 2067 2745 scientia
2087 2686 2294 2752 media,
2328 2703 2446 2744 non
2465 2693 2879 2745 connectuntur
2902 2686 3193 2743 infallibi-

1831 2769 1963 2825 liter
1985 2784 2113 2824 cum
2141 2783 2420 2823 consensu
2447 2789 2459 2824 ε
2490 2784 2625 2842 ergo
2654 2766 2919 2841 praedicta
2949 2767 3185 2834 auxilia,

1829 2854 1885 2905 et
1911 2847 2352 2922 praedestinatum
2383 2855 2441 2904 ut
2469 2864 2568 2921 per
2593 2849 2697 2905 illa
2719 2846 3026 2905 mandatur
3053 2861 3190 2904 exe-

1828 2923 2111 2996 quutioni‚
2147 2939 2261 2979 non
2286 2923 2497 2979 habent
2517 2923 2928 2980 certitudinem
2951 2922 3190 2978 causali·

1828 3004 1979 3068 tatis,
2004 3002 2103 3060 sed
2130 3005 2309 3060 solius
2332 3004 2719 3076 praescientiae.
2749 3003 2911 3059 Unde
2944 3002 3184 3066 Molina,

1827 3084 1923 3156 qui
1951 3083 2199 3157 gratiam
2227 3101 2297 3140 ex
2322 3100 2382 3141 se
2407 3084 2685 3142 efficacem
2723 3084 2972 3158 negavit,
3021 3083 3187 3138 valde

1827 3170 2236 3237 consequenter
2258 3164 2447 3222 docuit
2470 3166 3026 3237 praedestinationem
3072 3179 3186 3219 non

1830 3245 2040 3302 habere
2056 3247 2231 3304 aliam
2248 3246 2670 3313 certitudinem,
2692 3262 2861 3320 quam
2885 3247 3186 3319 praescien-

1827 3328 1949 3395 tiae3
1978 3329 2253 3402 quoniam
2277 3330 2408 3386 licet
2454 3330 2674 3386 auxilia
2713 3329 3075 3392 sufficientia,
3131 3336 3187 3386 et

1827 3411 2217 3469 indifferentia
2242 3411 2489 3469 influant
2506 3413 2565 3468 in
2583 3419 2737 3469 actus
2756 3417 2992 3474 nostros,
3013 3412 3185 3467 nihil·

1827 3492 2057 3549 ominus
2110 3508 2227 3549 non
2274 3492 2534 3548 inferunt
2569 3509 2639 3549 ex
2684 3508 2744 3548 se
2790 3491 3183 3547 infallibiliter

1826 3575 2248 3647 operationem;
2276 3574 2373 3630 sed
2396 3575 2772 3647 applicantur,
2805 3580 2862 3631 et
2905 3573 3183 3629 determi-

1827 3660 2041 3710 nantur
2068 3670 2167 3726 per
2192 3653 2439 3710 liberum
2464 3654 2796 3711 arbitrium.
2850 3652 3014 3710 Unde
3068 3658 3180 3710 tota

1822 3733 2123 3799 certitudO,
2147 3739 2203 3790 et
2224 3734 2632 3801 infallibilitas,
2659 3735 2866 3807 quibus
2890 3736 2993 3790 illa
3016 3735 3182 3790 auxi-

1826 3816 1904 3872 lia
1918 3815 2340 3889 conjunguntur
2355 3833 2484 3872 cum
2506 3817 2854 3889 operatione,
2882 3818 2970 3873 vel
2993 3817 3179 3872 solum

1822 3901 1908 3952 est
1921 3911 2270 3969 consequens
2279 3895 2733 3969 suppositionem
2750 3895 3176 3960 accidentalem,

1823 3974 1973 4049 quod
2000 3982 2262 4033 creatura
2287 3982 2585 4049 operetur;
2619 3977 2708 4032 vel
2735 3977 2782 4032 si
2825 3981 2909 4032 est
2957 3983 3182 4032 antece-

1825 4056 2229 4124 denS,tantum
2271 4058 2545 4130 importat
2577 4056 2983 4115 certitudinem
3037 4074 3184 4129 prae·

1822 4137 2076 4195 scientiae
2102 4137 2325 4207 mediae,
2357 4137 2506 4211 quod
2530 4143 2721 4214 creatu
2732 4154 2796 4194 ra
2822 4137 2956 4194 tunc
2978 4153 3183 4209 opera-

1826 4218 2000 4276 bitur.
2027 4222 2383 4292 Quapropter
2407 4220 2497 4277 vel
2523 4220 2640 4276 haec
2664 4219 2916 4276 secunda
2946 4234 3183 4290 respon·-

1823 4301 1909 4358 sio
1934 4302 2072 4358 satis
2093 4302 2568 4375 inconsequenter
2590 4303 2660 4360 ad
2690 4303 2924 4377 propria
2962 4301 3183 4375 princi·

1827 4383 1919 4456 pia
1943 4384 2211 4457 procedit,
2256 4385 2346 4441 vel
2394 4385 2686 4442 relabatur
2724 4401 2946 4443 necesse
2985 4390 3069 4441 est
3120 4384 3184 4440 in

1827 4465 2256 4536 responsionem
2286 4467 2517 4522 Molinae
2559 4483 2733 4539 supra
2761 4467 3182 4540 impugnatam.

1908 4545 2029 4601 167.
2075 4547 2316 4618 Propter
2338 4546 2453 4601 haec
2474 4547 2752 4618 compulsi
2774 4553 2909 4602 sunt
2948 4545 3181 4619 quidam
3226 4573 3377 4628 mutina

1823 4640 1897 4681 ex
1924 4623 2287 4681 Adversariis
2331 4624 2636 4683 concedere
2688 4626 2749 4683 in
2800 4629 2912 4684 Deo
2958 4626 3372 4683 decretaauorum

1827 4702 2103 4770 absoluta,
2154 4710 2211 4761 et
2272 4705 2535 4771 efficacia,
2603 4722 2720 4762 non
2770 4723 2896 4780 quae
2949 4723 3182 4764 omnem
3218 4695 3380 4778 raspon-

1826 4785 2371 4843 determinationem
2395 4789 2708 4844 voluntatis
2729 4793 2929 4846 creatae
2957 4795 3187 4846 antece-

1826 4869 1986 4935 dant,
2025 4868 2125 4926 sed
2188 4886 2312 4944 quaa
2353 4870 2643 4942 supposita
2699 4871 2938 4928 scientia
2998 4872 3187 4928 media

1826 4952 2093 5009 omnium
2120 4968 2243 5024 quae
2273 4952 2538 5008 voluntas
2567 4955 2757 5009 creata
2789 4961 3005 5028 ageret,
3039 4953 3086 5008 si
3125 4954 3187 5007 in

1828 5034 1939 5102 his,
1970 5040 2069 5089 aut
2122 5034 2243 5090 illis
2291 5033 2681 5091 occasionibus
2726 5038 3187 5100 constitueretur,
