3647 5753
98 3756 130 3795 A
139 3751 238 3811 lint!

90 3804 151 3855 pri
161 3814 235 3845 uei
245 3823 260 3831 ·

72 3854 167 3909 paule
183 3862 281 3894 ino·

99 3910 256 3945 tivum.

1430 397 1608 451 DlsP.
1652 396 1722 463 11,
1769 396 1935 452 nun.
1979 398 2047 454 11.
3057 363 3163 456 32111

312 573 368 628 vi
403 571 651 645 propriae
690 571 973 637 entitatis,
1002 578 1056 627 et
1085 575 1304 627 naturae
1333 570 1529 642 nequit
1552 568 1673 625 for-

310 653 544 710 maliter
560 652 895 727 justificare.
926 669 1030 709 nec
1059 668 1157 726 per
1184 653 1447 710 divinam
1473 659 1673 726 poten-

310 736 451 793 tiam
476 736 685 809 poterit
704 736 1134 793 communicare
1156 735 1490 807 praedictum
1513 736 1674 793 effec-

309 823 433 873 tum
461 842 474 886 ;
499 818 643 874 sicut
665 818 800 891 quia
848 816 1051 874 albedo
1074 832 1143 873 ex
1185 824 1393 874 natura
1419 832 1523 873 sua
1552 832 1672 873 non

311 899 444 955 facit
492 899 817 955 formaliter
868 897 1139 964 calidum,
1183 914 1286 955 nec
1339 913 1439 970 per
1468 899 1672 970 poten-

309 980 452 1034 tiam
480 979 580 1034 Dei
609 977 933 1035 absolutam
975 978 1127 1034 valet
1167 977 1492 1035 formaliter
1517 979 1671 1035 cale-

312 1060 514 1117 facere.
546 1061 694 1115 Tum
742 1059 938 1124 etiam,
971 1059 1107 1132 quia
1136 1058 1194 1115 id
1216 1058 1365 1132 quod
1387 1066 1470 1117 est
1490 1059 1561 1117 de
1586 1076 1664 1127 se,

309 1147 367 1199 et
390 1157 461 1199 ex
483 1149 688 1198 natura
710 1159 815 1199 sua
842 1143 1129 1215 impotens
1156 1158 1390 1199 causare
1417 1143 1670 1216 aliquem

309 1223 594 1289 effectum,
629 1223 886 1301 manebit
912 1240 1142 1297 semper
1185 1223 1292 1280 sub
1330 1223 1529 1281 eadem
1553 1223 1670 1280 im-

314 1306 588 1378 potentia,
633 1307 745 1363 nisi
787 1308 840 1364 ei
882 1305 1100 1379 aliquid
1141 1306 1575 1379 superaddatur,
1608 1311 1670 1361 ut

310 1405 385 1445 ex
411 1404 472 1445 se
498 1388 693 1462 liquet,
727 1394 781 1445 et
824 1387 1116 1445 inducti-ve
1156 1394 1334 1460 potest
1360 1387 1582 1445 ostendi
1605 1388 1668 1444 in

309 1468 580 1526 omnibus
606 1470 787 1525 causis
814 1490 828 1524 ε
857 1469 954 1526 sed
984 1467 1135 1525 nihil
1156 1474 1337 1540 potest
1362 1467 1668 1542 superaddi

307 1549 465 1606 actui*
481 1550 864 1617 contritionis,
890 1556 945 1607 et
965 1550 1280 1616 charitatis,
1312 1551 1405 1607 vel
1429 1551 1662 1617 amoriS,

307 1637 368 1687 ut
397 1637 666 1704 praestent
716 1631 1042 1688 formaliter
1093 1631 1352 1688 effectum
1388 1629 1667 1706 justifica-

305 1712 501 1777 tionis,
552 1727 722 1785 quem
751 1728 823 1768 ex
848 1728 908 1768 se
951 1718 1225 1784 praestare
1247 1728 1364 1769 non
1393 1717 1664 1785 possunt:

305 1809 442 1866 ergo
463 1799 760 1866 nequeunt
797 1794 971 1850 etiam
1002 1809 1101 1865 per
1127 1799 1442 1865 respectum
1471 1792 1540 1849 ad
1564 1791 1667 1849 ab·

304 1876 552 1931 solutam
582 1875 682 1932 Dei
725 1876 1041 1947 potentiam
1084 1873 1398 1949 justificare
1445 1874 1669 1931 forma—

308 1957 458 2013 liter.
506 1956 787 2014 Suadetur
836 1957 1050 2020 minor,
1095 1958 1230 2029 quia
1279 1958 1372 2014 vel
1419 1956 1477 2012 id
1516 1955 1664 2029 quod

305 2038 615 2096 adderetur
635 2039 787 2096 actui
804 2039 1186 2104 contritionis,
1212 2045 1268 2095 et
1288 2039 1503 2096 amoris
1522 2043 1667 2095 esset

304 2119 560 2193 ejusdem
603 2120 796 2186 lineae,
841 2125 896 2175 et
937 2121 1177 2178 rationis
1217 2136 1348 2176 cum
1390 2119 1527 2185 illis,
1572 2120 1665 2175 vel

305 2206 450 2256 esset
476 2199 721 2257 diversae
745 2200 1007 2257 rationis.
1031 2202 1088 2256 Si
1111 2199 1334 2256 dicatur
1364 2199 1620 2273 primum
1648 2218 1662 2254 ε

306 2297 443 2356 ergo
465 2298 581 2339 non
600 2287 780 2356 potest
825 2281 1159 2348 conducere,
1194 2288 1254 2337 ut
1281 2287 1435 2338 actus
1454 2281 1666 2339 contri-

309 2362 505 2429 tioniS,
521 2369 578 2419 et
601 2364 816 2421 amoris
840 2360 1110 2436 praestent
1131 2363 1393 2420 effectum
1421 2362 1666 2420 diversae

313 2441 573 2508 rationis,
622 2442 953 2500 distinctum
1002 2442 1071 2499 ab
1118 2444 1240 2511 illo,
1292 2458 1461 2516 quem
1508 2458 1665 2500 exse

313 2529 586 2595 praestare
607 2530 834 2596 possunt
855 2548 870 2592 ;
921 2524 1019 2582 sed
1041 2525 1112 2581 ad
1137 2541 1432 2590 summum
1455 2523 1664 2581 condu-

308 2607 415 2670 cet,
449 2609 510 2659 ut
532 2610 792 2678 praestent
840 2604 1089 2662 eundem
1129 2605 1392 2662 effectum
1436 2605 1662 2680 perfec-

311 2684 447 2741 tiori
488 2684 672 2751 modo,
718 2691 882 2758 atque
927 2685 1055 2744 ideo
1102 2703 1230 2743 cum
1284 2703 1352 2743 ex
1379 2703 1440 2744 se
1471 2689 1661 2745 solum

308 2764 556 2823 habeant
600 2766 903 2840 disponere
924 2767 995 2823 ad
1018 2766 1508 2842 justificationem,
1541 2782 1661 2824 non

307 2861 443 2904 vero
482 2846 792 2922 justificare
832 2848 1181 2915 formaliter,
1240 2864 1358 2906 non
1392 2853 1662 2922 poterunt

307 2928 531 2986 ratione
554 2929 713 2985 illius
731 2928 1087 3002 superadditi
1105 2928 1417 3002 justificare
1439 2930 1661 2987 forma-

307 3001 456 3067 liter,
504 3004 600 3060 sed
631 3007 852 3060 tantum
892 3002 1197 3076 disponere
1231 3003 1539 3076 perfectius
1587 3001 1660 3060 ad

296 3080 783 3154 justificationem.
828 3083 886 3138 Si
937 3089 1129 3140 autem
1176 3084 1425 3158 eligatur
1451 3100 1658 3140 secun-

297 3164 484 3222 dum:
550 3181 687 3240 ergo
745 3182 864 3221 non
924 3171 1078 3222 actus
1137 3165 1519 3231 contritionis,
1563 3166 1658 3223 vel

297 3248 514 3301 amoris
531 3246 551 3320 j
560 3244 800 3301 ustificat
821 3245 1161 3311 formaliter,
1183 3244 1280 3302 sed
1309 3251 1530 3302 tantum
1554 3246 1659 3302 illa

297 3327 487 3383 forma
514 3326 622 3399 ipsi
666 3325 1078 3398 superaddita:
1120 3328 1266 3383 sicut
1304 3327 1353 3382 si
1400 3325 1655 3384 albedini

300 3405 606 3464 adderetur
628 3407 803 3474 calor,
825 3423 857 3463 a
876 3423 987 3480 quo
1012 3406 1325 3482 subjectum
1346 3405 1508 3463 fieret
1536 3406 1656 3463 for-

295 3487 532 3545 maliter
565 3486 838 3553 calidum,
873 3487 1205 3561 neutiquam
1254 3488 1541 3545 diceretur
1567 3488 1656 3544 al-

298 3568 444 3627 bedo
467 3586 635 3626 causa
662 3569 928 3626 formalis
972 3569 1361 3627 calefactionis
1391 3569 1650 3643 passivae,

294 3649 395 3707 sed
423 3656 647 3707 tantum
670 3651 822 3707 calor
850 3651 960 3724 ipsi
987 3650 1407 3722 superadditus

371 3734 465 3789 62.
528 3732 783 3789 Secunda
825 3733 970 3789 ratio
1018 3731 1502 3797 fundamentaliS,
1555 3748 1656 3806 per

297 3829 470 3885 quam
518 3814 786 3871 hactenus
832 3813 982 3871 dicta
1029 3816 1211 3889 magis
1266 3813 1649 3883 roborantur,

299 3894 620 3952 desumitur
646 3912 717 3953 ex
744 3895 911 3952 dictis
937 3904 1098 3953 tract.
1136 3897 1357 3969 praeced.
1409 3897 1550 3970 disp.
1594 3899 1649 3961 4,

299 3975 427 4029 dub.
459 3977 513 4039 5,
543 3975 640 4031 ubi
664 3975 1017 4032 ostendimus
1037 3977 1284 4050 gratiam
1302 3975 1652 4033 habitualem

299 4048 579 4123 distingui
610 4051 841 4107 realiter
865 4067 897 4107 a
942 4051 1240 4114 charitate,
1272 4055 1326 4106 et
1374 4053 1555 4122 potest
1574 4050 1656 4107 sic

301 4131 545 4204 proponi
573 4153 586 4187 :
624 4146 758 4187 nam
787 4132 1047 4205 implicat
1085 4130 1338 4202 aliquam
1366 4132 1654 4204 operatio—

301 4227 436 4269 nem
463 4211 722 4270 ordinari
769 4229 869 4286 per
888 4230 948 4271 se
976 4214 1166 4287 primo
1194 4212 1263 4269 ad
1310 4228 1451 4279 esse,
1482 4218 1538 4268 et
1561 4229 1655 4270 re-

298 4294 413 4367 cipi
439 4294 499 4349 in
519 4295 766 4350 essentia
791 4295 1003 4351 animae
1036 4292 1164 4350 :sed
1187 4294 1256 4351 de
1281 4293 1503 4351 ratione
1531 4294 1653 4351 for-

298 4389 410 4430 mae
442 4373 807 4449 justificantis
844 4381 929 4433 est
949 4374 1211 4433 ordinari
1254 4390 1356 4448 per
1380 4391 1441 4432 se
1463 4375 1654 4448 primo

300 4454 373 4512 ad
412 4470 555 4522 esse,
586 4461 642 4511 et
671 4456 847 4528 recipi
876 4456 939 4511 in
967 4456 1213 4512 essentia
1235 4456 1447 4512 animae
1475 4478 1489 4512 ι
1518 4470 1654 4530 ergo

297 4535 558 4609 implicat
577 4535 830 4608 aliquam
853 4536 1246 4608 operationem
1268 4535 1506 4592 vitalem
1532 4551 1654 4592 esse

296 4617 546 4673 formam
570 4614 996 4688 justificantem,
1040 4623 1097 4672 et
1133 4620 1544 4688 consequenter
1569 4632 1655 4672 ac-

295 4703 385 4753 tus
417 4697 810 4761 contritionis,
854 4697 951 4753 vel
979 4697 1196 4753 amoris
1226 4712 1327 4753 nec
1357 4712 1456 4770 per
1496 4696 1654 4753 divi-

295 4793 432 4835 nam
481 4777 800 4849 potentiam
853 4782 1034 4849 potest
1085 4777 1413 4834 formaliter
1436 4775 1653 4851 justifi-

289 4875 440 4917 care.
468 4860 603 4915 Haec
645 4857 893 4914 secunda
932 4859 1333 4932 consequentia
1380 4859 1558 4931 liquet
1580 4874 1653 4916 ex

289 4939 482 5014 prima
514 4961 529 5005 3
556 4953 698 4993 nam
741 4943 1036 5012 repugnat,
1063 4936 1212 5011 quod
1233 4936 1504 5012 justificet
1531 4938 1653 4996 for-

289 5017 674 5087 maliter,nisi
697 5016 847 5088 quod
867 5024 953 5074 est
965 5018 1148 5075 forma
1166 5017 1655 5092 justificanszsicut

1736 573 1746 592 ·
1809 575 2109 645 repugnat,
2139 571 2288 643 quod
2308 572 2614 629 constituat
2635 572 2929 629 hominem
2953 571 3173 629 forma-⁷

1807 651 1959 719 liter,
1987 652 2100 709 nisi
2143 653 2290 727 quod
2317 659 2401 711 est
2446 655 2634 711 forma
2655 655 2928 711 humana.
2964 653 3169 710 Prima

1804 746 1945 788 vero
2006 733 2411 806 consequentia
2462 734 2719 808 legitime
2782 733 3033 790 infertur
3088 747 3161 789 ex

1806 811 2136 883 praemissis.
2163 814 2351 888 Major¹
2367 818 2559 884 autem
2586 812 2858 869 suadetur
2889 836 2902 879 ;
2929 828 3065 870 nam
3095 813 3158 867 in

1805 893 2011 964 primis
2036 894 2290 967 operatio
2333 893 2640 951 ordinatur
2662 912 2762 969 per
2787 913 2847 954 se
2869 897 3074 970 primo,
3102 904 3169 954 et

1802 973 2186 1031 essentialiter
2206 972 2275 1030 ad
2298 975 2545 1047 operari,
2564 982 2708 1033 utex
2730 977 2869 1049 ipsis
2890 977 3167 1034 terminis-

1803 1053 1981 1126 liquet
2008 1076 2021 1110 :
2049 1071 2186 1131 ergo
2212 1057 2410 1128 nequit
2435 1057 2700 1117 ordinari
2742 1074 2844 1131 per
2869 1074 2929 1116 se
2970 1059 3169 1133 primo

1802 1131 1872 1187 ad
1893 1148 2016 1190 esse
2040 1158 2055 1201 ;
2087 1135 2344 1208 implicat
2361 1136 2541 1202 enim,
2568 1136 2718 1210 quod
2758 1152 2900 1204 esse,
2930 1143 2987 1194 et
3012 1153 3152 1210 ope-

1804 1212 1922 1266 rari
1957 1212 2339 1286 respiciantur
2383 1230 2485 1286 per
2521 1232 2582 1273 se
2631 1215 2820 1289 primo
2840 1215 2912 1273 ab
2956 1216 3163 1274 eadem

1799 1292 2038 1350 entitate
2064 1299 2271 1362 creata,
2300 1311 2430 1352 cum
2456 1294 2577 1350 sint
2601 1296 2984 1368 specificativa
3011 1296 3156 1353 adae·

1799 1376 1967 1443 quate
1999 1371 2229 1431 diversa
2258 1398 2274 1443 ;
2316 1390 2429 1448 qua
2457 1374 2682 1432 ratione
2710 1377 2955 1450 probant
2992 1393 3156 1434 com-

1799 1454 2056 1511 muniter
2100 1456 2429 1524 Thomistae,
2485 1456 2864 1515 substantiam
2907 1465 3163 1517 creatam

1800 1547 1919 1590 non
1945 1550 2068 1591 esse
2089 1537 2402 1609 potentiam
2426 1537 2759 1595 immediate
2776 1539 3160 1612 operativam:

1798 1619 1855 1670 et
1878 1613 1951 1671 ob
1997 1615 2150 1673 idem
2192 1618 2474 1674 motivum
2527 1617 2883 1675 ostendimus
2907 1620 3030 1677 loco
3074 1620 3159 1677 ci-

1799 1700 1934 1763 tato,
1963 1698 2209 1771 gratiam
2238 1698 2589 1755 habitualem
2614 1698 2891 1776 distingui
2924 1702 3165 1760 realiter
3240 1750 3245 1756 .

1798 1774 1871 1832 ab
1917 1775 2114 1834 habitu
2158 1778 2476 1845 charitatis,
2532 1784 2588 1835 et
2634 1779 2705 1836 ab
2749 1782 2912 1839 omni
2942 1782 3162 1839 virtute

1799 1855 2136 1915 immediate
2161 1858 2474 1932 operativa.
2508 1860 2723 1918 Deinde
2743 1862 2934 1918 omnis
2959 1878 3158 1936 opera·

1799 1935 1880 1993 tio
1905 1937 2102 1994 vitalis
2124 1939 2398 2012 recipitur
2425 1938 2759 1998 immediate
2784 1942 2849 1998 in
2878 1942 3154 2014 potentia,

1799 2032 1834 2072 a
1857 2033 1968 2090 qua
1988 2018 2235 2085 elicitur,
2262 2035 2389 2075 cum
2418 2021 2617 2076 viver-e
2634 2021 2711 2076 sit
2724 2022 2946 2078 moveri
2974 2023 3163 2080 active

1799 2112 1831 2153 a
1856 2114 1917 2154 se
1946 2120 1960 2155 ε
1992 2100 2149 2173 atqui
2181 2105 2460 2175 repugnat
2484 2100 2794 2157 essentiam
2816 2103 3029 2158 animae
3054 2103 3161 2160 eli·

1796 2194 1924 2237 cere
1981 2181 2317 2240 immediate
2379 2183 2771 2256 operationem
2801 2206 2815 2250 ;
2869 2183 3158 2256 siquidem

1797 2268 2024 2319 nonest
2077 2263 2332 2336 potentia
2370 2262 2704 2320 immediate
2747 2264 3061 2336 operativa,
3094 2271 3156 2321 ut

1798 2339 1968 2398 modo
1994 2357 2065 2398 ex
2117 2358 2258 2399 vera
2297 2342 2670 2415 Philosophia
2715 2343 3097 2415 supponimus
3137 2365 3153 2399 ι

1795 2434 1932 2493 ergo
1954 2426 2231 2496 repugnat
2263 2422 2657 2494 operationem
2686 2421 2941 2494 aliquam
2972 2422 3149 2496 recipi

1796 2498 2130 2558 immediate
2164 2502 2227 2557 in
2273 2502 2521 2558 essentia
2563 2502 2795 2558 animae.
2828 2502 3023 2559 Minor
3049 2500 3153 2559 de-

1795 2580 1971 2652 nique
2018 2581 2343 2638 ostenditur
2371 2605 2386 2650 3
2418 2598 2554 2638 nam
2593 2581 2664 2638 de
2704 2582 2926 2639 ratione
2954 2581 3156 2640 formae

1788 2660 2157 2735 justificantis
2193 2668 2278 2731 est
2310 2664 2655 2721 constituere
2682 2663 2980 2721 hominem
3006 2666 3154 2722 sim-

1795 2742 2019 2815 pliciter
2038 2743 2257 2817 Justum
2287 2744 2436 2818 apud
2463 2747 2643 2801 Deum
2669 2767 2684 2811 ;
2714 2750 2881 2818 atque
2903 2744 3031 2802 ideo
3050 2743 3155 2802 de-

1793 2823 1888 2882 bet
1932 2840 2054 2883 esse
2073 2824 2298 2900 justitia
2344 2824 2714 2892 universalis,
2746 2833 2802 2883 et
2850 2825 3149 2900 complecti

1792 2906 2135 2974 formaliter,
2163 2909 2255 2965 vel
2297 2907 2628 2965 radicaliter
2654 2923 2888 2965 omnem
2912 2908 3151 2965 rectitu-

1789 2988 1987 3046 dinem
2051 3005 2188 3064 erga
2250 2990 2524 3046 ultimum
2589 2988 2767 3046 finem
2803 3011 2816 3046 ε
2856 2989 2913 3046 id
2956 2997 3149 3049 autem

1792 3075 2060 3142 praestare
2087 3085 2205 3127 non
2246 3075 2445 3143 potest,
2498 3070 2610 3126 nisi
2641 3071 2802 3144 prius
2845 3070 3154 3128 constituat

1790 3151 2087 3209 hominem
2134 3152 2353 3226 justum
2406 3151 2470 3207 in
2510 3151 2697 3223 seipso
2717 3195 2731 3219 ,
2780 3157 2838 3208 et
2894 3151 3154 3225 perficiat

1790 3234 2124 3292 immediate
2143 3234 2452 3291 essentiam
2494 3234 2727 3300 animae,
2762 3250 2794 3290 a
2820 3250 2931 3306 qua
2953 3236 3148 3292 omnis

1790 3313 2087 3383 rectitudo,
2110 3318 2225 3370 tam
2250 3313 2560 3370 habitualis
2600 3330 2773 3386 quam
2798 3315 3035 3371 actualis
3055 3315 3149 3373 de-

1789 3394 2014 3451 rivetur
2059 3393 2128 3451 ad
2157 3393 2436 3466 potentias
2466 3414 2480 3448 :
2524 3409 2659 3466 ergo
2677 3394 2748 3450 de
2778 3395 2998 3451 ratione
3023 3395 3145 3452 for-

1789 3489 1898 3531 mae
1915 3473 2322 3532 sanctificantis
2346 3477 2431 3529 est
2459 3471 2721 3529 ordinari
2751 3488 2853 3545 per
2872 3489 2933 3530 se
2955 3474 3144 3546 primo

1788 3552 1859 3609 ad
1898 3569 2021 3610 esse
2048 3554 2110 3609 in
2136 3551 2341 3610 ordine
2366 3552 2818 3622 supernaturali,
2869 3556 2925 3608 et
2962 3553 3138 3626 recipi

1788 3633 2122 3690 immediate
2148 3632 2211 3688 in
2240 3631 2450 3687 animae
2481 3631 2753 3688 essentia.
2777 3631 2885 3695 Qui
2916 3629 3142 3689 discur-

1785 3731 1884 3772 sus
1908 3714 2231 3773 desumitur
2255 3728 2324 3770 ex
2352 3715 2419 3766 D.
2449 3712 2652 3769 Thom.
2677 3721 2857 3790 quast.
2898 3714 3351 3780 naman-Thom.

1787 3797 1892 3852 3et
1910 3798 1965 3862 4,
1997 3798 2057 3850 in
2081 3796 2186 3850 hac
2211 3800 2391 3869 qaoest.
2425 3799 2538 3848 art.
2572 3794 2616 3859 l,
2649 3795 2711 3848 in
2736 3812 2885 3866 corp.
2909 3802 2958 3850 et
2983 3795 3060 3850 ad
3079 3796 3134 3864 2,

1787 3877 1886 3934 ubi
1909 3878 1990 3935 ait
2018 3900 2032 3934 ε
2081 3875 2398 3941 Dicendum,
2449 3875 2591 3952 qaod
2626 3875 2775 3945 fides,
2807 3883 2857 3931 et
2897 3877 3143 3933 charitas

1785 3960 1975 4015 dicunt
1995 3959 2240 4014 ordinem
2266 3957 2551 4029 specialem
2576 3958 2772 4010 mentis
2795 3958 3046 4013 humanat
3070 3960 3146 4015 ad

1786 4044 1965 4097 Deum
2007 4039 2302 4096 secundum
2330 4040 2681 4104 intellectum,
2737 4040 2821 4094 vel
2846 4041 3103 4113 affectum
3126 4061 3143 4094 .-

1784 4123 1876 4179 sed
1891 4121 2117 4193 justitia
2146 4121 2406 4192 importat
2423 4119 2745 4190 yencraliter
2781 4125 2951 4176 totam
2978 4122 3136 4176 recti·

1786 4203 2031 4257 tudinem
2050 4199 2280 4256 ordinis
2306 4198 2361 4255 E
2363 4205 2384 4252 t
2405 4200 2525 4255 ideo
2550 4200 2730 4269 maqis
2753 4199 3144 4255 denominatur

1784 4281 2100 4355 hujusmodi
2143 4282 2539 4336 transmutatio
2579 4297 2615 4334 a
2634 4280 2882 4351 justitia,
2917 4298 3084 4359 quam
3105 4299 3140 4336 a

1784 4364 2074 4429 charitate,
2100 4361 2184 4416 vel
2207 4358 2332 4424 fide.

1860 4443 2264 4507 confirmatur,
2296 4446 2353 4497 et
2377 4438 2699 4512 explicatur
2725 4424 2956 4511 primo:
2997 4457 3140 4514 quo·
3155 4458 3337 4502 Robora.

1783 4526 1945 4585 niam
1993 4530 2056 4580 ut
2095 4522 2304 4595 aliquis
2348 4521 2425 4576 sit
2468 4519 2809 4592 simpliciter
2852 4522 3037 4596 Justus
3076 4524 3138 4580 in
3155 4508 3353 4602 fflfflfffiffi

1783 4607 1989 4666 ordine
2042 4603 2510 4678 supernaturali,
2560 4599 2725 4658 debet
2795 4605 3142 4678 participare

1779 4689 2063 4766 J‘ustitiam
2107 4688 2438 4753 increatam,
2487 4689 2544 4742 et
2583 4683 2969 4743 universalem
2999 4708 3013 4743 ε
3040 4687 3138 4745 sed

1787 4772 1945 4827 nulla
1993 4768 2249 4842 operatio
2295 4770 2475 4838 potest
2519 4763 2703 4821 adhuc
2749 4781 2849 4837 per
2873 4765 3137 4824 divinam
3186 4796 3197 4802 -

1785 4850 2100 4926 potentiam
2155 4846 2495 4922 participare
2540 4845 2874 4915 increatam,
2901 4853 2959 4904 et
3001 4850 3140 4906 uni-

1786 4931 2070 4989 versalem
2107 4927 2391 5004 justitiam
2426 4948 2439 4982 :
2487 4941 2623 5000 ergo
2670 4926 2833 4982 nulla
2883 4930 3141 5000 operatio

1787 5015 1969 5086 potest
2005 5010 2181 5067 ctiam
2209 5022 2310 5081 per
2335 5004 2654 5063 absolutam
2696 5006 2795 5064 Dei
2821 5009 3137 5081 potentiam
