3647 5753
1326 423 1503 478 mse.
1551 422 1670 488 v11,
1716 419 1882 475 nun.
1942 418 2039 474 1v.
2337 381 2341 384 ⁷
3006 411 3075 483 97

207 608 232 637 α
263 587 397 644 sive
446 589 741 657 1111919915,
795 591 1148 650 reducuntur
1211 594 1273 650 in
1326 593 1581 667 aliquam

206 687 232 720 α
263 684 508 727 causam
533 671 1037 745 praeordinantem.
1068 694 1093 727 »
1116 672 1449 748 thuodlib.
1491 676 1575 739 12,

199 759 391 828 quast.
446 753 507 819 3,
537 761 648 811 art.
671 757 725 821 4,
759 755 840 811 ait
872 776 887 811 ε
923 778 950 808 α
978 759 1027 811 Α
1074 757 1436 830 providentia
1477 755 1578 813 Dei

204 852 233 883 α
262 833 475 889 0911119
490 839 626 890 sunt
645 834 1164 908 praedeterminata.
1193 858 1218 889 »
1242 836 1454 899 Eadem
1483 852 1580 894 re-

203 912 346 984 petit
378 915 400 969 1
442 922 595 987 part.
622 924 804 993 quaest.
837 919 922 983 19,
947 926 1058 974 art.
1084 919 1120 973 3
1145 919 1220 972 ad
1243 921 1296 974 5.
1322 926 1372 973 et
1389 924 1572 996 quar-et.

202 996 297 1062 25,
324 1002 442 1050 art.
471 998 510 1051 5
536 998 611 1052 ad
646 999 690 1064 l,
720 1006 769 1053 et
816 999 908 1056 lib.
936 1001 991 1067 3,
1017 1008 1207 1056 contra
1226 1008 1424 1072 yeme-5,
1449 1017 1572 1073 cap.

200 1075 296 1142 90,
327 1079 386 1129 et
405 1074 555 1131 alibi
595 1092 762 1149 saepe.
795 1078 955 1142 Quod
996 1085 1186 1137 autem
1215 1080 1334 1136 haec
1360 1095 1576 1152 praeor-

199 1154 430 1213 dinatio
449 1156 531 1212 sit
555 1171 624 1213 ex
643 1174 705 1214 se
728 1158 943 1226 efficax,
976 1165 1033 1216 et
1050 1176 1168 1218 non
1198 1166 1427 1218 maneat
1446 1176 1574 1215 sus-

204 1250 381 1308 pensa
435 1252 470 1292 a
528 1236 708 1295 libera
749 1244 1022 1296 creaturas
1091 1240 1573 1298 determinatione

200 1316 595 1374 conditionate
618 1319 830 1385 futura,
856 1326 918 1376 ut
944 1322 1229 1378 Authores
1256 1322 1573 1395 responsio·

203 1398 294 1455 nis
331 1415 513 1472 quam
555 1400 981 1476 impugnamus,
1042 1402 1350 1470 affirmant,
1395 1404 1571 1477 liquet

198 1478 505 1537 evidenter
553 1497 623 1536 ex
668 1482 869 1539 eodem
923 1486 977 1540 S.
1015 1486 1250 1540 Doctore
1276 1507 1289 1551 ;
1320 1499 1457 1540 nam
1498 1499 1570 1540 ex

200 1559 446 1618 efficacia
481 1562 641 1618 illius
667 1562 1172 1620 determinationis
1201 1563 1424 1621 divinoe
1473 1565 1569 1620 in·-

201 1640 329 1708 t'ert,
373 1641 629 1699 liberum
679 1644 802 1700 fore
870 1644 1210 1701 exercitium
1256 1645 1568 1702 voluntatis

205 1725 432 1779 nostrae.
463 1725 599 1787 Quae
641 1725 1012 1797 consequutio
1058 1723 1220 1778 nulla
1263 1729 1428 1790 esset,
1460 1724 1506 1779 si
1535 1740 1567 1780 e

203 1818 498 1870 conver-30,
541 1809 601 1859 ut
645 1807 795 1860 Deus
824 1804 1256 1877 praeordinaret,
1287 1812 1343 1860 et
1367 1805 1566 1862 decer-

206 1891 364 1942 neret
378 1893 538 1943 actus
560 1893 801 1953 nostroS,
832 1885 1110 1943 deberent
1129 1886 1239 1959 ipsi
1263 1887 1424 1959 prius
1445 1904 1566 1945 esse

205 1968 588 2026 conditionate
615 1969 794 2024 futuri
824 1990 835 2024 :
866 1976 1000 2025 tunc
1027 1970 1236 2042 quippe
1264 1970 1365 2027 ille
1394 1971 1564 2027 liber-

206 2049 331 2105 tatis
377 2050 599 2117 niodu5‚
625 2058 677 2108 et
715 2051 1105 2108 conditionata
1146 2051 1411 2109 futuritio
1444 2069 1561 2109 non

210 2129 562 2187 inferrentur
593 2147 661 2187 ex
690 2130 1175 2203 praeordinatione
1222 2131 1340 2196 Dei,
1365 2131 1464 2187 sed
1492 2132 1562 2188 ad

207 2209 360 2265 illam
382 2216 862 2283 supponerentur.
889 2209 1046 2274 Quod
1065 2216 1255 2267 autem
1272 2212 1556 2268 D.Thom.

208 2305 273 2345 ex
293 2290 772 2361 praeordinatione
795 2290 1003 2347 efficaci
1034 2291 1130 2346 Dei
1157 2290 1368 2347 inferat
1390 2289 1562 2348 liber·

211 2376 373 2426 tatem
389 2378 646 2438 eventu5‚
665 2372 927 2446 liquetcx
949 2371 1068 2428 loco
1089 2373 1258 2429 citato
1277 2374 1352 2428 acl
1371 2373 1561 2429 Anni-
1605 2425 1608 2428 .

209 2452 346 2509 bald.
394 2453 492 2509 ubi
545 2460 661 2525 post
694 2452 869 2510 verba
921 2471 1097 2526 supra
1143 2456 1324 2512 relata
1364 2456 1558 2511 statim

210 2531 424 2588 subdit:
463 2556 490 2585 κ
522 2534 681 2589 L'nde
721 2550 850 2590 cum
879 2535 1144 2590 voluntas
1193 2535 1288 2592 Dei
1318 2535 1559 2591 efficaci-

214 2636 238 2666 «
266 2619 346 2670 ter
389 2616 716 2688 impleatur,
748 2621 970 2688 oportet
993 2615 1143 2688 quod
1163 2632 1250 2673 res
1275 2616 1436 2682 fiant,
1469 2632 1560 2673 eo·

215 2716 238 2745 a
262 2692 384 2750 dem
416 2695 586 2752 modo
617 2696 762 2752 sicut
795 2697 1063 2753 voluntas
1111 2695 1314 2754 divina
1361 2696 1558 2770 dispo-

212 2798 234 2825 «
261 2776 386 2831 suit.
416 2798 440 2826 ι»
489 2778 559 2830 Et
587 2778 629 2842 l,
652 2795 709 2849 p.
755 2785 915 2849 quaest
954 2779 1034 2841 19,
1067 2785 1176 2834 art.
1210 2780 1265 2844 8,
1320 2778 1508 2851 inquit
1540 2799 1551 2833 :

216 2879 237 2906 «r
265 2858 398 2914 Cum
414 2858 677 2915 voluntas
693 2858 895 2916 divina
908 2858 984 2914 sit
1005 2858 1410 2924 efficacissima,
1439 2876 1555 2918 non

216 2938 442 2993 «solum
481 2939 733 3011 sequitur
772 2938 920 3011 quod
965 2937 1107 2994 fiant
1133 2955 1218 3005 ea,
1253 2957 1379 3012 quas
1410 2942 1556 2997 Deus

217 3019 377 3072 «vult
403 3017 526 3075 fieri
554 3043 566 3084 ;
595 3017 691 3074 sed
717 3018 864 3091 quod
910 3034 977 3075 eo
1027 3017 1196 3075 modo
1236 3018 1395 3086 fiant,
1445 3035 1556 3090 quo

221 3118 242 3146 <r
268 3099 406 3154 Deus
426 3098 553 3156 fieri
580 3101 723 3155 vult.
748 3101 886 3154 Vult
907 3107 1098 3155 aulem
1124 3100 1269 3155 Deus
1295 3099 1554 3171 quaedam

221 3175 388 3233 «fieri
433 3179 763 3246 necessario,
821 3177 1081 3252 quaedam
1133 3179 1549 3253 contingenter,

225 3281 244 3309 α
273 3264 329 3314 ut
361 3261 433 3315 sit
469 3261 607 3317 ordo
645 3262 707 3317 in
762 3263 930 3318 rebus
956 3260 1027 3318 ad
1064 3261 1553 3333 complementum

225 3360 244 3389 α
272 3339 536 3397 universi.
594 3362 613 3392 κ
646 3343 714 3396 Et
757 3348 867 3398 art.
907 3344 960 3408 2,
988 3340 1212 3396 dixerat
1239 3362 1251 3396 :
1283 3363 1310 3393 «
1340 3343 1424 3397 Ex
1452 3341 1555 3398 hoc

223 3440 244 3469 c
273 3419 402 3490 ipsO,
431 3421 575 3495 quod
616 3422 764 3478 nihil
818 3422 1034 3478 divinae
1062 3421 1347 3478 voluntati
1378 3422 1568 3479 99515-

226 3499 351 3563 «tit,
397 3503 642 3573 sequitur
680 3501 829 3575 quod
872 3518 990 3559 non
1037 3502 1225 3557 solum
1280 3500 1423 3557 fiant
1461 3519 1547 3572 ea,

224 3599 246 3625 ει
272 3593 383 3649 quae
403 3583 543 3638 Deus
580 3581 705 3638 fieri
734 3583 889 3648 vult3
932 3580 1029 3637 sed
1056 3580 1206 3654 quod
1236 3580 1377 3635 fiant
1414 3598 1553 3639 con-

229 3681 248 3704 «
278 3658 557 3733 tingenter,
603 3666 691 3720 vel
745 3663 1085 3730 necessario,
1130 3676 1255 3734 quae
1293 3662 1373 3717 sic
1423 3661 1550 3720 fieri

231 3757 250 3786 a
275 3741 518 3797 vultum
553 3746 797 3805 l,contra
817 3748 1156 3816 genteS,cap.
1195 3742 1285 3796 18:
1309 3742 1552 3800 «Effica-

231 3837 252 3867 σ
277 3818 355 3874 cia
394 3821 593 3880 divinae
639 3823 952 3881 voluntatis
997 3822 1193 3896 exigit,
1222 3828 1284 3878 ut
1313 3838 1428 3879 non
1456 3840 1551 3881 so-

234 3918 254 3944 «
280 3897 386 3954 lum
407 3902 477 3956 sit
517 3903 659 3976 qnod
698 3907 846 3961 Deus
874 3903 1017 3969 vult,
1049 3902 1148 3958 sed
1186 3903 1361 3968 etiam
1400 3904 1551 3976 quod

233 3998 254 4025 <1
280 3977 371 4035 hoc
395 3982 552 4039 modo
572 3985 660 4049 sit,
687 3985 829 4040 sicut
853 3986 1002 4040 Deus
1025 3983 1150 4038 vult
1174 3998 1296 4039 esse
1319 3983 1482 4041 illud.
1517 4005 1543 4036 n

230 4061 387 4121 Quam
411 4069 738 4122 sententiam
780 4064 1241 4137 frequentissime
1281 4065 1544 4133 inculcat,

233 4143 619 4215 utsupertluum
644 4148 816 4204 suerit
839 4147 954 4202 alia
982 4143 1315 4202 testimonia
1341 4161 1551 4219 expen-

234 4217 364 4277 dere.
407 4226 708 4285 Videantur
780 4243 906 4301 quae
969 4225 1226 4282 diximus
1283 4232 1442 4281 tract.
1490 4228 1544 4294 3,

233 4298 354 4371 disp.
396 4306 446 4371 5,
490 4308 606 4364 dub.
655 4311 709 4373 2,
757 4316 806 4364 et
857 4309 1002 4380 disp.
1055 4308 1138 4373 10,
1210 4305 1338 4361 dub.
1395 4307 1451 4371 4,
1500 4316 1548 4364 et

236 4384 371 4470 tract.
411 4386 461 4450 4,
494 4389 623 4460 disp.
682 4391 762 4455 lO,
798 4389 929 4445 dub.
953 4391 1008 4453 2,
1058 4394 1106 4442 et
1147 4388 1207 4440 in
1246 4386 1344 4441 hoc
1383 4394 1544 4444 tract.

237 4459 358 4533 ᾱιερ.
391 4465 441 4529 4,
470 4467 584 4525 dub.
614 4472 666 4532 6,
710 4476 765 4527 et
806 4486 931 4544 quae
986 4467 1231 4524 dicimus
1278 4471 1405 4527 dub.
1437 4486 1567 4547 seq..

241 4553 354 4596 nam
378 4554 560 4604 cuncta
584 4550 749 4606 simul
783 4554 1013 4622 sumpta
1038 4548 1281 4607 omnino
1309 4561 1549 4624 persua-

239 4618 352 4678 dent
376 4624 666 4686 intellectui
695 4637 840 4689 recte
892 4621 1186 4703 disposit0‚
1227 4636 1366 4698 etut
1385 4631 1547 4707 judi-

240 4704 310 4754 cet
331 4703 389 4757 D.
404 4705 665 4765 Thomam
681 4712 910 4776 sentire,
931 4709 1080 4784 quod
1111 4712 1331 4769 auxilia
1349 4713 1549 4787 gratiae

242 4787 352 4838 sunt
366 4801 430 4842 ex
447 4804 502 4844 se
521 4789 767 4858 efficacia,
798 4798 854 4849 et
882 4798 943 4848 ut
958 4792 1202 4850 fateatur
1221 4793 1547 4868 responsio-

246 4875 354 4919 nem
372 4867 822 4930 Adversariorum
846 4893 996 4931 num.
1036 4876 1137 4930 139
1181 4874 1393 4944 datam,
1419 4877 1547 4935 vio-

245 4941 424 5035 lentam
467 4967 603 5016 esse,
653 4959 704 5009 et
742 4956 796 5011 S.
831 4956 1054 5012 Doctori
1128 4972 1362 5028 prorsus
1406 4973 1547 5015 con-

248 5025 464 5085 trariam.
524 5033 674 5096 Quod
729 5035 776 5090 si
824 5035 968 5092 hanc
1026 5036 1380 5094 evidentiam
1454 5037 1543 5093 illi

1715 608 1833 649 non
1873 590 2092 657 vident,
2136 590 2228 646 vel
2269 589 2455 645 visam
2498 587 2704 644 nolunt
2748 582 3072 646 concedere,

1713 679 1909 731 nostra
1943 689 2060 731 non
2083 673 2278 740 refert,
2309 671 2406 744 qui
2436 685 2541 726 nec
2568 666 2945 731 intendimus,
2974 679 3078 721 nec

1711 771 2009 828 speramus
2033 754 2189 827 ipsos
2233 752 2303 809 ad
2332 751 2635 809 veritatem
2663 746 3075 804 Thomisticam

1710 840 2082 900 convertere;
2142 833 2241 891 sed
2286 833 2450 889 illam
2498 833 2723 886 tantum
2782 826 3077 883 studemus

1708 915 2015 987 explicare,
2047 919 2101 971 et
2128 912 2509 976 communire,
2543 925 2604 965 ac
2640 907 2889 965 Lectoris
2932 906 3075 963 bene

1709 996 1894 1053 affecti
1939 995 2157 1070 judicio
2221 1007 2530 1067 exponere.
2586 991 2696 1045 Per
2745 986 3071 1059 praedictam

1708 1084 1899 1135 autem
1936 1077 2181 1153 gratiam
2221 1091 2291 1132 ex
2341 1090 2401 1131 se
2429 1072 2706 1130 efficacem
2744 1085 2861 1127 non
2889 1071 3071 1126 everti

1708 1161 2033 1219 libertatem
2057 1158 2307 1223 arbitrii,
2342 1161 2403 1212 ut
2423 1153 2758 1211 Adversarii
2789 1153 2850 1207 in
2879 1152 3071 1208 hacte-

1706 1257 1814 1298 nus
1892 1241 2227 1314 impugnata
2291 1236 2661 1310 responsione
2736 1236 3064 1298 causantur,

1703 1323 1862 1380 infra
1886 1321 2182 1380 constabit.
2254 1350 2257 1353 >

1786 1406 1907 1461 145.
1953 1401 2385 1460 confirmantur
2420 1399 2538 1456 haec
2562 1397 2761 1455 onmia
2804 1412 2875 1452 ex
2901 1387 3285 1486 dictisffff’of's'apfgs

1701 1485 1846 1557 disp.
1864 1483 2196 1558 prooemiali,
2218 1500 2337 1556 cap.
2363 1484 2414 1547 7,
2441 1484 2472 1550 ξ)
2508 1482 2543 1536 3
2569 1504 2583 1545 ;
2612 1494 2746 1534 nam
2782 1481 2899 1533 esto
2927 1490 3067 1531 con·
3106 1494 3253 1577 {effuga

1700 1563 2047 1626 cederemus,
2106 1578 2223 1619 non
2275 1565 2534 1617 constare
2579 1556 2895 1622 evidenter,
2945 1570 3069 1628 quae
3120 1584 3261 1627 decer-

1701 1647 1763 1702 in
1809 1647 1913 1703 hac
1960 1651 2120 1719 parte
2163 1643 2334 1699 fuerit
2371 1640 2659 1697 sententia
2708 1641 2772 1693 D.
2802 1634 3280 1727 Thomae,3g¹¹¹¹3¹fflc

1701 1728 2086 1785 nihilominus
2133 1727 2195 1782 in
2235 1723 2409 1781 dubio
2437 1719 2900 1796 praesumendum
2946 1723 3049 1785 est,
3095 1734 3254 1775 urbo.

1698 1812 1831 1869 illos
1870 1810 2151 1866 Authores
2180 1811 2432 1863 mentem
2467 1807 2521 1861 S.
2556 1802 2812 1861 Doctoris
2840 1807 3055 1867 tenere,

1696 1892 1794 1966 qui
1818 1889 2182 1948 haereditaria
2210 1886 2557 1943 successione
2594 1885 2784 1956 ipsum
2813 1895 3065 1936 summo·
3094 1883 3102 1893 ‘

1699 1987 1833 2045 pere
1881 1971 2090 2036 colunt,
2121 1968 2219 2040 qui
2248 1969 2367 2042 ejus
2405 1964 2636 2022 lectioni
2676 1969 2810 2018 sunt
2831 1960 3060 2025 addicti,

1695 2053 1793 2126 qui
1815 2052 1937 2126 ejus
1962 2052 2208 2126 gloriam
2240 2050 2444 2113 zelant,
2476 2046 2573 2119 qui
2594 2060 2695 2117 pro
2724 2044 2825 2099 illo
2856 2042 3064 2114 ubique

1697 2136 1972 2207 pugnant,
1997 2137 2050 2188 et
2078 2130 2175 2203 qui
2221 2129 2281 2184 in
2304 2127 2424 2201 ejus
2444 2126 2621 2182 verba
2642 2125 2841 2198 jurare
2857 2122 3064 2178 dicun-

1693 2219 1829 2270 tur:
1872 2228 2030 2269 secus
2076 2226 2213 2266 vero
2258 2210 2389 2265 illos
2410 2207 2710 2271 AuthoreS,
2743 2205 2840 2277 qui
2885 2203 3059 2259 nihili

1692 2295 1880 2351 solent
1907 2294 2091 2351 facere
2132 2291 2386 2364 Angelici
2426 2286 2795 2359 Praeceptoris
2820 2290 3056 2342 senten-

1696 2376 1820 2442 1195,
1851 2375 1948 2446 qui
1979 2371 2293 2445 saepissime
2317 2371 2439 2444 ejus
2466 2383 2758 2442 expressas
2790 2367 3061 2423 assertio·-

1693 2473 1794 2514 nes
1817 2461 2044 2531 negant,
2070 2454 2167 2527 qui
2192 2452 2321 2509 licet
2335 2452 2754 2509 conclusionem
2772 2465 2896 2522 quae
2920 2448 3063 2505 alias

1690 2544 1775 2597 est
1800 2541 1868 2594 D.
1897 2537 2149 2601 Thomae,
2194 2532 2421 2607 quando
2450 2532 2588 2605 ipsis
2638 2532 2818 2605 placet
2856 2526 3074 2586 defen—‘

1689 2619 1848 2685 dant,
1880 2616 2263 2674 communiter
2296 2621 2489 2670 tamen
2539 2628 2655 2670 non
2690 2612 2878 2667 solum
2918 2610 3057 2665 fun-⁴

1689 2699 1958 2755 damenta
1985 2696 2055 2753 ab
2082 2697 2205 2769 ipso
2246 2694 2454 2751 tradita
2499 2696 2796 2765 spernunt,
2847 2707 3050 2747 verum

1687 2780 1863 2838 etiam
1907 2783 2187 2851 quantum
2255 2780 2508 2849 possunt,
2568 2774 2943 2847 impugnant:
2988 2774 3050 2828 in

1688 2876 1863 2935 eoque
1914 2859 2211 2933 ingenium
2240 2858 2499 2914 eminere
2527 2858 2847 2919 autumant,
2881 2859 2941 2908 ut
2968 2853 3054 2909 ni·

1687 2942 1772 2998 hil
1800 2942 1876 2997 sit
1903 2941 2043 2997 adeo
2087 2941 2309 2995 certum
2340 2939 2401 2995 in
2449 2940 2515 2993 D.
2547 2937 2749 2993 Thom.
2782 2933 2932 3007 quod
2953 2932 3057 3003 sub

1687 3023 1862 3080 dubio
1875 3027 1931 3080 et
1952 3021 2354 3095 probabilitate
2370 3037 2485 3076 non
2503 3019 3065 3090 relinquatur.Cons-

1687 3109 1767 3160 tat
1818 3103 2007 3160 autem
2038 3103 2256 3175 priores
2287 3101 2415 3157 illas
2446 3099 2819 3173 proprietates
2864 3097 3062 3154 Domi-

1688 3184 1910 3241 nicanis
1960 3183 2289 3249 convenire,
2362 3180 2701 3253 posteriores
2774 3194 2910 3234 vero
2970 3178 3058 3233 his

1685 3272 1885 3323 contra
1909 3264 2047 3339 quos
2106 3264 2347 3338 agimus,
2398 3262 2696 3318 evidenter
2753 3259 3008 3333 adaptari
3040 3285 3055 3327 ;

1685 3352 1742 3404 et
1767 3352 1850 3404 tot
1875 3347 2044 3420 hujus
2085 3343 2344 3401 veritatis
2390 3341 2667 3399 habemus
2695 3345 2880 3405 testeS,
2920 3345 3057 3412 quot

1684 3434 1819 3486 sunt
1864 3444 2064 3486 eorum
2115 3425 2274 3491 libri,
2324 3428 2386 3480 ut
2427 3422 2647 3497 liquido
2698 3421 3055 3480 ostendimus

1686 3511 1806 3568 loco
1832 3525 2005 3582 supra
2032 3508 2219 3564 citato.
2254 3509 2365 3561 Nec
2402 3503 2459 3559 id
2489 3504 2779 3578 negabunt
2807 3504 2919 3558 nisi
2947 3519 3056 3559 999-

1683 3590 1753 3656 91,
1780 3595 1837 3646 et
1860 3587 2042 3653 surdi,
2064 3586 2162 3659 qui
2186 3586 2278 3642 vel
2304 3600 2504 3641 eorum
2529 3598 2700 3656 opera
2728 3584 2931 3655 legere,
2961 3582 3052 3638 vel

1683 3687 1887 3727 eorum
1901 3667 2314 3741 disputationes
2336 3664 2538 3721 audire
2568 3668 2877 3736 nequeunt.
2906 3663 3054 3735 Ergo

1682 3766 1812 3806 cum
1831 3764 2032 3806 omnes
2060 3745 2424 3803 Dominicani
2450 3750 2774 3801 constanter
2791 3742 3049 3810 doceant,

1683 3828 1932 3903 gratiam
1954 3843 2076 3884 esse
2105 3825 2385 3882 efficacem
2412 3840 2483 3886 ex
2524 3841 2601 3889 se,
2635 3829 2691 3880 et
2717 3823 2787 3879 ab
2828 3824 3054 3880 intrin-

1682 3925 1829 3974 sec0,
1865 3906 2033 3980 idque
2073 3907 2283 3963 sentiat
2325 3919 2446 3960 esse
2486 3902 2556 3959 de
2585 3908 2779 3960 mente
2807 3907 2868 3959 D.
2897 3903 3054 3960 Tho—

1682 4006 1809 4057 mae,
1845 3985 2311 4061 praesumendum
2343 3990 2426 4042 est
2447 3984 2527 4040 ita
2553 4000 2695 4040 esse.
2722 3985 3050 4041 Praesertim

1682 4071 1818 4144 quia
1860 4067 2226 4126 Dominicani
2247 4082 2351 4123 sua
2377 4071 2577 4138 sponte
2606 4064 2662 4120 id
2691 4081 2918 4138 semper
2946 4064 3052 4121 do—

1682 4156 1943 4218 cuerunt,
1974 4156 2031 4207 et
2063 4149 2264 4206 docent
2290 4147 2661 4204 :Adversarii
2686 4151 2873 4202 autem
2903 4162 3052 4202 com-

1684 4233 1833 4306 pulsi
1880 4238 2016 4288 sunt
2082 4247 2309 4306 negare,
2363 4234 2620 4287 nostram
2673 4229 3048 4286 assertionem

1680 4331 1804 4373 esse
1849 4330 2180 4389 expressam
2222 4317 2285 4369 D.
2339 4314 2591 4378 Thomae,
2623 4317 2679 4368 et
2729 4309 3046 4383 oppositam

1681 4397 2016 4469 opinionem
2073 4395 2181 4468 ipsi
2224 4394 2512 4467 affingere,
2546 4398 2843 4465 postquam
2886 4390 3049 4448 vide-

1683 4483 1818 4534 runt
1845 4479 2198 4534 Clementem
2219 4477 2341 4531 VIII
2364 4473 2683 4530 decrevisse
2722 4478 3049 4529 controver-

1679 4557 1828 4613 siam
1859 4557 2008 4613 hanc
2035 4557 2322 4612 resolvere
2342 4552 2506 4625 juxta
2533 4556 2786 4608 mentem
2808 4552 3046 4607 Sancto—

1681 4653 1814 4693 rum
1855 4635 2182 4711 Augustini,
2233 4639 2289 4691 et
2335 4632 2586 4696 Thomae,
2633 4637 2695 4686 ut
2731 4631 2860 4686 dub.
2913 4650 3047 4705 prae-

1679 4718 1789 4775 ced.
1837 4735 1989 4773 nain.
2055 4718 2154 4771 102
2181 4713 2653 4778 observavimus3
2686 4713 2845 4786 prius
2879 4712 3038 4769 enirn

1678 4798 1749 4857 de
1785 4797 2040 4855 ‘novitate
2065 4795 2177 4852 sibi
2204 4792 2643 4868 applaudebant.
