3647 5753
28 1388 63 1429 t.
91 1385 218 1431 Tho.

44 3104 203 3163 Alte—ra

34 3163 206 3201 evasio.

30 3913 232 3959 consuta·

85 3969 169 4009 tur.

1426 380 1607 436 DISP.
1649 378 1746 446 IV,
1793 378 1959 434 DUB.
2006 379 2080 434 11.
3011 371 3113 426 641

252 556 611 613 ostendimus
637 558 780 631 disp.
807 555 1033 630 praeced.
1067 554 1194 611 dub.
1225 555 1281 620 4,
1315 569 1433 610 non
1461 552 1628 610 debet

250 639 452 713 gratiae
473 639 692 697 infusio
717 638 1002 696 retardari
1043 654 1117 696 ex
1145 637 1335 704 mod0,
1368 652 1480 710 quo
1527 635 1627 691 in-

251 720 391 794 cipit
418 722 623 778 ultima
646 721 946 794 dispositio
967 741 980 783 ;
1002 719 1099 777 sed
1112 721 1301 792 potius
1316 719 1433 775 haec
1460 717 1627 775 debet

250 818 314 860 se
355 801 789 860 accommodare
826 802 1145 860 conditioni
1183 802 1364 874 ipsius
1396 800 1619 876 gratiae,

251 901 380 958 quae
404 891 489 942 est
509 885 697 942 forma
720 900 1089 958 permanenS,
1122 888 1178 941 et
1206 881 1425 939 habens
1451 897 1625 937 suum

250 982 375 1024 esse
399 967 573 1024 simul
598 991 609 1024 ε
634 970 780 1025 sicut
803 970 866 1025 in
891 965 1256 1025 naturalibus
1277 965 1487 1021 ultima
1513 963 1626 1020 dis-

253 1048 460 1121 positio
487 1049 558 1106 ad
587 1050 837 1108 formam
864 1051 1016 1125 ignis
1049 1065 1168 1106 non
1190 1047 1451 1120 sequitur
1491 1061 1623 1102 mo-

251 1130 392 1187 dum
414 1135 793 1206 susceptionis
815 1133 1262 1207 dispositionum
1289 1127 1626 1187 anteceden-

250 1215 520 1284 tium,sed
544 1215 743 1273 formae
767 1215 1181 1284 substantialis,
1201 1230 1328 1288 quae
1355 1211 1623 1270 introdu-

252 1297 403 1354 citur
425 1297 487 1354 in
510 1297 768 1355 instanti.
790 1298 949 1364 Quod
969 1296 1320 1372 significavit
1340 1297 1616 1353 D.Thom.

254 1377 367 1435 loco
387 1382 482 1436 cit.
512 1397 584 1435 eae
633 1381 669 1435 4
708 1382 954 1439 sentent.
1000 1379 1096 1436 ubi
1127 1378 1455 1437 concludit:
1502 1398 1526 1429 «
1554 1378 1624 1432 Et

260 1480 287 1511 α
317 1458 446 1517 ideo
466 1460 611 1517 sicut
640 1461 701 1515 in
731 1461 971 1518 instanti
998 1466 1082 1518 est
1110 1458 1457 1517 introductio
1498 1458 1623 1516 for-

259 1563 285 1595 «
318 1558 428 1599 mae
451 1543 849 1601 substantialis
876 1545 938 1600 in
972 1544 1303 1610 materiam,
1334 1546 1389 1599 et
1417 1542 1481 1599 in
1520 1557 1622 1599 eo-

255 1644 282 1676 «
313 1624 446 1682 dem
464 1627 703 1683 instanti
720 1628 981 1700 expulsio
1004 1628 1242 1684 alterius
1254 1627 1457 1683 formae
1480 1625 1623 1682 etin

253 1729 279 1761 α
304 1704 505 1763 eodem
520 1707 1053 1781 instanticompleta
1070 1707 1519 1781 dispositio,quae
1539 1712 1624 1763 est

253 1808 279 1840 «
313 1788 619 1844 necessitas
646 1787 717 1844 ad
740 1788 1011 1854 formam,
1038 1795 1093 1845 et
1123 1805 1225 1861 per
1251 1805 1312 1846 se
1332 1787 1622 1844 terminus

257 1870 667 1927 «alterationis
694 1893 707 1927 ε
734 1871 814 1927 ita
842 1871 1058 1929 infusio
1078 1874 1282 1945 gratiae
1303 1870 1466 1928 estin
1494 1871 1621 1925 ins-

255 1974 281 2005 α
312 1953 457 2009 tanti
480 1960 536 2009 et
557 1954 620 2023 in
643 1954 843 2011 eodem
870 1955 1111 2011 instanti
1134 1959 1216 2012 est
1246 1953 1484 2011 remisio
1505 1952 1621 2008 cul-

253 2052 278 2084 «ι
311 2048 413 2105 pas,
441 2039 496 2089 et
525 2040 711 2091 motus
736 2034 905 2091 liberi
936 2033 1187 2103 arbitrii,
1214 2051 1338 2108 quae
1358 2032 1618 2106 estquasi

255 2134 280 2165 α
311 2112 609 2186 dispositio
629 2117 911 2187 completa
935 2114 1005 2170 ad
1032 2114 1461 2188 suscipiendam
1491 2129 1618 2187 gra-

256 2214 281 2245 ιι
309 2192 472 2249 tiam.
518 2196 588 2249 Et
618 2196 701 2251 sic
742 2201 942 2260 toturn,
970 2193 1120 2267 quod
1157 2195 1227 2250 ad
1264 2192 1621 2269 justificatio-

256 2294 282 2324 α
314 2288 446 2330 nem
490 2276 825 2347 requiritur,
857 2282 940 2332 est
987 2277 1050 2332 in
1093 2275 1357 2333 instanti.
1392 2296 1417 2327 n
1454 2274 1618 2340 Quod

251 2369 390 2410 vero
418 2355 481 2410 in
521 2356 790 2413 evasione
836 2356 1131 2414 dicebatur
1160 2357 1231 2414 de
1282 2356 1498 2413 virtute
1539 2355 1614 2411 fi-

253 2437 377 2490 nita
401 2435 656 2492 hominis
683 2454 742 2494 se
775 2438 1153 2511 disponentis,
1196 2437 1419 2494 nullius
1446 2437 1619 2495 robo-

255 2515 339 2570 ris
384 2521 468 2571 est
498 2537 511 2571 :
542 2522 662 2573 tum
683 2518 820 2590 quia
861 2518 930 2575 ad
969 2518 1318 2575 eliciendum
1355 2519 1613 2592 aliquam

252 2594 653 2667 operationem
707 2598 769 2652 in
818 2598 1056 2655 instanti
1112 2614 1227 2656 non
1289 2599 1618 2673 requiritur

252 2675 443 2730 virtus
499 2675 729 2733 infinita
788 2699 799 2733 :
847 2684 969 2734 tum
1023 2680 1155 2753 quia
1197 2679 1494 2755 dispositio
1546 2679 1618 2737 ad

248 2756 499 2830 gratiam
547 2764 631 2815 est
677 2758 748 2816 ab
800 2760 1036 2819 homine
1082 2770 1143 2818 ut
1191 2769 1346 2820 moto
1400 2780 1433 2820 a
1479 2765 1612 2830 Deo,

249 2836 352 2911 qui
404 2843 585 2911 potest
629 2839 815 2899 facere
844 2847 902 2896 ut
944 2842 1116 2900 homo
1161 2860 1222 2901 se
1259 2842 1449 2901 subito
1494 2843 1618 2900 dis-

251 2924 426 2992 ponat
454 2918 522 2975 ad
549 2922 817 2995 gratiam,
852 2929 913 2979 ut
932 2940 1002 2981 ex
1031 2925 1097 2980 D.
1128 2925 1329 2982 Thom.
1357 2925 1423 2981 in
1451 2924 1616 2982 dubii

251 2997 426 3055 initio
447 2998 905 3059 observavimus.

326 3081 420 3136 22.
465 3082 805 3140 Neciterum
831 3084 1022 3150 refert,
1042 3084 1092 3140 si
1115 3086 1363 3143 secundo
1386 3103 1618 3160 respon·

249 3156 405 3226 deaS,
438 3160 566 3217 dari
594 3178 664 3219 ex
702 3170 861 3236 parte
904 3164 1084 3236 ipsius
1123 3166 1322 3239 gratiae
1358 3166 1618 3224 sanctifi-

251 3244 434 3299 cantis
463 3243 768 3314 rationem,
794 3245 866 3303 ob
887 3263 1061 3319 quam
1084 3248 1285 3307 debeat
1305 3251 1619 3308 successive

251 3322 576 3385 introduci:
606 3327 741 3399 quia
769 3328 1057 3385 nimirum
1100 3336 1186 3387 est
1229 3332 1475 3404 qualitas
1521 3334 1619 3390 in-

252 3407 851 3474 tensibilis,ethabens
875 3412 1243 3469 latitudinem
1255 3413 1613 3488 gradualem,

250 3487 564 3544 secundum
611 3504 782 3560 quam
812 3497 993 3563 potest
1031 3493 1233 3568 magis,
1290 3495 1382 3552 vel
1422 3495 1619 3552 minus

252 3566 608 3639 participari.
645 3573 779 3634 Quas
801 3578 991 3630 autem
1015 3574 1114 3649 huj
1123 3592 1187 3631 us
1207 3576 1437 3650 generis
1459 3581 1612 3645 sunt,

253 3645 464 3702 debent
525 3651 836 3708 successive
877 3653 1187 3722 introduci,
1235 3662 1296 3713 ut
1348 3662 1502 3731 patet
1555 3658 1618 3714 in

252 3730 461 3794 calore,
489 3731 773 3799 aldedine,
815 3741 871 3791 et
898 3737 1031 3792 aliis
1056 3738 1449 3811 qualitatibus,
1494 3757 1619 3813 quae

253 3826 357 3883 per
385 3811 622 3868 modum
647 3813 1059 3885 producuntur.

331 3895 466 3958 Hoc,
496 3894 753 3967 inquam,
783 3898 931 3955 nihil
956 3900 1152 3957 refert.
1179 3903 1329 3959 Tum
1375 3904 1510 3977 quia
1556 3910 1619 3960 ut

253 3975 503 4049 qualitas
531 3977 721 4049 aliqua
742 3981 1056 4038 successive
1073 3984 1617 4053 introducatur,non

251 4054 473 4122 sufficit,
497 4057 645 4128 quod
669 4061 845 4130 possit
866 4061 1069 4136 magis,
1100 4065 1194 4120 vel
1219 4066 1415 4121 minus
1438 4082 1471 4123 a
1488 4065 1620 4122 sub-

244 4139 394 4212 jecto
422 4138 756 4211 participari
784 4165 798 4209 ;
826 4141 924 4198 sed
974 4144 1212 4218 insuper
1273 4146 1610 4220 requiritur,

250 4218 402 4293 quod
428 4235 499 4276 ex
528 4227 686 4293 parte
712 4222 946 4297 subJ'ecti
984 4223 1152 4283 detur
1181 4228 1401 4301 aliquid
1430 4235 1618 4287 retar-

252 4301 396 4357 dans
413 4301 689 4374 praedictae
702 4308 994 4379 qualitatis
1017 4308 1500 4367 introductionem
1519 4311 1618 4367 :is-

253 4386 311 4438 ta
325 4383 536 4456 quippe
550 4385 861 4443 successiva
882 4389 1208 4446 resistentia
1222 4390 1616 4464 sublata,opus

254 4479 375 4520 non
395 4467 649 4540 est,quod
663 4469 851 4526 forma
862 4471 1175 4528 successive
1191 4473 1610 4541 introducatur,

254 4543 356 4601 sed
375 4544 502 4603 fieri
523 4549 948 4622 optimejpotest,
968 4552 1112 4625 quod
1130 4552 1473 4625 producatur
1489 4555 1618 4611 ins-

256 4631 527 4684 tantanee
554 4634 648 4686 :et
667 4630 771 4687 hac
794 4631 1017 4689 ratione
1040 4633 1172 4691 licet
1199 4636 1300 4690 lux
1325 4636 1400 4691 sit
1423 4635 1612 4708 quali-

255 4712 342 4766 tas
368 4708 742 4777 intensibiliS,
775 4717 833 4768 et
877 4729 1002 4786 quae
1049 4720 1229 4787 potest
1267 4717 1471 4789 magis,
1522 4717 1615 4774 vel

255 4789 451 4845 minus
480 4791 846 4864 participari;
879 4794 1267 4853 nihilominus
1311 4797 1433 4870 ejus
1479 4814 1616 4870 pro-

253 4869 463 4940 ductio,
494 4872 619 4929 sive
644 4874 999 4934 illuminatio
1019 4875 1170 4933 fitia
1191 4877 1451 4946 instanti,
1482 4879 1617 4951 quia

253 4951 522 5009 videlicet
549 4968 667 5011 non
696 4956 1087 5029 praesupponit
1125 4956 1190 5012 in
1228 4956 1477 5031 subJecto
1504 4960 1617 5015 ali-

250 5031 401 5108 quod
454 5034 815 5092 contrarium
863 5035 1193 5110 positivum,
1248 5037 1399 5112 quod
1462 5044 1619 5113 petat

1756 548 2071 607 successive
2087 549 2321 623 expelli,
2353 554 2409 606 et
2449 545 2699 604 retardet
2751 542 2896 600 lucis
2932 541 3122 597 intro-

1757 628 2104 687 ductionem.
2152 633 2381 688 Constat
2403 638 2614 695 autem,
2666 624 2816 699 quod
2864 625 3117 694 respectu

1755 713 1955 786 gratias
1975 713 2342 788 justificantis
2377 714 2606 770 nullum
2635 714 2719 767 est
2755 706 3119 797 contrarium
3198 754 3203 757 ,

1757 797 2089 868 positivum,
2120 795 2269 868 quod
2299 795 2575 868 impediat
2595 796 2717 869 ejus
2744 789 3121 849 introductio-

1757 892 1913 946 nem,
1945 884 2002 936 et
2033 884 2184 951 petat
2208 880 2420 952 expelli
2442 879 2755 936 successive
2784 897 2796 931 :
2828 876 3119 947 peccatum

1755 960 1935 1028 enim,
1969 958 2117 1033 quod
2147 958 2426 1017 duntaxat
2456 964 2642 1032 posset
2667 954 2968 1031 assignari,
3002 966 3120 1007 non

1755 1042 1984 1097 tollitur
2022 1044 2353 1108 successive,
2394 1046 2450 1098 et
2477 1057 2578 1113 per
2623 1044 2811 1111 partes
2842 1061 2856 1103 3
2898 1033 2997 1091 sed
3024 1033 3119 1088 vel

1755 1127 1940 1179 totum
1972 1128 2292 1197 permanet,
2338 1123 2430 1178 vel
2461 1127 2641 1178 totum
2673 1123 3033 1180 retractatur,
3064 1117 3121 1204 et

1755 1203 2034 1260 aufertur.
2071 1205 2218 1277 Ergo
2244 1220 2316 1260 ex
2342 1218 2429 1268 eo,
2458 1199 2607 1273 quod
2628 1200 2813 1273 gratia
2832 1198 2907 1253 sit
2926 1195 3121 1269 quali-

1756 1290 1841 1342 tas
1868 1284 2241 1352 intensibilis,
2272 1286 2522 1341 minime
2542 1284 2819 1356 sequitur,
2847 1278 2994 1353 quod
3023 1276 3117 1334 de·

1754 1365 1886 1424 beat
1930 1368 2247 1423 successive
2288 1365 2596 1423 introduci.
2630 1361 2786 1429 Quod
2829 1360 3116 1417 motivum

1754 1449 1944 1524 tetigit
1965 1452 2028 1507 D.
2055 1450 2261 1507 Thom.
2289 1450 2352 1506 in
2383 1446 2667 1522 praesenti,
2694 1447 2755 1500 in
2780 1461 2922 1515 resp.
2956 1442 3031 1497 ad
3056 1442 3111 1508 3,
3133 1433 3185 1474 D·
3204 1431 3309 1476 '1¹¹⁰-

1754 1531 1847 1588 his
1873 1531 2066 1588 verbis
2094 1553 2106 1587 :
2136 1553 2161 1586 α
2186 1528 2686 1602 Dicendum‚quod
2703 1543 2819 1584 non
2832 1530 2918 1582 est
2941 1524 3113 1590 ratio,

1759 1632 1786 1665 α
1817 1628 1995 1684 quare
2023 1612 2213 1670 forma
2233 1611 2423 1669 subito
2451 1613 2515 1667 in
2550 1610 2794 1667 materia
2822 1623 2939 1664 non
2970 1605 3118 1661 reci-

1761 1715 1788 1747 «
1820 1694 2029 1767 piatur,
2059 1697 2194 1769 quia
2210 1695 2681 1769 magis,etminus
2697 1696 2876 1765 potest
2897 1690 3116 1754 inesse;

1758 1800 1786 1832 α
1816 1779 1901 1834 sic
1918 1779 2079 1835 enim
2104 1779 2301 1835 lumen
2330 1794 2446 1834 non
2468 1775 2656 1833 subito
2680 1775 3027 1846 reciperetur
3055 1771 3120 1826 in

1759 1881 1787 1913 α
1817 1875 1968 1926 aere,
1994 1860 2089 1932 qui
2136 1865 2317 1932 potest
2336 1857 2539 1931 magiS,
2584 1862 2638 1913 et
2665 1856 2861 1912 minus
2892 1852 3119 1908 illumi-

1760 1961 1786 1993 «
1816 1941 1948 1997 nari
1978 1940 2112 1998 :sed
2142 1942 2290 1998 ratio
2334 1946 2419 1997 est
2469 1938 2796 2011 accipienda
2842 1953 2914 1993 ex
2954 1939 3118 2009 parte

1759 2042 1786 2074 α
1813 2020 2208 2095 dispositionis
2247 2022 2523 2089 materiai,
2567 2021 2660 2076 vel
2687 2018 2943 2091 subJ‘ecti.
2991 2036 3016 2068 »
3050 2017 3119 2069 Et

1752 2109 1948 2174 quaest.
1981 2104 2075 2169 28,
2119 2102 2189 2159 de
2213 2104 2376 2159 verit.
2424 2107 2534 2158 art.
2573 2101 2676 2156 ult.
2713 2098 2783 2154 ad
2809 2100 2863 2162 8,
2897 2099 3076 2170 inquit
3100 2114 3117 2148 .·

1759 2205 1786 2236 α
1816 2183 1904 2239 Ad
1931 2184 2055 2251 hoc,
2086 2184 2236 2256 quod
2259 2185 2451 2256 aliqua
2474 2183 2658 2239 forma
2680 2180 2993 2236 successive
3021 2194 3117 2234 re·-

1759 2289 1786 2319 «
1812 2266 2060 2339 cipiatur
2085 2268 2149 2323 in
2188 2267 2459 2340 subjecto,
2506 2266 2659 2322 nihil
2701 2267 2972 2335 operatur
3018 2260 3117 2316 in-

1758 2369 1784 2401 «
1815 2348 2018 2414 tensio,
2052 2349 2141 2404 vel
2170 2349 2435 2405 remissio
2459 2348 2583 2421 ejus
2612 2348 2676 2402 in
2701 2343 2951 2417 subJecto
2976 2363 2989 2408 ;
3016 2339 3116 2398 sed

1759 2451 1785 2482 α
1815 2430 2087 2495 intensi0‚
2115 2432 2207 2488 vel
2254 2430 2516 2487 remissio
2562 2428 2761 2485 formae
2787 2424 3110 2490 contrariae,

1760 2532 1785 2563 α
1816 2512 1906 2567 vel
1930 2513 2175 2585 oppositi
2197 2512 2459 2570 termini.
2495 2510 2751 2567 privatio
2773 2513 2963 2564 autem
2991 2523 3118 2580 gra-

1759 2613 1785 2645 «
1814 2592 1910 2649 tiae
1932 2609 2048 2650 non
2081 2594 2316 2666 suscipit
2361 2594 2565 2667 magis,
2618 2591 2710 2648 vel
2738 2591 2953 2654 minuS,
3002 2587 3116 2644 nisi

1760 2696 1786 2727 τ
1817 2690 1919 2747 per
1946 2675 2222 2743 accidens,
2251 2675 2472 2732 ratione
2493 2690 2609 2730 suae
2630 2687 2810 2729 causae
2833 2691 2857 2722 »
2886 2672 3116 2741 (nempe

1752 2761 1910 2811 actus
1962 2756 2339 2828 peccaminosi
2368 2754 2669 2829 praeteriti)
2702 2775 2727 2807 α
2761 2756 2821 2807 ut
2843 2752 2964 2825 jam
2992 2748 3116 2841 dic-

1758 2858 1784 2890 α
1813 2842 1937 2893 tum
1965 2842 2067 2894 est.
2095 2840 2165 2894 Et
2186 2837 2314 2897 ideo
2338 2853 2455 2896 non
2479 2841 2720 2910 oportet,
2753 2831 2899 2907 quod
2928 2835 3113 2907 gratia

1757 2941 1784 2973 α
1813 2922 2126 2978 successive
2155 2922 2466 2996 recipiatur
2494 2921 2557 2976 in
2579 2918 2848 2991 subjecto,
2876 2936 2901 2966 »

1826 3004 1972 3058 Tum
1994 3004 2190 3071 etiam,
2227 3005 2361 3078 quia
2409 3001 2744 3076 praedictam
2794 2993 3113 3070 responsio·
3134 3004 3329 3101 {wilig-

1752 3098 1888 3139 nem
1935 3086 2151 3157 optime
2184 3086 2398 3142 refellit
2440 3084 2593 3140 idem
2629 3083 2684 3137 S.
2743 3082 2944 3134 Doctor
2991 3076 3114 3168 loco

1751 3182 1927 3240 supra
1953 3167 2124 3225 citato
2170 3185 2242 3225 ex
2267 3170 2302 3223 4
2349 3170 2504 3224 Sent.
2556 3164 2655 3220 ubi
2697 3161 2926 3233 inquit:
2963 3181 2988 3211 «
3015 3161 3115 3213 Di-

1759 3267 1784 3299 «
1812 3245 2077 3315 cendum,
2103 3247 2251 3320 quod
2279 3246 2487 3320 triplex
2526 3251 2612 3303 est
2650 3241 2855 3300 modus
2893 3239 3117 3296 forma-

1758 3348 1784 3379 α
1816 3342 1969 3382 rum.
2000 3328 2269 3392 Quaedam
2293 3328 2452 3384 enim
2474 3326 2676 3382 formae
2697 3326 2851 3386 sunt,
2870 3336 2995 3394 quae
3019 3334 3116 3376 re-

1759 3428 1784 3460 «
1813 3406 2036 3480 cipiunt
2062 3409 2259 3483 magis,
2291 3413 2346 3465 et
2374 3408 2569 3463 minus
2592 3402 2907 3461 secundum
2947 3401 3116 3456 elon-

1758 3510 1786 3543 «
1812 3488 2104 3562 gationem
2128 3506 2161 3546 a
2186 3489 2495 3554 contrario,
2522 3484 2899 3544 etsecundum
2929 3497 3114 3538 acces-

1758 3593 1784 3625 «
1812 3588 1942 3627 sum
1970 3571 2043 3628 ad
2070 3589 2299 3629 causam
2338 3570 2654 3644 propriam,
2696 3567 2843 3623 sicut
2869 3561 3070 3621 albedo
3094 3587 3109 3631 ;

1758 3675 1785 3707 α
1813 3659 1870 3711 et
1912 3654 2043 3712 ideo
2071 3655 2202 3712 talis
2250 3654 2436 3712 forma
2474 3653 2651 3710 etiam
2697 3647 3008 3705 successive
3047 3645 3112 3703 in

1758 3759 1784 3790 α
1811 3735 2062 3811 subjecto
2110 3738 2400 3810 recipitur,
2440 3746 2495 3793 et
2544 3738 2837 3808 postquam
2883 3732 3107 3801 recepta

1757 3839 1784 3871 α
1812 3817 2269 3885 est,intenditur¹
2299 3823 2356 3874 et
2374 3811 2988 3878 remittitur.Quaedam
3017 3825 3115 3866 au-

1757 3921 1784 3954 «
1811 3904 1927 3956 tem
1953 3900 2139 3957 forma
2165 3907 2269 3967 est,
2295 3917 2419 3973 quae
2441 3914 2558 3955 non
2581 3896 2780 3968 recipit
2804 3892 3005 3966 magis,
3055 3895 3113 3948 et

1758 4002 1784 4033 α
1813 3982 2030 4047 minus,
2058 3996 2241 4055 neque
2275 3982 2374 4050 sic,
2407 3980 2542 4054 quia
2566 3975 2856 4050 impositio
2881 3975 3003 4047 ejus
3027 3974 3114 4028 est

1758 4084 1783 4115 α
1812 4063 1879 4119 in
1901 4061 2287 4132 indivisibili;
2318 4070 2375 4120 et
2394 4064 2528 4120 talis
2572 4061 2761 4118 forma
2806 4072 2988 4129 neque
3016 4069 3112 4149 re-

1757 4165 1783 4195 α
1811 4146 2022 4219 cipitur
2041 4148 2352 4205 successive
2382 4149 2444 4204 in
2485 4145 2752 4219 subject0,
2786 4155 2969 4213 neque
3012 4154 3113 4195 in-

1756 4247 1782 4280 «
1812 4227 2089 4296 tenditur,
2116 4244 2299 4302 neque
2328 4229 2642 4286 remittitur
2665 4230 2962 4299 postquam
2983 4235 3115 4274 sus-

1755 4328 1783 4360 α
1811 4312 1971 4379 cepta
1996 4308 2189 4367 fuerit.
2222 4309 2491 4374 Quaedam
2539 4312 2728 4363 autem
2758 4304 2946 4360 forma
2987 4315 3114 4395 me-

1754 4411 1781 4443 «
1810 4389 1908 4447 dio
1919 4391 2089 4449 modo
2106 4408 2167 4449 se
2189 4393 2520 4466 habet,quia
2542 4405 2659 4447 non
2678 4387 2880 4460 recipit
2903 4399 3107 4459 magis,

1755 4495 1782 4526 α
1809 4479 1866 4530 et
1893 4475 2088 4531 minus
2113 4474 2428 4532 secundum
2455 4471 2881 4548 elongationem
2909 4485 2942 4524 a
2969 4482 3110 4524 con-

1754 4576 1782 4608 «
1811 4557 2013 4623 trari0,
2030 4574 2099 4615 eo
2119 4558 2268 4631 quod
2297 4559 2459 4614 nullo
2481 4556 2650 4613 modo
2687 4570 2789 4611 suo
2816 4548 3108 4610 contrario

1755 4660 1782 4692 α
1809 4638 2244 4695 commiscibilis
2263 4645 2365 4707 est,
2396 4639 2536 4696 etin
2558 4638 2663 4694 hoc
2682 4634 2951 4692 convenit
2975 4647 3108 4688 cum

1755 4743 1782 4775 «
1809 4720 1999 4777 forma
2029 4721 2396 4778 substantiali
2427 4744 2440 4778 z
2488 4719 2586 4777 sed
2631 4726 2827 4775 tamen
2871 4714 3107 4788 suscipit

1754 4823 1781 4856 α
1809 4803 2012 4876 magis,
2043 4809 2103 4860 et
2126 4804 2323 4859 minus
2352 4800 2664 4860 secundum
2706 4812 2991 4856 accessum
3035 4793 3108 4851 ad

1755 4902 1780 4934 α
1808 4897 1973 4937 suam
2001 4898 2250 4951 causam,
2276 4883 2424 4940 sicut
2444 4886 2596 4956 patet
2615 4880 2685 4938 de
2706 4882 2852 4937 luce.
2883 4878 2952 4932 Et
2980 4874 3108 4933 ideo

1754 4983 1781 5015 α
1810 4961 1945 5017 talis
1980 4961 2170 5019 forma
2208 4979 2328 5020 non
2376 4964 2650 5037 recipitur
2694 4960 3007 5018 successive
3040 4957 3107 5015 in

1754 5063 1782 5096 α
1806 5041 2078 5116 subjecto,
2119 5044 2266 5100 sicut
2287 5062 2389 5104 nec
2439 5046 2626 5103 forma
2664 5040 3103 5109 substantialis;
