3647 5753
1236 365 1417 421 DISP.
1462 363 1581 431 vn,
1623 362 1789 419 DUB.
1834 363 1957 418 vn.
2861 363 2971 418 249

148 545 197 595 et
222 538 391 596 libere
412 539 680 612 producit,
703 545 1028 597 recensetur
1055 538 1304 604 liberum
1328 534 1478 593 arbi-

150 622 353 677 trium:
397 637 529 695 ergo
572 625 716 678 Deus
760 622 825 677 in
866 621 1130 694 praedicta
1177 618 1476 693 hypothesi

150 701 375 758 liberum
416 702 719 760 arbitrium
750 706 1067 761 necessario
1096 702 1429 777 produceret
1459 721 1473 758 ε

146 785 239 841 hoc
283 784 449 858 igitur
492 785 776 851 existeret,
807 787 1072 859 quamvis
1115 787 1260 841 Deus
1287 787 1477 858 ageret

146 881 458 922 necessario.

125 986 132 995 .
213 943 591 1017 Respondetur
640 946 901 1018 negando
955 946 1233 1019 majorem
1282 965 1295 1000 z
1329 960 1475 1017 quo-

146 1026 289 1080 niam
315 1026 455 1080 sicut
492 1026 559 1082 in
585 1025 851 1099 praedicta
883 1027 1186 1101 hypothesi
1214 1027 1475 1084 variare·

145 1111 228 1159 tur
273 1104 532 1178 perfectio
584 1106 721 1172 Dei,
777 1111 1056 1180 quantum
1116 1106 1185 1163 ad
1238 1105 1471 1163 modum

144 1185 345 1258 agendi,
370 1185 446 1242 ita
467 1187 793 1243 variaretur
813 1193 1093 1260 quantum
1122 1187 1191 1243 ad
1215 1201 1475 1259 praecon-

143 1268 424 1324 tinentiam
452 1268 777 1340 aliquorum
798 1268 1120 1335 effectuum,
1153 1284 1359 1341 nempe
1379 1284 1471 1325 ac-

145 1355 224 1404 tus
266 1347 442 1412 liberi,
498 1355 554 1405 et
600 1348 771 1406 liberi
830 1348 1079 1406 arbitrii.
1133 1348 1473 1423 Hujusmodi

143 1430 332 1501 quippe
348 1429 574 1485 effectus
601 1446 720 1486 non
739 1430 1075 1494 consistunt,
1100 1430 1244 1502 quin
1264 1445 1474 1487 conno-

143 1516 252 1566 tent
272 1518 511 1582 exparte
533 1511 634 1567 Dei
657 1516 991 1583 potestatem
1018 1509 1088 1567 ad
1111 1510 1467 1576 utrumlibet,

146 1597 198 1646 ut
235 1598 435 1647 constat
477 1607 550 1648 ex
594 1591 795 1658 dictis3
825 1607 948 1664 quae
993 1597 1237 1663 potestas
1254 1589 1473 1664 'nequit

143 1672 423 1730 convenire
445 1675 556 1730 Deo
579 1673 768 1747 agenti
791 1690 861 1729 ex
880 1674 1208 1730 necessitate
1223 1679 1465 1746 naturae,

146 1757 197 1807 ut
214 1769 276 1810 ex
296 1753 426 1826 ipsis
446 1753 717 1809 terminis
734 1753 929 1826 liquet.
955 1752 1039 1809 Ad
1064 1755 1340 1811 insertam
1366 1768 1469 1809 au·-

144 1839 240 1887 tem
283 1834 509 1907 maj0ris
561 1833 960 1907 probationem
1013 1834 1318 1890 dicendum
1363 1839 1467 1901 est,

142 1914 404 1987 quodlicet
426 1917 484 1972 iu
510 1915 779 1988 praedicta
800 1916 1101 1991 hypothesi
1122 1916 1309 1974 solum
1334 1933 1471 1989 prae-

144 2003 463 2068 supponatur
501 2012 788 2069 expresse,
820 1998 969 2069 quod
1008 2000 1155 2054 Deus
1182 2002 1373 2071 ageret
1399 2014 1470 2054 ex

147 2077 440 2132 necessitate
468 2083 709 2141 naturae,
734 2083 787 2134 et
812 2084 1032 2133 tantum
1063 2078 1315 2135 variaret
1341 2095 1470 2135 mo-

147 2154 264 2211 ‹lum
306 2156 497 2230 agendi
544 2178 558 2213 :
612 2157 997 2214 nihilominus
1023 2174 1095 2214 ex
1135 2159 1255 2231 ipsa
1284 2158 1470 2232 hypo-

149 2236 274 2292 thesi
313 2238 555 2310 legitime
601 2236 921 2306 deducitur,
952 2237 1103 2311 quod
1142 2239 1470 2296 variaretur

148 2315 300 2372 etiam
329 2317 581 2390 perfectio
610 2316 817 2374 divina
841 2324 1120 2390 quantum
1149 2318 1219 2374 ad
1248 2319 1470 2392 aliquas

150 2398 500 2474 perfectiones,
528 2413 672 2469 quas
700 2404 825 2454 actu
856 2415 971 2455 non
999 2399 1287 2456 continet:
1317 2401 1469 2456 inter

147 2490 272 2547 quas
303 2492 643 2533 recensemus
672 2477 921 2533 liberum
961 2476 1276 2535 arbitrium
1304 2495 1468 2537 crea-

151 2563 279 2612 tum.
307 2557 671 2621 Quamobrem
696 2558 842 2615 sicut
868 2559 929 2614 in
976 2559 1243 2632 praedicta
1283 2562 1471 2636 hypo-

154 2637 282 2693 thesi
307 2654 407 2694 non
424 2639 784 2713 supponitur,
818 2639 966 2713 quod
988 2643 1136 2698 Deus
1166 2643 1467 2715 praeconti-

152 2721 284 2783 neat,
308 2719 386 2775 rel
406 2734 514 2776 uon
540 2719 972 2792 praecontineat,
1000 2726 1188 2777 actum
1219 2721 1467 2778 liberum

152 2804 390 2868 creatum,
418 2803 555 2858 alias
583 2808 1127 2875 praesupponeretur
1153 2803 1214 2860 id
1242 2805 1431 2878 ipsum
1450 2848 1463 2870 ,

152 2881 277 2953 quod
312 2882 677 2956 disputationi
716 2883 1016 2957 subjicitur
1040 2909 1055 2952 ;
1079 2891 1133 2943 et
1171 2893 1363 2944 tamen
1398 2904 1470 2945 ex

150 2965 255 3036 ipsa
287 2965 568 3039 hypothesi
597 2964 933 3023 deducimus
960 2971 1138 3023 Deum
1186 2984 1302 3025 non
1349 2969 1471 3027 fore

153 3052 638 3114 praecoutenturum
667 3052 853 3101 actum
885 3046 1135 3103 liberum
1180 3054 1465 3114 creatum,

150 3122 210 3177 ob
243 3139 301 3180 ea
333 3141 449 3197 quae
486 3125 746 3181 diximus
771 3130 803 3196 ς
834 3125 1064 3198 praeced.
1099 3126 1177 3182 ita
1203 3128 1378 3184 etiam
1409 3129 1470 3185 iu

155 3205 238 3260 illa
272 3204 553 3278 hypothesi
598 3222 719 3262 non
765 3215 850 3262 est
889 3207 1466 3279 praesupponendum,

150 3285 274 3357 quod
312 3289 446 3343 Deus
473 3287 797 3345 necessario
824 3303 998 3361 agens
1043 3290 1466 3359 praecontineat,

151 3368 227 3422 vel
272 3382 377 3424 non
419 3368 830 3440 praecontiueat
874 3366 1122 3425 liberum
1163 3367 1471 3426 arbitrium

150 3453 400 3514 creatum;
427 3447 523 3505 sed
546 3448 654 3504 hoc
672 3446 858 3503 eidem
888 3445 1260 3522 disputationi
1288 3450 1473 3525 subji-

147 3525 381 3584 ciendum
401 3533 501 3593 est,
535 3528 599 3583 in
625 3542 740 3599 qua
762 3533 980 3599 partem
1004 3530 1332 3605 negativam
1351 3532 1473 3587 col-

150 3605 370 3678 ligimus,
397 3613 453 3664 et
483 3622 915 3680 propugnamus
943 3618 1215 3682 tanquam
1243 3610 1474 3684 insepa-

154 3687 369 3747 rabilem
417 3688 790 3763 appendicem
842 3692 1213 3763 praecedentis
1287 3709 1475 3749 asser-

150 3768 315 3825 tionis.
1182 3806 1185 3809 -

210 3849 327 3904 344.
351 3848 509 3906 Unde
537 3849 787 3907 infertur
812 3850 1078 3917 secundo,
1110 3851 1472 3926 hypothesim

129 3937 297 3997 ‘quam
327 3928 499 4001 aliqui
527 3929 784 3986 formant
805 3931 867 3986 in
890 3932 1181 4003 praesenti,
1214 3948 1423 4007 nempe
1459 3956 1472 3990 ε

151 4006 229 4061 An
247 4010 292 4061 si
318 4007 453 4064 Deus
483 4018 617 4066 esset
635 4027 802 4081 ayens
828 4015 1209 4081 necessarium,
1241 4021 1291 4069 et
1316 4017 1476 4071 homo

152 4095 261 4142 esset
288 4106 442 4160 agens
467 4092 717 4156 liberum,
741 4093 899 4148 homo
922 4092 1080 4148 libere
1112 4104 1428 4166 operaretur
1445 4098 1477 4152 ?

155 4181 254 4223 esse
286 4172 786 4244 complicatoriam,
830 4177 887 4229 et
913 4178 1214 4247 utramque
1253 4182 1475 4248 partem

156 4246 363 4317 inferre,
391 4254 535 4309 sicut
561 4253 623 4309 in
655 4253 787 4309 aliis
806 4254 1296 4326 suppositionibus
1315 4272 1478 4314 com-

156 4330 437 4399 plicatoriis
476 4335 619 4391 solet
664 4333 937 4392 accidere.
988 4338 1137 4392 Nam
1182 4337 1331 4410 quod
1359 4355 1476 4397 non

153 4419 321 4484 ageret
341 4414 535 4480 libere,
562 4416 836 4488 probatur
858 4416 1081 4474 ratione
1099 4434 1276 4490 supra
1298 4419 1475 4488 facta;

152 4492 268 4562 quia
292 4496 480 4568 nequit
501 4495 671 4555 homo
691 4513 858 4572 agere
886 4496 1083 4563 libere,
1109 4498 1253 4569 quin
1276 4498 1480 4557 habeat

155 4578 457 4641 potestatem
484 4576 555 4635 ad
580 4594 694 4636 non
717 4577 1000 4653 agendum
1034 4606 1047 4638 ι
1088 4595 1192 4636 uec
1218 4579 1364 4637 hanc
1384 4597 1479 4653 po-

157 4658 386 4712 testatem
410 4657 597 4724 habet,
629 4658 743 4715 nisi
771 4664 1037 4717 connotet
1064 4663 1244 4716 Deum
1275 4665 1478 4733 poten-

156 4739 255 4791 tem
291 4754 401 4796 nou
428 4756 780 4812 praemovere
804 4741 866 4798 in
891 4740 1094 4800 eodem
1123 4742 1381 4808 instanti,
1415 4743 1478 4799 in

155 4830 252 4885 quo
272 4828 569 4891 praemovet
599 4844 613 4878 ι
637 4838 772 4878 nam
794 4822 937 4878 sicut
959 4827 1115 4878 actus
1137 4829 1356 4879 creatus
1383 4822 1474 4881 de-

158 4897 340 4967 pendet
357 4916 386 4956 a
408 4903 780 4975 praemotione
805 4902 924 4969 Dei,
956 4902 1034 4959 ita
1050 4902 1304 4960 carentia
1325 4909 1479 4961 actus

159 4992 186 5031 a
208 4983 443 5038 carentia
469 4982 695 5048 auxilii,
739 4987 793 5038 et
832 4987 1072 5054 potestas
1096 4989 1370 5041 creaturae
1409 4982 1479 5040 ad

290 5058 565 5121 salmam,
596 5061 760 5122 Curs.
791 5062 1014 5135 theoloy.
1043 5070 1172 5120 tom.
1206 5061 1275 5121 X.

1608 532 1953 591 utrumlibet
1978 549 2011 590 a
2038 536 2309 606 potestate
2336 532 2434 590 Dei
2483 532 2554 589 ad
2583 531 2924 589 utrumlibet
2955 553 2968 588 ε

1608 616 1758 672 hauc
1778 616 1988 689 quippe
2007 614 2571 688 correspondentiam
2587 614 2971 686 essentialiter

1607 697 1785 770 exigit
1816 694 2217 752 subordinatio
2244 695 2465 769 agentis
2490 694 2723 752 secundi
2753 693 2823 750 ad
2847 696 2971 767 pri-

1608 793 1789 834 mum.
1823 780 1889 832 lu
1925 776 2189 849 praedicta
2236 781 2426 832 autem
2456 775 2756 849 hypothesi
2806 777 2883 832 ita
2910 791 2971 833 se

1607 856 1845 914 haberet
1868 858 2034 920 Deus,
2058 855 2207 928 quod
2228 871 2344 912 non
2367 861 2550 928 posset
2568 870 2734 928 agere
2757 862 2980 922 actum„

1605 954 1776 1010 quem
1804 938 2121 1003 omitteret;
2146 952 2248 993 nec
2275 937 2541 993 omittere
2563 942 2771 999 actum,
2797 952 2969 1008 quem

1605 1019 1740 1094 agit.
1786 1017 1952 1075 Unde
1993 1034 2064 1074 ex
2093 1017 2279 1090 prima
2321 1015 2650 1091 hypothesis
2678 1024 2838 1087 parte
2865 1032 2970 1074 ne-.

1604 1100 1848 1158 cessario
1891 1098 2273 1171 consequitur,
2324 1099 2677 1154 voluntatem
2718 1103 2970 1154 creatam

1606 1180 1668 1235 in
1714 1180 1818 1235 illa
1859 1178 2161 1252 hypothesi
2206 1193 2322 1234 non
2351 1177 2471 1234 fore
2497 1183 2864 1249 operaturam
2894 1177 2971 1233 li-

1604 1259 1758 1317 bere.
1790 1260 1950 1324 Quod
1999 1265 2189 1322 autem
2238 1257 2418 1314 libere
2465 1264 2671 1332 ageret,
2716 1258 2970 1330 legitime

1605 1342 1855 1399 infertur
1900 1356 1972 1396 ex
2016 1338 2262 1396 secunda
2311 1346 2470 1412 parte
2512 1339 2965 1411 suppositionis;

1602 1423 1735 1495 quia
1758 1423 1863 1480 hoc
1892 1423 2033 1495 ipso,
2065 1419 2214 1493 quod
2236 1427 2500 1478 maneret
2529 1420 2778 1477 liberum
2809 1421 2968 1477 arbi-

1605 1505 1783 1560 trium
1809 1509 2086 1567 creatum,
2121 1502 2560 1574 praecontineret
2602 1508 2789 1558 actum
2821 1501 2970 1559 libe-

1605 1602 1753 1646 rum.
1785 1592 1844 1643 et
1867 1587 1973 1642 iste
2001 1590 2263 1640 maneret
2303 1583 2576 1649 absolute,
2608 1590 2664 1640 et
2693 1583 2968 1658 objective

1602 1659 1924 1738 possibilis:
1953 1669 2121 1736 atque
2142 1662 2268 1719 ideo
2291 1666 2434 1719 Deus
2457 1679 2628 1737 agens
2650 1664 2968 1721 necessario

1597 1747 1757 1819 juxta
1815 1743 2167 1818 exigentiam
2220 1759 2522 1800 causarum
2590 1749 2968 1816 praemoveret

1603 1827 1957 1882 voluntatem
2003 1822 2072 1879 ad
2119 1823 2401 1898 agendum
2451 1822 2648 1888 libere,
2679 1832 2731 1881 et
2777 1826 2967 1898 ipsum

1603 1912 1787 1963 actum
1834 1907 2097 1963 efficeret.
2149 1903 2535 1969 Quamobrem
2582 1921 2652 1961 ex
2701 1906 2969 1978 praedicta

1601 1988 1903 2063 hypothesi
1946 1994 2189 2060 utraque
2231 2002 2362 2059 pars
2408 1986 2689 2058 negativa,
2722 1995 2778 2043 et
2806 1987 2971 2044 affir-

1602 2071 1817 2126 mativa
1846 2070 2185 2126 inferretur.
2211 2071 2324 2124 Nec
2351 2067 2408 2122 id
2438 2068 2652 2123 mirum
2681 2074 2801 2135 est·;
2832 2085 2969 2125 uam

1600 2152 1915 2224 suppositio
1944 2153 2047 2209 illa
2078 2167 2194 2208 non
2225 2150 2498 2222 importat
2538 2151 2772 2205 unicum
2821 2166 2968 2222 prae-

1601 2232 1713 2288 cise
1741 2232 2116 2304 impossibile,
2148 2232 2312 2305 cujus
2333 2229 2669 2302 appendices
2696 2230 2970 2288 determi-

1604 2320 1735 2371 nate
1780 2314 2118 2389 investiget;
2148 2312 2247 2370 sed
2287 2312 2686 2383 complectitur
2714 2312 2825 2371 duo
2853 2313 2970 2369 im—

1603 2395 1918 2468 possibilia,
1949 2402 2007 2452 et
2035 2396 2191 2452 inter
2217 2410 2279 2450 se
2304 2395 2700 2467 repugnantia,
2740 2411 2809 2450 ex
2836 2394 2969 2467 qui-

1602 2476 1706 2532 bus
1731 2492 1876 2549 opus
1899 2482 2003 2542 est,
2041 2481 2101 2531 ut
2126 2474 2418 2548 oppositae,
2450 2480 2505 2530 et
2530 2475 2971 2546 complicatoriae

1603 2555 2023 2628 consequentiae
2052 2554 2425 2611 deducantur.
2458 2554 2612 2609 Sicut
2636 2554 2686 2609 si
2718 2555 2846 2627 quis
2873 2554 2969 2610 in-

1600 2637 1860 2707 quiretur
1894 2657 1908 2692 2
1938 2635 2031 2693 An
2051 2638 2102 2690 si
2126 2633 2376 2707 Spiritus
2399 2642 2624 2688 sanctus
2649 2652 2757 2688 non
2781 2652 2971 2707 prooe-

1600 2715 1745 2770 deret
1765 2735 1801 2772 a
1828 2715 1875 2772 F
1875 2716 1990 2780 itio,
2015 2722 2063 2770 et
2085 2715 2159 2770 ad
2179 2713 2231 2770 F
2232 2713 2392 2768 ilium
2412 2713 2635 2769 realiter
2649 2718 2961 2787 referretur,

1601 2798 2025 2868 distingueretur
2044 2797 2267 2853 realiter
2289 2795 2357 2850 ab
2379 2796 2475 2851 illo
2489 2796 2519 2851 ?
2538 2798 2785 2870 Utraque
2805 2797 2964 2854 enim

1605 2896 1735 2952 pars
1757 2885 2090 2953 sequeretur
2118 2901 2131 2934 :
2163 2878 2444 2953 negativa,
2472 2878 2608 2951 quia
2637 2894 2753 2936 non
2779 2896 2970 2952 proce·

1603 2960 1780 3026 deret,
1810 2969 1868 3019 et
1913 2960 2204 3018 distinctio
2234 2961 2295 3016 in
2324 2958 2540 3015 divinis
2581 2960 2855 3018 fundatur
2903 2963 2966 3019 in

1605 3043 1964 3114 processione
1991 3067 2002 3100 :
2031 3040 2380 3098 affirmativa
2400 3041 2597 3106 etiam,
2630 3042 2765 3114 quia
2796 3042 2971 3099 refer-

1606 3130 1763 3180 retur
1788 3126 2039 3189 realiter,
2065 3130 2121 3181 et
2148 3139 2264 3180 non
2280 3127 2392 3178 stat
2415 3123 2587 3179 realis
2609 3125 2810 3181 relatio
2837 3123 2969 3181 abs-

1604 3220 1713 3278 que
1730 3202 2099 3262 distinctione
2123 3204 2264 3261 reali
2288 3208 2702 3261 extremorum.
2730 3205 2820 3261 Sic
2841 3220 2968 3277 pro·

1606 3283 2066 3358 portionabiliter
2094 3282 2370 3340 accideret
2398 3284 2459 3339 iu
2491 3285 2774 3356 praesenti.

1679 3366 1839 3422 Dices
1856 3382 1986 3422 cum
2008 3365 2201 3441 Godoy
2221 3384 2376 3421 num.
2398 3366 2471 3419 44
2493 3366 2583 3421 :Si
2607 3368 2753 3422 Deus
2775 3371 2966 3440 ageret
2977 3369 3188 3474 Ogggsstyio.

1606 3445 1942 3510 necessario,
1972 3450 2030 3502 et
2068 3450 2324 3501 moveret
2352 3442 2599 3500 liberum
2630 3445 2959 3514 arbitrium,

1607 3530 1753 3584 Deus
1772 3543 1939 3582 suum
1960 3542 2300 3583 concursum
2318 3531 2722 3598 attemperaret
2745 3531 2966 3584 naturae

1607 3607 1775 3664 liberi
1817 3606 2078 3673 arbitrii3
2126 3607 2260 3678 quia
2288 3608 2352 3662 in
2381 3608 2545 3663 nulla
2579 3608 2970 3679 suppositione

1607 3693 1788 3761 potest
1825 3703 1947 3746 esse
1971 3689 2082 3743 Deo
2106 3688 2480 3743 connaturale
2510 3702 2705 3743 rerum
2737 3695 2971 3745 naturas

1605 3776 1865 3828 evertere
1907 3784 2086 3844 :ergo
2116 3768 2196 3825 ita
2241 3774 2576 3841 sequeretur
2604 3785 2734 3841 pars
2779 3770 2970 3828 deter-

1607 3850 1845 3913 minata,
1898 3865 2105 3922 nempe
2149 3850 2508 3906 voluntatem
2556 3855 2811 3906 acturam
2852 3866 2972 3908 esse

1608 3931 1806 3998 libere,
1833 3931 1982 4006 quod
2012 3948 2128 3988 nou
2156 3930 2473 3988 inferretur
2516 3948 2647 4004 pars
2691 3932 2966 4006 opposita,

1608 4014 1874 4071 videlicet
1896 4030 2012 4070 non
2033 4029 2155 4071 esse
2183 4013 2366 4070 libere
2393 4020 2625 4086 operatu
2636 4030 2782 4070 ram.

1682 4093 2083 4167 Respondetur
2143 4092 2403 4168 negando
2459 4093 2921 4166 consequentiam
2954 4109 3167 4161 ;s01uuo.

1606 4177 1740 4250 quia
1762 4192 1892 4232 cum
1915 4176 2182 4233 voluutas
2204 4191 2321 4232 non
2343 4181 2609 4248 operetur
2633 4174 2830 4241 libere,
2860 4177 2973 4232 nisi

1609 4255 1812 4313 habeat
1855 4262 2187 4329 potestatem
2215 4255 2284 4313 ad
2321 4256 2665 4328 oppositum,
2701 4272 2803 4312 nec
2829 4256 2974 4314 hanc

1610 4342 1946 4411 potestatem
1974 4337 2198 4403 habeat,
2231 4336 2345 4393 nisi
2378 4343 2437 4393 ut
2463 4335 2835 4393 subordinate
2863 4340 2977 4395 Deo

1611 4420 1829 4491 potenti
1858 4420 2188 4493 oppositum
2215 4434 2468 4485 causare,
2501 4419 2592 4475 vel
2624 4418 2974 4491 permittere,

1582 4515 1720 4571 ,qua
1774 4504 2047 4572 potestate
2094 4501 2241 4556 Deus
2269 4498 2331 4554 in
2375 4498 2640 4571 praedicta
2680 4498 2980 4573 hypothesi

1611 4596 1729 4637 non
1758 4581 2053 4654 gauderet,
2080 4597 2208 4637 cum
2231 4587 2588 4653 supponatur
2608 4597 2774 4655 agere
2794 4598 2866 4638 ex
2888 4596 2984 4638 ne·

1608 4661 1871 4718 cessitate
1897 4667 2149 4728 naturae3
2181 4660 2566 4718 determinate
2606 4660 2853 4718 infertur
2883 4676 2987 4719 vo-

1612 4742 1890 4798 luntatem
1920 4741 1985 4797 in
2025 4740 2129 4797 tali
2159 4741 2460 4815 hypothesi
2506 4757 2624 4799 non
2653 4742 2775 4800 fore
2804 4742 2986 4800 libere

1609 4826 2005 4892 operaturam.
2039 4823 2155 4877 Nec
2193 4827 2328 4877 tunc
2356 4819 2660 4890 diceretur,
2691 4824 2867 4881 Deum
2893 4837 2988 4879 re-

1612 4917 1746 4957 rum
1798 4908 2037 4959 naturas
2081 4909 2342 4960 evertere
2401 4924 2414 4958 z
2461 4902 2561 4961 sed
2613 4909 2732 4961 tam
2778 4907 2981 4971 Deum,

1608 4997 1782 5055 quam
1813 4987 2140 5040 creaturam
2168 4981 2383 5041 habere
2407 4989 2674 5041 naturam
2703 4984 2771 5042 ad
2802 5000 2984 5041 uuum
