3647 5753
456 396 570 452 494
1384 393 1478 449 DE
1514 393 1545 448 J
1549 391 2049 448 USTIFICATION
2053 391 2097 446 E
2136 392 2341 448 IMPII.

1950 578 2076 619 ram
2117 562 2281 637 juxta
2319 561 2688 638 exigentiam,
2732 566 2788 618 et
2829 558 3086 617 debitum
3126 562 3311 615 status

1950 659 2228 716 purorum
2270 658 2387 699 non
2421 643 2574 699 valet
2601 648 2889 715 peccatum
2934 655 3109 714 grave
3137 639 3202 695 in
3241 653 3312 695 eo

1949 730 2097 782 statu
2126 731 2412 798 patratum
2445 723 2757 790 destruere,
2792 739 2894 778 nec
2940 722 2998 776 id
3039 724 3313 793 praestare

1950 804 2183 875 valebit,
2217 806 2347 862 licet
2368 809 2560 861 utatur
2581 804 2697 861 alia
2724 802 2981 877 qualibet
3003 799 3314 875 providen-

1952 885 2032 942 tia
2059 901 2219 943 mere
2245 885 2518 942 naturali.

2023 969 2153 1024 274.
2180 965 2358 1034 Adde,
2390 981 2508 1022 non
2536 965 2732 1022 minus
2759 965 3048 1039 pertinere
3075 960 3147 1018 ad
3176 977 3314 1035 pro·
3337 947 3532 1047 30¹3&

1951 1051 2270 1108 videntiam
2292 1049 2673 1124 gubernantis
2693 1049 2991 1105 hominem
3011 1061 3172 1120 posse
3190 1046 3238 1120 ej
3247 1063 3315 1103 us
3379 1051 3459 1097 tio.

248 582 431 627 Praeclu·
459 567 768 624 evasionis.
800 569 948 623 Nam
978 567 1040 622 in
1067 565 1272 640 primis
1303 564 1516 632 Curiel,
1547 563 1809 636 Ripalda,

256 633 420 726 cffr‘ssiss
460 652 515 704 et
540 647 927 704 communiter
953 645 1287 703 Adversarii
1316 643 1685 711 contendunt,
1719 644 1818 700 ho-

250 731 443 784 nimian.
458 729 683 786 minem
727 745 844 785 non
866 744 1026 801 posse
1057 729 1120 785 in
1145 744 1213 786 eo
1256 733 1404 785 statu
1431 726 1720 792 constitui,
1753 727 1816 782 in

457 825 569 883 quo
598 810 775 883 possit
823 825 1070 882 peccare,
1102 815 1158 866 et
1184 825 1302 867 non
1330 810 1506 882 possit
1548 808 1816 881 consequi

450 891 670 964 peccati
710 891 1111 948 remissionem
1152 906 1183 947 a
1210 894 1324 948 Deo
1366 896 1427 946 ut
1468 889 1724 955 authore,
1762 892 1820 946 et

460 970 799 1045 providente
839 971 996 1027 intra
1037 970 1370 1044 praedictum
1416 976 1669 1026 statum:
1719 967 1818 1026 sed

460 1058 865 1127 argumentum
895 1068 927 1108 a
950 1050 1115 1108 nobis
1144 1051 1354 1107 factum
1382 1050 1612 1112 evincit,
1638 1052 1818 1106 Deum

458 1137 524 1190 ut
549 1131 975 1204 dispensantem
1017 1132 1254 1197 auxilia,
1295 1147 1420 1204 quae
1438 1130 1611 1187 statui
1642 1144 1820 1201 puro-

461 1228 593 1269 rum
621 1210 921 1278 debentur,
953 1227 1071 1268 non
1112 1227 1273 1285 posse
1296 1211 1589 1269 remittere
1623 1226 1819 1283 pecca-

459 1299 584 1350 tum
625 1294 687 1349 in
714 1309 781 1350 eo
805 1297 952 1349 statu
994 1294 1387 1362 commissum,
1419 1295 1558 1350 alias
1586 1293 1703 1348 haec
1725 1307 1821 1347 re-

460 1375 662 1433 missio
687 1374 849 1432 fieret
870 1375 1079 1447 absque
1106 1376 1299 1449 aliqua
1337 1375 1570 1450 speciali
1609 1374 1815 1448 gratia,

461 1461 527 1513 ut
555 1457 827 1513 hactenus
873 1455 1248 1522 ostendimus,
1300 1462 1356 1514 et
1400 1457 1669 1513 authores
1698 1471 1822 1512 res-

463 1536 779 1610 ponsionis
814 1536 1077 1609 proxime
1141 1535 1286 1593 datm
1346 1540 1756 1612 recognoscunt
1804 1556 1818 1592 ε

464 1632 600 1692 ergo
620 1617 857 1683 corruit,
888 1633 950 1674 ac
977 1615 1261 1673 deseritur
1303 1617 1652 1689 praecipuum
1681 1617 1822 1672 fun-

463 1696 799 1754 damentum
817 1697 1611 1764 Adversariorum.Praeterea,
1636 1698 1685 1754 si
1704 1713 1821 1754 non

463 1777 618 1836 decet
647 1777 1072 1851 providentiam
1096 1779 1196 1836 Dei
1212 1794 1347 1853 erga
1370 1779 1666 1836 hominem
1693 1794 1823 1835 con·

461 1858 648 1915 ditum
677 1859 739 1915 in
768 1859 945 1931 puriS,
976 1858 1125 1932 quod
1147 1864 1388 1932 nequeat
1412 1864 1698 1931 peccatum
1726 1874 1823 1915 re-

464 1940 698 1996 mittere
747 1943 807 1995 ut
836 1955 1007 2014 agens
1036 1940 1193 1996 intra
1240 1945 1452 1997 statum
1499 1955 1778 2012 purorum
1804 1962 1820 2006 3

466 2022 566 2079 sed
582 2021 781 2079 debeat
803 2038 906 2095 pro
916 2023 1013 2096 huj
1023 2021 1244 2079 usmodi
1263 2022 1602 2081 remissione
1623 2021 1693 2078 ad
1707 2023 1825 2079 alia

465 2103 804 2175 specialiora
855 2104 1076 2161 auxilia
1128 2119 1444 2170 recurrere,
1494 2103 1826 2161 excedentia

469 2187 647 2241 totam
675 2185 1046 2258 exigentiam,
1071 2189 1128 2240 et
1146 2183 1403 2242 debitum
1426 2183 1679 2259 praedicti
1706 2189 1828 2240 sta-

469 2268 593 2332 tus3
627 2266 843 2338 pariter
893 2266 1057 2322 nulla
1084 2265 1428 2324 attribuetur
1467 2265 1828 2340 imperfectio

472 2343 690 2401 divinae
712 2345 1107 2418 providentias,
1140 2351 1203 2402 ut
1226 2348 1621 2421 complectitur
1642 2351 1826 2403 totum

469 2426 735 2485 ordinem
778 2429 1125 2494 naturalem,
1158 2445 1229 2485 ex
1265 2445 1351 2495 e0‚
1395 2428 1544 2501 quod
1584 2433 1830 2502 nequeat

469 2523 573 2580 per
595 2508 815 2564 auxilia
836 2508 906 2564 ad
934 2508 1265 2580 praedictum
1288 2509 1551 2567 ordinem
1574 2514 1831 2581 spectan-

469 2586 551 2643 tia
577 2584 870 2644 destruere
916 2593 1204 2659 peccatum
1246 2588 1310 2644 in
1354 2594 1502 2644 statu
1548 2604 1828 2660 purorum

466 2667 839 2725 commissum
865 2691 879 2735 ;
914 2667 1012 2724 sed
1034 2668 1233 2725 debeat
1273 2685 1376 2741 pro
1406 2668 1672 2741 praedicta
1699 2669 1830 2726 des-

466 2745 754 2802 tructione
779 2746 1110 2820 exequenda
1151 2747 1221 2804 ad
1250 2748 1467 2805 auxilia
1513 2748 1831 2821 superioris

470 2824 714 2893 ordinis,
751 2842 957 2902 nempe
1007 2829 1466 2901 supernaturalis
1506 2844 1821 2888 recurrere.

472 2905 681 2963 Deinde
720 2908 885 2964 nulla
913 2908 1066 2964 inter
1095 2908 1310 2965 formas
1347 2911 1638 2967 naturales
1665 2910 1832 2967 vide-

471 2991 569 3043 tur
595 2989 782 3060 aptior
808 2988 878 3045 ad
917 2987 1327 3047 destruendum
1358 2996 1642 3065 peccatum
1670 3007 1831 3048 com-

472 3071 715 3128 missum
762 3072 825 3129 in
889 3076 1038 3128 statu
1085 3088 1384 3145 purorum,
1445 3090 1619 3146 quam
1667 3091 1831 3131 amor

470 3153 574 3210 Dei
594 3152 729 3209 finis
752 3155 1035 3212 naturalis
1053 3170 1227 3229 super
1247 3155 1445 3211 omnia
1470 3179 1484 3222 ;
1508 3172 1680 3228 quam
1702 3174 1832 3231 ope-

473 3236 757 3293 rationem
801 3242 997 3311 potest·
1018 3240 1166 3295 Deus
1187 3236 1394 3295 mediis
1420 3239 1674 3308 auxiliis,
1705 3257 1832 3313 quae

471 3317 733 3390 providet
760 3319 931 3375 statui
973 3336 1271 3392 purorum,
1322 3319 1542 3378 efficere
1571 3339 1584 3374 :
1618 3337 1753 3396 ergo
1779 3323 1830 3379 si

471 3404 536 3455 ut
571 3398 903 3474 gubernans
949 3407 1217 3458 naturam
1265 3402 1428 3476 juxta
1479 3403 1829 3478 exigentiam

469 3485 649 3538 status
672 3484 1177 3556 purorum,nequit
1199 3489 1487 3557 peccatum
1509 3484 1572 3541 in
1594 3501 1660 3542 eo
1680 3491 1828 3542 statu

469 3564 841 3619 commissum
872 3563 1183 3631 destruere,
1210 3581 1314 3622 nec
1339 3564 1397 3620 id
1427 3569 1697 3636 praestare
1723 3584 1830 3624 va·-

468 3642 610 3701 lebit
633 3645 838 3703 mediis
866 3646 998 3703 aliis
1026 3647 1279 3715 auxiliis,
1311 3664 1435 3721 quae
1461 3647 1534 3703 ad
1560 3647 1828 3706 ordinem

468 3728 795 3784 naturalem
854 3728 1144 3800 adaequate
1200 3734 1495 3803 sumptum
1546 3735 1823 3802 spectant,

474 3803 734 3875 Tandem,
766 3809 901 3881 quia
939 3809 988 3864 si
1033 3809 1210 3866 semel
1256 3813 1544 3882 peccatum
1572 3809 1637 3865 in
1677 3814 1826 3867 statu

469 3903 749 3961 purorum
795 3890 1165 3946 commissum
1220 3888 1438 3946 destrui
1510 3906 1628 3947 non
1675 3892 1828 3948 valet

466 3984 570 4041 per
592 3970 827 4037 auxilia,
861 3973 951 4027 vel
974 3970 1352 4043 operationes,
1384 3986 1508 4043 quae
1533 3972 1827 4045 pertinent

467 4048 537 4106 ad
560 4050 899 4129 praedictum
915 4056 1145 4121 statum,
1180 4051 1237 4107 id
1254 4051 1489 4109 aliunde
1518 4054 1825 4126 provenire

464 4147 582 4190 non
612 4138 811 4206 potest,
844 4134 956 4189 nisi
978 4135 1114 4206 quia
1156 4134 1303 4191 illud
1332 4141 1617 4208 peccatum
1639 4137 1826 4212 tangit

461 4216 657 4283 etiam,
708 4220 764 4273 et
788 4215 1046 4281 offendit,
1080 4218 1283 4274 saltem
1324 4234 1396 4275 ex
1430 4220 1818 4292 consequenti,

458 4298 643 4355 Deum
671 4300 972 4357 authorem
993 4302 1514 4373 supernaturalem,
1540 4306 1595 4358 et
1617 4302 1825 4358 avertit

459 4376 530 4434 ab
552 4379 655 4435 illo
678 4386 738 4435 ut
757 4380 1188 4453 supernaturali
1210 4377 1419 4445 fine,ut
1439 4396 1614 4453 supra
1636 4386 1823 4438 osten·

457 4455 671 4525 dimus„
705 4463 761 4515 et
805 4458 1193 4517 consideranti
1233 4459 1513 4516 constabit
1539 4481 1552 4516 ε
1574 4459 1673 4517 sed
1701 4461 1822 4518 haec

459 4538 609 4595 ratio
634 4554 790 4612 aeque
817 4542 1106 4598 convincit
1147 4540 1479 4614 praedictum
1528 4549 1818 4614 peccatum

455 4618 675 4677 destrui
703 4636 819 4679 non
861 4639 1022 4695 posse
1068 4638 1170 4696 per
1210 4622 1403 4695 aliqua
1454 4624 1693 4689 auxilia,
1724 4624 1819 4681 vel

454 4702 835 4776 operationeS‚
879 4719 1004 4776 quae
1049 4703 1120 4760 ad
1172 4703 1437 4761 ordinem
1492 4706 1817 4763 naturalem

452 4789 710 4858 spectant
739 4809 753 4852 ;
785 4784 902 4841 haec
921 4784 1132 4859 quippe
1158 4786 1346 4843 solum
1372 4791 1717 4844 convertunt
1745 4784 1817 4843 ad

452 4867 634 4922 Deum
683 4869 1011 4924 naturalem
1039 4866 1237 4934 finem,
1279 4871 1339 4923 et
1369 4867 1449 4924 sic
1479 4869 1817 4942 relinquunt

453 4961 572 5004 non
599 4946 945 5005 destructam
986 4950 1348 5007 aversionem
1376 4966 1409 5006 a
1454 4948 1571 5007 fine
1609 4966 1816 5024 super-

452 5031 705 5086 naturali
740 5051 754 5086 :
782 5047 917 5105 ergo
943 5032 992 5088 si
1022 5034 1167 5090 Deus
1195 5037 1256 5090 ut
1284 5032 1614 5108 gubernans
1642 5039 1817 5091 natu-

1954 1136 2177 1205 peccata
2199 1131 2425 1204 punire,
2456 1147 2630 1203 quam
2653 1145 2813 1203 posse
2828 1145 2895 1185 ea
2924 1128 3238 1194 remittere,
3257 1131 3315 1182 et

1955 1228 2185 1287 poenam
2213 1213 2353 1286 ipsis
2379 1211 2633 1270 debitam
2682 1212 2962 1275 relaxare,
2996 1214 3057 1264 ut
3083 1207 3315 1265 videtur

1957 1310 2057 1367 per
2077 1311 2137 1353 sc
2168 1299 2368 1350 notum
2396 1314 2410 1349 :
2438 1292 2541 1350 sed
2581 1296 2729 1349 Deus
2768 1302 2832 1346 ut
2874 1296 3042 1345 utens
3080 1288 3318 1362 praecise

1957 1374 2320 1449 providentia
2349 1376 2624 1442 naturali,
2653 1391 2769 1431 non
2792 1377 2977 1447 posset
2995 1371 3319 1429 communi·

1956 1463 2043 1515 ter
2069 1456 2352 1530 loquendo
2380 1458 2590 1530 punire
2618 1456 2916 1513 hominem
2949 1469 3053 1526 pro
3081 1452 3320 1526 peccatis

1957 1537 2021 1594 in
2064 1542 2213 1594 statu
2256 1553 2535 1611 purorum
2574 1535 2925 1600 commissis;
2958 1549 3061 1590 nec
3101 1533 3204 1590 hoc
3230 1548 3319 1589 ar·

1956 1626 2155 1694 gueret
2194 1620 2449 1693 aliquam
2502 1617 2997 1691 imperfectionem
3042 1616 3106 1671 in
3133 1617 3248 1672 Deo
3302 1635 3317 1669 z

1956 1717 2092 1776 ergo
2122 1703 2351 1758 nullum
2378 1704 2461 1758 est
2499 1699 2932 1763 inconvenienS,
2983 1695 3319 1770 quod'dica-

1957 1801 2088 1841 mus
2134 1786 2315 1842 Deum
2357 1789 2419 1840 ut
2459 1786 2713 1840 utentem
2765 1780 3129 1853 providentia
3159 1794 3320 1836 mere

1960 1865 2234 1932 naturali,
2266 1881 2383 1922 non
2421 1879 2582 1938 posse
2609 1863 2904 1920 remittere
2930 1867 3168 1936 peccata,
3195 1875 3323 1934 quae

1960 1948 2024 2004 in
2043 1952 2193 2003 statu
2223 1962 2501 2019 purorum
2542 1945 3063 2022 committerentur.
3106 1941 3322 1999 Suade-

1960 2034 2055 2084 tur
2101 2027 2316 2095 minor,
2348 2027 2482 2100 quia
2530 2028 2725 2100 plures
2771 2026 3036 2081 homines
3076 2024 3141 2080 in
3173 2038 3324 2096 pree-

1959 2108 2109 2165 dicto
2151 2112 2301 2163 statu
2346 2105 2804 2163 innumerabilia
2858 2111 3099 2177 peccata,
3143 2119 3326 2177 eaque

1959 2189 2097 2246 satis
2121 2189 2324 2262 gravia
2350 2188 2796 2252 committerent,
2822 2187 2963 2259 quin
2994 2187 3171 2241 ullam
3200 2184 3320 2239 sal·

1962 2276 2076 2327 tem
2099 2284 2334 2343 gravem
2368 2285 2616 2340 poenam,
2644 2273 2699 2324 et
2727 2267 2961 2339 peccatis
2989 2265 3319 2339 proportio-

1962 2354 2158 2405 natam
2187 2348 2251 2403 in
2272 2349 2376 2405 hac
2402 2349 2541 2413 vita,
2580 2348 2961 2403 communiter
3007 2342 3313 2417 loquendo,

1960 2430 2222 2488 subirent
2249 2453 2263 2497 ;
2312 2433 2478 2502 atque
2507 2428 2637 2486 ideo
2664 2434 2787 2502 post
2813 2428 2992 2483 vitam
3021 2431 3320 2498 voluptuo-

1962 2528 2104 2577 sam,
2137 2516 2193 2567 et
2217 2510 2721 2567 sceleratissimam
2764 2506 3039 2579 impuniti
3080 2505 3319 2563 decede-

1965 2597 2110 2659 rent,
2131 2592 2467 2663 nullamque
2481 2589 2688 2647 deinde
2709 2593 3042 2662 paterentur
3066 2601 3317 2658 poenam,

1964 2672 2077 2728 nisi
2126 2671 2198 2728 ad
2235 2686 2363 2728 eam
2410 2668 2766 2728 subeundam
2814 2669 3027 2724 iterum
3067 2681 3326 2741 resurge·

1966 2757 2113 2819 rent,
2145 2751 2290 2809 etin
2326 2767 2524 2808 rerum
2554 2756 2759 2806 natura
2785 2748 3270 2805 constituerentur
3307 2768 3322 2802 ε

1964 2838 2182 2891 constat
2201 2838 2412 2898 autem,
2438 2829 2589 2905 quod
2637 2829 2979 2888 resurrectio
3008 2828 3320 2886 hominum

1963 2919 2048 2974 est
2073 2933 2214 2990 opus
2241 2914 2618 2989 providentiae
2647 2911 3106 2985 supernaturalis
3138 2932 3151 2966 ε
3186 2926 3326 2984 ergo

1967 2999 2113 3055 Deus
2141 3002 2202 3053 ut
2224 3002 2390 3053 utens
2411 2995 2640 3069 praecise
2655 2993 2909 3052 naturali
2934 2990 3320 3066 providentia,

1911 3088 1933 3101 ⁴
1963 3085 2021 3138 et
2041 3079 2250 3152 absque
2278 3094 2507 3134 recursu
2551 3076 2621 3133 ad
2651 3075 3076 3150 providentiam
3116 3088 3324 3146 super-

1965 3160 2310 3227 naturalem,
2338 3175 2455 3215 non
2491 3163 2673 3230 posset
2700 3155 2952 3214 debitam
2977 3170 3210 3228 poenam
3237 3154 3327 3209 in·

1965 3242 2161 3317 ssigere
2193 3239 2528 3299 hominibus
2557 3238 2916 3313 peccantibus
2945 3238 3009 3294 in
3034 3242 3182 3293 statu
3212 3252 3324 3308 pu-

1967 3341 2186 3385 rorum.

2031 3405 2089 3461 Si
2106 3410 2296 3461 autem
2311 3403 2551 3469 dicatur,
2568 3417 2861 3476 superesse
2879 3405 3000 3474 post
3016 3399 3324 3457 hominum

1964 3491 2209 3543 mortem
2222 3502 2423 3543 eorum
2439 3485 2816 3555 animas.quae
2830 3488 3056 3555 possent
3073 3487 3326 3537 tormen-

1963 3572 2022 3625 ta
2040 3568 2379 3634 subire,non
2406 3566 2650 3623 diluitur
2673 3565 2841 3639 hujus
2861 3563 3323 3621 confirmationis

1962 3649 2053 3704 vis
2093 3670 2106 3705 :
2151 3655 2274 3706 tum
2314 3647 2451 3722 quia
2494 3647 2751 3705 absolute
2803 3663 2921 3704 non
2963 3644 3323 3718 infligeretur

1964 3744 2132 3802 poena
2184 3729 2433 3795 homini,
2476 3729 2574 3801 qni
2628 3727 2897 3801 peccavit,
2950 3724 3046 3783 sed
3091 3722 3318 3780 cuidam

1961 3810 2082 3885 ejus
2110 3813 2258 3886 parti
2298 3817 2455 3869 :tum
2476 3811 2610 3884 quia
2633 3810 2849 3875 anima,
2883 3826 3012 3866 cum
3038 3807 3111 3863 sit
3134 3805 3314 3879 spiri-

1962 3897 2070 3960 tus,
2113 3893 2231 3966 pati
2273 3908 2391 3950 non
2438 3896 2618 3966 potest
2668 3907 2896 3964 poenam
2941 3905 3156 3952 sensus,
3200 3887 3320 3943 nisi

1961 3989 2063 4049 per
2121 3974 2403 4031 actionem
2454 3973 2621 4048 igniS,
2666 3972 2759 4029 vel
2812 3972 3052 4028 alterius
3099 3970 3323 4044 agentis

1959 4071 2088 4113 eam
2118 4056 2408 4131 alligantis
2434 4080 2447 4122 ;
2471 4070 2596 4129 quae
2634 4056 2806 4110 etiam
2850 4052 3035 4125 passio
3076 4052 3328 4125 pertinet

1960 4134 2030 4192 ad
2053 4134 2476 4208 providentiam
2499 4134 3020 4207 supernaturalem,
3046 4138 3102 4189 et
3123 4130 3323 4204 nequit

1958 4233 2079 4274 esse
2108 4217 2526 4290 principaliter,
2559 4217 2672 4273 nisi
2696 4233 2728 4273 a
2756 4218 2869 4271 Deo
2890 4212 3320 4286 supernaturali

1959 4297 2197 4354 authore
2210 4321 2226 4364 3
2252 4297 2402 4372 ignis
2418 4297 2597 4362 enim,
2622 4313 2734 4369 quo
2759 4296 2904 4350 sicut
2926 4295 3324 4350 instrumento

1956 4380 2136 4436 utitur
2163 4381 2329 4447 DeuS,
2383 4380 2581 4453 nequit
2633 4378 2978 4435 naturaliter
3034 4390 3201 4450 agere
3254 4373 3323 4430 in

1955 4461 2247 4533 spiritum,
2276 4467 2334 4518 ut
2354 4460 2738 4535 explicuimus
2759 4467 2918 4515 tract.
2948 4459 3033 4523 13,
3053 4458 3194 4528 disp.
3230 4456 3316 4523 18,

1952 4541 2079 4598 dub.
2124 4544 2178 4608 2,
2226 4559 2322 4615 per
2360 4549 2552 4597 totum.
2598 4542 2834 4596 Poenam
2883 4543 3073 4595 autem
3113 4535 3319 4591 damni

1954 4621 2108 4679 haud
2155 4621 2322 4679 facile
2360 4618 2733 4696 assignabunt
2784 4616 3139 4682 Adversarii,
3183 4631 3318 4672 cum

1953 4703 2146 4759 dicant
2168 4717 2269 4775 per
2299 4709 2582 4776 peccatum
2606 4702 2670 4759 in
2691 4705 2838 4758 statu
2865 4714 3144 4772 purorum
3165 4711 3319 4755 com-

1952 4784 2197 4843 missum
2237 4801 2354 4842 non
2408 4781 2602 4840 induci
2656 4783 3042 4857 privationem
3084 4778 3312 4855 gratiae,

1952 4872 2050 4925 aut
2089 4883 2311 4934 eorum,
2343 4882 2468 4941 quae
2489 4865 2558 4923 ad
2603 4864 3103 4938 supernaturalem
3150 4860 3316 4919 ordi-

1951 4967 2087 5008 nem
2136 4949 2443 5024 pertinent.
2493 4949 2770 5006 Videatur
2815 4949 2893 5003 M.
2944 4948 3112 5003 Joan.
3170 4959 3204 5001 a
3249 4944 3307 5039 S:
3337 4947 3521 5044 gfffiio'.

1949 5035 2154 5092 Thom.
2204 5034 2346 5107 disp.
2391 5033 2482 5100 20,
2526 5039 2635 5089 art.
2667 5033 2723 5099 2,
2773 5031 2973 5100 §Dico
3000 5029 3315 5168 '‘r‘w'lfluss

3195 5124 3282 5167 lce

3611 5394 3645 5511 A*
