3647 5753
1375 453 1554 507 DISP.
1602 453 1671 520 11,
1715 452 1882 510 DUB.
1925 455 2019 510 VI.
2997 460 3107 516 473

244 622 360 681 sito
401 638 520 679 non
565 622 769 679 accidit
809 620 1105 679 dilectioni
1149 625 1420 690 naturali,
1466 622 1615 698 quod

244 703 633 780 dignificetur,
660 710 717 760 et
746 702 1097 760 informetur
1127 721 1228 777 per
1256 706 1535 770 animam,
1560 710 1618 762 et

242 786 558 860 quodlhinc
588 786 892 859 participet
916 785 1241 860 quandam,
1262 792 1324 842 ut
1349 788 1432 843 sic
1458 786 1617 843 dica-

244 884 399 936 muS,
431 865 882 941 condignitatem
915 868 1245 923 naturalem
1277 868 1346 924 ad
1377 873 1617 924 natura-

247 949 328 1005 lia
356 948 633 1020 praemia;
661 948 741 1002 ita
769 963 888 1003 non
912 946 1610 1014 acciditactuicharitatis,

243 1028 401 1104 quod
444 1029 744 1102 participet
783 1028 1129 1102 dignitatem
1169 1030 1385 1101 gratiae,
1418 1036 1475 1086 et
1516 1046 1617 1102 per

246 1125 383 1167 eam
430 1108 801 1175 informetur,
852 1106 1063 1182 fiatque
1102 1110 1437 1171 meritorius
1484 1110 1618 1166 vitae

248 1195 504 1247 aeternae.
523 1188 681 1252 Quod
704 1190 1055 1261 exemplum,
1075 1194 1131 1245 et
1151 1188 1472 1245 doctrinam
1491 1206 1618 1261 pro-

49 1276 237 1320 Dsrhom.
253 1270 421 1344 ponit
447 1272 509 1324 D.
542 1270 748 1327 Thom.
776 1272 835 1325 in
855 1271 910 1335 3,
941 1271 1068 1326 dist.
1095 1271 1187 1335 27,
1214 1277 1394 1347 quaest.
1420 1272 1474 1334 2,
1500 1277 1611 1326 art.

249 1354 305 1420 4,
336 1354 658 1430 quartiano.
701 1353 755 1418 3,
802 1350 901 1408 ubi
943 1352 1024 1408 ait
1056 1373 1070 1407 :
1110 1352 1249 1409 Non
1278 1359 1446 1426 potest
1486 1370 1612 1420 esse,

250 1432 400 1512 quod
443 1433 652 1502 aliquis
676 1432 898 1488 habitus
934 1434 1175 1488 existens
1215 1436 1272 1488 in
1300 1434 1490 1507 aliqua
1515 1451 1618 1506 po-

253 1517 428 1571 tentia
473 1517 670 1569 animm
710 1514 905 1570 habeat
933 1517 1204 1570 rationem
1244 1516 1487 1579 virtutis,
1535 1514 1618 1569 lo-

254 1595 464 1672 quendo
490 1595 554 1649 de
580 1595 879 1650 virtutibus
899 1594 1286 1660 meritoriis,de
1308 1595 1503 1671 quibus
1529 1595 1619 1650 liic

257 1677 555 1751 loquimur,
587 1676 700 1729 nisi
726 1675 1022 1730 secundum
1049 1675 1190 1751 quod
1219 1675 1279 1728 in
1306 1675 1407 1729 illa
1423 1682 1619 1747 poten-

256 1759 336 1812 tia
358 1750 736 1829 participatur
761 1757 980 1834 aliquid
1004 1757 1067 1811 de
1085 1757 1410 1828 perfectione
1430 1759 1620 1813 volun·

257 1842 408 1904 tatis,
440 1857 607 1917 quam
633 1839 879 1894 charitas
903 1841 1110 1910 perficit
1126 1857 1147 1906 ,·
1165 1845 1213 1892 et
1236 1839 1352 1893 ideo
1373 1840 1620 1896 charitas

257 1930 334 1978 est
361 1924 540 1995 forma
568 1924 840 1977 virtutum
867 1923 1114 1977 aliarum
1141 1924 1410 1977 omnium.
1444 1924 1513 1977 Et
1556 1922 1619 1977 in

261 2021 399 2077 resp.
430 2004 504 2059 ad
529 2006 584 2068 2,
616 2004 695 2059 ait
724 2026 737 2058 z
766 2002 1027 2059 Essentia
1054 2006 1252 2059 animai
1270 2006 1519 2076 superior
1544 2011 1620 2058 est

262 2086 557 2150 voluntate,
592 2089 652 2140 in
678 2093 947 2163 quantum
980 2085 1049 2140 ab
1075 2088 1308 2140 essentia
1344 2095 1392 2141 et
1421 2087 1621 2142 volun-

263 2176 366 2233 tas,
407 2175 455 2222 et
497 2185 679 2222 omnes
723 2169 922 2222 anim-z
961 2170 1105 2222 vires
1149 2167 1353 2239 fluunt.
1387 2166 1463 2223 Et
1503 2168 1620 2221 ideo

191 2283 195 2287 ‡
259 2252 462 2317 mutia,
478 2267 591 2327 qua!
610 2258 686 2305 est
695 2253 953 2323 perfectio
973 2252 1209 2306 essentia
1230 2252 1445 2314 animae,
1470 2267 1621 2304 cons-

267 2331 461 2385 tituens
508 2334 689 2402 ipsam
730 2334 790 2386 in
826 2348 936 2387 esse
979 2330 1283 2403 spirituali,
1315 2337 1390 2384 est
1436 2329 1616 2402 forma

266 2410 527 2465 charitati
537 2430 575 2465 ς.
607 2411 770 2468 Unde
791 2414 1101 2484 quaes-tiano.
1128 2413 1183 2476 4,
1209 2414 1465 2487 sequenti,
1490 2427 1621 2467 con·

269 2488 446 2545 cludit
479 2536 489 2545 .
532 2492 841 2557 usandum,
874 2493 1014 2568 quod
1052 2492 1298 2547 charitas
1338 2509 1621 2564 nunquam

264 2575 435 2640 potest
474 2588 579 2623 exse
612 2573 881 2639 informis,
913 2580 960 2625 et
1001 2575 1061 2628 in
1086 2573 1185 2627 hoc
1210 2590 1394 2627 omnes
1425 2589 1621 2628 conve-

272 2649 451 2705 niunt.
485 2652 552 2705 Et
593 2650 743 2705 intra
796 2672 806 2706 ε
857 2652 983 2707 Non
1020 2660 1207 2723 potest,
1255 2652 1463 2725 inquit,
1512 2670 1621 2708 esse

267 2731 528 2798 charitas,
580 2734 695 2788 nisi
716 2736 789 2787 sit
829 2738 1191 2807 participatio
1234 2736 1435 2790 divina
1473 2738 1613 2802 vitm,

266 2829 379 2886 quar
413 2820 484 2867 est
521 2830 618 2887 per
650 2816 896 2885 qratiam
917 2830 938 2881 ;
971 2822 1021 2869 et
1060 2815 1176 2870 ideo
1214 2816 1459 2870 charitas
1502 2818 1621 2871 sine

260 2896 447 2964 qratia
472 2912 580 2950 esse
606 2913 713 2950 non
739 2901 925 2968 potest.
958 2898 1028 2950 Et
1049 2899 1109 2951 in
1135 2913 1274 2969 resp.
1302 2897 1376 2951 ad
1403 2898 1457 2963 3,
1490 2897 1572 2952 ait
1603 2917 1617 2952 ε

267 2975 588 3043 Dicendum,
618 2979 759 3051 quod
782 2995 940 3033 amor
966 2979 1195 3051 (nempe
1215 2985 1622 3052 supernatura·

263 3057 354 3121 lis,
387 3056 455 3114 de
493 3072 606 3130 quo
652 3056 989 3129 procedebat
1034 3062 1466 3132 argumentum)
1512 3076 1621 3114 non

259 3140 489 3214 requirit
533 3140 1014 3211 participationem
1053 3140 1253 3194 divinae
1292 3141 1434 3204 vitre,
1478 3142 1622 3194 sicut

256 3238 415 3275 amor
440 3222 736 3277 charitatis
757 3238 776 3286 ,·
801 3227 849 3274 et
876 3221 995 3276 ideo
1016 3239 1125 3276 non
1150 3228 1225 3276 est
1253 3221 1432 3275 simile
1459 3221 1523 3275 de
1544 3225 1619 3276 ti-

256 3318 421 3369 more,
452 3310 502 3358 et
527 3319 731 3358 amore.
764 3303 832 3356 Et
852 3311 1032 3375 quast.
1075 3305 1157 3368 14,
1189 3303 1255 3358 de
1309 3301 1472 3360 Veril.
1505 3310 1617 3359 art.

253 3383 308 3450 5,
341 3383 565 3450 asserit,
598 3384 928 3439 charitatem
965 3384 1158 3439 habere
1181 3386 1426 3453 matiam
1472 3386 1620 3439 inse-

247 3465 586 3536 par-abilian-
623 3480 925 3531 anneaeam,
961 3471 1011 3518 et
1037 3465 1363 3520 charitatem
1402 3481 1510 3518 esse
1535 3481 1622 3518 es-

252 3547 563 3603 sentialiter
590 3546 912 3618 formatam.
948 3544 1270 3601 Videantur
1300 3545 1415 3601 alia
1456 3546 1623 3617 plura

254 3627 890 3693 D.Thom.testimonia,
908 3644 1031 3699 quae
1046 3645 1222 3700 supra
1235 3626 1499 3684 dedimus
1513 3631 1544 3697 §
1557 3630 1616 3684 8.

73 3719 228 3773 tintulae
326 3711 462 3765 248.
495 3710 579 3764 Ex
601 3708 672 3764 iis
696 3707 861 3765 facile
877 3713 1095 3765 constat
1118 3707 1188 3765 ad
1204 3708 1462 3783 singulas
1485 3725 1622 3780 pro-

75 3770 519 3865 ssfflgnbationes
560 3789 622 3843 in
662 3789 1039 3844 contrarium.
1086 3788 1171 3843 Ad
1212 3791 1455 3861 primam
1490 3789 1622 3861 qui-

77 3876 240 3963 ῑῶῗῃῑῐέἷ·
252 3871 383 3928 dem
408 3894 422 3935 ;
448 3885 588 3925 nam
612 3871 676 3923 D.
701 3868 903 3925 Thom.
931 3884 997 3924 eo
1019 3870 1139 3926 loco
1158 3871 1348 3925 solum
1374 3867 1624 3924 intendit

79 3974 226 4014 mutar.
254 3953 598 4009 charitatem
627 3966 746 4007 non
766 3966 887 4006 esse
910 3952 1163 4018 totalem,
1190 3957 1247 4008 et
1268 3950 1621 4024 adaequatam

255 4034 547 4090 rationem
576 4030 839 4089 merendi
871 4032 1048 4088 vitam
1077 4039 1375 4098 aeternam,
1406 4031 1503 4088 sed
1529 4047 1623 4088 re-

253 4116 411 4187 quiri
442 4116 681 4187 insuper
704 4111 1074 4169 idoneitatem
1104 4112 1336 4186 subjecti
1361 4128 1461 4185 per
1486 4129 1623 4186 gra-

255 4195 401 4252 tiam
438 4217 451 4251 :
483 4194 635 4251 unde
673 4193 890 4266 optime
929 4193 1234 4260 concludit,
1279 4193 1427 4267 quod
1468 4199 1623 4250 actus

252 4277 557 4333 charitatis
588 4293 704 4333 non
731 4281 878 4342 esset
904 4277 1260 4344 meritorius,
1291 4277 1341 4331 si
1371 4292 1403 4332 a
1437 4278 1623 4351 gratia

252 4355 650 4414 sanctificante
674 4363 1064 4430 separaretur.
1099 4357 1247 4413 Hinc
1276 4362 1464 4413 autem
1489 4374 1623 4430 per-

255 4452 459 4510 peram
500 4436 813 4510 colligitur,
869 4435 1208 4509 praedictum
1262 4441 1451 4492 actum
1505 4453 1623 4494 non

252 4534 375 4575 esse
393 4517 652 4574 absolute
671 4518 1057 4575 essentialiter
1079 4518 1622 4575 meritorium.‘1'um

251 4599 391 4671 quia
420 4599 734 4670 propositio
764 4600 828 4653 D.
854 4598 1061 4655 Thom.
1086 4603 1171 4654 est
1191 4598 1619 4665 conditionalis,

252 4697 379 4753 quae
409 4681 560 4736 nihil
591 4680 752 4751 ponit
774 4681 836 4736 in
862 4696 985 4737 esse
1011 4702 1025 4736 :
1054 4685 1178 4737 tum
1207 4683 1343 4755 quia
1372 4682 1434 4737 in
1475 4697 1626 4754 prae-

253 4761 408 4818 dicta
467 4759 769 4832 hypothesi
825 4776 942 4817 non
994 4762 1319 4818 salvaretur
1379 4761 1625 4817 essentia

256 4841 558 4913 adaequata
579 4843 734 4896 actus
760 4840 1076 4907 charitatis,
1102 4840 1203 4897 sed
1227 4842 1384 4897 solus
1405 4839 1626 4896 inadae-

255 4927 464 4997 quatus
510 4921 633 4995 ejus
674 4927 994 4994 conceptus,
1027 4937 1197 4994 quem
1238 4921 1485 4994 explicat
1524 4936 1626 4993 per
1652 4955 1669 4964 --
1706 4961 1714 4969 .

256 5008 584 5077 respectum
613 5001 683 5059 ad
711 5001 993 5077 objectum
1021 5024 1034 5059 ι
1066 5008 1191 5059 tum
1232 5004 1367 5076 quia
1393 5020 1465 5060 ex
1506 5003 1626 5074 ipso

256 5083 641 5145 conditionali
664 5084 834 5141 modo
856 5083 1127 5156 loquendi
1154 5087 1219 5141 D.
1244 5084 1449 5141 Thom.
1477 5083 1627 5140 insi-

410 5163 702 5225 Salmant.
728 5163 892 5224 Curs.
925 5164 1149 5237 theoloq.
1175 5171 1305 5224 tom.
1337 5163 1409 5223 Χ.

1752 630 1964 682 nuatur
1992 630 2317 701 oppositum
2346 631 2602 689 absolute
2631 631 2937 698 verificari.
2971 635 3107 697 Quae

1750 706 1950 762 omnia
1970 715 2202 778 possunt
2216 711 2493 787 explicari
2508 714 2770 785 exemplo
2786 712 3108 771 dilectionis

1751 788 2033 842 naturalis
2060 811 2072 850 ;
2129 805 2265 846 nam
2333 792 2381 846 si
2442 793 2562 849 haec
2612 800 2976 865 separaretur
3036 792 3110 849 ab

1751 869 1968 933 anima,
2016 886 2133 927 non
2174 873 2542 945 participaret
2571 876 2694 947 ejus
2721 874 3062 948 dignitatem
3092 897 3104 930 :

1748 964 1819 1005 ex
1845 966 1956 1022 quo
1986 956 2178 1008 tamen
2208 970 2384 1025 prave
2413 956 2749 1021 inferretur,
2777 956 3108 1028 hujusmodi

1749 1027 2108 1102 dignitatem,
2157 1048 2255 1088 seu
2308 1035 2563 1091 valorem
2618 1038 2941 1094 naturalem
2989 1052 3109 1095 non

1752 1109 2042 1181 pertinere
2064 1110 2316 1169 absolute
2346 1113 2415 1169 ad
2443 1117 2564 1189 ejus
2590 1118 2919 1173 essentiam.

1825 1188 2079 1247 Secunda
2108 1193 2367 1264 probatio
2402 1199 2623 1252 tantum
2653 1198 2885 1262 evincit,
2920 1197 3110 1254 infor-

1752 1272 2067 1327 mationem
2093 1288 2191 1344 per
2206 1275 2537 1347 gratiam,et
2551 1276 2828 1334 efficacem
2847 1278 3109 1336 merendi

1750 1368 1871 1410 esse
1897 1361 2230 1428 conceptum
2273 1357 2625 1430 inadaequate
2663 1360 2996 1417 distinctum
3037 1362 3110 1419 ab

1751 1440 1877 1492 actu
1904 1436 2198 1495 charitatis
2235 1440 2594 1497 considerato
2635 1442 2990 1516 inadaequate
3014 1458 3108 1500 se-

1752 1516 2003 1573 cundum
2037 1519 2388 1577 tendentiam
2419 1522 2480 1577 in
2508 1521 2808 1596 objectum.
2835 1529 2976 1581 Cum
2996 1540 3109 1598 quo

1752 1605 1947 1655 tamen
1972 1608 2116 1658 recte
2137 1604 2397 1669 cohaeret,
2430 1604 2580 1676 quod
2605 1612 2840 1680 uterque
2867 1623 3110 1680 concep-

1751 1684 1843 1733 tus
1867 1680 2149 1750 pertineat
2171 1681 2238 1738 ad
2255 1683 2560 1739 essentiam
2585 1684 2935 1758 adaequatam
2962 1703 3114 1760 prae-

1752 1759 1887 1816 dicti
1918 1761 2132 1817 amoris
2150 1785 2165 1828 ;
2205 1767 2261 1818 et
2287 1771 2711 1835 consequenter,
2744 1766 2893 1839 quod
2920 1768 3010 1823 hic
3036 1770 3118 1825 sit.

1752 1841 2137 1897 essentialiter
2165 1843 2516 1900 meritorius,
2552 1846 2848 1919 Potestque
2877 1848 2981 1905 hoc
3006 1849 3106 1906 de-

1754 1921 1962 1977 clarari
1991 1924 2254 1994 exemplo
2279 1924 2540 1996 proxime
2567 1924 2824 1985 adducto.

1829 2001 1993 2057 Unde
2042 2003 2217 2058 etiam
2270 2004 2515 2060 diluitur
2573 2010 2737 2062 tertia
2803 2009 3062 2081 probatio
3094 2034 3109 2076 ;

1752 2083 1889 2155 quia
1934 2084 2179 2139 essentia
2225 2083 2518 2156 adaequata
2559 2088 2775 2143 amoris
2813 2089 3116 2146 charitatis

1755 2178 1873 2218 non
1892 2164 2148 2218 consistit
2172 2165 2335 2219 unice
2356 2165 2419 2220 in
2444 2172 2696 2237 respectu
2715 2167 2784 2223 ad
2803 2169 3107 2242 objectum,

1753 2243 1850 2299 sed
1908 2245 2301 2317 complectitur
2353 2247 2529 2302 etiam
2584 2247 2988 2323 habitudinem
3040 2250 3112 2307 ad

1753 2324 2020 2398 gratiam,
2055 2330 2326 2396 tanquam
2356 2327 2422 2381 ad
2456 2328 2806 2400 principium
2838 2329 3105 2387 radicale.

1755 2408 1925 2468 Quatr
1942 2406 2139 2462 obrem
2181 2408 2377 2479 nequit
2405 2408 2706 2480 praedictus
2728 2426 2891 2466 amor
2918 2426 2951 2465 a
2975 2426 3113 2484 gra-

1754 2488 1836 2544 tia
1863 2487 2141 2561 separari.
2174 2489 2232 2545 Si
2263 2494 2451 2545 autem
2479 2497 2844 2564 separaretur
2872 2491 2941 2548 ab
2985 2493 3109 2559 illa,

1755 2575 1996 2641 utraque
2040 2568 2506 2626 contradictionis
2566 2588 2698 2644 pars
2755 2578 3107 2644 sequeretur,

1755 2666 1964 2723 nempe
1986 2650 2105 2706 fore
2127 2655 2312 2706 actum
2335 2652 2650 2717 charitatis
2669 2659 2730 2709 ut
2749 2656 3111 2727 supponitur,

1753 2736 1808 2787 et
1850 2747 1966 2787 non
2007 2731 2128 2787 fore
2170 2737 2358 2787 actum
2400 2732 2724 2800 charitatis;
2775 2741 2941 2807 atque
2985 2735 3114 2792 ideo

1755 2812 1895 2875 fore,
1928 2817 1983 2867 et
2022 2827 2138 2867 non
2179 2811 2300 2868 fore
2341 2814 2724 2882 meritorium,
2756 2815 2901 2871 sicut
2936 2817 3114 2873 etiam

1754 2894 1817 2949 in
1844 2892 2147 2949 dilectione
2175 2893 2428 2949 naturali
2457 2896 2833 2969 contingeret.

1828 2975 1958 3033 249.
2004 2976 2115 3030 Nec
2157 2975 2348 3041 refert,
2380 2975 2427 3030 si
2458 2974 2630 3042 dicas,
2665 2978 2889 3033 nullam
2935 2996 3115 3052 appa·-

1757 3072 1884 3113 rere
1936 3056 2389 3129 implicationem
2437 3057 2498 3113 in
2553 3075 2637 3120 eo,
2690 3059 2839 3131 quod
2886 3060 3114 3118 habitus

1755 3137 2050 3194 charitatis
2070 3144 2365 3210 separetur
2406 3137 2475 3193 ab
2506 3137 2704 3194 habitu
2726 3142 2925 3213 gratiae
2947 3158 3114 3199 sanc-

1755 3219 2057 3286 tificantis;
2086 3219 2371 3292 siquidem
2411 3224 2545 3274 sunt
2585 3221 2852 3278 entitates
2883 3224 3115 3281 realiter

1755 3300 2053 3368 distinctae,
2085 3301 2381 3373 completae
2421 3305 2477 3355 et
2518 3306 2753 3373 receptae
2782 3303 2844 3358 in
2871 3302 3118 3361 diversis

1756 3382 2027 3455 potentiis
2060 3402 2071 3436 :
2101 3397 2236 3455 ergo
2287 3380 2695 3438 conditionalis
2732 3399 2765 3439 a
2793 3386 2857 3441 D.
2908 3386 3114 3442 Thom.

1758 3463 2048 3537 proposita
2073 3466 2156 3518 est
2185 3460 2439 3519 absolute
2467 3461 2789 3535 possibilis;
2820 3469 2876 3522 et
2917 3482 3121 3523 conse-

1754 3549 1995 3618 quenter
2024 3559 2139 3600 non
2154 3548 2237 3599 est
2262 3542 2331 3599 de
2357 3545 2604 3600 essentia
2632 3546 2849 3602 amoris
2865 3548 3120 3604 charita-

1757 3630 1831 3685 tis
1851 3629 1943 3684 vel
1964 3642 2085 3683 esse
2113 3625 2498 3692 meritorium,
2531 3629 2625 3683 vel
2653 3644 2686 3684 a
2711 3630 2897 3702 gratia
2922 3647 3120 3703 proce-

1755 3710 1893 3767 dere
1909 3728 1920 3769 ;
1945 3707 2351 3779 possetquippe
2391 3705 2619 3763 habitus
2639 3709 2938 3766 charitatis
2967 3712 3029 3768 in
3052 3727 3119 3768 ea

1757 3789 2057 3865 hypothesi
2107 3787 2403 3860 propriam
2449 3790 2841 3861 operationem
2889 3794 3116 3859 elicere,

1756 3872 1901 3928 sicut
1921 3885 2049 3926 eam
2076 3868 2316 3924 eliciunt
2338 3868 2522 3936 Fides,
2549 3876 2605 3926 et
2633 3872 2771 3942 Spes
2817 3872 3118 3929 existentis

1761 3953 1819 4007 'n
1885 3954 2089 4006 cecato,

1757 3970 1776 4008 l
1832 3967 1965 4089 Ὲῗοο,
1998 4023 2254 4094 inquam,
2288 4037 2404 4079 non
2455 4023 2648 4091 refert,
2681 4023 2779 4081 sed
2827 4030 3022 4083 manet
3046 4042 3329 4107 exennium.

1756 4123 1930 4179 supra
1956 4105 2120 4162 dictis
2166 4105 2304 4160 satis
2348 4107 2671 4173 exclusum;
2731 4125 2866 4164 narn
2915 4126 3117 4168 omnes

3138 3025 3323 3074 Replica.

1702 4249 1709 4254 ,
1758 4190 2028 4253 rationeS‚
2059 4185 2265 4259 quibus
2308 4203 2483 4260 supra
2527 4188 2883 4246 ostendimus
2925 4197 3115 4249 actum

1755 4269 2052 4326 charitatis
2097 4268 2418 4340 dependere
2443 4269 2828 4327 essentialiter
2856 4289 2889 4328 a
2929 4275 3119 4348 gratia

1757 4356 2051 4422 tamquam
2080 4365 2113 4404 a
2143 4349 2425 4422 principio
2452 4349 2727 4417 effectivo,
2761 4351 3005 4423 probant
3035 4354 3119 4410 si-

1758 4431 1960 4487 milem
1988 4428 2429 4502 dependentium
2473 4429 2536 4485 in
2559 4428 2756 4486 habitu
2795 4433 3112 4504 charitatis,

1759 4518 1819 4568 ut
1848 4512 2014 4567 facile
2041 4509 2428 4566 consideranti
2476 4509 2773 4568 constabit.
2819 4515 3119 4590 Repugnat

1756 4594 1916 4651 enim
1944 4591 2241 4664 aequaliter
2285 4590 2410 4646 dari
2458 4595 2512 4647 et
2566 4591 3006 4652 inclinationem
3054 4599 3119 4654 in

1758 4680 1883 4732 actu
1905 4673 2234 4737 secundo‚et
2251 4673 2691 4730 inclinationem
2704 4675 2766 4731 in
2789 4683 2912 4732 actu
2927 4680 3118 4751 primo

1760 4755 2025 4828 proximo
2053 4751 2123 4808 ad
2159 4751 2376 4808 bonum
2405 4753 2644 4828 alicujus
2692 4761 2934 4823 naturae,
2986 4765 3117 4817 tan-

1746 4853 1932 4911 quam
1956 4834 2024 4892 ad
2044 4835 2316 4891 ultimum
2340 4834 2518 4892 finem
2540 4852 2712 4908 super
2731 4840 2927 4895 omnia
2947 4821 3118 4899 dilec-

1758 4925 1883 4975 tum
1906 4935 1936 4974 a
1952 4916 2384 4990 supposito,nisi
2409 4916 2562 4973 istud
2586 4917 2791 4975 habeat
2819 4925 3112 4992 naturam,

1758 5000 1849 5056 cui
1862 4997 2195 5072 praedictum
2212 4996 2428 5054 bonum
2445 4998 2874 5071 correspondet,
2905 5020 3031 5075 quae
3054 5005 3117 5062 in

1762 5085 1959 5139 nostro
1997 5094 2128 5137 casu
2156 5083 2240 5137 est
2269 5078 2457 5154 gratia
2476 5077 2856 5138 sanctificans.
2888 5083 3116 5222 {ilmin-
