3647 5753
116 2134 288 2177 D.'l‘ho.

1514 428 1691 485 DISP.
1738 429 1806 494 11,
1852 429 2016 485 DUB.
2064 430 2157 486 vl.
3080 435 3189 487 453

316 602 514 659 tendit
539 619 608 660 ex
643 604 765 677 ejus
788 602 1185 669 inclinatione,
1213 607 1268 658 et
1305 618 1375 659 ex
1406 602 1693 659 informa-

321 687 485 743 tione
512 687 811 743 charitatis
859 685 921 741 in
952 688 1152 752 Deum,
1196 689 1471 758 tanquam
1494 685 1558 740 in
1601 685 1691 740 ul·

316 768 539 834 timum
581 766 757 824 finem
784 770 894 833 cui,
925 772 981 824 et
1019 770 1176 839 cujus
1196 768 1421 838 malim
1448 769 1577 824 licet
1621 782 1692 823 ex

319 849 564 923 propria
627 849 812 921 specie
877 853 1103 920 appetat
1149 847 1364 904 bonum
1422 847 1691 904 divinum

316 931 562 1003 proprio
602 930 913 1002 supposito,
960 934 1233 1001 tanquam
1282 928 1385 984 fini
1432 931 1564 995 σαῖς
1608 933 1694 984 est

312 1011 482 1068 enim
511 1012 675 1067 amor
701 1008 1254 1080 concupiscentiae.Si
1283 1014 1473 1066 autem
1496 1009 1709 1073 solum,

316 1091 610 1149 radicetur
633 1091 694 1146 in
722 1096 929 1145 natura
971 1094 1264 1155 creaturae,
1290 1090 1441 1145 sistit
1480 1089 1543 1144 in
1570 1089 1692 1162 ejus

313 1171 559 1245 proprio
587 1169 734 1226 bono
758 1175 1030 1241 tanquam
1062 1169 1125 1224 in
1151 1169 1355 1225 ultimo
1392 1167 1508 1224 fine
1535 1170 1692 1239 cujus

306 1253 526 1322 qratia,
553 1257 609 1306 et
655 1252 716 1307 in
744 1252 866 1323 ipsa
895 1254 1100 1305 natura
1149 1255 1423 1323 tanquam
1455 1250 1518 1304 in
1548 1248 1690 1304 ulti-

312 1351 418 1391 mo
440 1333 555 1390 fine
576 1337 687 1389 cui.
718 1332 878 1398 Quod
905 1331 1092 1403 potius
1134 1328 1328 1388 firmat
1363 1331 1687 1389 doctrinam

311 1422 597 1481 nostram,
636 1414 964 1471 etdeclarat
1004 1413 1321 1486 quamlibet
1352 1413 1689 1470 inclinatio-

316 1512 477 1563 nem,
529 1496 660 1552 licet
699 1492 917 1550 auxilio
943 1493 1371 1564 supernaturali
1410 1493 1683 1560 elicitam,

315 1578 523 1634 sistere
566 1581 839 1648 tanquam
881 1574 944 1629 in
974 1575 1179 1631 ultimo
1233 1574 1349 1632 fine
1395 1574 1459 1631 in
1487 1574 1686 1632 eadem

317 1664 549 1721 natura,
582 1673 613 1712 a
637 1672 748 1729 qua
778 1654 1047 1726 procedit,
1073 1660 1129 1710 et
1157 1655 1220 1709 in
1249 1671 1360 1727 qua
1389 1655 1686 1712 fundatur.

318 1738 487 1795 Unde
512 1739 560 1793 si
588 1743 744 1793 actus
786 1736 1081 1792 charitatis
1112 1735 1341 1808 respicit
1365 1736 1689 1792 essentiali-

318 1822 408 1873 ter
431 1816 646 1873 bonum
699 1822 920 1872 naturae
945 1814 1161 1871 divinae
1210 1819 1482 1886 tanquam
1510 1814 1688 1872 finem

321 1897 620 1962 ultimum,
647 1913 787 1969 opus
801 1900 903 1962 est,
931 1894 1079 1968 quod
1104 1893 1389 1950 radicetur
1406 1895 1468 1950 in
1488 1894 1689 1952 eadem

322 1983 532 2033 natura·
559 1977 897 2049 participata
932 1991 1030 2048 per
1057 1976 1327 2048 gratiam.
1361 1977 1544 2040 Quam
1573 1974 1691 2031 dif-

330 2058 635 2115 ferentiam
687 2060 842 2115 inter
897 2058 1194 2130 praedictos
1236 2073 1462 2114 amores
1499 2057 1690 2114 docuit

327 2143 392 2197 D.
422 2142 626 2198 Thom.
672 2143 728 2207 2,
761 2143 815 2205 2,
851 2147 1036 2216 quaest.
1082 2142 1166 2204 17,
1198 2147 1307 2196 art.
1334 2142 1388 2206 8,
1418 2139 1507 2195 his
1555 2156 1689 2197 ver-

329 2221 440 2277 bis:
478 2245 503 2274 «
533 2227 711 2278 Amor
736 2219 969 2293 quidam
998 2226 1084 2276 est
1122 2220 1418 2293 perfectus,
1453 2220 1686 2292 quidam

334 2323 360 2352 «
383 2301 769 2373 imperfectuS.
803 2300 1090 2356 Perfectus
1130 2298 1361 2372 quidem
1390 2315 1554 2355 amor
1580 2304 1683 2367 est,

332 2403 357 2432 α
381 2398 495 2453 quo
529 2383 738 2455 aliquis
782 2379 1091 2438 secundum
1133 2398 1194 2438 se
1222 2384 1464 2447 amatur,
1496 2386 1688 2453 utpote

334 2482 359 2511 «
384 2462 475 2517 cui
501 2463 710 2534 aliquis
736 2463 860 2516 vult
902 2461 1137 2526 bonum,
1170 2461 1317 2516 sicut
1338 2461 1510 2518 homo
1534 2465 1689 2517 amat

338 2564 363 2593 «
394 2542 664 2598 amicum.
697 2542 1058 2613 Imperfectus
1085 2558 1249 2599 amor
1275 2547 1375 2608 est,
1423 2558 1535 2615 quo
1560 2541 1689 2612 quis

339 2644 366 2674 α
396 2628 552 2678 amat
578 2620 806 2694 aliquod
852 2637 965 2678 non
1008 2623 1322 2682 secundum
1355 2623 1562 2695 ipsum,
1587 2620 1687 2677 sed

337 2724 366 2754 «
395 2707 459 2757 ut
486 2701 629 2757 illud
658 2701 871 2758 bonum
899 2702 1008 2759 sihi
1052 2705 1162 2777 ipsi
1193 2703 1513 2775 proveniat,
1544 2702 1689 2758 sicut

332 2804 360 2835 α
390 2782 565 2839 homo
590 2790 744 2839 amat
785 2799 927 2851 rem,
957 2800 1129 2856 quam
1158 2783 1520 2856 concupiscit.
1552 2782 1688 2838 Pri-

327 2887 352 2917 ιι
387 2882 518 2921 mus
547 2872 736 2922 autem
779 2883 944 2924 amor
960 2867 1209 2940 pertinet
1228 2866 1297 2924 ad
1320 2866 1681 2934 charitatem,

323 2969 349 2998 «
381 2964 508 3019 quae
579 2949 820 3005 inhaeret
877 2951 990 3006 Deo
1041 2947 1356 3004 secundum
1414 2947 1681 3018 seipsam.

322 3050 348 3079 κ
381 3028 490 3084 Sed
510 3045 637 3100 spes
659 3030 904 3101 pertinet
947 3028 1017 3086 ad
1058 3029 1371 3085 secundum
1403 3042 1681 3092 amorem,

323 3129 349 3160 ι(
381 3109 517 3181 quia
545 3110 647 3165 ille
673 3109 771 3182 qui
797 3115 1005 3182 sperat,
1034 3109 1254 3182 aliquid
1283 3108 1394 3164 sibi
1424 3107 1687 3166 obtinere

323 3213 350 3242 α
382 3190 647 3247 intendit.
684 3212 708 3243 »
744 3196 857 3248 Nec
889 3198 1189 3264 propterea
1229 3192 1509 3264 sequitur,
1537 3206 1686 3263 prae-

313 3269 536 3326 dictum
564 3272 684 3344 spei
714 3289 972 3330 amorem
1008 3272 1130 3329 fore
1178 3272 1635 3345 peccaminosum
1668 3293 1683 3337 ;

315 3353 453 3425 quia
479 3352 610 3408 licet
630 3356 903 3426 ex-specie
930 3372 1032 3410 sua
1061 3369 1178 3411 non
1204 3354 1468 3426 respiciat
1495 3353 1687 3410 deter-

318 3436 543 3491 minate
570 3437 953 3493 essentialiter
981 3439 1159 3492 Deum
1191 3436 1461 3491 ultimum
1509 3434 1685 3491 finem

314 3515 591 3571 dilectum
632 3515 975 3589 simpliciter
1001 3533 1174 3589 super
1202 3518 1401 3574 omnia
1429 3537 1441 3578 ;
1465 3516 1687 3572 nihilo-

315 3597 518 3652 minus
545 3598 881 3668 praedictum
913 3604 1228 3670 respectum
1257 3615 1327 3655 ex
1348 3614 1407 3654 se
1437 3612 1687 3653 nonex-

313 3676 512 3744 cludit,
539 3694 643 3734 nec
671 3678 834 3734 affert
859 3695 929 3734 ex
954 3695 1014 3734 se
1048 3678 1265 3751 aliquid
1308 3678 1687 3749 incompossi-

316 3758 435 3842 l3ile
460 3776 590 3815 cum
627 3761 729 3816 tali
758 3760 1106 3828 dilectione;
1148 3761 1249 3817 sed
1291 3761 1588 3833 praecisive
1626 3776 1686 3817 se

316 3839 508 3906 habet,
539 3841 790 3897 sistendo
809 3842 970 3914 quasi
1017 3842 1279 3916 negative
1309 3843 1372 3897 in
1400 3846 1680 3906 creatura,

318 3925 594 3993 tanquam
623 3922 686 3977 in
727 3920 842 3979 fine
867 3925 976 3978 cui.
1002 3922 1161 3987 Quod
1190 3923 1435 3980 minime
1460 3922 1680 3990 sufficit,

320 4007 383 4056 ut
405 4002 675 4057 reddatur
704 4008 857 4059 actus
880 4004 1325 4075 peccaminosus,
1360 4009 1422 4060 ut
1451 4007 1599 4076 patet
1621 4003 1685 4058 in

319 4082 637 4147 attritione,
664 4089 719 4138 et
759 4084 821 4138 in
850 4083 1113 4155 pluribus
1141 4082 1358 4139 actibus
1385 4084 1686 4140 moraliter

304 4160 507 4230 ἱ1)οηίε,
540 4163 637 4234 qui
660 4162 971 4219 eliciuntur
998 4179 1031 4219 a
1061 4167 1367 4234 peccatore,
1400 4168 1456 4220 et
1474 4164 1687 4218 sistunt

321 4244 586 4300 ultimate
631 4245 694 4300 in
734 4245 856 4318 ejus
910 4245 1144 4317 proprio
1198 4243 1348 4312 sine;
1398 4243 1496 4301 sed
1549 4245 1685 4316 quia

316 4326 467 4382 hanc
516 4325 859 4390 sistentiam.
891 4329 1014 4384 sive
1035 4328 1354 4383 carentiam
1390 4326 1684 4383 ulterioris

316 4405 544 4464 ordinis
566 4408 634 4464 ad
660 4411 839 4465 Deum
884 4408 1059 4467 finem
1085 4410 1358 4465 ultimum
1382 4425 1451 4464 ex
1477 4425 1538 4465 se
1565 4423 1683 4464 non

317 4488 585 4555 afferunt,
640 4505 742 4546 nec
808 4490 1044 4547 aliunde
1108 4489 1339 4563 aliquod
1399 4488 1682 4564 objectum

318 4567 719 4626 inordinatum
743 4571 1033 4645 attingunt
1063 4595 1077 4638 ;
1117 4576 1418 4643 propterea
1457 4571 1682 4626 nullam

316 4650 571 4708 induunt
622 4653 928 4718 malitiam,
963 4659 1060 4709 aut
1112 4652 1556 4710 deformitatem.
1616 4654 1682 4708 In

314 4747 427 4804 quo
472 4731 610 4788 satis
658 4732 933 4790 differunt
960 4734 1271 4807 a·peccatis
1318 4730 1676 4799 mortalibuS,

317 4819 373 4870 et
410 4813 780 4882 venialibus;
832 4815 935 4871 illa
961 4817 1171 4889 quippe
1222 4814 1469 4871 afferunt
1512 4831 1583 4871 ex
1621 4829 1682 4870 se

318 4894 938 4964 insubordinationem,
1005 4904 1061 4955 et
1107 4896 1545 4971 repugnantiam
1610 4895 1680 4952 ad

318 4977 500 5033 Deum
544 4974 721 5033 finem
751 4978 1053 5044 ultimum;
1097 4978 1213 5034 haec
1242 4976 1535 5036 verojicet
1562 4991 1680 5032 non

317 5061 691 5131 opponantur
740 5055 846 5114 fini
893 5058 1119 5127 ultim0,
1152 5057 1439 5132 attingunt
1487 5060 1680 5113 tamen

1825 602 2055 675 aliquod
2083 602 2362 679 obJ‘ectum
2387 605 2805 673 inordinatum,
2836 612 2891 661 ut
2934 605 3187 662 diximus

1828 691 1987 740 tract.
2019 687 2072 750 8,
2101 687 2212 741 loco
2239 704 2412 760 supra
2440 690 2626 743 citato.

1899 763 1987 819 Ad
2027 766 2295 822 ultimam
2335 773 2552 824 constat
2572 784 2642 824 ex
2670 768 2835 825 dictis
2866 793 2879 836 3
2913 785 3048 824 nam
3090 785 3183 827 ra-
3221 777 3388 835 Ultjmae

1825 847 1907 903 tio
1930 858 2103 919 supra
2156 848 2300 906 facta
2327 865 2443 905 non
2470 852 2658 907 solum
2707 851 2908 924 probat
2934 852 3186 908 inclina-
3221 828 3383 871 summ·

1818 931 2040 993 ,tionem
2069 929 2277 987 debere
2304 948 2623 1004 supponere
2666 940 2957 999 naturam,
2988 934 3055 989 ad
3086 950 3185 990 cu-

1818 1010 1913 1084 jus
1937 1010 2151 1068 bonum
2178 1013 2460 1084 primario
2481 1013 2742 1080 inclinat,
2769 1020 2823 1071 et
2845 1013 2901 1069 id
2929 1030 3050 1071 esse
3072 1030 3191 1069 ma-

1823 1088 1910 1164 gis
1936 1105 2252 1163 congruum
2295 1091 2524 1146 naturis
2553 1107 2749 1148 rerum
2783 1116 2797 1158 3
2821 1092 2915 1149 sed
2940 1092 2997 1147 id
3015 1092 3188 1148 etiam

1762 1173 1765 1175 ’
1822 1169 2039 1226 evincit
2061 1184 2163 1241 per
2191 1175 2510 1243 respectum
2539 1170 2609 1226 ad
2645 1188 3066 1245 quamcumque
3089 1190 3194 1244 po-

1823 1251 2107 1318 tentiam;
2153 1250 2429 1308 fundatur
2474 1253 2683 1326 quippe
2730 1253 2999 1326 praedicta
3045 1255 3192 1311 ratio

1822 1331 1887 1388 in
1914 1331 2203 1406 exigentia
2241 1332 2534 1391 essentiali
2581 1334 2830 1407 cujusvis
2858 1335 3191 1393 inclinatio-

1823 1413 1935 1469 nis,
1967 1415 2082 1469 Nec
2132 1413 2458 1486 oppositum
2492 1412 2737 1486 probant
2761 1415 2866 1471 illa
2901 1417 3184 1489 exempla,

1820 1499 1876 1550 et
1913 1492 2026 1549 alia
2069 1509 2193 1565 quae
2237 1493 2436 1551 a‘fferri
2468 1500 2694 1568 possent
2729 1519 2743 1562 ;
2785 1496 2921 1567 quia
2968 1497 3060 1553 vel
3099 1513 3184 1560 ea.

1821 1588 1946 1646 quae
1984 1573 2393 1630 inclinationes
2451 1573 2740 1641 dicuntur,
2787 1576 3191 1633 inclinationes

1768 1708 1773 1713 ,
1823 1667 1943 1708 non
1978 1654 2253 1719 sunt,'sed
2279 1653 2514 1727 quidam
2542 1660 2729 1712 motus
2771 1655 2842 1711 ab
2868 1657 3190 1713 extrinseco

1814 1731 2113 1804 impressi,
2148 1733 2217 1789 ad
2240 1749 2378 1807 quos
2414 1741 2621 1791 natura
2649 1736 2772 1807 ipsa
2801 1751 2918 1792 non
2944 1752 3189 1793 concur-

1827 1812 1905 1867 rit
1942 1814 2036 1869 vel
2081 1816 2374 1871 concurrit
2399 1815 2710 1881 'violenter,
2768 1823 2831 1871 ut
2869 1833 2997 1872 cum
3043 1816 3190 1889 lapis

1822 1909 2054 1949 sursum
2083 1895 2400 1969 projicitur.
2431 1897 2533 1951 Vel
2579 1901 2781 1952 natura
2810 1913 2908 1969 per
2934 1914 3028 1954 eos
3058 1913 3184 1953 mo-

1822 1979 1914 2030 tus
1931 1973 2158 2048 attingit
2179 1974 2394 2031 bonum
2418 1988 2743 2042 commune,
2770 1983 2826 2033 et
2851 1978 2958 2049 ipsi
2987 1977 3185 2034 deser-

1823 2055 1908 2111 vit
1932 2079 1945 2121 ;
1976 2059 2032 2110 et
2060 2056 2209 2111 ineo
2229 2062 2438 2112 eventu
2463 2054 2698 2120 bonum,
2721 2056 2803 2111 'ad
2829 2056 2978 2128 quod
3000 2062 3188 2113 motus

1823 2136 2129 2203 inclinant,
2201 2153 2317 2193 non
2363 2143 2447 2194 est
2492 2137 2734 2193 omnino
2774 2137 3068 2194 diversum
3118 2138 3190 2193 ab

1823 2219 1948 2292 ipsa
1976 2224 2200 2288 natura,
2227 2217 2325 2275 sed
2365 2224 2731 2291 comparatur
2759 2220 2827 2276 ad
2853 2236 3001 2287 eam,
3054 2228 3187 2276 tan-

1821 2315 1996 2373 quam
2047 2305 2229 2357 totum
2275 2299 2345 2356 ad
2392 2302 2822 2372 partem;sicut
2872 2300 3074 2358 accidit
3115 2302 3178 2356 in

1821 2381 2113 2456 gravibuS,
2163 2398 2291 2439 cum
2336 2388 2644 2438 moventur
2691 2399 2919 2438 sursum
2973 2382 3043 2438 ad
3093 2398 3187 2438 re-

1825 2462 2099 2535 plendum
2120 2479 2378 2528 vacuum,
2426 2468 2484 2518 et
2512 2463 2913 2519 instrumentis
2943 2468 3186 2520 natura-

1823 2542 1973 2599 libus
2011 2543 2224 2601 divinae
2263 2543 2512 2608 virtutiS,
2559 2544 2719 2617 juxta
2771 2559 2837 2599 ea
2864 2560 2989 2615 quae
3034 2543 3190 2598 dixi-

1821 2643 1952 2682 mus
1974 2627 2037 2683 in
2054 2627 2423 2699 responsione
2439 2625 2507 2681 ad
2528 2627 2777 2699 primam
2790 2625 3183 2698 obJectionem.

1821 2708 1928 2764 Vel
1955 2706 2201 2780 denique
2230 2707 2319 2762 illi
2364 2713 2554 2765 motus
2593 2711 2654 2761 ut
2682 2723 2714 2762 a
2744 2711 2951 2762 natura
2992 2722 3189 2778 proce-

1821 2788 1984 2856 dunt,
2030 2790 2329 2847 collimant
2362 2788 2569 2845 ultimo
2602 2787 2671 2844 ad
2717 2789 2838 2862 ejus
2888 2788 3190 2860 perfectio-

1825 2889 1979 2942 nem,
2011 2871 2148 2929 dum
2197 2871 2572 2929 manifestant
2600 2872 2874 2929 virtutem
2904 2888 3020 2927 suae
3043 2870 3190 2928 radi·

1820 2955 1904 3011 cis
1929 2974 1941 3015 ;
1982 2954 2246 3027 quamvis
2272 2954 2702 3019 exintentione,
2732 2959 2786 3009 et
2808 2954 3190 3010 inclinatione

1822 3035 2041 3110 agentis
2079 3035 2394 3108 superioris
2426 3033 2774 3092 ordinentur
2802 3034 2964 3105 quasi
2994 3033 3064 3088 ab
3086 3051 3193 3091 ex-

1822 3114 2073 3172 trinseco
2095 3115 2163 3171 ad
2180 3114 2474 3171 diversum
2503 3114 2677 3169 finem
2699 3135 2714 3178 ;
2738 3113 2880 3168 sicut
2903 3112 3103 3168 accidit
3129 3115 3192 3169 in

1825 3195 1993 3252 rebus
2022 3194 2398 3259 naturalibuS,
2432 3211 2564 3249 cum
2586 3197 2959 3249 assumuntur
2985 3198 3044 3246 ut
3069 3192 3196 3247 sint

1826 3275 2214 3331 instrumenta
2265 3273 2336 3330 ad
2384 3272 2782 3346 attingendum
2827 3271 3075 3336 effectuS,
3103 3274 3192 3328 vel

1821 3357 2306 3429 supernaturaleS,
2337 3355 2430 3411 vel
2459 3353 2812 3410 artificiOSOS.
2848 3355 2921 3408 At
2944 3353 3191 3409 inclina-

1823 3438 1904 3494 tio
1930 3454 2055 3511 quae
2093 3443 2290 3510 suopte
2342 3434 2591 3508 pondere
2630 3435 2814 3490 fertur
2863 3435 2923 3489 in
2972 3434 3187 3490 bonum

1823 3520 2066 3593 alicujus
2094 3524 2331 3587 naturae,
2362 3519 2445 3574 uti
2474 3533 2637 3573 amor
2678 3516 2974 3572 charitatis
3000 3532 3060 3571 se
3084 3516 3189 3571 ha-

1823 3598 2005 3656 hetin
2048 3599 2264 3656 bonum
2307 3598 2598 3661 divinum,
2624 3596 2948 3651 necessario
2975 3597 3198 3667 suppo-1x

1822 3676 1911 3734 nit
1950 3680 2134 3752 ipsam
2184 3683 2452 3734 naturam
2512 3682 2789 3747 tanquam
2847 3673 2934 3728 sui
2978 3674 3190 3731 funda-

1822 3766 2084 3817 mentum
2126 3767 2183 3817 et
2209 3759 2503 3824 radicem;
2546 3761 2603 3813 et
2656 3756 2980 3827 oppositum
3023 3755 3187 3811 nulla

1820 3841 2030 3899 efficaci
2061 3844 2149 3899 vel
2203 3842 2444 3908 ratione,
2499 3839 2590 3896 vel
2619 3836 2976 3910 experientia
3003 3842 3185 3908 potest

1821 3924 2074 3982 ostendi.

2396 4099 2428 4165 g
2469 4051 2611 4148 Vm

1981 4259 2288 4316 Roboratur
2325 4256 2558 4312 ulterius
2599 4254 3016 4324 fundamentum

2220 4338 2413 4387 nostroe
2439 4329 2776 4386 assertionis,

1892 4496 2022 4550 2:21.
2058 4492 2272 4549 Deinde
2300 4488 2649 4564 principium
2674 4484 2838 4551 illud,
2870 4486 2959 4542 cui
2985 4480 3374 4573 inniti-effi&

1817 4583 1914 4629 tur
1937 4578 2131 4628 nostra
2157 4570 2463 4636 conclusio,
2497 4572 2676 4640 potest
2702 4565 2946 4622 ulterius
2972 4565 3187 4623 confir-
3226 4579 3356 4622 usest

1818 4654 1967 4709 mari
2003 4652 2259 4724 sequenti
2286 4650 2544 4706 discursu
2581 4668 2593 4703 ε
2624 4646 2896 4719 quoniam
2927 4634 3401 4721 implicatlflfflggfi.

1818 4733 2116 4790 hominem
2151 4730 2348 4787 vivere
2372 4726 2713 4800 simpliciter
2753 4719 2872 4780 vita
2899 4738 3181 4796 superna-
3192 4732 3405 4819 ξξῆιέἓῐιιιιῃ.

1818 4812 2018 4879 turali,
2044 4816 2100 4867 et
2126 4809 2352 4875 morali,
2381 4807 2492 4863 nisi
2523 4822 2623 4879 per
2648 4805 2896 4880 gratiam
2923 4802 3180 4859 sanctiti-
3211 4824 3399 4882 pugnet.

1816 4900 2040 4952 cantem
2082 4892 2222 4949 :sed
2267 4891 2459 4957 homo,
2510 4889 2608 4962 qui
2656 4902 2851 4944 amore
2889 4884 3186 4954 charitatis
3212 4874 3383 4975 0333&

1814 4975 2082 5050 diligeret
2109 4977 2290 5030 Deum
2339 4971 2514 5028 finem
2543 4969 2818 5026 ultimum
2860 4980 3031 5037 super
3057 4979 3187 5020 om-
3200 4973 3403 5018 essentia·

1817 5058 1936 5126 nia,
1973 5056 2198 5115 viveret
2219 5050 2563 5125 simpliciter
2590 5049 2709 5108 vita
2733 5045 3184 5120 supernaturali,
3227 5022 3375 5125 ἓξὲἷῑξξ
