3647 5753
578 380 699 437 *262
912 339 921 347 ⁸
1298 383 1303 388 ’
1612 385 1705 440 DE
1744 385 2015 441 GRATIA
2055 385 2393 440 EFFICACI.

591 551 652 606 in
692 550 890 608 effectu
923 559 1196 625 repertaS,
1223 571 1292 613 eo
1317 555 1467 629 quod
1507 558 1737 631 respicit
1774 558 1945 614 illum

581 628 693 685 ¹sub
755 631 976 687 ratione
1042 634 1540 693 universalissima
1592 637 1760 703 entis,
1820 652 1946 709 quas

589 711 883 784 praedictas
903 713 1152 771 rationes
1169 718 1538 775 transcendit.
1557 718 1944 784 Quamobrem

589 792 751 849 nulla
776 809 978 850 earum
1004 797 1289 867 reperitur
1309 797 1372 854 in
1395 798 1613 868 ellectu,
1636 815 1763 870 quae
1788 799 1945 856 divi-

586 888 724 930 nam
765 875 1101 942 motionem,
1134 882 1190 934 et
1215 877 1759 939 determinationem
1804 880 1944 937 sub-

584 954 873 1028 terfugiat,
899 955 996 1012 sed
1018 959 1220 1015 omnes
1247 959 1457 1016 cadunt
1477 961 1583 1018 sub
1610 962 1735 1018 illa.
1779 960 1943 1018 Unde

583 1036 839 1116 influxus
865 1044 1142 1094 creaturae
1174 1056 1291 1098 non
1333 1041 1635 1110 modificat,
1666 1048 1722 1101 et
1749 1043 1943 1100 deter-

576 1117 765 1174 minat
787 1117 1073 1174 inssuxum
1099 1119 1377 1179 efficacem
1401 1123 1521 1187 Dei,
1546 1122 1644 1180 sed
1667 1124 1855 1197 potius
1870 1122 1941 1179 ab

578 1199 683 1256 illo
709 1197 1023 1256 secundum
1051 1216 1253 1259 omnes
1293 1202 1690 1271 formalitates,
1729 1210 1786 1263 et
1812 1221 1943 1263 mo-

571 1280 693 1347 dos,
725 1287 780 1338 et
801 1282 1263 1339 circumstantias
1313 1282 1752 1343 determinatur.
1806 1290 1942 1352 Quae

575 1367 664 1420 est
687 1361 949 1420 doctrina
990 1367 1054 1420 D.
1086 1365 1290 1422 Thom.
1324 1366 1461 1424 locis
1484 1368 1673 1425 citatis
1697 1370 1839 1442 disp.
1882 1371 1935 1438 4,

570 1446 706 1501 dub.
727 1448 784 1512 6,
809 1454 858 1501 et
881 1450 940 1501 in
960 1448 1068 1504 hac
1086 1448 1229 1521 disp.
1253 1449 1380 1506 dub.
1411 1453 1466 1518 4,
1492 1468 1664 1524 quam
1686 1467 1941 1509 commu-

578 1528 730 1584 niter
764 1525 1001 1583 tradunt
1032 1528 1155 1601 ejus
1188 1529 1476 1604 discipuli,
1508 1532 1647 1589 dum
1676 1538 1941 1590 asserunt

568 1610 820 1685 gratiam
847 1625 969 1666 esse
993 1610 1273 1669 efficacem
1300 1628 1372 1668 ex
1397 1630 1478 1680 se,
1522 1619 1577 1671 et
1606 1613 1676 1670 ab
1718 1615 1937 1672 intrin-

574 1688 915 1746 seco-Unde
940 1690 1038 1762 qui
1085 1691 1149 1746 in
1183 1694 1450 1765 praesenti
1499 1692 1791 1751 contrarie
1816 1694 1939 1751 dis-

571 1775 837 1836 currunt,
895 1785 1012 1827 non
1069 1772 1206 1828 satis
1256 1771 1368 1828 sibi
1413 1779 1697 1841 constant,
1747 1779 1811 1830 ut
1868 1774 1938 1833 de

578 1849 827 1924 Caietan.
859 1851 1020 1924 cujus
1061 1857 1147 1908 est
1193 1851 1312 1909 haec
1359 1851 1743 1921 confirmatio,
1787 1854 1938 1912 dixit

578 1930 853 1988 Ledesma
876 1932 971 1988 ubi
991 1948 1184 2006 supra,
1215 1935 1316 2005 sol.
1341 1936 1431 1992 99.
1517 1933 1522 1942 ’

650 2011 929 2067 Addimus
950 2013 1265 2071 motionem
1317 2014 1418 2071 Dei
1474 2014 1789 2073 modificari
1834 2033 1936 2089 per

573 2108 769 2148 causas
796 2092 1072 2149 secundas
1099 2095 1162 2149 in
1191 2093 1298 2150 hoc
1322 2110 1513 2157 sensu.
1544 2096 1692 2168 quod
1723 2097 1936 2154 liberas

572 2180 764 2232 movet
785 2173 854 2230 ad
871 2182 1025 2231 actus
1045 2175 1279 2244 liberos,
1299 2182 1354 2234 et
1379 2180 1728 2235 necessarias
1743 2184 1937 2237 movet

574 2254 644 2310 ad
697 2259 850 2311 actus
891 2257 1255 2314 necessarios.
1313 2258 1593 2314 Caeterum
1650 2259 1769 2315 haec
1815 2275 1934 2317 non

571 2335 963 2403 verificantur,
1006 2337 1121 2393 nisi
1161 2339 1472 2410 suppositis
1517 2340 1928 2413 supponendis,

573 2420 691 2473 tam
711 2433 782 2472 ex
800 2422 958 2489 parte
982 2434 1164 2474 causa?
1191 2420 1415 2492 primae,
1448 2436 1621 2491 quam
1647 2420 1926 2479 secundae.

573 2497 642 2551 Et
662 2497 796 2568 quia
818 2502 972 2553 actus
994 2499 1193 2570 nequit
1221 2496 1350 2555 fieri
1382 2496 1580 2565 libere,
1633 2500 1744 2555 nisi
1791 2516 1933 2558 con-

572 2582 727 2633 notet
747 2593 817 2633 ex
840 2582 1000 2650 parte
1017 2579 1116 2634 Dei
1135 2582 1468 2651 potestatem
1481 2577 1551 2635 ad
1567 2580 1891 2652 oppositum
1913 2603 1927 2648 3

570 2674 694 2730 quae
722 2665 963 2731 potestas
1005 2662 1117 2716 Deo
1146 2665 1510 2734 repugnaret,
1565 2661 1614 2716 si
1643 2667 1835 2735 ageret
1860 2678 1930 2718 ex

571 2739 904 2796 necessitate
930 2744 1152 2795 naturae
1182 2760 1196 2794 ε
1236 2744 1533 2812 propterea
1573 2740 1636 2795 in
1664 2740 1931 2812 praedicta

571 2819 892 2892 hypothesi,
925 2818 1104 2875 motio
1132 2819 1230 2875 Dei
1266 2833 1382 2876 non
1411 2825 1594 2892 posset
1620 2820 1929 2879 terminari

571 2901 642 2958 ad
670 2907 856 2958 actum
880 2900 1151 2968 liberum,
1184 2917 1368 2973 neque
1396 2901 1465 2957 ad
1494 2902 1550 2958 id
1583 2918 1683 2976 per
1702 2911 1930 2961 creatu-

571 2997 696 3038 ram
720 2980 1120 3038 determinari.
1154 2983 1222 3036 Et
1244 2981 1308 3037 in
1335 2981 1440 3038 hoc
1452 2998 1645 3049 sensu,
1667 2999 1929 3042 concesso

570 3060 945 3128 antecedenti,
971 3077 1247 3136 negamus
1273 3064 1760 3135 consequentiam.

353 3151 544 3195 &cunda
644 3143 772 3199 363.
819 3142 904 3197 Ad
949 3140 1257 3198 secundam
1298 3140 1793 3201 confirmationem
1833 3144 1929 3200 di-

371 3210 542 3294 ciffi-va·
568 3223 813 3280 cendum
834 3226 936 3288 est,
955 3237 1027 3279 ex
1046 3237 1113 3278 ea
1139 3219 1209 3277 ad
1229 3238 1524 3279 summum
1549 3224 1800 3296 probari,
1820 3241 1928 3281 vo-

570 3304 834 3360 litionem
854 3307 1103 3360 creatam
1119 3301 1242 3359 iore
1263 3302 1326 3359 in
1349 3303 1452 3359 illa
1467 3303 1766 3377 hypothesi
1785 3321 1926 3361 con—

566 3385 904 3458 tingentem,
950 3398 1066 3440 non
1113 3387 1303 3438 autem
1354 3381 1616 3440 liberam.
1665 3386 1734 3439 Et
1779 3386 1927 3442 ratio

566 3463 810 3521 habetur
829 3480 901 3521 ex
926 3462 1092 3520 dictis
1117 3465 1149 3532 g
1176 3464 1251 3530 33
1282 3478 1420 3519 nam
1442 3464 1833 3537 contingen-tia
1862 3465 1925 3520 in

564 3543 784 3618 agendo
847 3538 1035 3601 solum
1104 3543 1378 3615 importat
1433 3541 1923 3600 defectibilitatem

564 3624 856 3697 principii,
904 3640 1028 3697 quae
1055 3621 1238 3680 adhuc
1275 3623 1611 3680 conveniret
1636 3625 1922 3681 voluntati

561 3710 766 3761 creatae
779 3721 849 3762 ex
875 3720 954 3771 se,
979 3704 1243 3777 quamvis
1260 3704 1403 3760 Deus
1425 3708 1617 3779 ageret
1634 3720 1704 3761 ex
1726 3721 1923 3762 neces-

561 3788 729 3845 sitate
755 3793 1000 3844 naturae.
1029 3785 1287 3843 Libertas
1313 3792 1503 3844 autem
1531 3785 1807 3860 importat
1827 3804 1924 3860 po-

559 3872 820 3925 testatem
859 3865 1280 3924 dominativam
1308 3883 1481 3940 super
1508 3873 1817 3941 utrumque
1846 3870 1922 3924 li-

559 3948 796 4007 bertatis
809 3956 1154 4014 extremum,
1179 3963 1304 4021 quae
1320 3964 1438 4006 non
1453 3953 1635 4021 potest
1646 3956 1838 4007 creatu
1846 3967 1922 4008 rae

557 4031 888 4095 convenire,
920 4028 1034 4085 nisi
1062 4034 1125 4084 ut
1147 4026 1534 4085 subordinatas
1561 4031 1674 4085 Deo
1701 4030 1918 4102 potenti

558 4110 723 4167 illam
775 4124 1127 4182 praemovere
1177 4108 1248 4165 ad
1300 4107 1658 4177 utrumlibet,
1712 4111 1916 4168 saltem

558 4207 663 4263 pro
689 4189 999 4248 materiali.
1030 4191 1102 4244 Et
1127 4189 1263 4261 quia
1304 4188 1631 4263 hujusmodi
1674 4196 1918 4263 potestas

556 4275 672 4331 Deo
693 4289 812 4330 non
832 4270 1187 4337 conveniret,
1212 4270 1261 4327 si
1285 4276 1477 4346 ageret
1494 4286 1565 4329 ex
1588 4273 1918 4330 necessitate

558 4360 799 4419 naturae,
824 4356 1125 4426 propterea
1153 4352 1217 4408 in
1241 4366 1308 4408 ea
1329 4352 1628 4427 hypothesi
1650 4353 1918 4411 voluntas

552 4440 743 4491 creata
784 4450 901 4490 non
930 4437 1122 4507 ageret
1149 4431 1349 4499 libere,
1378 4432 1476 4490 sed
1505 4433 1584 4489 ita
1612 4440 1823 4508 ageret,
1855 4440 1917 4491 ut

556 4530 674 4572 non
703 4520 888 4588 posset
924 4514 985 4570 in
1005 4513 1206 4571 eodem
1230 4513 1471 4570 instanti
1500 4513 1712 4571 habere
1737 4531 1917 4589 oppo-

550 4597 729 4652 situm
768 4594 1126 4651 exercitium.
1159 4595 1505 4667 Exemplum
1548 4600 1738 4650 autem
1768 4594 1914 4651 illud

556 4678 864 4750 praemissae
886 4677 1235 4743 necessariae,
1258 4681 1316 4737 et
1343 4676 1651 4748 praemissae
1684 4679 1915 4734 contin-

550 4761 738 4834 gentis
758 4762 945 4816 solum
975 4758 1294 4833 persuadet,
1327 4758 1550 4815 futuros
1575 4774 1696 4816 esse
1720 4761 1913 4832 plures

547 4840 781 4898 effectus
804 4842 1214 4915 contingenteS‚
1241 4839 1468 4897 etiamsi
1493 4840 1639 4896 Deus
1661 4856 1914 4897 necessa-

554 4921 642 4979 rio
676 4927 885 4996 ageret,
918 4920 990 4978 ob
1015 4919 1505 4979 defectibilitatem
1535 4921 1911 4977 intrinsecam

552 5002 824 5076 principii
850 5002 1100 5075 proximi
1115 5003 1308 5060 creati.
1338 5002 1668 5060 Praesertim
1684 5002 1819 5076 quia
1841 5001 1911 5059 ad

2078 555 2501 613 conclusionem
2568 555 2948 613 necessariam
3014 549 3129 611 non
3195 553 3413 618 sufficit,

2075 636 2224 709 quod
2253 641 2490 709 utraque
2507 637 2803 710 praemissa
2825 636 2898 691 sit
2921 637 2982 692 in
2998 650 3057 691 se
3078 633 3416 700 necessaria3

2076 716 2173 774 sed
2221 718 2553 790 requiritur,
2602 717 2751 790 quod
2805 717 2958 773 inter
3002 731 3063 772 se
3111 714 3418 772 necessario

2074 803 2483 855 connectantur
2510 818 2522 852 :
2554 813 2690 853 nam
2711 802 2971 854 extrema
2991 797 3070 851 ita
3089 798 3419 852 connectun-

2076 883 2171 934 tur
2212 880 2364 935 inter
2391 893 2450 934 se
2492 877 2553 932 in
2587 876 2973 949 consequenti,
3002 876 3149 931 sicut
3185 873 3418 947 conjun-

2074 963 2290 1034 guntur
2310 973 2437 1015 eum
2456 955 2646 1014 medio
2668 958 2729 1013 in
2759 957 3089 1029 praemissis.
3112 957 3265 1012 Inter
3282 970 3419 1027 prae—

2048 1039 2312 1095 'missam
2333 1045 2523 1095 autem
2554 1037 2955 1102 necessariam,
2986 1042 3041 1093 et
3069 1036 3417 1108 praemissam

2072 1120 2497 1193 contingentem
2527 1118 2722 1191 nequit
2764 1117 2890 1174 dari
2932 1117 3253 1174 necessaria
3288 1132 3420 1172 con-

2075 1201 2245 1256 nexio
2270 1221 2284 1254 :
2316 1204 2665 1272 quapropter
2690 1197 2978 1254 conclusio
3004 1195 3328 1269 dependens
3354 1196 3419 1253 ab

2076 1294 2189 1335 una
2218 1280 2513 1352 praemissa
2535 1278 2872 1342 necessaria,
2903 1283 2959 1334 et
2999 1279 3181 1334 altera
3199 1277 3419 1333 contiu-

2071 1360 2247 1433 genti,
2280 1365 2363 1417 est
2383 1359 2724 1431 simpliciter
2743 1358 3099 1432 contingens,
3133 1359 3203 1412 Et
3231 1372 3420 1412 rursus

2074 1441 2367 1513 praemissa
2411 1439 2744 1502 necessaria,
2777 1443 2840 1493 ut
2876 1438 3230 1512 contingenti
3270 1453 3420 1495 asso-

2071 1520 2236 1586 ciata,
2269 1535 2386 1576 non
2414 1518 2606 1575 influit
2644 1517 2757 1574 nisi
2800 1524 2863 1573 ut
2900 1516 3281 1575 determinata
3326 1533 3418 1590 per

2071 1602 2257 1668 illam,
2284 1607 2449 1674 atque
2477 1601 2603 1658 ideo
2630 1599 2821 1656 influit
2839 1600 3257 1675 contingenter,
3282 1600 3421 1655 sicut

2070 1700 2245 1757 supra
2271 1683 2342 1739 de
2366 1683 2550 1740 causis
2575 1680 2799 1739 creatis*
2820 1681 3249 1738 universalibus
3273 1681 3439 1739 dice--

2071 1762 2296 1820 bamus,
2314 1763 2496 1820 Aliter
2524 1768 2714 1819 autem
2740 1778 2801 1819 se
2829 1761 3064 1819 haberet
3084 1765 3233 1819 Deus
3256 1777 3419 1836 agens

2069 1861 2140 1902 ex
2180 1846 2512 1902 necessitate
2551 1850 2801 1910 naturae;
2843 1859 2979 1900 nam
3006 1849 3062 1900 et
3103 1843 3419 1901 necessario

2070 1931 2261 2000 ageret
2276 1941 2375 1999 per
2394 1930 2699 1991 creaturas,
2718 1930 2774 1981 et
2798 1939 2915 1982 non
2936 1923 3420 1981 determinaretur

2068 2007 2140 2065 ab
2168 2008 2305 2074 illis,
2337 2006 2436 2064 sed
2464 2005 2650 2079 potius
2685 2006 2836 2078 ipsas
2873 2005 3058 2078 quoad
3100 2022 3301 2063 omnes
3328 2020 3419 2062 ra-

2068 2090 2253 2146 tiones
2267 2089 2704 2146 determinaret.
2732 2088 2893 2145 Unde
2907 2104 3036 2144 cum
3060 2086 3185 2160 ipse
3211 2093 3421 2144 careret

2069 2176 2340 2245 potestate
2380 2170 2450 2226 ad
2494 2169 2817 2243 oppositum
2863 2169 3004 2243 ejuS,
3052 2168 3127 2224 ad
3167 2167 3313 2241 quod
3355 2167 3420 2225 dc

2068 2250 2214 2307 facto
2258 2254 2642 2313 concurreret,
2684 2252 2946 2304 creatura
2986 2249 3166 2304 etiam
3212 2254 3435 2304 careret·

2066 2330 2248 2386 simili
2279 2335 2575 2403 potestate;
2600 2335 2767 2402 atque
2793 2327 2921 2385 ideo
2947 2334 3142 2402 ageret
3170 2343 3420 2384 necessa-

2069 2413 2156 2469 rio
2173 2412 2504 2470 necessitate
2526 2410 2777 2467 libertati
2798 2411 3071 2482 opposita,
3095 2426 3212 2467 non
3235 2415 3418 2465 tamen

2064 2492 2323 2564 opposita
2348 2491 2751 2565 contingentiae
2777 2511 2790 2545 ε
2821 2506 2957 2546 nam
2987 2488 3055 2546 ad
3082 2491 3418 2565 contingen-

2064 2572 2205 2628 tiam
2233 2572 2436 2628 sufficit
2465 2587 2651 2645 agere,
2685 2577 2967 2644 quantum
2995 2575 3079 2627 est
3107 2587 3180 2627 ex
3206 2586 3284 2636 se,
3308 2571 3418 2626 im-

2066 2654 2412 2730 pedibiliter,
2439 2660 2605 2727 atque
2638 2653 3075 2711 defectibiliter:
3107 2652 3256 2725 quod
3280 2668 3419 2709 sem·

2065 2752 2166 2808 per
2215 2740 2491 2796 creaturas
2540 2734 2913 2799 conveniret,
2968 2737 3031 2788 ut
3084 2734 3207 2790 loco
3256 2731 3417 2789 citato

2062 2816 2464 2890 explicuimus.

2137 2898 2295 2955 Adde
2341 2898 2487 2954 hanc
2525 2896 3024 2954 confirmationem
3074 2912 3408 2970 supponere,

2061 2981 2210 3054 quod
2275 2983 2421 3036 Deus
2472 2986 2617 3036 esset
2668 2994 2838 3054 agens
2897 2980 3304 3045 necessarium,
3362 2983 3417 3034 et

2060 3068 2321 3120 creatura
2343 3077 2515 3135 agens
2543 3060 2789 3117 liberum
2813 3083 2826 3126 ;
2851 3075 2975 3132 quae
3001 3060 3318 3132 suppositio
3337 3063 3416 3116 est

2059 3142 2505 3215 complicatoria,
2547 3156 2617 3196 ex
2657 3156 2768 3213 qua
2805 3147 3116 3212 utrumque
3141 3139 3409 3213 sequitur,

2061 3230 2123 3280 ut
2148 3242 2300 3280 num.
2327 3224 2435 3278 344
2465 3221 2737 3277 diximus.

2119 3305 2205 3361 Ad
2223 3303 2488 3360 ultimam
2505 3302 3002 3360 confirmationem
3022 3303 3408 3377 respondetur,
3427 3312 3579 3408 dtinrffi-
3608 3282 3609 3291 ἵ

2058 3384 2206 3458 quod
2247 3384 2350 3440 hoc
2377 3384 2518 3456 ipso,
2548 3382 2695 3455 quod
2725 3385 2872 3439 Deus
2912 3383 3050 3438 velit
3100 3383 3414 3442 necessario

2058 3466 2397 3524 volitionem
2437 3471 2709 3532 creatam,
2738 3470 2795 3521 et
2823 3463 3073 3537 praebeat
3101 3467 3412 3523 necessario

2055 3562 2395 3605 concursum
2423 3546 2490 3603 ad
2529 3547 2712 3614 illam,
2747 3562 2863 3603 non
2893 3552 3072 3619 potest
3101 3549 3272 3613 velle,
3317 3563 3414 3606 nec

2055 3642 2414 3695 concurrere,
2448 3632 2511 3682 ut
2539 3627 2809 3700 praedicta
2849 3628 3053 3686 volitio
3099 3628 3284 3687 libere
3306 3629 3412 3686 eli-

2054 3709 2238 3765 ciatur
2266 3724 2298 3764 a
2323 3714 2602 3765 creatura.
2635 3708 2920 3772 Quoniam
2948 3709 2996 3763 si
3021 3711 3174 3766 Deus
3195 3711 3337 3774 vult,
3360 3713 3414 3766 et

2052 3789 2343 3846 concurrit
2370 3787 2688 3844 necessario
2729 3786 2798 3843 ad
2840 3788 3025 3853 illam,
3073 3804 3196 3847 non
3238 3793 3414 3862 potest

2055 3869 2117 3926 iu
2139 3869 2336 3928 eodem
2368 3868 2603 3925 instanti
2629 3868 2798 3936 velle,
2828 3872 2918 3926 vel
2944 3872 3297 3943 permittere,
3322 3868 3407 3925 vel

2052 3965 2394 4007 concurrere
2420 3948 2489 4004 ad
2526 3949 2868 4022 oppositum,
2900 3951 3044 4006 alias
3073 3952 3197 4026 jam
3226 3952 3413 4026 ageret

2053 4030 2253 4088 libere.
2286 4028 2451 4086 Unde
2488 4046 2617 4087 cum
2657 4036 2919 4088 creatura
2955 4046 3073 4088 non
3104 4033 3281 4105 possit
3301 4030 3411 4088 ali-

2049 4111 2187 4185 quid
2208 4111 2443 4178 efficere,
2473 4111 2584 4166 nisi
2614 4116 2883 4183 potestate
2906 4111 3179 4181 secunda,
3211 4118 3268 4169 et
3287 4110 3412 4168 sub-

2050 4192 2319 4259 ordinata
2346 4193 2459 4248 Deo
2488 4192 2700 4263 potenti
2727 4190 2976 4248 eundem
3004 4192 3272 4250 ellectum
3298 4195 3410 4262 (se-

2049 4274 2300 4330 cundum
2330 4271 2478 4346 quod
2500 4273 2749 4346 explicat
2769 4272 3219 4346 deformitatem)
3245 4273 3411 4330 attin-

2047 4371 2221 4429 gere;
2270 4356 2530 4427 sequitur
2573 4353 2722 4426 quod
2774 4358 3035 4422 creatura
3086 4355 3170 4412 ita
3221 4354 3409 4412 eliciat

2047 4436 2386 4493 volitionem
2416 4430 2448 4491 a
2489 4437 2603 4491 Deo
2643 4435 2947 4500 intentam,
2980 4439 3041 4489 ut
3069 4439 3315 4508 nequeat
3339 4432 3406 4489 ad

2047 4516 2367 4589 oppositum
2397 4515 2736 4573 exercitium
2770 4514 3267 4572 sedeterminare.
3300 4512 3406 4569 Ubi

2048 4602 2239 4651 autem
2281 4595 2504 4651 tollitur
2556 4599 2799 4666 potestas
2838 4594 2909 4650 ad
2956 4594 3306 4667 oppositum,
3353 4594 3407 4648 et

2045 4674 2194 4749 quod
2226 4674 2462 4732 libertas
2486 4676 2662 4732 etiam
2708 4674 3003 4731 auferatur
3045 4690 3275 4732 necesse
3301 4676 3400 4730 est.

2046 4756 2431 4823 Quamobrem
2485 4758 2743 4830 implicat
2794 4757 2857 4813 in
2909 4757 3210 4825 terminis,
3260 4752 3404 4829 quod

2047 4840 2193 4894 Deus
2233 4836 2373 4893 velit
2411 4838 2729 4915 necessario
2768 4843 3090 4895 creaturam
3120 4852 3291 4911 agere
3329 4834 3404 4890 li-

2044 4918 2199 4977 bere.

2927 5080 3206 5145 QUAEST.
3234 5078 3395 5134 cxn.
