3647 5753
456 770 562 823 Aug.

590 498 705 553 720

594 677 652 729 et
680 672 814 727 aliis
841 670 980 729 locis
1010 692 1024 727 ε
1049 676 1214 744 atque
1244 670 1399 727 idem
1421 670 1625 728 docent
1649 687 1721 727 ex
1741 669 1954 726 sanctis

597 755 862 813 Patribus
902 759 1135 829 August.
1171 754 1431 827 pluribus
1460 755 1522 810 in
1551 755 1707 819 locis,
1753 759 1815 809 ut
1855 752 1952 810 lib.

593 838 986 901 denatura,et
1030 837 1240 906 qratia,
1294 855 1343 892 c.
1396 838 1490 902 42,
1536 837 1602 891 de
1649 838 1854 906 qratia,
1903 842 1955 890 et

594 918 758 975 libero
785 918 1039 983 arbitria,
1069 935 1190 990 cap.
1232 919 1315 983 17,
1362 916 1456 973 lib.
1509 919 1555 984 l,
1607 917 1672 971 dc
1709 917 1956 972 moribus

594 999 867 1065 Ecclesia,
892 1017 1013 1073 cap.
1048 1000 1130 1064 15,
1156 1002 1213 1054 et
1233 998 1326 1054 lib.
1356 999 1421 1053 dc
1440 1000 1643 1072 spiritu
1666 1004 1716 1053 et
1745 998 1949 1064 littera,

594 1097 696 1152 cap
751 1082 834 1147 14,
874 1079 971 1136 ubi
1011 1078 1147 1135 dicit
1180 1078 1552 1137 :Mandalum
1588 1096 1700 1133 non
1738 1080 1956 1134 servari

592 1162 875 1237 (intellige
914 1162 1216 1226 fructuose,
1264 1168 1318 1218 et
1346 1161 1665 1232 meritorie)
1704 1163 1817 1216 nisi
1853 1164 1954 1231 fiat

590 1261 663 1298 ea:
680 1261 864 1299 amore
886 1245 1134 1315 justitia.
1167 1244 1236 1296 Et
1281 1242 1566 1299 rationem
1605 1241 1905 1316 subjungit
1936 1262 1951 1298 ε

591 1323 721 1381 Non
747 1325 889 1378 enim
918 1324 1135 1396 fructus
1158 1329 1235 1377 est
1285 1322 1457 1377 bonus
1482 1322 1859 1397 (intelligitur
1888 1322 1953 1377 in

496 1398 499 1401 ’
590 1404 796 1462 ordine
817 1404 887 1460 ad
916 1405 1190 1461 meritum
1205 1404 1597 1474 vitaeaeternae)
1617 1405 1796 1482 quide
1816 1404 1955 1460 cha-

588 1489 778 1543 ritatis
826 1486 1011 1542 radice
1053 1503 1163 1540 non
1213 1487 1409 1556 suryit.
1462 1486 1530 1541 Et
1581 1484 1725 1541 alibi
1779 1500 1947 1558 saepe.

376 1571 430 1614 D·
456 1570 575 1613 Pros.
592 1568 837 1640 Prosper
863 1567 956 1623 lib.
983 1567 1037 1633 3,
1067 1567 1131 1622 de
1158 1568 1275 1622 vita
1325 1568 1769 1640 contemplativa,
1825 1584 1948 1640 cap.

400 1735 561 1849 353⁶?

598 1651 661 1706 14
681 1659 733 1706 et
761 1651 844 1717 15,
873 1648 968 1705 ubi
988 1647 1061 1705 ob
1082 1648 1229 1704 hanc
1251 1649 1534 1706 rationem
1563 1655 1740 1706 totam
1771 1649 1954 1707 ratio-

591 1748 724 1790 nem
776 1733 970 1790 meriti
1026 1731 1229 1788 tribuit
1273 1733 1562 1789 charitati.
1628 1735 1739 1789 Leo
1794 1735 1951 1806 Papa

586 1832 750 1871 serm.
783 1816 865 1879 10,
896 1814 959 1868 de
1002 1813 1456 1886 Quadrayexima,
1507 1813 1605 1870 ubi
1640 1816 1721 1872 sic
1760 1816 1952 1888 loqui-

589 1902 682 1954 tur
717 1918 729 1952 :
760 1896 935 1953 Nuda
959 1903 1087 1951 sunt
1108 1913 1290 1952 omnes
1314 1899 1430 1952 sine
1456 1898 1729 1953 charitate
1757 1900 1951 1953 virtu-

587 1987 683 2044 tes,
712 1996 807 2034 nec
825 1986 993 2051 potest.
1014 1979 1128 2033 dici
1154 1980 1213 2034 in
1242 1979 1485 2053 qualibet
1527 1997 1744 2035 morum
1770 1980 1954 2034 excel-

590 2061 756 2115 lentia
785 2061 1145 2132 fructuosum,
1176 2061 1318 2138 quod
1344 2079 1454 2116 non
1480 2061 1788 2117 dilectionis
1806 2078 1953 2134 par-

588 2149 678 2197 tus
702 2142 929 2197 ediderit
950 2160 968 2194 .·
989 2157 1124 2217 ergo
1146 2147 1207 2197 ut
1234 2147 1388 2198 actus
1406 2147 1742 2199 caeterarum
1773 2144 1953 2199 virtu·

589 2230 710 2281 tum
739 2224 856 2280 sint
901 2224 1196 2290 fructuosi,
1248 2229 1415 2297 atque
1453 2225 1593 2282 adeo
1639 2226 1946 2293 meritorii,

588 2322 707 2363 non
734 2317 820 2362 est
845 2306 984 2362 satis
1006 2305 1136 2361 illos
1158 2305 1496 2362 charitatem
1524 2307 1809 2374 comitari,
1837 2308 1952 2364 nisi

588 2388 707 2442 sint
758 2392 975 2459 partus,
1025 2391 1083 2441 et
1128 2385 1358 2442 effectus
1405 2388 1587 2461 ipsius
1631 2389 1947 2444 charitatis.

344 2466 825 2541 ‘1).Grcg.Gregor.
857 2469 1098 2541 Magnus
1135 2468 1282 2523 hom.
1310 2473 1367 2534 7,
1418 2472 1479 2525 in
1513 2470 1841 2541 Evangelia,
1872 2470 1952 2526 sic

401 3035 548 3079 obscr-

399 3085 536 3129 venda

401 3145 478 3194 1110
496 3146 555 3179 ¹²·

414 3189 530 3230 tione

400 3233 546 3278 runda-

372 3284 557 3330 mentali.

369 3596 478 3640 Nota
514 3598 550 3639 1.

373 4264 482 4313 Nota
526 4269 564 4312 2.

590 2549 779 2622 inquit
807 2571 819 2604 ε
851 2547 1013 2604 Nihil
1050 2550 1358 2607 viriditatis
1400 2551 1557 2608 habet
1596 2569 1789 2608 ramus
1827 2552 1954 2608 boni

588 2633 782 2703 operis,
815 2632 929 2686 nisi
978 2635 1246 2687 manserit
1292 2635 1353 2688 in
1390 2634 1575 2689 radice
1619 2636 1946 2704 dilectionis,

587 2719 686 2767 etc.
720 2726 837 2767 non
866 2714 1055 2767 autem
1085 2718 1283 2768 manet
1310 2713 1372 2769 in
1396 2713 1584 2771 radice
1628 2714 1953 2772 dilectionis

588 2798 763 2853 actus,
789 2793 887 2863 qui
914 2793 1259 2859 acharitate,
1281 2798 1553 2866 tanquam
1576 2811 1608 2850 a
1632 2796 1819 2853 radice
1836 2813 1954 2854 000

589 2871 862 2948 procedit.
917 2878 1099 2946 Atque
1146 2874 1345 2932 eodem
1412 2875 1581 2934 modo
1640 2879 1953 2951 loquuntur

590 2954 784 3027 plures
806 2953 907 3008 alii
934 2955 1153 3010 Patres,

660 3033 1001 3091 6.Probatur
1030 3034 1236 3093 deinde
1260 3044 1451 3093 nostra
1478 3039 1763 3097 conclusio
1785 3041 1954 3098 ratio·

587 3131 680 3173 ne.
706 3117 779 3171 Ut
800 3123 989 3173 autem
1014 3117 1120 3182 viS,
1146 3123 1201 3174 et
1222 3118 1465 3175 efficacia
1487 3120 1664 3189 illius,
1690 3135 1863 3194 quam
1888 3123 1951 3179 in

585 3198 689 3254 1109
716 3197 977 3263 articulo,
1027 3204 1084 3255 et
1132 3200 1265 3255 aliis
1314 3201 1448 3257 locis
1498 3202 1684 3259 citatis
1725 3203 1954 3262 adducit

581 3280 646 3333 D.
680 3278 884 3335 Thom.
907 3282 1150 3338 omniuo
1177 3282 1551 3355 percipiatur,
1577 3291 1633 3340 et
1652 3286 1951 3342 evasiones

581 3374 705 3431 quer¹
733 3357 803 3414 ab
825 3358 1192 3418 Adversariis
1222 3362 1484 3420 adhiberi
1504 3365 1710 3428 solent,
1740 3365 1952 3439 absque

580 3442 788 3515 majori
812 3443 925 3499 alia
947 3443 1381 3520 impugnatione
1400 3453 1688 3514 corruant,
1714 3463 1951 3505 eorum-

578 3540 687 3596 que
714 3523 1060 3598 objectiones
1103 3535 1473 3596 evanescant,
1532 3536 1755 3601 oportet
1799 3546 1950 3588 non-

582 3606 744 3661 nulla
773 3615 1111 3678 praenotare.
1145 3611 1414 3666 Primum
1443 3615 1549 3675 est,
1581 3610 1730 3683 quod
1762 3616 1826 3667 ut
1855 3627 1950 3668 ac-

580 3691 672 3740 tus
695 3686 904 3758 aliquis
924 3689 1140 3746 sitvitae
1154 3695 1383 3748 aeternae
1397 3691 1752 3757 meritorius,
1784 3692 1950 3751 debet

583 3767 956 3824 necessarioa
1002 3771 1187 3841 gratia
1239 3770 1574 3843 procedere;
1615 3772 1733 3828 nisi
1785 3774 1946 3830 enim

580 3847 781 3904 haecin
808 3864 938 3904 eum
959 3849 1182 3916 influat,
1234 3868 1518 3925 suumque
1560 3853 1848 3919 valorem,
1890 3859 1949 3911 et

579 3927 916 4003 dignitatem
960 3930 1048 3986 illi
1094 3933 1502 3998 communicet,
1581 3950 1943 4007 nequaquam

580 4010 913 4085 eritdignus
936 4019 1092 4069 tanto
1119 4016 1377 4085 praemio,
1406 4022 1572 4089 atque
1593 4016 1732 4074 adeo
1761 4034 1946 4091 neque

583 4091 744 4147 illius
764 4093 1116 4151 meritorius.
1146 4095 1258 4152 Hoc
1274 4112 1344 4152 ex
1361 4096 1529 4153 dictis
1549 4098 1690 4171 disp.
1715 4100 1939 4171 praeced.

579 4176 717 4231 satis
744 4182 978 4244 constat,
1012 4192 1117 4234 099
1142 4177 1363 4251 majore
1406 4186 1531 4254 eget
1577 4181 1936 4253 probatione.

655 4257 982 4313 Notandum
1010 4261 1096 4314 est
1119 4257 1386 4325 secundo,
1410 4260 1558 4333 quod
1579 4262 1784 4335 gratia,
1815 4279 1942 4336 quae

581 4335 643 4392 in
672 4336 876 4395 ordine
901 4339 1325 4412 supernaturali
1373 4347 1561 4399 creato
1613 4349 1698 4399 est
1750 4344 1943 4416 prima

580 4416 766 4475 forma
810 4418 953 4476 dans
1006 4421 1261 4492 primum
1304 4438 1427 4479 esse
1472 4425 1935 4496 supernaturale,

576 4499 903 4575 habensque
933 4504 1174 4576 proinde
1208 4506 1271 4562 in
1319 4506 1423 4562 1109
1491 4504 1698 4563 ordine
1759 4507 1940 4566 ratio-

579 4596 712 4637 nem
768 4588 1006 4648 naturae.
1053 4602 1169 4643 non
1218 4590 1399 4659 potest
1431 4602 1553 4643 esse
1602 4586 1940 4647 immediate

575 4666 895 4735 operativa3
920 4667 1017 4723 sed
1033 4667 1224 4723 omnis
1244 4668 1365 4742 ejus
1386 4668 1661 4740 operatio,
1689 4674 1744 4725 et
1769 4668 1940 4726 innu-

576 4765 680 4805 1105
701 4747 952 4804 exerceri
982 4746 1148 4805 debet
1176 4746 1566 4805 mediantibus
1621 4748 1939 4806 virtutibus

572 4829 1125 4905 supernaturalibus,
1151 4847 1274 4904 quae
1295 4845 1423 4887 90111
1446 4847 1512 4888 99
1532 4830 1938 4889 5101011111·οη-

571 4913 807 4979 duntur,
840 4916 895 4968 et
923 4909 993 4966 ab
1019 4909 1217 4968 eadem
1247 4917 1520 4985 tanquam
1539 4912 1831 4984 potentiae,
1882 4920 1938 4970 91

570 4994 861 5051 facultates
890 4991 1068 5064 ipsius
1092 4991 1416 5050 dimanant.
1443 4993 1599 5049 Sicut
1637 4995 1937 5051 cernimus

566 5075 630 5131 in
685 5073 1066 5139 naturalibus,
1116 5074 1215 5131 0111
1264 5073 1451 5132 forma
1500 5075 1930 5145 50115190119115,

564 5157 763 5213 anima
794 5155 1091 5213 rationalis
1115 5173 1167 5212 v.
1192 5173 1246 5231 g.
1278 5157 1413 5230 quia
1437 5155 1605 5214 habet
1636 5160 1932 5217 rationem

1551 497 1644 551 DE
1684 495 2010 551 INFLUXU
2051 496 2509 557 CHARITATIS.

2086 676 2328 738 naturas,
2357 670 2566 747 datque
2584 674 2808 732 homini
2840 673 3093 748 primum
3112 687 3237 738 9559,
3262 672 3380 728 011111

2088 752 2423 810 immediate
2456 762 2760 826 operatum
2804 755 2903 811 sed
2950 755 3013 810 in
3063 770 3244 811 omnes
3279 769 3378 808 suos

2087 841 2244 892 actus
2271 834 2464 892 influit
2490 838 2681 895 medio
2721 837 3033 903 intellectu,
3056 840 3148 893 901
3170 835 3283 892 aliis
3303 851 3382 908 po-

2087 917 2284 974 tentiis
2311 919 2575 991 proxime
2612 919 2927 993 operativis
2945 942 2960 984 ;
2989 923 3045 974 et
3091 917 3208 974 ideo
3256 918 3382 972 nulla

2087 999 2358 1072 operatio,
2385 1000 2654 1058 nullusve
2677 1001 2739 1057 10
2756 1017 2883 1058 9901
2907 997 3151 1056 influxus
3164 1002 3316 1070 potest
3331 995 3383 1052 ab

2088 1082 2287 1138 anima
2315 1082 2595 1155 praestari,
2636 1083 2751 1139 nisi
2777 1081 2969 1139 media
2989 1082 3171 1155 aliqua
3187 1097 3250 1137 ex
3269 1097 3382 1152 prae·

2087 1162 2254 1220 dictis
2277 1165 2563 1236 potentiis.
2596 1163 2758 1230 Quod
2795 1166 2971 1222 etiam
2992 1182 3060 1222 ex
3101 1163 3229 1220 alibi
3258 1162 3385 1219 dictis

2088 1243 2259 1301 modo
2285 1251 2346 1301 ut
2379 1251 2620 1312 certum,
2650 1246 2854 1302 saltem
2896 1246 2962 1302 in
2988 1246 3084 1302 via
3126 1248 3186 1302 D.
3220 1243 3382 1300 Thom.

2086 1325 2486 1398 supponimus,
2516 1332 2571 1383 et
2587 1326 2834 1399 probant
2866 1326 3012 1384 bene
3049 1330 3117 1382 N.
3146 1325 3383 1398 complut.
3406 1338 3498 1389 ema.

2088 1408 2182 1464 lib.
2213 1411 2251 1464 2
2267 1410 2429 1482 phys.
2460 1409 2603 1482 disp.
2642 1410 2726 1474 10,
2748 1417 2935 1487 quast.
2964 1412 3015 1476 4,
3034 1410 3089 1476 6,
3128 1416 3175 1464 ct
3197 1410 3247 1463 7.

2160 1493 2355 1549 Tertio
2380 1490 2638 1560 observa,
2685 1493 2836 1566 quod
2873 1494 3018 1551 sicut
3044 1492 3228 1548 anima
3250 1490 3385 1547 ratio-
3406 1492 3502 1537 ¹⁹⁰³

2087 1575 2257 1642 nalis,
2282 1580 2561 1649 quatenus
2577 1576 2876 1634 rationalis
2896 1581 2999 1642 aet,
3022 1582 3077 1634 et
3092 1574 3388 1650 principium

2086 1657 2365 1731 operandi
2387 1658 2587 1728 libere,
2615 1675 2731 1715 non
2753 1675 2913 1733 aeque
2929 1659 3114 1733 primo
3129 1674 3221 1731 per
3232 1671 3393 1715 omnes

2085 1757 2217 1797 suas
2263 1742 2575 1808 facultates,
2624 1747 2681 1797 et
2724 1741 2970 1799 virtutes
3006 1746 3272 1813 operatur,
3318 1737 3393 1795 sed

2087 1823 2275 1897 prima
2298 1823 2570 1896 potentia,
2597 1839 2724 1895 quae
2753 1828 2989 1880 caeteras
3009 1838 3198 1880 omnes
3221 1825 3391 1884 movet,

2083 1910 2141 1961 et
2167 1905 2413 1977 applicat
2438 1903 2508 1962 ad
2523 1906 2888 1972 exercitium,
2907 1912 2992 1963 est
3012 1906 3127 1962 sola
3151 1903 3390 1963 voluntas,

2083 1992 2140 2043 et
2155 1988 2262 2044 hac
2284 1987 2506 2044 ratione
2527 1989 2693 2044 nulla
2714 1989 2977 2061 operatio
2998 1986 3191 2053 libera,
3215 1985 3393 2041 nullus-

2086 2086 2157 2127 ve
2184 2071 2248 2127 in
2270 2086 2399 2127 eam
2427 2070 2682 2127 influxus
2709 2070 2780 2126 ab
2802 2069 3008 2127 eadem
3036 2070 3219 2126 anima
3233 2081 3392 2140 prooe-

2086 2151 2188 2218 dit,
2234 2153 2348 2208 nisi
2370 2152 2562 2210 media
2587 2151 2942 2224 operatione,
2972 2156 3026 2207 et
3067 2148 3268 2206 influxu
3311 2161 3391 2201 vo-

2087 2235 2327 2291 luntatis
2362 2256 2375 2291 :
2404 2235 2484 2290 sic
2509 2233 2683 2291 etiam
2711 2233 2902 2309 gratia
2929 2249 3043 2290 non
3075 2246 3220 2303 aeque
3242 2228 3392 2303 primo

2087 2331 2189 2388 per
2208 2331 2408 2372 omnes
2434 2316 2676 2371 virtutes
2715 2313 2941 2370 infusas
2965 2313 3151 2370 influit
3176 2311 3233 2367 in
3271 2314 3392 2365 actus

2088 2394 2319 2461 liberos,
2345 2402 2398 2452 et
2422 2396 2786 2461 meritorios;
2815 2393 2917 2450 sed
2949 2394 3148 2466 prima,
3171 2407 3280 2465 quae
3315 2403 3393 2445 cae·

2086 2482 2238 2533 teras
2264 2493 2465 2534 omnes
2494 2480 2705 2541 movet,
2739 2480 2793 2532 et
2821 2476 3071 2548 applicat
3113 2472 3178 2530 ad
3212 2469 3392 2528 exerci-

2087 2558 2254 2622 tium,
2284 2563 2370 2614 est
2389 2558 2638 2614 charitas
2659 2572 2783 2629 quae
2805 2557 2887 2613 ita
2913 2572 2975 2613 se
2996 2554 3161 2612 habet
3185 2555 3389 2624 respectu

2084 2641 2300 2715 gratiae,
2332 2640 2477 2697 sicut
2516 2641 2779 2697 voluntas
2802 2644 3058 2711 respectu
3085 2636 3276 2694 90111119
3317 2648 3388 2688 19-

2087 2722 2338 2788 11009115,
2393 2722 2705 2778 secundum
2733 2719 2883 2794 quod
2916 2717 3206 2778 rationalis
3226 2720 3310 2772 951.
3341 2714 3392 2767 Et

2090 2805 2235 2861 ratio
2263 2804 2470 2861 horum
2497 2809 2599 2871 est,
2642 2804 2776 2876 quia
2814 2820 2949 2859 cum
2978 2818 3163 2879 agens,
3206 2805 3258 2856 91
3288 2795 3391 2853 finis

2086 2892 2286 2943 mutuo
2313 2884 2423 2941 sibi
2446 2883 2965 2957 correspondeant,
2997 2883 3225 2942 omnino
3264 2892 3389 2951 repu-

2084 2974 2224 3043 gnat
2249 2975 2519 3026 naturam
2541 2969 2801 3041 aliquam
2827 2985 2950 3025 suae
2966 2967 3165 3025 virtuti
3180 2962 3388 3021 relictam

2086 3052 2336 3126 operari,
2368 3052 2550 3107 autin
2572 3051 2969 3124 operationem
3010 3050 3120 3107 sibi
3161 3050 3390 3106 connatu-

2087 3134 2267 3190 ralem
2292 3149 2392 3205 per
2415 3130 2652 3188 modum
2683 3131 2891 3188 radicis
2935 3132 3186 3192 influere.
3216 3125 3313 3184 nisi
3344 3123 3390 3178 in

2085 3214 2289 3272 ordine
2328 3211 2397 3269 ad
2452 3212 2751 3287 proprium
2799 3211 2982 3269 finem
3027 3212 3155 3268 talis
3195 3212 3388 3265 natum,

2085 3300 2251 3367 atque
2278 3293 2418 3351 adeo
2447 3293 2561 3351 nisi
2591 3291 2783 3348 media
2820 3292 2928 3348 illa
2957 3292 3213 3351 facultate
3237 3284 3410 3364 proxi-A

2084 3393 2177 3433 me
2204 3375 2519 3449 operativa,
2546 3391 2671 3448 quae
2697 3372 2865 3429 habet
2896 3390 3004 3445 pro
3041 3372 3244 3447 obiecto
3279 3381 3400 3443 [119ι

2083 3458 2297 3515 dictum
2322 3456 2497 3514 finem
2519 3455 2626 3511 su'b
2652 3456 2874 3512 ratione
2896 3454 3054 3521 finis,
3079 3459 3133 3510 ct
3152 3454 3301 3509 illum
3320 3461 3395 3521 per

2082 3556 2142 3597 se
2171 3540 2360 3613 primo
2389 3540 2636 3611 respicit.
2665 3540 2792 3595 Haec
2815 3543 3009 3595 autem
3039 3537 3277 3599 facultas,
3298 3545 3395 3604 quae

2084 3623 2273 3694 primo
2301 3621 2530 3694 respicit
2552 3619 2728 3676 finem
2754 3625 3010 3692 respectu
3037 3624 3244 3674 naturae
3264 3612 3396 3670 ratio·

2084 3703 2251 3766 nalis,
2308 3708 2393 3758 est
2443 3703 2730 3768 voluntas,
2801 3700 2963 3773 cujus
3016 3699 3313 3773 proprium.
3355 3697 3397 3746 et

2081 3785 2455 3842 connaturale
2481 3782 2763 3858 objectum
2787 3787 2873 3838 est
2892 3779 3274 3839 connaturalis
3291 3773 3396 3831 finis

2082 3863 2364 3938 praedictae
2395 3869 2616 3921 naturae
2642 3880 2654 3912 z
2686 3867 2944 3933 respectu
2974 3878 3113 3919 vero
3137 3859 3316 3935 gratiae
3334 3858 3399 3910 est

2079 3949 2348 4013 charitas,
2412 3947 2571 4020 cujus
2620 3944 2954 4018 proximum
3015 3943 3281 4018 obiectum
3338 3940 3403 4024 est

2081 4033 2245 4095 Deus,
2306 4034 2473 4102 prout
2523 4025 2694 4083 habet
2745 4026 3031 4082 rationem
3067 4023 3197 4080 finis
3245 4019 3401 4075 ultimi

2076 4111 2557 4185 supernaturalis
2588 4106 2905 4165 secundum
2932 4123 3107 4179 quam
3160 4103 3400 4161 rationem

2076 4202 2162 4254 est
2185 4194 2360 4253 etiam
2394 4190 2677 4263 proprius
2708 4193 2765 4246 et
2784 4191 2869 4258 (ut
2894 4188 2978 4244 sic
3005 4186 3276 4255 dicamus)
3297 4195 3402 4238 oon·

2076 4277 2358 4334 naturalis
2385 4272 2519 4329 finis
2545 4270 2724 4342 ipsius
2747 4268 2967 4345 gratiae.

2151 4352 2254 4406 His
2280 4364 2414 4424 ergo
2439 4345 2786 4420 praenotatiS,
2840 4358 3139 4416 possumus
3172 4338 3238 4395 ad
3281 4338 3403 4394 hanc
3423 4353 3514 4395 sim

2076 4433 2310 4490 brevem
2381 4431 2632 4487 formam
2698 4424 2966 4482 reducere
3031 4424 3300 4481 rationem
3346 4419 3397 4471 D.
3435 4400 3506 4495 ἓξὲξ

2073 4514 2282 4572 Thom.
2301 4515 2375 4568 Ut
2396 4516 2548 4569 actus
2563 4507 2802 4581 alicujus
2828 4506 3081 4572 virtutis,
3106 4505 3224 4561 sive
3243 4515 3401 4572 acqui·

2073 4595 2213 4662 sitae,
2239 4594 2363 4650 sive
2390 4591 2614 4656 infusae,
2643 4590 2718 4645 sit
2741 4588 2873 4644 vitae
2910 4593 3140 4644 aeternae
3190 4581 3402 4670 merite-

2075 4679 2214 4744 rius,
2246 4674 2413 4734 debet
2441 4672 2742 4747 procedere
2770 4687 2803 4727 a
2837 4670 3042 4745 gratia,
3098 4669 3312 4739 haecque
3352 4673 3402 4716 10

2070 4774 2206 4815 90111
2230 4755 2475 4814 influere
2499 4777 2512 4810 z
2533 4753 2630 4811 sed
2653 4769 2685 4809 a
2705 4751 2892 4827 gratia
2914 4751 3110 4806 nullus
3130 4753 3278 4805 actus
3296 4756 3404 4817 pro-

2071 4840 2238 4905 cedit,
2288 4837 2402 4893 nisi
2448 4834 2641 4893 media
2694 4831 2970 4890 charitate
3001 4851 3014 4885 :
3047 4845 3181 4905 ergo
3232 4825 3405 4915 nullus

2073 4925 2255 4995 potest
2279 4934 2401 4977 esse
2446 4918 2578 4973 vitae
2630 4920 2860 4972 aeternae
2912 4910 3259 4973 meritorius,
3306 4919 3402 4992 nisi

2073 4998 2334 5076 procedat
2363 5015 2396 5055 a
2416 4996 2714 5062 charitate,
2745 4999 2911 5066 atque
2932 4990 3071 5050 adeo
3092 4990 3202 5046 nisi
3228 4987 3405 5075 911911·-

2070 5089 2154 5139 195
2182 5082 2245 5139 10
2271 5097 2403 5139 eum
2427 5074 2914 5140 influatelicitive,
2944 5077 3042 5130 aut
3064 5069 3399 5143 imperative.

2067 5166 2271 5239 detque
2288 5163 2381 5220 illi
2403 5160 2737 5225 virtualem,
2765 5163 2826 5213 ut
2846 5157 3058 5221 1111005,
3087 5152 3408 5276 relationeffi
