3647 5753
63 917 277 962 Robora·

87 973 170 1012 tur
185 978 277 1011 am·

106 1018 245 1071 plius.

109 4039 258 4135 <izr-

1439 332 1615 391 DISP.
1661 332 1756 399 lv,
1799 332 1964 399 DUB.
2011 334 2104 391 IV.
3049 331 3155 386 661

301 509 557 584 ejusdem
584 509 830 577 ordiniS,
876 510 968 566 vel
996 507 1406 574 habitualibus,
1439 509 1533 564 vel
1576 523 1671 564 ac·-

301 595 573 660 tualibu5‚
601 599 662 648 ut
688 600 801 649 tota
823 593 970 665 disp.
995 591 1217 664 praeced.
1243 590 1628 663 explicuimus
1654 612 1667 647 :

299 690 436 751 ergo
464 674 756 750 productio
781 674 981 748 gratiae
1021 670 1392 747 justificantis
1421 672 1669 746 impium

299 772 419 814 non
458 761 542 813 est
584 754 950 821 miraculosa,
995 759 1052 810 et
1102 759 1520 827 consequenter
1568 768 1673 811 nec

300 837 470 911 impii
494 835 847 911 justificatio,

375 917 462 973 Ad
510 916 627 973 haec
653 960 665 980 ,
740 914 994 989 potentia
1039 912 1324 969 naturalis
1344 954 1359 979 ,
1409 912 1514 969 hoc
1563 916 1665 978 est,

298 1001 499 1069 suapte
525 995 855 1052 conditione
882 993 952 1050 ab
976 993 1292 1050 intrinseco
1321 991 1672 1064 respondens

299 1079 498 1154 gratias
538 1076 873 1152 justificanti
921 1075 1193 1149 impium,
1247 1090 1366 1132 non
1411 1077 1497 1129 est
1530 1073 1664 1140 alia,

301 1177 474 1235 quam
518 1160 772 1233 potentia
799 1157 1206 1216 obedientialis
1253 1157 1505 1213 animae:
1534 1171 1671 1230 ergo

301 1260 404 1317 per
451 1244 572 1309 hoc,
617 1241 766 1315 quod
813 1241 1000 1316 gratia
1045 1239 1366 1314 justificans
1419 1239 1671 1312 impium

298 1322 401 1382 fiat
424 1340 496 1399 ert
537 1322 790 1396 potentia
816 1321 1209 1387 obedientiali,
1245 1336 1364 1378 non
1418 1318 1671 1393 impedi-

298 1411 412 1473 tur,
445 1404 594 1478 quod
618 1403 715 1459 fiat
735 1419 806 1459 ex
837 1404 1092 1477 potentia
1117 1402 1230 1459 sibi
1255 1402 1326 1458 ab
1353 1401 1670 1458 intrinseco

299 1485 700 1559 respondente,
734 1491 789 1541 et
834 1501 867 1540 a
910 1500 1022 1556 qua
1063 1482 1275 1539 directe
1318 1482 1666 1555 respicitur3

298 1571 467 1638 atque
497 1565 623 1621 ideo
664 1564 829 1620 nulla
859 1563 1134 1631 inversio,
1167 1564 1260 1619 vel
1282 1563 1544 1619 alteratio
1570 1578 1671 1619 or-

298 1646 458 1703 dinis
509 1644 826 1702 intervenit
874 1644 936 1698 in
986 1643 1353 1717 productione
1392 1643 1670 1716 praedictae

298 1727 520 1803 gratiae.
549 1723 814 1782 Potentia
835 1731 1048 1791 autem,
1076 1740 1201 1798 quae
1221 1724 1436 1782 directe
1455 1740 1671 1782 corres-

300 1808 511 1882 pondet
554 1806 784 1871 animae,
843 1820 962 1862 non
1008 1812 1091 1863 est
1117 1807 1370 1879 potentia
1395 1805 1670 1865 obedien-

296 1890 475 1954 tialis,
503 1888 602 1946 sed
626 1889 880 1962 potentia
907 1889 1212 1956 naturalis,
1240 1894 1296 1945 et
1316 1895 1381 1944 ut
1400 1887 1670 1946 determi-

299 1969 512 2028 nabilis
559 1986 661 2043 per
707 1969 1005 2025 naturales
1053 1968 1499 2042 dispositiones:
1532 1985 1669 2044 ergo

296 2070 427 2109 cum
450 2052 512 2108 in
544 2051 962 2109 resurrectione
989 2051 1159 2124 impii
1189 2052 1388 2108 anima
1430 2051 1669 2108 reunia-

297 2141 393 2192 tur
421 2135 679 2192 materiae
723 2132 1039 2191 secundum
1069 2134 1386 2205 potentiam
1417 2149 1533 2191 non
1561 2148 1669 2189 na-

296 2218 569 2282 turalem,
613 2215 711 2272 sed
739 2215 1206 2280 obedientialem,
1238 2214 1497 2287 sequitur
1518 2214 1668 2290 quod

297 2296 622 2356 invertatur
649 2297 807 2365 ordo,
839 2304 893 2353 et
940 2295 1164 2365 modus,
1192 2313 1333 2369 quos
1360 2296 1500 2353 unio
1536 2294 1668 2351 ani-

297 2394 407 2435 mae
431 2379 501 2436 ad
523 2378 827 2434 materiam
844 2385 1044 2450 suapte
1068 2382 1274 2433 natura
1291 2377 1485 2450 poscit.
1501 2376 1668 2433 Unde

299 2461 433 2518 licet
454 2460 784 2536 justificatio
811 2460 982 2531 impii
1009 2475 1080 2514 ex
1110 2466 1270 2532 parte
1301 2460 1384 2516 rei
1414 2458 1573 2515 factae
1592 2459 1668 2514 sit

298 2543 778 2617 supernaturalis
804 2558 964 2597 secus
987 2558 1126 2598 vero
1150 2542 1493 2599 resurrectio
1514 2557 1667 2600 mor-

297 2626 424 2694 tui3
476 2625 863 2682 nihilominus
910 2642 978 2682 ex
1025 2629 1185 2697 parte
1213 2624 1369 2682 modi
1422 2624 1526 2696 (in
1554 2640 1666 2696 quo
1715 2680 1718 2685 .

295 2709 486 2781 potius
505 2707 762 2764 consistit
808 2706 955 2762 ratio
984 2707 1294 2778 miraculi)
1322 2705 1666 2763 resurrectio

296 2787 521 2846 excedit
556 2785 1044 2863 justificationem,
1077 2791 1133 2844 et
1179 2787 1364 2862 magis
1404 2787 1665 2844 elevatur

296 2889 471 2947 supra
495 2870 809 2945 potentiam
833 2871 1111 2939 materiae,
1141 2886 1313 2944 quam
1332 2867 1664 2945 justificatio

293 2970 472 3028 supra
514 2953 829 3026 potentiam
859 2952 1093 3009 animas.
1128 2953 1198 3007 Et
1242 2953 1388 3008 hanc
1414 2951 1664 3008 diversi-

294 3041 471 3093 tatem
528 3036 838 3108 respiciens
915 3036 978 3091 D.
1037 3035 1243 3092 Thom.
1301 3035 1547 3091 asseruit
1600 3035 1663 3091 in

294 3118 561 3193 praesenti
591 3140 603 3173 :
637 3139 662 3171 «
698 3120 763 3174 In
784 3115 1129 3190 quibusdam
1152 3118 1513 3175 miraculosis
1535 3135 1664 3191 ope-

296 3221 323 3253 «
356 3199 518 3256 ribus
545 3199 863 3264 invenitur,
896 3199 1045 3272 quod
1074 3199 1264 3257 forma
1303 3201 1536 3257 inducta
1579 3203 1665 3256 est

297 3301 325 3333 α
351 3297 527 3353 supra
574 3279 903 3336 naturalem
952 3275 1269 3353 potentiam
1316 3281 1450 3336 talis
1476 3285 1662 3335 mate-

295 3382 321 3413 «
354 3360 491 3427 rioe5
521 3359 664 3414 sicut
694 3361 758 3417 in
800 3360 1170 3417 suscitatione
1198 3361 1414 3418 mortui
1439 3361 1557 3417 vita
1577 3365 1663 3417 est

297 3464 323 3495 «
352 3457 524 3514 supra
543 3442 867 3496 naturalem
893 3443 1206 3513 potentiam
1230 3442 1361 3498 talis
1381 3441 1658 3513 corporis.

296 3543 322 3574 α
353 3523 423 3577 Et
448 3527 729 3594 quantum
758 3520 828 3576 ad
857 3522 961 3577 hoc
981 3522 1312 3595 justificatio
1343 3523 1512 3594 impii
1543 3537 1660 3578 non

296 3625 322 3657 «
353 3608 438 3660 est
464 3604 828 3671 miraculosa,
855 3605 989 3676 quia
1030 3605 1378 3662 naturaliter
1405 3608 1423 3674 (
1448 3605 1552 3662 hoc
1576 3610 1662 3661 est

292 3684 364 3742 ab
417 3685 762 3752 intrinseco,
805 3690 862 3742 et
905 3686 1219 3744 secundum
1271 3686 1660 3744 conditionem

292 3767 379 3825 rei
408 3766 824 3840 producendae)
868 3769 1065 3826 anima
1114 3773 1197 3826 est
1223 3765 1422 3843 gratias
1448 3786 1657 3841 capax3

298 3872 324 3903 «
354 3865 422 3908 eo
442 3849 602 3906 enim
628 3849 769 3920 ipso,
797 3849 945 3921 quod
967 3856 1053 3907 est
1078 3850 1226 3907 facta
1251 3850 1320 3907 ad
1344 3852 1658 3926 imaginem

296 3951 322 3983 ιι
356 3929 477 3998 Dei,
505 3946 681 4002 capax
701 3935 784 3985 est
806 3930 904 3987 Dei
935 3948 1035 4004 per
1062 3931 1331 4006 gratiam.
1370 3954 1395 3985 »

369 4014 459 4068 58.
495 4012 602 4068 Sed
631 4011 901 4086 objicies-z
932 4015 1076 4071 sicut
1114 4014 1299 4089 gratia
1339 4016 1659 4089 justificans

293 4095 490 4168 nequit
512 4093 638 4150 fieri
660 4111 729 4151 ex
759 4094 873 4151 alia
900 4098 1172 4167 potentia,
1207 4096 1322 4153 nisi
1351 4114 1420 4155 ex
1452 4106 1661 4171 poten-

292 4178 372 4234 tia
397 4175 768 4235 obedientiali
796 4201 809 4234 ι
843 4177 922 4231 ita
946 4179 1290 4236 resurrectio
1314 4182 1511 4252 nequit
1532 4180 1657 4238 fieri

293 4257 407 4313 nisi
454 4273 524 4313 ex
582 4257 780 4314 eadem
840 4256 1213 4315 obedientiali
1267 4262 1549 4333 potentia;
1603 4268 1661 4320 et

293 4338 680 4396 nihilominus
706 4340 1047 4397 resurrectio
1067 4348 1152 4397 est
1177 4358 1317 4414 opus
1345 4344 1658 4401 miraculo-

290 4438 446 4488 sum,
490 4421 755 4494 quamvis
795 4420 894 4477 fiat
949 4421 1263 4480 secundum
1317 4427 1653 4497 potentiam,

291 4496 463 4578 quam
505 4519 575 4559 ex
614 4510 815 4575 suapte
849 4503 1176 4560 conditione
1206 4507 1450 4577 postulat
1479 4525 1491 4558 :
1524 4524 1659 4582 ergo

292 4583 509 4656 pariter
524 4583 790 4656 quamvis
809 4582 996 4658 gratia
1012 4583 1330 4656 justificans
1352 4584 1450 4642 fiat
1463 4603 1659 4644 secun-

290 4664 429 4720 dum
473 4666 790 4737 potentiam
838 4663 1306 4735 obedientialem,
1355 4684 1527 4740 quam
1558 4685 1658 4741 per

288 4760 350 4802 se
381 4745 628 4817 respicit,
661 4747 773 4802 erit
801 4746 1188 4802 nihilominus
1216 4763 1356 4820 opus
1402 4748 1657 4805 miracu-

290 4827 514 4892 losum;
545 4830 600 4881 et
632 4825 873 4898 proinde
903 4826 1123 4883 corruit
1149 4825 1462 4884 discrimen
1491 4844 1523 4884 a
1551 4845 1658 4887 no-

291 4906 381 4965 bis
403 4909 779 4982 assignatum.

365 4982 768 5058 Respondetur
798 4983 1073 5041 unionem
1117 4983 1329 5043 animae
1358 4983 1430 5041 ad
1472 4991 1658 5043 mate·

1804 506 1954 563 riam
1979 551 1992 575 ,
2042 523 2170 580 quae
2223 508 2288 564 in
2358 508 2774 565 resurrectione
2827 504 3155 575 intervenit,
3173 513 3366 559 Dimum·

1806 605 1967 663 posse
1987 589 2293 663 dupliciter
2312 592 2465 647 sumi
2485 619 2499 658 ς
2525 607 2640 648 uno
2662 588 2834 647 modo
2854 592 2916 646 in
2941 590 3162 646 ratione

1805 671 2059 737 unionis»,
2092 677 2146 729 et
2171 673 2486 731 secundum
2515 673 2894 730 substantiam
2930 695 2942 730 ε
2971 678 3029 729 et
3061 673 3165 730 hoc

1805 760 1965 830 pacto
1992 760 2076 811 est
2097 757 2399 823 naturalis,
2431 762 2487 814 et
2511 754 2914 829 correspondet
2944 754 3166 828 prima-

1806 839 1894 896 rio
1913 844 1970 896 et
1988 838 2303 896 secundum
2331 855 2392 896 se
2422 841 2678 897 naturali
2719 840 3014 913 capacitati
3035 854 3167 895 ma-

1804 922 1980 978 teriae.
2008 923 2204 978 Altero
2230 922 2399 979 modo
2420 923 2484 978 in
2522 922 2745 978 ratione
2767 921 3083 989 reunioniS,
3109 925 3166 977 et

1802 1000 2115 1058 secundum
2144 1001 2380 1059 modum
2403 1018 2514 1074 quo
2543 1002 2606 1058 in
2635 1003 3051 1059 resurrectione
3076 1000 3160 1068 fit,

1802 1086 1859 1140 et
1885 1082 1966 1139 ita
1993 1081 2309 1155 reduplicat
2330 1089 2664 1156 conceptum
2703 1081 2814 1137 sibi
2844 1081 3165 1138 accidenta-

1804 1163 1936 1220 liter
1960 1164 2420 1230 convenientem,
2463 1162 2777 1220 secundum
2818 1178 2988 1235 quem
3033 1178 3165 1218 cor-

1805 1244 2108 1319 respondet
2135 1246 2401 1319 potentiae
2429 1261 2545 1302 non
2587 1247 2862 1311 naturali,
2899 1244 2999 1302 sed
3027 1243 3165 1302 obe-

1803 1325 2087 1383 dientiali.
2123 1329 2194 1382 Et
2229 1326 2365 1398 quia
2406 1326 2522 1382 haec
2562 1327 2844 1398 posterior
2873 1327 3019 1383 ratio
3047 1342 3165 1383 non

1803 1406 2046 1463 destruit
2069 1406 2456 1480 priorem,sed
2486 1406 2650 1463 illam
2678 1407 2979 1479 supponit;
3003 1422 3167 1480 prop-

1803 1494 1959 1546 terea
1986 1489 2126 1546 unio
2166 1489 2376 1546 animae
2417 1488 2486 1546 ad
2516 1489 2820 1546 materiam
2850 1505 2950 1562 per
2980 1504 3167 1545 resur-

1804 1568 2118 1626 rectionem
2159 1586 2278 1627 non
2304 1569 2370 1625 fit
2392 1569 2648 1626 absolute
2674 1568 2987 1625 secundum
3015 1569 3166 1642 quod

1803 1651 1929 1724 ipsa
1954 1650 2094 1707 unio
2133 1658 2331 1724 suapte
2375 1651 2705 1709 conditione
2752 1652 3017 1723 postulat,
3064 1666 3167 1707 nec

1801 1730 2203 1804 correspondet
2245 1732 2333 1788 illi
2363 1732 2649 1807 potentiae,
2680 1747 2853 1803 quam
2890 1732 3029 1787 unio
3074 1747 3168 1789 se-

1803 1814 2056 1872 cundum
2083 1831 2143 1872 se
2184 1814 2543 1888 respiciebat.
2590 1813 2976 1879 Quamobrem
3018 1830 3168 1887 prae-

1803 1893 1953 1952 dicta
1971 1896 2110 1952 unio
2125 1900 2210 1951 est
2226 1894 2569 1967 simpliciter
2590 1895 2952 1960 miraculosa,
2976 1899 3168 1967 utpote

1802 1975 1949 2032 facta
1977 1981 2200 2049 praeter,
2227 1981 2283 2033 et
2321 1980 2518 2033 contra
2545 1973 2802 2040 modum,
2833 1991 3001 2048 quem
3027 1975 3166 2033 unio

1801 2059 2115 2116 secundum
2160 2075 2221 2116 se
2262 2057 2599 2133 postulabat.
2650 2060 2721 2114 Et
2764 2058 2918 2115 idem
2965 2059 3167 2116 dicen-

1801 2138 1940 2195 dum
1968 2145 2052 2197 est
2085 2139 2155 2197 de
2183 2140 2543 2199 restitutione
2570 2140 2746 2206 visuS,
2772 2145 2827 2195 et
2853 2139 3041 2196 subita
3069 2156 3165 2196 re-

1803 2221 2101 2293 paratione
2144 2220 2363 2285 salutis,
2395 2226 2452 2277 et
2479 2218 2914 2293 reproductione
2961 2236 3163 2276 earum

1802 2317 2020 2366 rerum,
2047 2316 2171 2372 quae
2200 2300 2501 2372 primario,
2533 2307 2588 2357 et
2610 2316 2710 2374 per
2741 2316 2801 2356 se
2822 2315 3164 2372 correspon-

1800 2383 1897 2440 det
1924 2384 2190 2456 potentiae
2231 2384 2499 2451 naturali,
2524 2389 2578 2440 et
2608 2383 2851 2456 postulat
2891 2381 3019 2439 fieri
3061 2398 3163 2455 per

1800 2462 2058 2520 diversas
2085 2463 2505 2536 dispositioneS,
2537 2469 2592 2521 et
2619 2464 2734 2520 alio
2760 2462 2951 2520 modo.
2984 2466 3163 2520 Caete-

1801 2561 1935 2600 rum
1962 2545 2149 2619 gratia
2189 2544 2507 2618 justificans
2546 2545 2775 2601 nullum
2812 2544 2993 2599 alium
3022 2560 3161 2616 pro-

1799 2625 2085 2684 ductionis
2105 2626 2343 2684 modum
2378 2626 2492 2683 sibi
2516 2627 2862 2684 naturaliter
2886 2625 3158 2693 vindicat,

1800 2709 1916 2765 nisi
1958 2709 2149 2775 illum,
2202 2726 2372 2783 quem
2420 2709 2805 2766 communiter
2834 2707 3029 2777 habet;
3078 2714 3164 2766 est

1799 2788 1957 2847 enim
1982 2790 2170 2847 forma
2185 2791 2662 2863 supernaturalis,
2683 2805 2807 2863 quae
2826 2795 3024 2862 suapte
3047 2790 3162 2862 pri-

1797 2871 1986 2930 maria
2043 2871 2371 2930 conditione
2428 2872 2833 2946 correspondet
2895 2873 3162 2945 potentiae

1797 2952 2171 3012 obedientiali
2197 2999 2209 3021 ,
2259 2959 2315 3011 et
2360 2953 2625 3010 subditur
2673 2956 2786 3010 Deo
2851 2953 3160 3026 principali

1797 3037 2007 3111 agenti,
2043 3044 2098 3093 et
2124 3036 2376 3109 exposcit
2409 3036 2542 3091 illas
2569 3035 2986 3108 dispositioneS,
3018 3051 3159 3107 quas

1796 3116 2036 3173 sortitur
2083 3115 2399 3172 secundum
2453 3119 2789 3187 praesentem
2844 3112 3157 3185 providen-

1796 3198 1959 3254 tiam.
2006 3196 2170 3253 Unde
2197 3196 2396 3269 nequit
2421 3212 2493 3253 ex
2519 3197 2624 3253 hac
2665 3202 2825 3267 parte
2872 3197 3155 3253 rationem

1795 3279 2067 3340 miraculi
2115 3278 2345 3336 habere.
2377 3281 2560 3343 Quam
2604 3278 2993 3335 differentiam
3021 3278 3158 3333 satis

1795 3358 2077 3432 expressit
2121 3362 2187 3415 D.
2236 3359 2441 3415 Thom.
2493 3360 2556 3415 in
2605 3358 2889 3432 praesenti,
2920 3366 3032 3413 art.
3072 3359 3151 3426 10,
3169 3366 3221 3409 Ι).
3246 3367 3349 3412 ruo.

1795 3443 1857 3496 in
1876 3457 2016 3512 resp.
2050 3439 2125 3494 ad
2143 3441 2198 3503 2,
2231 3439 2319 3494 his
2342 3437 2533 3495 verbis
2561 3459 2573 3493 :
2602 3461 2627 3491 «
2650 3438 2982 3504 Dicendum,
3007 3437 3158 3511 quod

1802 3543 1828 3575 α
1858 3535 1976 3577 non
2002 3518 2474 3591 quandocumque
2497 3535 2587 3576 res
2611 3519 2929 3575 materialis
2957 3535 3156 3576 move-

1801 3625 1828 3657 ιι
1857 3607 1951 3659 tur
1986 3606 2185 3658 contra
2223 3617 2386 3658 suam
2416 3601 2873 3666 inclinationem,
2908 3606 2991 3658 est
3016 3617 3156 3674 opus

1801 3707 1827 3739 α
1858 3683 2272 3740 miraculosum
2299 3685 2319 3752 (
2340 3683 2596 3756 alioquin
2625 3684 3037 3741 miraculosum
3064 3699 3156 3740 es-

1801 3787 1827 3819 «
1854 3768 1958 3829 set,
2002 3762 2151 3837 quod
2182 3779 2326 3835 aqua
2353 3763 2657 3832 calefieret,
2704 3765 2796 3821 vel
2838 3764 2986 3836 quod
3009 3765 3155 3838 lapis

1800 3870 1826 3902 «
1855 3863 2085 3903 sursum
2112 3847 2524 3921 projiceretur)
2561 3845 2659 3902 sed
2686 3845 3025 3920 quandoque
3053 3848 3157 3905 hoc

1801 3951 1826 3982 α
1856 3926 1920 3983 fit
1969 3933 2178 4000 praeter
2218 3925 2483 3983 ordinem
2513 3928 2761 3999 propriae
2800 3943 3000 3993 causas,
3033 3943 3156 4000 quae

1800 4031 1825 4061 a
1858 4012 1994 4064 nata
2014 4014 2099 4065 est
2121 4007 2306 4064 facere
2329 4008 2449 4063 hoc.
2480 4009 2510 4061 J
2516 4005 2799 4062 ustificare
2827 4013 3016 4063 autem
3039 4008 3156 4064 im·-

1799 4114 1825 4145 «
1856 4093 2016 4165 pium
2047 4091 2211 4147 nulla
2237 4091 2353 4146 alia
2394 4106 2561 4146 causa
2602 4096 2801 4161 potest,
2835 4090 2948 4146 nisi
2973 4093 3152 4158 Deus;

1799 4194 1825 4224 «
1853 4171 1999 4227 sicut
2040 4187 2224 4244 neque
2257 4187 2465 4244 aquam
2487 4170 2813 4237 calefacere,
2843 4169 3152 4245 nisi'igniS.

1798 4275 1825 4306 α
1853 4255 1923 4308 Et
1951 4253 2078 4310 ideo
2095 4251 2423 4327 justificatio
2452 4253 2620 4326 impii
2660 4270 2694 4308 a
2723 4256 2836 4309 Deo
2875 4259 3154 4324 quantum

1798 4355 1823 4386 α
1856 4332 1926 4389 ad
1953 4335 2059 4391 hoc
2085 4351 2202 4391 non
2241 4338 2325 4391 est
2352 4333 2716 4390 miraculosa.
2750 4352 2776 4384 »
2823 4334 2891 4386 Et
2951 4335 2968 4387 1
3002 4342 3150 4406 part.

1790 4423 1972 4493 quaest.
2027 4418 2147 4484 105,
2178 4424 2288 4473 art.
2344 4421 2380 4472 7
2407 4416 2482 4471 ad
2517 4420 2564 4483 l,
2595 4416 2675 4473 ait
2707 4437 2719 4471 ε
2757 4438 2782 4468 α
2812 4415 3148 4482 Dicendum,

1798 4518 1822 4549 «
1853 4496 2001 4569 quod
2028 4497 2260 4563 creatio,
2308 4503 2365 4554 et
2398 4496 2727 4571 justificatio
2756 4496 2942 4568 impii,
2986 4497 3092 4553 etsi
3121 4514 3155 4554 a

1798 4600 1822 4633 α
1852 4581 1974 4637 solo
2019 4582 2134 4637 Deo
2181 4579 2349 4645 fiant,
2384 4595 2503 4637 non
2550 4586 2743 4635 tamen
2792 4580 3023 4651 proprie
3069 4581 3153 4637 lo·

1798 4684 1825 4715 «
1852 4662 2078 4734 quendo
2102 4663 2381 4719 miracula
2402 4662 2689 4729 dicuntur,
2722 4661 2857 4733 quia
2885 4678 3001 4718 non
3022 4670 3156 4720 sunt

1797 4767 1823 4798 «
1854 4751 1988 4802 nata
2015 4743 2142 4801 fieri
2173 4761 2273 4817 per
2301 4746 2442 4802 alias
2464 4761 2658 4802 causas
2674 4764 2688 4807 ;
2708 4750 2764 4800 et
2786 4743 2866 4799 ita
2888 4761 3005 4801 non
3027 4762 3157 4802 con-

1798 4846 1822 4878 (ι
1853 4825 2088 4900 tingunt
2116 4832 2322 4900 praeter
2343 4827 2607 4884 ordinem
2633 4830 2869 4892 naturae,
2890 4842 3018 4881 cum
3039 4826 3158 4885 haec

1798 4929 1823 4961 α
1855 4907 1926 4964 ad
1973 4909 2301 4965 facultatem
2331 4915 2552 4967 naturae
2598 4925 2714 4967 non
2744 4909 3089 4983 pertineant.
3122 4929 3148 4961 υ

1791 4990 1947 5047 Sicut
1966 5005 1998 5048 e
2025 5006 2302 5049 converso
2325 4992 2523 5049 anima
2543 5008 2667 5066 quae
2689 4991 2973 5059 reunitur,
3000 4991 3158 5050 visus
