3647 5753
295 950 481 1041 2932?
505 995 632 1051 cula
657 999 742 1050 est
757 995 1000 1066 privatio
1010 993 1356 1058 voluntaria,
1376 1007 1494 1048 non
1516 990 1858 1055 formaliter,

511 431 619 485 348
1437 422 1528 476 DE
1566 422 1595 473 J
1603 418 2148 474 USTIFICATIONE
2188 418 2389 473 IMPII.

510 598 682 651 istum
700 596 884 651 incom
894 591 1457 667 parabiliterexcedit
1471 615 1484 658 ;
1499 607 1636 648 nam
1651 590 1866 647 offensa

507 676 608 731 Dei
634 680 718 730 est
742 674 1081 746 simpliciter
1110 672 1357 737 infinita,
1389 670 1701 727 satisfactio
1726 684 1865 727 vero

508 771 610 827 per
632 760 816 810 actum
837 754 1200 810 contritionis
1218 756 1304 808 est
1325 751 1488 808 finita
1499 749 1860 823 simpliciter,

508 840 568 889 ut
595 835 630 889 3
655 841 801 906 part.
832 833 1208 891 ostendimus».

581 919 693 971 Nec
716 915 877 971 tertia
908 913 1164 988 probatio
1199 912 1525 979 convincit;
1557 927 1693 968 nam
1735 926 1865 967 ma-

506 1075 668 1148 quasi
692 1075 812 1148 ipsa
838 1076 912 1130 sit
938 1075 1191 1131 carentia
1214 1078 1367 1130 actus
1385 1073 1699 1128 voluntarii
1722 1096 1736 1138 ;
1764 1070 1863 1127 sed

507 1153 894 1219 terminative,
919 1152 1054 1225 quia
1074 1158 1157 1209 est
1184 1150 1469 1208 terminus
1488 1166 1558 1208 ex
1586 1156 1710 1207 actu
1758 1167 1863 1219 vo—

507 1235 761 1290 luntario
785 1234 1032 1300 relictuS,
1064 1233 1266 1307 eteius
1310 1231 1755 1301 effectusUnde
1791 1247 1862 1288 ex

503 1330 589 1382 eo,
620 1315 767 1387 quod
791 1320 944 1371 actus
989 1313 1371 1379 contritioniS,
1427 1314 1520 1369 vel
1564 1313 1863 1372 charitatis

506 1384 872 1460 retractet,'et
897 1394 1144 1467 expellat
1173 1393 1495 1450 formaliter
1518 1398 1706 1449 actum
1730 1407 1863 1465 pec-

500 1475 859 1531 caminosum
884 1474 1254 1547 praeteritum,
1288 1473 1535 1529 minime
1578 1473 1857 1546 sequitur,

502 1555 651 1629 quod
677 1555 874 1613 eodem
907 1554 1075 1612 modo
1098 1555 1418 1612 formaliter
1459 1556 1711 1627 expellat
1731 1570 1863 1610 ma-

500 1639 690 1693 culam
721 1637 923 1708 peccati
952 1634 1080 1703 ;sed
1102 1640 1325 1692 tantum
1349 1633 1499 1708 quod
1520 1650 1648 1691 eam
1660 1636 1863 1707 expel-

501 1719 582 1775 lat
634 1716 997 1791 dispositive,
1053 1722 1107 1774 et
1153 1716 1436 1783 mediate,
1485 1723 1765 1789 quatenus
1805 1723 1863 1774 et

500 1798 739 1870 expellit
766 1804 972 1863 actum,
1017 1813 1050 1853 a
1076 1812 1187 1871 quo
1214 1799 1438 1855 macula
1478 1798 1541 1854 in
1576 1813 1678 1853 sua
1721 1813 1857 1855 con·

499 1878 825 1936 servatione
876 1877 1170 1950 dependet,
1202 1882 1257 1933 et
1286 1885 1565 1950 quatenus
1609 1877 1863 1951 disponit

502 1958 572 2014 ad
592 1958 836 2033 gratiam
884 1956 1349 2023 sanctificantem,
1384 1974 1485 2030 per
1509 1974 1680 2031 quam
1733 1974 1861 2014 ma-

499 2043 628 2098 cula
661 2040 970 2114 expellitur
989 2041 1328 2098 formaliter.
1357 2041 1511 2097 Sicut
1538 2040 1727 2097 ablato
1741 2056 1862 2098 cor·

503 2137 639 2194 pore
660 2136 832 2193 opaco
867 2125 1134 2176 causante
1177 2118 1463 2185 umbram,
1513 2125 1690 2176 cessat
1737 2135 1862 2175 um-

501 2199 608 2256 bra
624 2224 638 2266 ;
678 2215 795 2255 non
835 2200 969 2270 quia
1021 2199 1232 2255 ablatio
1280 2199 1439 2255 illius
1482 2198 1735 2270 corporis
1785 2199 1862 2254 sit

500 2280 689 2337 forma
734 2279 998 2336 umbram
1036 2280 1361 2353 expellens;
1389 2278 1490 2336 sed
1533 2279 1668 2352 quia
1711 2280 1861 2336 tollit

498 2376 748 2427 causam,
782 2377 814 2417 a
836 2377 947 2433 qua
980 2360 1200 2419 ‚umbra
1238 2360 1534 2433 dependet,
1561 2366 1619 2417 et
1669 2376 1861 2417 succe-

500 2441 584 2497 dit
624 2442 743 2507 lux,
774 2457 898 2514 quze
924 2441 1190 2498 umbram
1221 2441 1542 2498 formaliter
1586 2440 1856 2498 excludit.

576 2526 689 2579 Nec
709 2527 911 2594 quarta
934 2521 1192 2594 probatio
1216 2527 1301 2577 est
1329 2522 1567 2596 aliquus
1593 2536 1860 2578 momen-

500 2601 543 2657 ti
565 2625 579 2668 ;
605 2618 740 2657 nam
762 2602 939 2674 gratis
958 2615 1220 2658 concessa
1243 2602 1467 2675 maj0ri,
1484 2600 1554 2656 ad
1571 2601 1860 2658 minorem

500 2679 763 2746 dicimus,
792 2686 977 2735 actum
1003 2679 1212 2752 peccati
1236 2695 1352 2736 non
1372 2679 1715 2735 constituere
1741 2684 1861 2735 sta-

497 2765 621 2815 tum
651 2759 957 2831 peccatoris
984 2758 1321 2824 formaliter,
1365 2758 1463 2815 sed
1506 2764 1732 2815 tantum
1770 2759 1861 2817 ef-

507 2838 732 2903 fective,
763 2842 1043 2910 quatenus
1069 2836 1247 2895 insert
1273 2838 1570 2907 maculam,
1603 2839 1726 2896 sive
1747 2838 1861 2911 pri-

496 2918 786 2975 vationem
815 2919 1031 2993 gratiae,
1063 2934 1189 2990 quae
1212 2918 1382 2974 illum
1403 2924 1612 2975 statum
1641 2919 1861 2976 forma-

497 2999 631 3055 liter
644 2998 1858 3073 constituit.Undesolumconcluditur‚quod

500 3085 655 3135 actus
701 3079 1068 3136 contritionis
1128 3077 1350 3151 peccato
1393 3080 1599 3136 actuali
1648 3081 1860 3136 imme-

495 3158 651 3216 diate
680 3161 970 3233 oppositus
997 3163 1247 3233 expellat
1276 3161 1559 3217 maculam
1587 3160 1853 3229 mediate,

497 3240 799 3307 indirecte,
831 3248 887 3299 et
911 3242 1265 3315 dispositive,
1297 3247 1576 3316 quatenus
1595 3243 1860 3300 excludat

497 3326 706 3387 actum,
739 3338 770 3377 a
790 3338 901 3394 quo
928 3322 1151 3377 macula
1196 3320 1495 3395 dependet,
1520 3326 1577 3379 et
1603 3321 1859 3394 disponit

499 3399 569 3457 ad
589 3402 855 3476 gratiam,
887 3418 1012 3473 quae
1036 3402 1198 3458 illam
1238 3401 1477 3475 expellit
1506 3402 1852 3469 formaliter,

496 3487 558 3537 ut
586 3498 769 3555 nuper
791 3481 1063 3539 diximus.

570 3567 682 3621 Nec
726 3565 925 3638 quinta
977 3564 1236 3638 probatio
1279 3564 1479 3621 suadet
1528 3565 1853 3633 intentum3

497 3663 634 3703 nam
658 3645 726 3702 ad
758 3645 1038 3703 rationem
1060 3663 1242 3704 causae
1270 3645 1535 3702 formalis
1563 3663 1680 3704 non
1705 3646 1857 3702 sufli-
1902 3711 1903 3714 Ἴ

494 3729 571 3785 cit
595 3726 744 3801 quod
768 3727 1135 3785 informando
1156 3732 1458 3784 concurrat
1477 3727 1547 3784 ad
1569 3728 1850 3796 effectum,

496 3810 754 3883 alioquin
796 3810 986 3864 omnis
1013 3808 1310 3881 dispositio
1335 3815 1481 3866 esset
1522 3824 1690 3865 causa
1732 3808 1854 3866 for-

495 3892 667 3946 malis
691 3914 706 3956 ;
730 3888 1011 3962 siquidem
1055 3889 1353 3958 actuando,
1383 3896 1441 3947 et
1484 3890 1855 3947 informando

492 3969 806 4044 subjectum
834 3975 1043 4037 causat,
1071 3975 1131 4025 ut
1178 3973 1329 4042 patet
1356 3975 1478 4025 tum
1512 3970 1575 4026 in
1619 3970 1854 4043 quanti-

494 4056 627 4116 tate,
652 4054 707 4106 et
735 4049 796 4104 in
843 4049 974 4105 aliis
1024 4047 1428 4114 accidentibus,
1457 4065 1585 4122 quae
1630 4065 1853 4123 praepa·

495 4137 629 4190 rant
649 4130 719 4187 ad
760 4131 1007 4186 formam
1053 4129 1489 4186 substantialem
1540 4151 1554 4186 ε
1612 4135 1732 4186 tum
1788 4132 1852 4188 in

491 4214 680 4269 calore
708 4216 768 4267 ut
795 4217 935 4276 octo,
966 4210 1065 4283 qui
1092 4216 1176 4267 est
1204 4209 1686 4283 incompossibilis
1717 4228 1850 4268 cum

491 4292 677 4349 forma
708 4291 870 4365 ligni,
900 4294 955 4346 et
982 4290 1275 4360 actuando,
1292 4295 1459 4363 atque
1480 4289 1851 4350 informando

487 4375 725 4447 expellit
749 4388 876 4430 eam
897 4396 910 4439 ;
941 4377 997 4428 et
1025 4371 1409 4430 nihilominus
1429 4386 1545 4429 non
1571 4379 1657 4430 est
1680 4391 1850 4432 causa

490 4455 755 4512 formalis
775 4452 1151 4527 expulsioni3‚
1171 4455 1305 4527 quia
1328 4470 1443 4511 non
1463 4456 1703 4528 expellit
1717 4472 1848 4515 eam

487 4534 819 4592 immediate
837 4550 936 4607 per
956 4533 1222 4607 seipsam,
1236 4534 1334 4591 sed
1346 4534 1635 4594 mediante
1657 4536 1849 4595 forma

481 4615 850 4674 substantiali
879 4614 1052 4689 igniS,
1070 4615 1140 4671 ad
1159 4631 1330 4689 quam
1352 4615 1623 4689 disponit,
1648 4624 1706 4676 et
1721 4635 1847 4692 quae

482 4696 818 4754 immediate
842 4701 1120 4771 repugnat
1145 4697 1346 4756 formas
1367 4699 1531 4774 ligni,
1551 4706 1607 4757 et
1635 4700 1844 4773 recipi-

451 4841 456 4844 ,
483 4785 580 4834 tur
609 4779 670 4833 in
693 4775 894 4834 eodem
920 4775 1187 4849 subjecto.
1241 4779 1309 4834 Et
1335 4776 1487 4835 idem
1518 4782 1843 4853 proportio—

484 4856 764 4914 nabiliter
791 4855 990 4913 accidit
1012 4857 1073 4913 in
1097 4861 1292 4916 nostro
1316 4873 1467 4916 casu.

553 4939 649 4992 71.
678 4939 790 4992 Nec
812 4935 1057 5008 denique
1078 4937 1283 4993 ultima
1305 4936 1564 5012 probatio
1584 4940 1796 5011 premit
1823 4961 1839 4996 ε

480 5017 758 5090 quoniam
797 5017 847 5073 si
890 5017 1195 5090 loquamur
1231 5017 1302 5076 de
1329 5018 1493 5089 facto,
1525 5025 1582 5078 et
1608 5022 1842 5080 attentis

2002 588 2226 644 naturis
2268 604 2483 658 rerum,
2515 589 2734 662 quoties
2761 588 2929 645 datur
2958 592 3112 645 actus
3136 592 3361 645 contri-

1998 670 2193 738 tionis,
2209 670 2299 727 vel
2315 671 2630 736 charitatiS‚
2645 676 2700 727 et
2713 672 3024 743 expellitur
3041 676 3352 744 peccatum,

1948 784 1949 787 =
1999 749 2173 806 toties
2185 751 2359 806 etiam
2383 751 2539 806 adest
2557 752 2743 824 gratia
2769 751 3100 819 habitualiS,
3128 766 3251 824 quae
3272 756 3371 808 est

1997 846 2165 886 causa
2191 831 2456 888 formalis
2485 832 2644 889 illius
2664 833 3042 906 expulsionis,
3074 832 3132 887 Si
3163 838 3354 890 autem

1998 910 2097 968 fiat
2125 913 2474 986 hypothesiS,
2506 913 2657 986 quod
2685 921 2840 970 actus
2870 914 3236 971 contritionis
3261 931 3355 972 se-

2000 998 2233 1064 paretur
2272 1009 2305 1050 a
2342 994 2547 1068 gratia,
2592 996 2905 1067 expellitur
2946 996 3141 1069 procul
3180 994 3361 1053 dubio

1999 1079 2287 1144 peccatum
2334 1073 2661 1141 habituale;
2716 1075 2975 1147 implicat
3025 1075 3188 1132 enim
3232 1092 3361 1134 esse

1998 1150 2369 1210 habitualiter
2394 1154 2456 1210 in
2473 1159 2695 1226 peccato
2709 1169 2840 1210 eum
2863 1155 2960 1228 qui
2980 1161 3103 1211 actu
3120 1172 3353 1213 conver·

1998 1231 2139 1286 titur
2164 1230 2235 1289 ad
2262 1235 2441 1288 Deum
2470 1238 2742 1305 tanquam
2773 1232 2843 1290 ad
2873 1234 3145 1290 ultimum
3175 1234 3350 1292 finem

1995 1325 2168 1382 super
2187 1312 2387 1368 omnia
2413 1311 2685 1369 dilectum
2707 1336 2722 1379 ;
2753 1327 2890 1368 nam
2914 1313 3030 1370 haec
3054 1315 3355 1371 conversio

1995 1389 2221 1463 subjicit
2264 1395 2377 1448 Deo
2404 1391 2662 1450 absolute
2701 1393 2921 1461 omnia,
2966 1409 3092 1466 quae
3118 1401 3250 1450 sunt
3291 1395 3353 1451 in
3393 1394 3397 1398 ’

1997 1470 2264 1538 homine;
2293 1478 2351 1528 et
2378 1478 2667 1545 peccatum
2697 1472 2991 1530 habituale
3017 1479 3101 1530 est
3128 1473 3217 1530 illi
3260 1474 3357 1529 in-

1995 1553 2338 1626 subjicibile‚
2388 1561 2451 1611 ut
2491 1556 2676 1630 magis
2719 1572 2790 1613 ex
2840 1555 3098 1613 dicendis
3144 1558 3209 1613 in
3255 1557 3361 1614 hoc

1996 1639 2237 1692 tractatu
2265 1635 2566 1693 constabit.
2598 1640 2712 1693 Nec
2738 1642 2934 1693 tamen
2960 1638 3027 1693 in
3052 1653 3120 1695 eo
3147 1643 3356 1695 eventu

1995 1716 2265 1772 contritio
2291 1714 2532 1774 dicenda
2569 1723 2715 1774 esset
2741 1732 2907 1773 causa
2950 1717 3215 1775 formalis
3252 1734 3356 1775 ex-

1998 1795 2278 1868 pulsionis
2322 1796 2550 1868 peccati,
2582 1797 2717 1870 quia
2757 1814 2859 1854 nec
2884 1798 2992 1871 ipsi
3023 1798 3361 1856 immediate

1995 1875 2323 1948 opponitur,
2344 1892 2446 1933 nec
2469 1878 2531 1933 in
2552 1876 2752 1933 eodem
2777 1876 3028 1952 subjecto
3057 1879 3349 1952 recipitur,

1994 1960 2057 2010 ut
2096 1962 2313 2013 constat
2350 1972 2421 2014 ex
2449 1957 2721 2013 hactenus
2746 1956 2946 2023 dictis;
2989 1957 3087 2014 sed
3128 1965 3353 2016 tantum

1994 2042 2360 2093 concurreret
2385 2035 2456 2092 ad
2477 2052 2603 2093 eam
2626 2037 3024 2109 expulsionem
3048 2037 3347 2102 indirecte.

1995 2122 2051 2173 et
2071 2114 2424 2190 dispositive,
2452 2123 2732 2189 quatenus
2751 2115 2997 2175 destruit
3023 2125 3210 2175 actum
3235 2136 3356 2193 pec-

1993 2198 2124 2267 cati,
2159 2214 2192 2254 a
2213 2214 2325 2270 quo
2348 2199 2574 2254 macula
2594 2197 2894 2271 dependet,
2926 2204 2983 2255 et
3009 2199 3262 2273 disponit
3283 2200 3352 2257 ad

1995 2295 2223 2336 causam
2274 2279 2599 2345 formalem,
2658 2296 2758 2353 per
2801 2296 2974 2353 quam
3021 2282 3347 2353 expellitur.

1996 2361 2133 2424 Quae
2155 2360 2218 2416 in
2243 2375 2312 2416 eo
2331 2365 2538 2416 eventu
2563 2374 2680 2415 non
2701 2365 2847 2416 esset
2867 2359 3087 2432 aliquid
3112 2358 3353 2417 distinc-

1997 2446 2118 2497 tum
2147 2458 2179 2498 a
2207 2441 2528 2515 negatione,
2551 2457 2650 2497 seu
2675 2441 2928 2497 carentia
2952 2442 3159 2514 peccati
3182 2440 3350 2498 habi-

1996 2522 2201 2590 tualis3
2247 2522 2429 2596 posito
2467 2522 2629 2578 enim
2657 2526 2780 2578 actu
2809 2522 3191 2591 contritioniS,
3226 2524 3349 2596 pri-

1996 2603 2150 2658 vatio
2186 2602 2406 2675 gratiae,
2449 2618 2573 2674 quae
2599 2607 2723 2657 erat
2761 2601 2826 2656 in
2856 2602 3072 2669 anima,
3103 2609 3158 2659 et
3183 2618 3349 2659 cons-

1996 2679 2233 2738 tituebat
2298 2680 2620 2737 formaliter
2680 2686 2968 2753 peccatum
3036 2679 3347 2750 habituale,
3455 2675 3472 2688 ⁶

1995 2762 2270 2818 transiret
2292 2763 2353 2817 in
2375 2761 2697 2833 simplicem
2722 2762 3097 2835 negationem
3107 2785 3121 2829 ;
3145 2762 3354 2835 quippe

1994 2855 2123 2896 cum
2148 2839 2249 2897 illa
2269 2840 2526 2897 carentia
2542 2841 2662 2916 jam
2687 2856 2805 2898 non
2831 2847 2978 2899 esset
2998 2841 3225 2900 homini
3246 2858 3353 2901 vo·

1995 2920 2272 2987 luntaria,
2318 2936 2422 2977 nec
2449 2919 2520 2977 ab
2545 2922 2669 2995 ejus
2712 2927 2837 2977 actu
2869 2920 3235 2993 dependeret.
3265 2922 3352 2978 Ad

1993 3001 2254 3059 effectum
2296 3009 2487 3060 autem
2518 3002 2822 3059 formalem
2867 3004 3199 3077 negativum
3234 3020 3352 3061 non

1993 3082 2299 3156 quaerenda
2327 3089 2413 3139 est
2435 3083 2553 3140 alia
2580 3083 2789 3148 forma,
2823 3089 2920 3139 aut
2946 3099 3112 3140 causa
3133 3084 3345 3142 forma·

1996 3165 2087 3230 lis,
2119 3182 2290 3239 quam
2319 3164 2580 3240 negatio;
2612 3166 2728 3221 haec
2752 3165 2963 3239 quippe
3008 3181 3111 3238 per
3130 3167 3219 3222 sui
3246 3183 3351 3224 ex-

1994 3244 2335 3301 hibitionem
2364 3243 2655 3301 constituit
2682 3243 2997 3318 subjectum
3026 3245 3349 3303 formaliter

1994 3333 2282 3402 negatum,
2306 3332 2362 3383 et
2391 3327 2774 3400 privationem
2795 3326 3062 3384 excludit.

2068 3409 2368 3480 Potestque
2389 3407 2491 3464 hoc
2506 3405 2788 3463 declarari
2810 3407 3075 3479 exemplo
3091 3407 3309 3466 umbrae
3329 3433 3342 3477 ;
3382 3431 3548 3476 pm

1994 3488 2110 3544 haec
2134 3488 2293 3545 enim
2336 3488 2398 3543 in
2430 3502 2552 3544 esse
2575 3486 2709 3542 talis
2732 3486 3013 3559 dependet
3052 3503 3086 3544 a
3109 3505 3347 3562 corpore

1994 3664 2130 3721 pore
2149 3664 2341 3722 opaco,
2373 3653 2550 3704 cessat
2576 3647 2802 3714 umbra,
2827 3649 3094 3720 quamvis
3122 3651 3237 3718 lux,
3256 3652 3346 3707 cui

1991 3728 2324 3787 immediate
2376 3729 2702 3803 opponitur,
2757 3746 2872 3786 non
2917 3730 3195 3789 succedat.
3235 3735 3349 3790 Nec

1991 3815 2125 3866 tunc
2152 3814 2371 3882 oportet
2389 3825 2646 3882 quaerere
2672 3809 2851 3866 aliam
2873 3826 3103 3867 causam
3126 3812 3348 3871 forma-

1990 3892 2126 3957 lem,
2145 3908 2271 3963 qum
2286 3891 2555 3947 umbram
2582 3892 2830 3963 expellat
2868 3890 3208 3961 formaliter,
3233 3893 3350 3950 dis-

1989 3970 2227 4027 tinctam
2251 3988 2283 4027 a
2303 3970 2554 4043 simplici
2577 3971 2879 4044 negatione
2900 3971 3120 4030 umbrae
3139 3997 3154 4041 3
3180 3980 3348 4030 tran-

1986 4050 2061 4106 sit
2088 4052 2247 4108 enim
2286 4049 2600 4124 subjectum
2629 4049 2700 4106 ab
2724 4066 2846 4107 esse
2875 4052 3168 4123 privatum
3198 4054 3342 4124 luce,

1988 4132 2059 4188 ad
2080 4148 2201 4188 esse
2227 4137 2496 4207 negatum
2525 4136 2643 4187 tam
2672 4131 2813 4197 luce,
2850 4149 3024 4205 quam
3052 4136 3196 4192 lucis
3223 4137 3348 4209 pri-

1987 4214 2235 4279 vatione,
2255 4229 2353 4271 seu
2378 4212 2606 4270 umbra.
2629 4212 2721 4270 Sic
2746 4221 3033 4286 peccatum
3055 4215 3351 4274 habituale

1984 4298 2071 4350 est
2094 4292 2357 4365 quaedam
2385 4293 2611 4359 umbra,
2641 4308 2742 4349 seu
2766 4295 3015 4367 privatio
3044 4297 3186 4354 lucis
3210 4311 3352 4372 gra-

1986 4374 2101 4440 tiae,
2146 4372 2473 4446 dependens
2513 4379 2785 4445 tanquam
2829 4390 2861 4430 a
2900 4391 3069 4433 causa
3105 4375 3176 4433 ab
3219 4382 3345 4434 actu

1986 4454 2277 4526 praeterito
2305 4468 2422 4511 non
2448 4456 2767 4518 retractam,
2798 4459 2855 4510 et
2876 4454 3233 4512 infusionem
3261 4459 3348 4514 lu·

1981 4534 2063 4589 cis
2088 4534 2288 4607 gratia?
2322 4532 2712 4606 impediente:
2743 4533 2898 4592 unde
2940 4541 3259 4604 retractato,
3290 4542 3349 4595 et

1981 4615 2212 4670 excluso
2254 4611 2521 4686 praedicto
2547 4619 2670 4669 actu
2714 4614 2938 4685 peccati,
2983 4614 3179 4671 statim
3204 4631 3346 4673 eva-

1982 4695 2168 4751 nescit
2194 4695 2422 4751 macula
2443 4695 2506 4750 in
2531 4709 2653 4752 esse
2673 4694 2931 4761 maculae,
2957 4695 3081 4752 sive
3101 4695 3342 4764 umbrae,

1980 4781 2038 4832 et
2076 4774 2424 4848 privationis
2460 4775 2693 4848 gratiae3
2736 4774 2873 4847 quia
2911 4774 3068 4833 deest
3093 4792 3281 4846 causa,
3306 4794 3349 4835 ‘a

1979 4873 2092 4928 qua
2108 4858 2171 4914 in
2186 4856 2641 4926 conservatione,
2666 4862 2722 4915 et
2743 4856 2806 4913 in
2834 4872 2957 4914 esse
2977 4857 3110 4914 talis
3127 4857 3347 4932 depen-

1979 4937 2092 4994 det:
2121 4937 2287 4993 Illius
2307 4953 2375 4994 au
2386 4941 2500 4994 tem
2524 4938 2747 4995 umbrae
2771 4938 3035 5011 expulsio
3055 4937 3122 4994 fit
3138 4954 3348 4997 conna-

1982 5018 2269 5087 turaliter,
2288 5022 2345 5077 et
2361 5033 2534 5090 perse
2555 5018 2855 5091 loquendo,
2877 5017 2979 5092 per
2999 5019 3182 5077 lucem
3205 5035 3343 5093 gra-

3241 5100 3343 5157 tiae

3360 3480 3533 3571 ddentjs

1992 3584 2165 3642 opaco
2191 3570 2376 3625 lucem
2405 3567 2753 3640 impediente
2780 3588 2794 3622 ε
2824 3567 2976 3625 unde
3004 3567 3193 3626 ablato
3218 3586 3347 3628 cor-
3387 3536 3574 3672 Ξὲιέιῗ

3464 5175 3534 5511 t
