3647 5753
488 421 600 478 690

490 595 711 671 liquido
755 600 990 664 constet,
1022 596 1274 669 qualiter
1319 595 1389 653 de
1414 597 1587 653 Beata
1612 593 1854 668 Virgine

488 679 875 737 benemeritos
921 684 1177 753 oporteat
1217 680 1279 735 in
1333 679 1437 735 hac
1481 694 1543 737 re
1590 676 1764 751 loqui,
1796 680 1854 732 et

274 756 455 801 Β-Βθῑΰ·
486 762 721 819 sentire.
754 762 985 819 Etenim
1028 762 1094 817 D.
1137 760 1533 818 Bernardinus
1583 757 1853 816 Senensis

488 850 619 899 tom.
658 846 704 909 l,
728 861 891 899 serm.
918 844 1010 909 61,
1041 843 1123 900 sic
1149 843 1230 900 ait
1261 863 1274 900 :
1303 863 1328 895 «
1362 842 1558 900 Posuit
1584 840 1854 899 diadema

496 948 522 980 α
553 925 717 1000 regni
738 940 909 998 super
929 930 1099 997 caput
1116 926 1257 1000 ejus,
1282 930 1338 982 et
1365 923 1551 982 voluit
1576 938 1705 979 eam
1730 936 1854 979 esse

495 1029 520 1059 α
549 1005 856 1080 Reginam.
911 1004 1108 1065 Eether
1162 1007 1207 1062 l.
1253 1003 1408 1060 lstud
1454 1009 1538 1061 est
1587 1001 1854 1060 diadema

491 1109 517 1140 «
547 1087 774 1160 speciei,
801 1092 858 1143 et
877 1102 1086 1144 corona
1105 1087 1325 1161 gloriae,
1352 1101 1466 1159 qua
1487 1085 1662 1160 Virgo
1681 1101 1854 1159 super

493 1190 519 1221 ε(
548 1169 780 1242 angelos
829 1175 1171 1234 coronatur,
1229 1173 1291 1223 ut
1342 1168 1500 1231 intra
1544 1166 1853 1223 Trinitatis

495 1273 522 1304 α
549 1250 796 1325 gloriam
825 1251 949 1325 ipsa
975 1252 1095 1308 sola
1131 1251 1380 1324 amplius
1407 1252 1482 1307 sit
1526 1255 1737 1315 evecta,
1790 1265 1854 1305 ac

495 1354 521 1387 α
552 1333 679 1404 plus
689 1324 1352 1388 BeatissimaeTrinitatis
1367 1330 1849 1407 diligatgloriam,

498 1436 524 1466 α
554 1412 758 1485 capiat,
790 1413 1016 1482 sentiat,
1062 1419 1116 1470 et
1163 1413 1410 1480 fruatur,
1460 1429 1633 1487 quam
1661 1411 1854 1470 omnis

497 1516 523 1548 α
554 1494 670 1550 alia
718 1511 863 1567 pura
888 1493 1066 1549 simul
1094 1500 1342 1567 sumpta,
1386 1494 1456 1553 de
1482 1494 1641 1568 qu‘us
1667 1492 1856 1568 gloria

498 1597 523 1628 α
555 1579 678 1647 post
718 1573 931 1630 Filium
962 1574 1307 1647 participant
1334 1574 1616 1632 universi.
1651 1593 1676 1626 »
1724 1576 1855 1631 Non

278 1661 453 1755 Gffluffl·
493 1656 691 1713 minus
724 1658 835 1714 alte
863 1656 1114 1728 loquitur
1137 1656 1483 1714 Guillelmus
1510 1655 1855 1713 parisiensis

362 1722 434 1755 ¹¹⁸·
495 1737 559 1794 in
586 1737 827 1795 Rosario
854 1754 1047 1804 aure0,
1081 1737 1179 1794 ubi
1207 1738 1289 1795 sic
1308 1737 1445 1795 dicit
1474 1759 1487 1794 z
1522 1759 1549 1791 α
1578 1738 1635 1794 Si
1657 1737 1857 1813 gratiae

498 1841 523 1872 α
554 1819 818 1876 omnium
830 1821 1189 1887 Sanctorum,
1206 1819 1695 1886 Patriarcharum,
1718 1820 1857 1876 Pro-

494 1921 519 1952 α
552 1900 872 1972 phetarum,
899 1902 1321 1973 Apostolorum,
1347 1902 1692 1975 Martyrum,
1714 1902 1856 1957 Con·

494 2001 519 2033 «
551 1980 854 2050 sessorum,
887 1980 1218 2056 Virginum,
1250 1987 1306 2038 et
1351 1982 1616 2040 omnium
1644 1981 1856 2039 electo-

496 2086 522 2117 «
552 2079 706 2132 rum,
737 2064 913 2120 etiam
940 2064 1371 2138 comprehensis
1397 2079 1604 2121 novem
1634 2064 1856 2121 ordini·

494 2166 519 2197 «
552 2143 658 2200 bus
703 2146 1075 2220 Angelorum,
1109 2150 1462 2219 ponerentur
1502 2145 1566 2202 in
1594 2161 1711 2201 una
1736 2151 1856 2201 sta-

497 2248 523 2280 «
551 2231 695 2293 tera,
722 2231 778 2283 et
802 2228 925 2285 sola
950 2228 1136 2301 gratia
1159 2229 1327 2303 hujus
1347 2227 1607 2302 Virginis
1630 2227 1693 2282 in
1715 2226 1850 2292 alia,

500 2331 525 2362 «
554 2310 739 2367 multo
777 2311 1014 2385 gravior
1042 2315 1359 2383 appareret.
1397 2333 1423 2364 »
1467 2312 1673 2367 Beatus
1699 2308 1857 2364 Tho-

280 2400 452 2443 B.'1'no.
494 2408 618 2448 mas
645 2393 1094 2461 cantuariensis,
1126 2392 1286 2465 cujus
1325 2392 1519 2457 verba,
1547 2398 1602 2449 et
1631 2391 1856 2447 revela-

284 2448 710 2612 ‘ffssfflgf‘zifnem
748 2473 924 2612 referit
974 2472 1391 2614 1»ὲῖιὲἳίῑίυεῖ
1419 2476 1555 2569 'vita
1608 2471 1858 2610 Dleg‘porae

559 2571 711 2620 aruc,
751 2571 832 2610 s1c
901 2571 935 2611 o
978 2571 1011 2610 u
1150 2570 1217 2610 ur
1252 2576 1266 2611 ε
1368 2575 1402 2610 α
1429 2572 1576 2611 orem
1708 2571 1857 2610 ream

492 2634 650 2689 habet
697 2637 840 2707 ipsa,
891 2572 1060 2711 qgam
1111 2653 1294 2692 omnes
1330 2574 1500 2692 εἰηῙιυΖ
1543 2572 1762 2707 Ανὲπῑί,
1805 2643 1857 2692 et

281 2712 464 2806 &effi-{¹-
495 2715 710 2773 Sancti.
735 2720 936 2774 Petrus
953 2717 1266 2773 Damianus
1292 2733 1467 2776 serm.
1487 2719 1557 2775 de
1576 2720 1857 2790 Assump-

463 2795 651 2855 'tione
701 2799 962 2874 Virginis
1034 2820 1048 2855 ε
1113 2799 1269 2855 Inter
1318 2803 1540 2856 animas
1590 2800 1856 2872 (inquit)

491 2876 845 2947 Sanctorum,
884 2889 934 2936 et
960 2880 1298 2951 Anyelorum
1325 2884 1514 2939 choros
1555 2884 1858 2955 superemi-

492 2977 642 3026 nens,
673 2962 871 3016 merita
898 2963 1261 3032 sinqulorum,
1293 2969 1343 3018 et
1383 2964 1630 3018 omnium
1670 2962 1857 3018 titulos

491 3042 777 3097 antecedit.
811 3043 925 3096 Nec
971 3041 1169 3098 minus
1202 3040 1272 3099 ad
1301 3060 1423 3100 rem
1453 3046 1764 3117 loquuntur
1787 3046 1851 3099 D.

282 3103 461 3197 fflfflffi
493 3121 809 3178 Bonavent.
849 3139 1030 3195 opusc.
1056 3121 1121 3178 de
1147 3123 1403 3181 laudibus
1441 3123 1702 3195 ViryiniS,
1729 3142 1852 3198 cap.

294 3204 455 3298 ³331?-
492 3203 548 3268 6,
578 3202 785 3258 Beatus
813 3203 1156 3282 Laurentius
1204 3205 1564 3262 Justinianus
1604 3208 1663 3260 in
1689 3223 1850 3263 serm.

278 3285 468 3362 creteq's.
492 3283 556 3338 dc
582 3282 827 3342 Natiuit.
874 3285 1136 3357 Viryinis.
1189 3288 1446 3347 Andreas
1468 3289 1755 3346 Cretensis
1796 3292 1856 3345 in

275 3352 468 3448 {222}
495 3371 655 3421 tract.
700 3366 762 3420 de
809 3365 1196 3440 Assumptione
1239 3367 1498 3440 Virqinis,
1536 3375 1610 3426 ‘et
1663 3370 1856 3443 plures

282 3453 451 3547 ffnffc'
495 3444 616 3512 alii,
660 3462 801 3519 quos
838 3448 1063 3527 sequuti
1090 3455 1225 3506 sunt
1251 3468 1323 3509 ex
1342 3450 1645 3524 Theologis
1672 3450 1854 3506 nostri

327 3511 380 3547 ⁰¹¹
412 3514 475 3548 οῖ’
492 3528 768 3599 temporis
796 3529 1131 3587 Franciscus
1170 3533 1379 3589 Suarez
1407 3532 1441 3587 3
1487 3538 1638 3604 part.
1668 3538 1851 3609 quast.

491 3605 583 3674 37,
609 3609 891 3666 Henricus
936 3611 1222 3686 Euriquez
1248 3612 1340 3671 lib.
1366 3614 1430 3668 dc
1449 3613 1558 3678 fine
1590 3613 1849 3682 hominis,

488 3704 608 3761 cap.
668 3690 751 3755 10,
809 3692 1143 3749 Franciscus
1187 3691 1258 3750 de
1303 3693 1579 3752 Mendoza
1619 3695 1679 3749 in
1705 3712 1857 3749 com-

486 3777 655 3826 ment.
684 3772 761 3827 ad
788 3791 908 3846 cap.
934 3774 990 3840 4,
1024 3774 1117 3832 lib.
1153 3778 1170 3831 l
1226 3775 1355 3846 Ray.
1391 3783 1579 3832 αηηοε.
1624 3778 1709 3844 ll,
1755 3776 1854 3833 ubi

487 3869 644 3909 num.
684 3855 757 3910 28
809 3853 956 3910 hanc
994 3854 1064 3912 de
1097 3858 1266 3914 Beata
1318 3856 1558 3932 Virgine
1587 3859 1856 3933 proponit

489 3933 1003 4009 interrogationem
1054 3958 1072 3992 ε
1125 3958 1150 3990 α
1182 3940 1384 3995 Totam
1425 3940 1710 3996 coelestem
1741 3941 1856 3996 Cu-

495 4036 520 4067 α
551 4014 701 4071 riam
732 4030 848 4072 una
873 4031 944 4072 ex
989 4022 1150 4090 parte
1176 4019 1652 4091 contemplemur,
1690 4025 1746 4076 et
1782 4035 1856 4077 ex

492 4115 517 4147 «
551 4096 733 4153 altera
813 4098 998 4153 solam
1068 4098 1373 4172 Virginem
1444 4099 1809 4157 attendamus
1838 4144 1852 4157 .

493 4197 520 4229 α
550 4176 711 4243 Utra,
755 4193 960 4250 quaest),
994 4178 1058 4234 in
1087 4185 1247 4251 parte
1293 4181 1478 4254 majus
1522 4181 1743 4255 gloriae,
1796 4186 1856 4239 et

493 4277 519 4309 (ι
551 4256 999 4330 pulchritudinis
1060 4261 1444 4331 spectaculum
1505 4265 1856 4336 consurget?

493 4360 518 4392 α
551 4339 714 4396 Haud
741 4338 914 4396 dubio
942 4339 1007 4396 in
1035 4341 1241 4398 Maria.
1273 4341 1331 4396 Si
1360 4343 1531 4399 Beata
1570 4343 1849 4414 Trinitas,

494 4442 520 4473 ιι
550 4424 606 4476 et
644 4420 857 4476 Christi
890 4421 1124 4478 Domini
1153 4422 1483 4479 humanitas
1510 4424 1848 4497 excipiatur,

493 4522 520 4553 α
553 4501 720 4575 plura
742 4501 805 4557 in
835 4518 951 4559 una
974 4503 1214 4577 Virgine
1235 4503 1561 4577 spectanda,
1594 4521 1766 4577 quam
1790 4506 1856 4563 in

493 4604 519 4635 α
550 4587 668 4640 tota
701 4584 874 4640 Curia
901 4585 1114 4641 coelesti
1155 4586 1549 4643 invenientur.
1596 4607 1621 4638 n
1668 4589 1855 4647 Bene-

273 4685 458 4730 rermn,
489 4663 672 4721 dictus
694 4665 1026 4722 Fernandez
1046 4674 1175 4725 tom.
1208 4669 1261 4734 3,
1302 4671 1362 4724 in
1385 4666 1574 4726 Genes.
1606 4687 1726 4743 cap.
1757 4670 1849 4737 32,

487 4754 616 4804 sect.
637 4749 693 4813 6,
727 4765 880 4805 num.
932 4750 1016 4815 10,
1047 4747 1118 4806 de
1140 4750 1346 4825 gratia,
1378 4755 1434 4807 et
1462 4751 1688 4808 meritis
1714 4752 1854 4808 Vir-

486 4829 641 4905 ginis
687 4829 767 4886 ita
795 4828 1050 4902 loquitur
1094 4852 1109 4886 ε
1144 4852 1170 4885 κ
1219 4832 1276 4887 Si
1312 4831 1384 4889 de
1410 4833 1636 4890 meritis
1662 4849 1856 4891 sermo

493 4931 518 4962 «
548 4913 650 4974 est,
705 4906 953 4982 profecto
995 4910 1077 4967 sic
1118 4928 1455 4985 persuasum
1494 4913 1643 4971 mihi
1670 4913 1854 4972 habeo

491 5011 518 5042 «
548 4989 719 5063 (quod
738 4996 796 5047 et
821 4991 923 5047 alii
954 4990 1113 5063 prius
1140 4992 1637 5066 concelebrarunt)
1681 4995 1854 5051 unius

494 5092 521 5124 α
550 5072 807 5143 Deiparae
835 5072 1063 5139 merita,
1112 5078 1165 5130 et
1204 5075 1474 5149 gratiam,
1520 5081 1576 5133 et
1598 5076 1852 5151 gloriam

1528 420 1622 475 DE
1660 416 1965 474 NATURA
2002 416 2282 473 MERITI.

1991 612 2019 645 α
2048 589 2422 664 proculdubio
2479 589 2770 656 uberiora,
2825 593 2882 647 et
2946 587 3356 663 praestantiora

1992 695 2019 727 α
2045 688 2185 739 esse,
2234 689 2407 746 quam
2452 675 2572 731 sint
2616 672 2817 730 omnia
2856 671 3033 729 etiam
3061 671 3355 729 collectim

1992 775 2019 808 α
2046 759 2294 827 sumpta,
2344 768 2470 826 quae
2505 755 2567 811 in
2615 752 2888 812 omnibus
2930 750 3358 826 praedestinatis

1992 856 2017 888 α
2050 835 2438 909 reperiuntur.
2473 855 2499 888 »
2527 834 2675 900 Quid
2698 836 2867 908 plura
2886 836 2914 891 ?
2945 832 3267 898 Credimus,
3293 836 3358 889 et

1986 916 2149 990 pium
2179 915 2347 973 valde
2393 921 2675 989 putamus,
2726 916 3032 992 Virginem
3072 914 3359 972 Beatissi-

1984 1012 2143 1054 mam
2190 998 2360 1054 unico
2387 995 2688 1053 dumtaxat
2727 1002 2873 1063 actu,
2907 997 3015 1053 illo
3041 996 3355 1060 nimirum,

1984 1095 2096 1152 quo
2115 1094 2458 1137 consensum
2488 1078 2735 1152 praebuit
2774 1078 2847 1135 ad
2869 1077 3045 1135 Verbi
3075 1078 3361 1134 incarna-

1984 1161 2224 1230 tionem,
2249 1177 2546 1235 superasse
2573 1162 2782 1220 merita
2802 1162 3069 1218 omnium
3099 1158 3361 1234 praedes-

1985 1243 2304 1302 tinatorum
2363 1245 2542 1301 simul
2583 1249 2830 1318 sumpta.
2874 1246 2944 1299 Et
2970 1243 3053 1301 ita
3091 1242 3242 1300 dixit
3279 1245 3354 1298 D.

1986 1324 2383 1382 Bernardinus
2439 1325 2708 1383 Senensis
2765 1324 2862 1381 ubi
2922 1342 3094 1398 supra
3127 1367 3141 1391 ,
3198 1323 3546 1395 quodum

1986 1404 2162 1463 Beata
2221 1405 2384 1477 Viryo
2422 1424 2523 1481 per
2567 1423 2905 1471 consensum,
2938 1423 3097 1482 quem
3117 1404 3361 1479 praebuit

1986 1490 2320 1561 conceptioni
2358 1485 2530 1554 Verbi,
2570 1489 2702 1561 plus
2727 1489 2947 1553 meruit,
2975 1505 3143 1562 quam
3168 1505 3363 1544 omnes

1986 1569 2248 1635 homines,
2272 1577 2324 1624 ct
2361 1568 2562 1639 Anyeli
2588 1569 2756 1624 simul
2781 1572 2899 1624 suis
2941 1568 3154 1624 actibus
3179 1570 3363 1625 meri-

1988 1654 2168 1708 tur-iic.
2219 1652 2517 1709 Consentit
2542 1651 2718 1708 etiam
2763 1650 3064 1723 praedictus
3087 1651 3523 1708 Fernan-Ferm
3631 1731 3634 1740 Ι

1986 1734 2089 1791 dez
2114 1735 2172 1790 d.
2196 1741 2325 1791 tom.
2353 1752 2475 1807 cap.
2503 1736 2698 1801 &seca
2729 1733 2821 1802 26,
2845 1750 3000 1791 num.
3030 1737 3090 1801 6,
3115 1734 3211 1791 ubi
3236 1735 3362 1793 haec

1990 1814 2159 1872 habet
2185 1815 2409 1873 verba:
2457 1837 2483 1869 «
2526 1817 2763 1887 Semper
2816 1815 2966 1871 mihi
3009 1831 3360 1889 persuasum

1995 1921 2020 1952 α
2049 1903 2151 1966 est,
2185 1899 2490 1971 Virginem
2517 1900 2620 1956 Dei
2647 1904 2895 1955 matrem
2924 1899 3029 1955 hoc
3075 1915 3191 1956 uno
3219 1905 3362 1957 tan-
3447 1931 3456 1934 -

1995 2003 2021 2034 α
2051 1985 2173 2036 tum
2222 1978 2368 2036 facto
2413 1979 2502 2036 his
2546 1978 2911 2037 solummodo
2939 1980 3173 2037 verbis:
3215 1982 3363 2040 Ecce

1994 2083 2018 2114 α
2053 2060 2265 2117 ancilla
2290 2060 2547 2126 Domini,
2578 2058 2679 2117 fiat
2700 2060 2848 2116 mihi
2871 2060 3186 2117 secundum
3217 2079 3362 2120 ver-

1995 2164 2021 2195 «
2051 2141 2188 2198 bum
2231 2146 2416 2207 tuum,
2463 2158 2579 2199 non
2621 2142 2793 2200 modo
2821 2142 2889 2199 ad
2917 2142 3361 2216 impetrandum

1995 2244 2021 2277 α
2052 2222 2475 2281 Incarnationis
2496 2221 2860 2290 beneficium,
2893 2222 2991 2281 sed
3011 2230 3067 2281 et
3093 2223 3363 2283 absolute

1976 2325 2022 2356 «α
2049 2318 2273 2376 quoque
2300 2303 2428 2375 plus
2453 2303 2750 2370 meruisse,
2775 2318 2949 2375 quam
2978 2319 3180 2362 omnes
3224 2321 3362 2362 om-

1994 2406 2021 2438 «
2054 2384 2194 2441 nino
2233 2384 2371 2459 justi
2403 2400 2504 2456 per
2551 2400 2726 2458 opera
2769 2387 3146 2457 quantumvis
3185 2403 3362 2463 egre-

1996 2487 2022 2519 α
2048 2466 2162 2541 gia,
2190 2470 2245 2521 et
2271 2464 2602 2539 gratissima
2625 2468 2755 2532 Deo,
2782 2466 2877 2522 vel
2912 2465 3036 2540 ipsa
3063 2471 3361 2543 martyria

1995 2571 2020 2603 α
2054 2552 2519 2622 promeruerunt.
2555 2567 2580 2598 ιο

2064 2628 2230 2685 Unde
2269 2629 2540 2700 vasquez,
2597 2627 2697 2702 qui
2744 2630 2832 2699 (ut
2875 2629 3134 2687 vidimus
3161 2631 3226 2687 in
3255 2632 3533 2724 ar-ffiasetj

1988 2712 2279 2786 gumento)
2305 2713 2474 2782 negat
2499 2710 2733 2765 Beatam
2748 2711 2994 2768 Mariam
3018 2712 3358 2772 intensione
3375 2691 3550 2786 :vergnano

1988 2810 2226 2851 suorum
2254 2806 2493 2865 operum
2524 2790 2774 2863 potuisse
2822 2809 3099 2866 superare
3144 2779 3542 2868 quam-m

1992 2875 2131 2932 libet
2174 2888 2414 2948 operum
2455 2871 2916 2940 multitudinem,
2948 2892 3121 2948 quam
3170 2878 3353 2947 Elias,
3421 2837 3499 2874 m·

1989 2964 2046 3017 et
2072 2957 2264 3014 Enoch
2313 2954 2382 3012 ab
2426 2954 2597 3011 initio
2623 2956 2714 3012 sui
2742 2961 2938 3029 raptus
2964 2974 3142 3032 usque
3168 2960 3242 3017 ad
3282 2963 3360 3019 fi-

1990 3057 2125 3100 nem
2147 3037 2353 3095 mundi
2374 3037 2739 3105 exercebunt,
2764 3046 2966 3097 contra
2983 3058 3358 3104 communem

1989 3137 2223 3180 sensum
2251 3124 2547 3179 tantorum
2577 3122 2837 3188 Patrum,
2862 3124 3357 3199 etTheologorum

1988 3203 2200 3260 merita
2244 3200 2507 3274 Virginis
2545 3208 2811 3268 coarctat,
2842 3208 2896 3260 et
2924 3205 3074 3277 (plus
3099 3208 3352 3280 sapiens,

1990 3300 2164 3357 quam
2212 3284 2456 3355 oportet)
2484 3298 2601 3339 non
2643 3283 2726 3341 ita
2772 3285 2904 3353 alte,
2932 3290 2992 3341 ut
3019 3303 3123 3359 par
3150 3294 3255 3357 est,
3286 3289 3360 3348 de

1989 3366 2094 3423 illa
2128 3366 2322 3422 sentit.

2064 3441 2148 3496 Ex
2187 3439 2396 3511 quibus
2435 3440 2506 3496 ad
2534 3446 2941 3515 argumentum
2971 3445 3355 3518 propositum,

1987 3519 2137 3593 quod
2161 3520 2369 3576 attinet
2398 3520 2468 3576 ad
2492 3520 2640 3577 hanc
2667 3527 2909 3595 partem,
2944 3525 3087 3580 satis
3108 3530 3353 3594 constat,

1988 3602 2204 3658 frustra
2234 3600 2437 3658 adduci
2466 3600 2538 3658 ad
2561 3602 2870 3661 intentum.
2900 3604 2959 3660 Si
2980 3606 3139 3662 enim
3169 3608 3359 3663 meri-

1990 3689 2065 3750 ta,
2096 3684 2364 3758 gratiam,
2398 3689 2456 3741 et
2475 3684 2722 3758 gloriam
2746 3685 3005 3760 Virginis
3026 3687 3217 3744 Sancti
3243 3689 3362 3745 Pa-

1988 3770 2123 3835 tres,
2143 3772 2201 3823 et
2225 3766 2499 3840 Theologi
2529 3766 2609 3824 ita
2628 3768 2933 3833 extollunt,
2962 3767 3101 3827 adeo
3124 3772 3362 3846 magni-

1987 3844 2181 3913 ficant,
2212 3852 2269 3904 et
2296 3847 2577 3913 exaltant,
2600 3854 2662 3903 ut
2680 3853 2797 3905 tota
2824 3848 3097 3916 collecti0‚
3118 3853 3355 3925 etquasi

1989 3926 2241 3986 intensio
2267 3928 2486 4004 gratita,
2513 3934 2569 3986 et
2589 3929 2789 4004 gloriae
2816 3928 3358 4003 praedestinatorum

1987 4009 2254 4067 omnium
2306 4011 2614 4068 hominum
2671 4011 2850 4068 simul
2896 4016 2952 4069 et
2997 4015 3357 4089 Angelorum

1988 4094 2322 4151 nullatenus
2362 4093 2468 4150 illa
2516 4093 2736 4165 possint
2781 4093 3110 4169 adaequare3
3141 4105 3359 4170 quanto

1989 4178 2187 4233 minus
2201 4176 2289 4233 eis
2304 4175 2630 4250 comparari
2655 4178 2865 4249 poterit
2879 4181 3155 4237 meritum
3179 4183 3364 4240 unius

1987 4257 2288 4314 dumtaxat
2330 4257 2491 4331 justi,
2537 4256 2767 4313 etiamsi
2794 4257 3015 4327 demus,
3047 4261 3197 4334 quod
3244 4263 3361 4321 isa

1989 4338 2274 4414 principio
2299 4338 2504 4394 mundi
2533 4355 2711 4411 usque
2753 4340 2825 4396 ad
2852 4340 3028 4399 finem
3076 4344 3361 4404 continuo

1986 4424 2298 4477 mereatur.
2370 4421 2602 4476 Certum
2665 4437 2916 4495 namque
2982 4439 3101 4482 esse
3165 4424 3358 4495 debet,

1987 4501 2164 4559 etiam
2212 4500 2275 4556 in
2317 4501 2604 4558 sententia
2635 4500 3140 4572 Adversariorum,
3170 4506 3362 4564 meri-

1988 4588 2113 4638 tum
2150 4581 2318 4637 istius
2345 4595 2707 4656 nequaquam
2737 4582 3037 4657 adaequare
3062 4586 3360 4645 collectio-

1989 4678 2143 4728 nem,
2164 4667 2219 4719 et
2235 4662 2534 4719 cumulum
2560 4664 2902 4720 meritorum
2919 4667 3186 4723 omnium
3201 4668 3362 4726 alio-

1990 4762 2119 4802 rum
2145 4746 2462 4813 Justorum,
2516 4752 2722 4818 praeter
2763 4747 3085 4822 Virginem,
3115 4764 3241 4822 quae
3287 4750 3360 4809 in

1988 4826 2236 4883 Ecclesia
2280 4825 2351 4883 ab
2396 4826 2572 4884 initio
2612 4827 2819 4885 mundi
2866 4844 3043 4903 usque
3071 4828 3143 4886 ad
3169 4829 3358 4889 finem

1986 4909 2263 4967 meritum
2308 4909 2668 4967 continuavit
2700 4934 2713 4968 ι
2756 4927 2891 4985 ergo
2930 4913 3114 4969 multo
3153 4914 3363 4973 minus

1987 4988 2306 5063 adaequabit
2351 4990 2563 5048 merita
2614 4991 2896 5067 Virginis,
2951 5008 3078 5065 quae
3131 4995 3358 5054 merito

1987 5070 2161 5127 unius
2205 5068 2506 5127 dumtaxat
2551 5078 2724 5140 actus,
2760 5077 2821 5130 ut
2847 5072 3122 5141 vidimus,
3167 5079 3352 5132 totam

3016 5153 3354 5229 praedictam
