3647 5753
27 578 149 635 adel

27 660 233 755 mp'tlgm

29 764 125 821 mgr]
123 760 208 806 ti

1443 386 1621 455 DISP.
1665 398 1735 465 11,
1778 399 1943 456 DUB.
1976 400 2097 457 VII.

250 570 556 628 mundabit
597 589 629 629 a
667 576 912 646 peccato.
941 574 1064 637 Quo
1102 568 1241 645 quid
1269 568 1615 628 absurdius?

323 654 452 709 272.
470 652 794 709 Secundum
811 652 987 710 etiam
1008 652 1289 709 motivum
1308 651 1612 708 refutatur:

249 733 528 806 quoniam
552 735 728 790 semel
754 731 1023 797 admis50,
1048 730 1195 805 quod
1219 732 1390 790 homo
1420 732 1484 788 in
1505 747 1614 805 pu-

28 847 49 861 „
68 834 107 884 ,5
250 815 335 872 ris
374 814 638 871 conditus
680 818 867 888 posset
890 813 1118 870 viribus
1145 813 1527 880 naturalibus,
1560 816 1615 869 et

29 915 114 968 lsi:
138 944 143 963 τ

28 1042 29 1047 ,
68 1024 81 1047 ἔ
107 1040 139 1047 ss

28 1091 33 1097 .
59 1077 105 1107 ,pl
124 1092 137 1101 .

27 1084 139 1147 fri-ulf.

30 1172 133 1211 QHEZL

34 1330 114 1377 tat:
130 1338 133 1341 ¹

28 1405 102 1460 aar
116 1422 135 1454 ε,-

32 1486 107 1540 dij&
122 1532 125 1535 .

27 1580 117 1626 ltine

28 1655 120 1708 lii-r.

40 1747 109 1775 ᾖ

38 1768 63 1792 .ιὶ
80 1779 111 1788 --

28 1840 45 1874 'S
62 1836 115 1890 pk}

30 1902 104 1970 iis*

50 2888 81 2924 tta*

32 2070 107 2119 {vaf-

245 895 468 952 seclusa
495 894 658 950 omni
685 894 922 968 speciali
951 893 1138 967 gratia
1164 892 1405 967 diligere
1435 895 1614 948 Deum

245 973 431 1031 finem
479 976 808 1032 naturalem
862 990 1036 1048 super
1083 973 1310 1041 omnia;
1367 978 1422 1029 et
1465 970 1615 1046 quod

245 1054 531 1128 peccando
557 1055 812 1130 graviter
840 1071 958 1112 non
988 1055 1164 1112 fuerit
1201 1069 1453 1118 aversus,
1497 1052 1615 1108 sal-

243 1142 363 1194 tem
405 1137 704 1204 indirecte,
762 1154 795 1195 a
838 1139 952 1195 Deo
997 1135 1426 1211 supernaturali
1466 1133 1583 1191 fine
1597 1158 1611 1201 ;

245 1218 443 1293 palam
472 1218 748 1290 sequitur,
787 1217 937 1292 quod
967 1224 1091 1291 post
1118 1219 1340 1291 lapsum
1371 1216 1617 1273 retineat

246 1299 483 1358 easdem
513 1302 686 1366 vires,
712 1317 851 1372 quas
879 1307 1011 1357 ante
1053 1305 1340 1372 peccatum
1370 1296 1615 1354 habebat

250 1384 314 1440 in
338 1382 546 1440 ordine
570 1379 638 1438 ad
662 1381 992 1455 praedictam
1014 1380 1404 1438 dilectionem.
1420 1382 1488 1435 Et
1510 1395 1609 1435 ra-

249 1466 333 1522 tio·
381 1469 484 1528 est,
516 1463 788 1536 quoniam
829 1463 877 1517 si
919 1463 1225 1535 loquamur
1264 1462 1334 1518 de
1361 1461 1615 1535 potentia

249 1543 630 1611 antecedenti,
658 1544 772 1600 haec
792 1541 994 1603 eadem
1020 1549 1217 1600 manet
1237 1546 1389 1607 ante,
1416 1547 1470 1598 et
1493 1545 1616 1614 post

250 1627 509 1699 lapsum;
535 1640 664 1679 cam
690 1623 841 1678 nihil
865 1622 1022 1680 aliud
1045 1623 1327 1696 sit,quam
1349 1622 1616 1678 voluntas

249 1712 581 1779 comparata
603 1703 673 1760 ad
700 1703 1069 1761 dilectionem
1094 1704 1191 1759 Dei
1219 1701 1535 1759 secundum
1556 1717 1617 1757 se

253 1785 692 1849 consideratam,
724 1790 782 1841 et
810 1783 1242 1858 praescindendo
1270 1799 1303 1839 a
1337 1783 1615 1839 circums-

257 1868 456 1924 tantiis
491 1866 933 1924 accidentalibus
973 1866 1083 1934 hic,
1128 1871 1185 1923 et
1224 1881 1378 1921 nunc
1417 1880 1616 1922 occur-

260 1947 537 2004 rentibus,
571 1948 628 2001 Si
671 1953 861 2003 autem
908 1947 1215 2018 loquamur
1255 1944 1325 2001 de
1367 1945 1616 2017 potentia

254 2028 654 2101 consequenti,
714 2028 830 2083 haec
878 2031 1015 2082 tunc
1078 2024 1320 2082 deficere
1377 2024 1606 2091 dicitur,

252 2110 483 2184 quando
526 2110 725 2183 nequit
765 2110 857 2165 vel
902 2107 1201 2181 proprium
1250 2112 1437 2163 actum
1487 2121 1615 2163 cum

261 2194 450 2266 aliquo
474 2193 889 2266 impedimento
911 2191 1018 2255 hic,
1035 2195 1091 2245 et
1113 2205 1265 2245 nunc
1287 2193 1616 2246 occurrente

261 2289 616 2345 componere,
661 2274 753 2329 vel
784 2271 972 2344 ipsum
1002 2268 1483 2342 impedimentum
1512 2283 1616 2324 ex-

258 2352 507 2408 cludere.
535 2354 601 2406 Et
629 2351 732 2407 hac
766 2350 988 2407 ratione
1014 2348 1241 2415 dicitur,
1267 2347 1416 2420 quod
1445 2347 1616 2404 homo

259 2437 570 2505 praemotus
609 2430 827 2487 auxilio
853 2429 1057 2486 efficaci
1088 2429 1159 2486 ad
1205 2444 1482 2493 amorem,
1511 2443 1616 2484 ne-

255 2513 384 2584 quit
431 2511 685 2583 potentia
728 2510 1089 2583 consequenti
1134 2525 1345 2583 ponere
1385 2508 1611 2576 odium;

254 2593 394 2664 quia
423 2592 551 2647 licet
580 2590 784 2648 habeat
814 2594 1143 2664 potestatem
1173 2590 1243 2647 ad
1284 2588 1482 2647 odium
1521 2605 1617 2646 se-

250 2670 508 2727 cundum
537 2688 613 2736 se,
648 2671 842 2743 nequit
882 2675 1076 2727 tamen
1117 2672 1209 2727 vel
1250 2669 1449 2727 odium
1484 2685 1614 2725 cum

253 2753 359 2810 illo
376 2754 596 2809 auxilio
613 2767 973 2824 componere,
999 2754 1091 2809 vel
1115 2753 1302 2826 ipsum
1327 2751 1613 2808 auxilium

248 2833 518 2908 abjicere.
537 2836 601 2888 Et
615 2833 890 2889 similiter
908 2832 1077 2890 homo
1094 2833 1285 2906 lapsus
1299 2830 1613 2889 secundum

250 2923 593 3000 praesentem
657 2913 1080 2986 providentiam
1144 2912 1340 2986 nequit
1409 2913 1616 2970 elicere

250 3013 516 3056 amorem
549 2994 870 3050 naturalem
900 2993 1000 3050 Dei
1026 3009 1197 3066 super
1224 2994 1440 3059 omnia,
1480 2993 1616 3066 quia

254 3079 389 3133 licet
416 3074 619 3131 habeat
650 3074 1023 3138 voluntatem,
1056 3088 1153 3129 seu
1187 3077 1518 3147 potestatem
1545 3071 1614 3127 ad

250 3175 386 3217 eam
415 3156 780 3212 dilectionem
801 3153 1115 3212 secundum
1134 3169 1211 3221 se,
1229 3153 1615 3210 nihilominus
1700 3167 1701 3174 ¹

255 3254 375 3295 ,ron
404 3237 556 3292 valet
577 3250 706 3291 eam
733 3248 1077 3307 componere
1102 3248 1231 3288 cum
1261 3232 1561 3289 aversione
1582 3247 1615 3288 a

249 3322 367 3376 Deo
407 3315 840 3391 supernaturali
880 3313 1014 3381 fine,
1062 3315 1153 3371 vel
1182 3315 1331 3370 hanc
1358 3313 1616 3370 aversio·

252 3416 390 3457 nem
440 3415 541 3471 per
583 3398 734 3453 solas
773 3399 928 3453 vires
966 3396 1259 3452 naturales
1285 3392 1610 3452 excludere:

252 3482 324 3535 Et
364 3480 427 3534 in
460 3479 562 3535 hoc
588 3494 755 3534 sensu
783 3480 926 3534 solet
969 3475 1101 3544 dici,
1132 3477 1289 3533 vires
1323 3476 1615 3532 naturales

251 3560 538 3618 imminui
590 3575 691 3632 per
745 3564 1052 3632 peccatum,
1104 3574 1221 3616 non
1266 3557 1499 3631 quidem
1545 3572 1617 3613 ex

252 3647 420 3716 parte
452 3640 736 3712 potestatis
766 3641 960 3696 relatas
990 3639 1059 3696 ad
1088 3646 1272 3695 actum
1301 3634 1614 3694 secundum

241 3740 329 3789 ce,
358 3721 460 3778 sed
483 3722 619 3794 quia
641 3736 740 3793 per
763 3726 1050 3792 peccatum
1074 3718 1405 3794 adjungitur
1429 3717 1617 3789 impe-

246 3804 581 3874 dimentum
612 3799 912 3857 retardans
935 3800 1249 3874 potentiam
1279 3796 1349 3855 ab
1376 3797 1617 3854 elicien-

245 3886 330 3942 tia
359 3881 736 3956 operationis,
780 3886 837 3937 et
876 3881 1060 3954 ipsam
1094 3879 1485 3953 operationem
1514 3893 1616 3934 ex-

238 3962 714 4034 cludens2Atqui
751 3961 975 4017 aversio
1001 3977 1072 4018 ex
1113 3965 1334 4033 peccato
1360 3959 1524 4033 gravi
1554 3958 1617 4014 in

240 4053 401 4104 statu
452 4060 728 4117 purorum
760 4043 974 4112 relicta,
1005 4044 1213 4110 solum,
1245 4046 1308 4097 ut
1347 4040 1618 4098 adversa-

246 4128 325 4186 rii
352 4129 641 4189 asserunt,
675 4127 959 4179 averteret
981 4139 1013 4179 a
1040 4125 1153 4179 Deo
1176 4120 1428 4178 naturali
1458 4118 1574 4176 fine
1599 4144 1613 4187 ;

240 4216 301 4268 et
327 4207 560 4266 aversio
583 4221 616 4260 a
636 4207 748 4261 Deo
769 4203 885 4260 fine
909 4205 1162 4260 naturali
1179 4203 1542 4270 sufficienter,
1563 4207 1618 4258 et

247 4290 548 4361 adaequate
576 4286 882 4359 expellitur
919 4300 1018 4357 per
1043 4286 1479 4342 conversionem
1508 4299 1618 4339 na-

247 4372 510 4429 turalem
552 4365 620 4422 ad
648 4364 895 4422 eundem
923 4364 1132 4431 finem;
1159 4367 1303 4422 sicut
1330 4366 1557 4422 aversio
1585 4381 1619 4421 a

246 4447 689 4525 supernaturali
735 4444 852 4502 fine
896 4446 1242 4502 sufficienter
1291 4446 1618 4503 excluditur

250 4551 356 4609 per
383 4531 825 4589 conversionem
849 4527 920 4585 ad
941 4526 1189 4585 eundem
1213 4527 1390 4586 finem
1412 4545 1618 4602 super-

248 4615 602 4674 naturalem.
610 4613 769 4703 ‘Ergo
789 4612 837 4667 si
861 4616 1149 4683 peccatum
1179 4610 1241 4666 in
1269 4616 1417 4667 statu
1441 4628 1618 4684 puro-

246 4713 387 4756 rum
411 4693 787 4751 commissum
811 4692 1020 4749 avertit
1047 4691 1281 4764 praecise
1308 4708 1340 4748 a
1368 4695 1481 4749 Deo
1503 4690 1618 4749 fine

247 4776 531 4841 naturali,
556 4781 610 4832 et
638 4775 812 4831 homo
834 4774 896 4830 in
917 4778 1067 4829 statu
1093 4790 1372 4846 purorum
1399 4778 1620 4845 poterat

244 4858 602 4917 sufficienter
619 4853 829 4928 absque
848 4854 1081 4928 speciali
1103 4855 1290 4929 gratia
1310 4869 1370 4910 se
1385 4869 1620 4911 conver-

249 4949 373 5000 tere
416 4937 486 4993 ad
531 4938 708 4992 Deum
737 4937 1011 4992 ultimum
1039 4935 1217 4993 finem
1247 4937 1574 4992 naturalem
1600 4960 1614 5004 ς

248 5018 519 5094 sequitur
563 5015 712 5089 quod
758 5021 883 5089 post
927 5017 1152 5091 lapsum
1198 5020 1367 5090 queat
1400 5014 1618 5072 eisdem

2997 398 3113 456 493

2471 512 2505 526 Ἃ

1747 569 1991 639 viribus,
2018 577 2074 628 et
2096 572 2369 646 potentia,
2397 576 2515 629 tam
2540 567 2913 633 antecedenti,
2933 582 3108 640 quam

1747 656 2114 726 consequenti
2137 654 2380 712 eandem
2402 652 2835 711 conversionem
2866 651 3069 707 elicere
3090 672 3106 716 3

1749 737 1916 805 atque
1943 732 2071 791 ideo
2110 739 2167 790 et
2195 739 2484 808 peccatum
2509 733 2817 806 expellere,
2849 735 2904 787 et
2934 728 3110 788 redu-

1749 827 1876 869 cere
1901 812 1971 869 ad
1996 816 2291 887 antiquam
2315 814 2621 888 justitiam.

1822 894 1937 950 Nec
1982 894 2054 961 id,
2084 893 2233 966 quod
2276 895 2338 950 in
2367 895 2472 951 hoc
2509 893 2727 950 motivo
2767 889 3102 957 addebatur,

1750 974 1991 1047 alicujus
2019 975 2298 1033 momenti
2340 980 2457 1037 est;
2486 989 2623 1029 nam
2652 972 2783 1028 licet
2814 970 3108 1044 quodlibet

1751 1061 2040 1127 peccatum
2092 1057 2337 1112 mortale
2388 1054 2773 1117 demereatur,
2827 1056 3108 1128 quantum
3187 1104 3192 1109 ,

1749 1139 1835 1191 est
1880 1133 1950 1191 de
1994 1150 2073 1201 se,
2124 1149 2465 1192 concursum
2508 1134 2609 1190 Dei
2639 1131 2721 1189 ad
2747 1130 3109 1203 operationes

1750 1216 2023 1283 hominis,
2053 1217 2151 1289 qui
2181 1218 2457 1291 peccavit;
2483 1218 2619 1273 hinc
2647 1221 2841 1271 tamen
2865 1228 2982 1268 non
3009 1227 3104 1268 se-

1747 1299 1961 1370 quitur,
1992 1299 2139 1371 quod
2167 1316 2490 1366 concursus,
2523 1313 2694 1371 quem
2725 1298 2871 1352 Deus
2897 1310 3110 1367 suppo-

1748 1379 1858 1435 sito
1899 1384 2120 1451 peccato
2162 1379 2472 1454 dispensat,
2504 1380 2578 1435 sit
2603 1376 2789 1453 gratia
2816 1374 3100 1447 specialis.

1749 1461 1897 1516 Tum
1920 1461 2056 1534 quia
2083 1465 2228 1517 Deus
2255 1460 2325 1516 de
2353 1460 2500 1518 facto
2541 1475 2658 1516 non
2687 1458 2904 1514 taxavit
2932 1471 3109 1530 nega-

1750 1540 1968 1597 tionem
1998 1541 2251 1615 praedicti
2281 1557 2588 1599 concursus
2616 1542 2679 1597 in
2709 1554 2937 1611 poenam
2979 1551 3111 1609 pec·-

1748 1621 1892 1686 cati;
1926 1627 2093 1695 atque
2116 1622 2242 1679 ideo
2265 1639 2366 1679 nec
2396 1628 2684 1696 peccatum
2708 1618 2872 1675 illam
2898 1617 2961 1672 in
2984 1621 3111 1673 actu

1748 1703 1994 1760 secundo
2036 1709 2311 1773 meretur,
2344 1720 2446 1760 nec
2483 1702 2765 1761 exhibitio
2805 1714 3112 1758 concursus

1750 1783 1920 1840 habet
1951 1787 2236 1842 rationem
2258 1786 2522 1859 specialis
2549 1784 2770 1859 gratiae.
2803 1783 2950 1836 Tum
2976 1779 3111 1854 quia

1750 1866 1854 1923 hac
1880 1865 1950 1923 de
1970 1884 2137 1925 causa
2166 1867 2515 1934 verificatur,
2540 1866 2690 1940 quod
2719 1867 2890 1922 homo
2917 1864 3109 1936 lapsus

1753 1953 1936 2019 posset
1957 1946 2412 2022 independenter
2433 1948 2503 2004 ab
2524 1947 2756 2020 speciali
2785 1944 2972 2020 gratia
2998 1943 3112 2000 eli-

1750 2044 1879 2086 cere
1919 2031 2139 2103 aliquas
2184 2031 2546 2105 operationes
2588 2029 2889 2085 moraliter
2929 2025 3109 2083 bonas

1749 2109 1976 2167 ordinis
2016 2113 2320 2178 naturalis,
2354 2117 2416 2167 ut
2439 2126 2570 2167 cum
2598 2108 2891 2166 communi
2920 2107 3113 2163 Theo-

1750 2191 2012 2266 logorum
2037 2193 2318 2250 sententia
2348 2192 2701 2249 ostendimus
2741 2194 2938 2246 contra
2964 2189 3114 2243 Vas-

1749 2288 1890 2344 quez
1910 2273 2050 2345 disp.
2075 2275 2168 2329 cit.
2192 2273 2319 2329 dub.
2344 2275 2399 2329 2.
2425 2275 2572 2327 Tum
2594 2271 2729 2343 quia
2752 2269 2886 2325 hinc
2906 2282 3132 2340 sequer

1700 2420 1701 2429 χ
1752 2358 1930 2422 retur,
1982 2371 2318 2411 concursum
2361 2353 2701 2427 requisitum
2743 2351 2812 2408 ad
2853 2351 3111 2407 destruc-

1750 2433 1967 2490 tionem
2022 2435 2250 2507 peccati,
2308 2451 2425 2491 non
2466 2449 2587 2489 esse
2631 2433 2875 2507 gratiam
2925 2428 3108 2504 magis

1749 2516 2077 2588 specialem,
2116 2532 2291 2588 quam
2330 2515 2821 2572 conservationem
2866 2515 3109 2568 natura-

1750 2598 1864 2653 lem
1894 2596 2147 2671 ejusdem
2190 2597 2528 2670 peccatoris;
2571 2612 2704 2652 nam
2733 2610 2861 2650 eam
2892 2593 3108 2666 pariter

1749 2676 2078 2733 demeretur
2118 2682 2423 2750 peccatum.
2467 2679 2616 2733 Tum
2662 2674 2927 2747 denique,
2971 2673 3108 2747 quia

1748 2762 1868 2815 tota
1893 2756 2192 2813 difficultas
2221 2773 2468 2831 praesens
2506 2755 2757 2830 procedit
2784 2772 2855 2812 ex
2894 2769 3109 2828 suppo-

1749 2839 1975 2906 sitione,
2021 2837 2170 2912 quod
2219 2841 2366 2896 Deus
2412 2844 2708 2896 conservet
2736 2842 3102 2912 peccatorem,

1748 2921 1914 2993 eique
1978 2919 2347 2976 administret
2401 2919 2620 2976 auxilia
2670 2919 2995 2992 generalia,
3050 2919 3109 2974 et

1748 3001 2083 3058 communia
2122 3001 2346 3059 ordinis
2374 3001 2657 3059 naturalis
2691 3023 2703 3056 :
2740 3017 2851 3074 quo
2889 3015 3106 3072 suppo-

1749 3083 1877 3151 sito,
1911 3089 2059 3141 recte
2085 3083 2336 3140 infertur
2361 3100 2433 3141 ex
2461 3083 2940 3141 Adversariorum
2969 3080 3106 3137 doc-

1750 3167 1924 3234 trina,
1944 3166 2091 3240 quod
2115 3165 2420 3223 destructio
2443 3167 2652 3239 peccati
2675 3167 2738 3221 in
2758 3170 2903 3221 statu
2930 3163 3108 3236 puro-

1750 3263 1882 3303 rum
1904 3246 2194 3303 commissi
2225 3262 2341 3302 non
2369 3248 2612 3318 postulet
2638 3246 2939 3319 specialem
2983 3244 3101 3301 ali-

1747 3342 1920 3399 quam
1941 3326 2208 3400 gratiam,
2240 3323 2339 3381 sed
2367 3323 2496 3382 fieri
2519 3326 2705 3381 valeat
2734 3341 2833 3398 per
2858 3339 3103 3380 concur-

1748 3422 1878 3460 sum
1910 3406 2007 3462 Dei
2046 3407 2398 3480 generalem,
2430 3409 2485 3462 et
2513 3421 2613 3478 per
2643 3405 2795 3460 vires
2841 3400 3106 3477 proprias

1750 3487 2076 3561 peccatoris,
2108 3503 2231 3560 quae
2259 3486 2467 3560 inipso
2489 3491 2726 3543 manent
2763 3486 2939 3542 etiam
2982 3489 3107 3559 post

1750 3571 2054 3640 peccatum,
2082 3573 2141 3622 ut
2169 3567 2441 3623 hactenus
2460 3571 2751 3623 ostensum
2774 3571 2880 3622 est.

1821 3648 1953 3703 273.
1999 3650 2239 3721 Propter
2266 3648 2385 3704 vim
2429 3647 2596 3721 hujus
2636 3647 2961 3722 argumenti
2989 3661 3107 3703 non
3121 3669 3313 3718 Auem„

1749 3726 1955 3784 desunt
1974 3743 2045 3784 ex
2066 3728 2188 3784 Adv
2192 3728 2444 3795 ersariis,
2471 3727 2568 3800 qui
2593 3728 2879 3784 fateantur
2906 3745 2966 3802 se
2989 3742 3106 3784 non
3172 3720 3270 3764 0³¹¹·

1749 3807 2067 3875 intendere,
2110 3807 2258 3881 quod
2287 3814 2576 3881 peccatum
2622 3809 2995 3866 commissum
3037 3809 3104 3864 in

1748 3892 1897 3943 statu
1946 3904 2222 3961 purorum
2255 3888 2448 3962 possit,
2506 3892 2604 3945 aut
2640 3888 2838 3946 debeat
2881 3888 3101 3947 remitti

1750 3982 1852 4040 per
1870 3969 1991 4025 sola
2015 3968 2118 4024 illa
2146 3969 2383 4035 auxilia,
2414 3984 2539 4041 quaa
2580 3971 2728 4025 Deus
2766 3985 2836 4027 ex
2884 3970 2940 4025 vi
2972 3985 3107 4043 pro-

1750 4047 2019 4105 videntiae
2044 4050 2440 4107 convenientis
2475 4050 2704 4123 praecise
2729 4051 2897 4107 statui
2929 4067 3108 4124 puro-

1751 4147 1884 4187 rum
1929 4130 2286 4205 dispensaret
2316 4157 2330 4200 ;
2360 4131 2458 4189 sed
2485 4133 2634 4205 quod
2676 4141 2860 4208 posset
2887 4134 3105 4191 remitti

1750 4229 1783 4268 a
1804 4216 1918 4269 Deo
1945 4213 2184 4270 authore
2211 4219 2433 4270 naturae
2454 4229 2553 4287 per
2584 4215 2750 4287 plura
2779 4216 3016 4283 auxilia,
3050 4219 3109 4272 et

1749 4292 2024 4360 diversas,
2058 4309 2120 4349 ac
2146 4295 2417 4366 speciales
2440 4295 2674 4369 gratias,
2720 4313 2844 4369 quae
2871 4299 3110 4369 possunt

1748 4373 1906 4429 intra
1933 4372 2198 4431 ordinem
2227 4375 2551 4431 naturalem
2578 4377 2887 4450 excogitari
2911 4402 2924 4438 ς
2956 4377 3108 4434 alio-

1748 4454 1890 4525 quin
1924 4458 1981 4510 et
2001 4453 2140 4510 ordo
2163 4455 2302 4527 ipse,
2329 4460 2384 4512 et
2413 4453 2775 4528 providentia
2816 4458 2913 4514 Dei
2950 4458 3107 4517 intra

1750 4535 1920 4590 illum
1947 4541 2135 4591 essent
2158 4535 2509 4609 imperfecta,
2554 4540 2609 4592 et
2654 4544 2961 4611 arguerent
2988 4554 3106 4597 non

1750 4615 1935 4671 levem
1966 4615 2366 4687 impotentiam
2398 4616 2496 4671 Dei
2539 4620 2601 4671 ut
2639 4618 2896 4675 authoris
2937 4624 3111 4675 natu-

1751 4694 1909 4751 ralis.
1945 4696 2013 4750 Et
2039 4695 2103 4750 in
2132 4695 2253 4762 hoc,
2285 4695 2574 4768 inquiunt,
2623 4697 2882 4753 consistit
2928 4697 3106 4755 robur

1750 4775 2098 4850 argumenti,
2149 4774 2298 4848 quod
2345 4780 2552 4840 nostrae
2589 4778 2888 4835 sententias
2926 4795 3106 4854 oppo-

1751 4861 1922 4912 nunt

1826 4940 2104 4995 Caeterum
2127 4938 2244 4994 haec
2267 4938 2559 5011 responsio
2578 4941 2716 4996 satis
2733 4941 2922 5012 prodit
2950 4941 3107 5000 debi-

1751 5018 1973 5075 litatem
2009 5016 2264 5092 praedicti
2291 5016 2671 5087 fundamenti,
2711 5028 2768 5078 et
2807 5025 3107 5095 praesentis

3164 3779 3291 3823 glum.
