3647 5753
646 422 756 478 648
1357 415 1448 468 DE
1488 407 1931 477 QUIDDITATE
1967 403 2567 459 JUSTIFICATIONIS
2609 401 2808 456 IMPII.

648 605 888 660 instanti
913 604 1035 677 jam
1085 615 1202 656 non
1228 603 1312 655 est
1355 597 1525 654 homo
1557 620 1571 653 ι
1601 610 1738 668 ergo
1766 588 2008 666 praedic-

646 696 768 743 tum
792 690 1078 759 peccatum
1109 681 1309 754 incipit
1335 681 1398 735 in
1421 681 1612 752 aliquo
1633 683 1893 749 tempore
1922 673 2010 728 in·

644 769 1047 828 determinat0.

722 853 1120 928 Respondetur
1145 849 1505 910 concedendo
1545 846 1885 905 antecedens
1913 845 2009 901 in-

646 940 938 997 tellectum
973 936 1044 993 de
1091 940 1215 991 actu
1263 931 1536 989 exteriori
1586 930 1815 1003 peccati,
1850 944 1906 984 v.
1949 942 2003 1000 g.

645 1023 812 1086 furti,
862 1020 954 1075 vel
996 1016 1313 1083 homicidii,
1359 1007 1424 1071 et⁴
1461 1012 1604 1069 illud
1643 1009 1903 1085 negando
1938 1007 2010 1064 de

650 1108 775 1161 actu
802 1101 1007 1174 peccati
1039 1098 1301 1155 interiori
1333 1118 1344 1152 :
1377 1112 1513 1152 nam
1538 1094 1667 1151 licet
1694 1098 1884 1150 motus
1905 1107 2010 1147 ex-

648 1186 890 1244 teriores
916 1180 1166 1247 furandi,
1192 1181 1284 1236 vel
1311 1177 1602 1237 occidendi
1635 1177 1918 1250 incipiant
1945 1174 2007 1228 in

648 1274 924 1339 tempore,
950 1265 1093 1319 sicut
1114 1263 1214 1318 alii
1239 1268 1425 1316 motus
1452 1259 1784 1324 successivi;
1813 1271 2009 1330 pecca-

648 1356 771 1405 tum
811 1354 1005 1405 tamen
1053 1345 1298 1402 interius
1326 1345 1760 1400 consummatur
1789 1339 1853 1394 in
1882 1338 2010 1393 ins-

648 1431 813 1496 tanti,
845 1435 900 1485 et
928 1430 989 1485 in
1018 1427 1216 1485 eodem
1260 1423 1500 1481 instanti
1533 1420 1596 1476 fit
1634 1421 1839 1477 desitio
1872 1435 2008 1493 gra-

431 889 631 934 Solvitur.

648 1515 759 1570 tiae.
794 1512 877 1567 Ad
903 1510 1297 1584 probationem
1329 1511 1518 1562 autem
1550 1506 1621 1572 ‚in
1649 1501 2007 1559 contrarium
2056 1551 2060 1555 .

646 1595 971 1661 dicendum,
1007 1597 1297 1665 peccatum
1325 1587 1655 1646 omissionis
1684 1599 2009 1657 supponere

647 1677 968 1733 necessario
1012 1675 1264 1746 aliquem
1305 1675 1493 1726 actum
1525 1668 2003 1741 peccaminosum,

645 1761 744 1832 qui
790 1760 865 1814 sit
909 1774 1090 1823 causa,
1135 1759 1224 1811 vel
1274 1754 1491 1810 occasio
1537 1748 1844 1808 omittendi
1876 1764 2005 1804 rem

647 1847 1008 1915 praeceptam,
1045 1845 1104 1894 ut
1124 1838 1428 1894 statuimus
1457 1842 1620 1890 tract.
1664 1835 1747 1899 13,
1773 1834 1918 1905 disp.
1948 1832 2003 1895 5,

645 1924 772 1979 dub.
797 1926 851 1979 2.
881 1920 1188 1977 Praedictus
1211 1935 1349 1975 vero
1376 1923 1530 1974 actus
1559 1915 1763 1987 incipit
1790 1915 1855 1969 in
1884 1914 2009 1967 ins-

644 2003 814 2071 tanti,
866 2003 1011 2058 sicut
1056 1999 1156 2055 alii
1199 2004 1353 2055 actus
1394 1997 1571 2071 partis
1612 1994 2004 2051 intellectivae.

647 2085 938 2156 Praecipue
960 2082 1008 2136 si
1031 2079 1424 2137 consideretur
1449 2084 1509 2133 ut
1533 2078 1805 2148 importat
1827 2073 2009 2130 deter-

644 2168 926 2224 minatam
954 2165 1261 2227 malitiam,
1295 2178 1503 2234 nempe
1550 2159 1845 2232 propriam
1877 2174 2007 2230 pec-

643 2249 750 2306 cati
779 2248 992 2322 gravis,
1025 2251 1081 2301 et
1105 2262 1217 2318 qua
1244 2244 1440 2299 minor
1467 2258 1584 2298 uon
1612 2240 1893 2296 sufficeret
1936 2239 2005 2294 ad

644 2328 990 2404 peccandum
1010 2326 1352 2383 mortaliter.
1372 2328 1516 2379 Nam
1531 2321 1843 2378 secundum
1862 2320 2009 2375 hanc

646 2413 929 2468 rationem
987 2412 1259 2481 importat
1311 2412 1524 2462 certam
1567 2404 2009 2462 determinatio-

644 2508 798 2556 nem,
849 2508 974 2564 quae
1029 2488 1504 2554 indivisibiliter,
1554 2494 1610 2543 et
1660 2486 2009 2540 simultanee

643 2572 811 2629 debet
838 2573 1093 2645 produci.
1127 2572 1292 2627 L'nde
1320 2588 1388 2627 ex
1417 2570 1831 2642 suppositione,
1858 2564 2008 2641 quod

646 2654 817 2711 homo
845 2659 978 2709 ante
1007 2654 1229 2708 instans
1253 2652 1455 2707 mortis
1478 2649 1794 2706 omittendo
1823 2663 2007 2721 pecca-

645 2733 816 2798 verit,
867 2734 1188 2789 necessario
1233 2729 1657 2787 concedendum
1704 2736 1806 2792 est,
1858 2728 2009 2800 quod

646 2812 980 2886 praedictum
1031 2816 1352 2884 peccatum,
1405 2815 1570 2881 atque
1632 2807 1758 2864 ideo
1804 2807 2010 2864 desitio

645 2897 845 2970 gratiae
892 2895 1190 2967 incoeperit
1230 2894 1290 2949 in
1336 2893 1529 2964 aliquo
1557 2891 1818 2956 instanti,
1853 2892 1914 2946 in
1942 2908 2009 2948 eo

648 2978 931 3042 videlicet,
966 2978 1027 3032 in
1076 2992 1186 3048 quo
1234 2975 1423 3046 primo
1469 2972 1652 3028 adfuit
1693 2978 1867 3040 actus,
1911 2973 2007 3045 qui

647 3061 758 3116 fuit
802 3076 968 3115 causa
1017 3054 1351 3116 omittendi;
1380 3054 1647 3126 quamvis
1677 3069 1794 3108 non
1826 3054 2009 3125 possi-

645 3157 776 3197 mus
802 3138 1106 3212 designare
1145 3136 1525 3193 determinate
1573 3132 1720 3190 illud
1761 3133 2005 3191 instans

647 3219 804 3285 Quod
837 3236 954 3276 non
976 3223 1203 3273 tantum
1234 3217 1297 3271 in
1331 3232 1397 3272 eo
1423 3219 1649 3278 eventu,
1676 3212 1775 3269 sed
1804 3215 2011 3270 multo·

648 3305 751 3361 ties
773 3304 948 3359 etiam
979 3303 1042 3357 in
1071 3300 1205 3355 aliis
1231 3299 1366 3354 vitae
1390 3297 1590 3370 spatiis
1611 3295 1910 3368 contingit,
1938 3294 2010 3352 ob

645 3382 1164 3458 imperceptibilem
1182 3379 1439 3444 modum,
1466 3394 1579 3450 quo
1596 3377 1873 3448 temporis
1895 3377 2011 3432 ins-

646 3467 828 3522 tantia
859 3461 1362 3538 praeterlabuntur.

432 3577 630 3627 Quartum
719 3554 812 3608 33.
851 3550 1126 3625 Arguitur
1173 3554 1417 3620 quarto:
1471 3561 1607 3600 nam
1653 3548 2013 3600 sacramenta

434 3632 628 3718 mggffi·
647 3633 967 3708 producunt
987 3631 1232 3706 gratiam
1258 3631 1320 3685 in
1342 3635 1597 3701 tempore
1616 3651 1630 3694 ;
1653 3631 1710 3683 et
1732 3633 1924 3683 tamen
1947 3626 2011 3682 in

645 3716 750 3772 hoc
797 3714 1026 3770 nullum
1080 3712 1392 3767 intervenit
1433 3708 1817 3764 miraculum:
1876 3723 2011 3781 ergo

644 3795 829 3870 gratia
851 3810 921 3850 ex
943 3796 1151 3849 natura
1176 3809 1279 3848 sua
1303 3796 1481 3863 potest
1511 3791 1574 3845 in
1603 3795 1859 3861 tempore
1887 3804 2013 3862 pro-

644 3875 802 3942 duci,
859 3880 914 3931 et
955 3877 1363 3943 consequenter
1410 3868 1737 3943 justificatio
1784 3885 1902 3926 non
1949 3868 2013 3925 in

647 3955 906 4018 instanti,
953 3952 1050 4008 sed
1080 3954 1141 4006 in
1170 3957 1426 4023 tempore
1456 3949 1571 4006 fiet.
1606 3953 1818 4006 Caetera
1846 3965 2013 4005 cons-

645 4041 787 4101 tant,
830 4041 887 4092 et
921 4032 1258 4090 antecedens
1296 4029 1598 4096 suadetur,
1648 4031 1781 4103 quia
1821 4046 2022 4090 sacra-0

646 4122 842 4172 menta
867 4120 1102 4171 causant
1128 4113 1374 4187 gratiam
1403 4110 1628 4184 quando
1668 4110 2013 4167 sufficienter

648 4196 1050 4269 applicantur:
1087 4192 1185 4248 sed
1232 4192 1347 4248 haec
1386 4191 1671 4248 sufficiens
1711 4191 2014 4264 applicatio

645 4275 709 4333 fit
760 4278 822 4333 in
863 4282 1135 4346 tempore,
1180 4272 1464 4344 siquidem
1507 4273 1741 4340 ablutio,
1774 4290 1831 4329 v.
1874 4289 1930 4348 g.
1960 4276 2016 4328 et

649 4359 844 4414 unctio
883 4362 1016 4412 sunt
1053 4356 1288 4431 quidam
1330 4359 1518 4411 motus
1557 4355 1868 4411 successive
1908 4355 2016 4410 ha-

651 4440 849 4497 hentes
874 4456 1044 4495 suum
1071 4454 1190 4496 esse
1219 4439 1280 4494 in
1324 4444 1580 4509 tempore
1607 4457 1622 4491 ε
1649 4452 1783 4511 ergo
1822 4452 2015 4493 sacra-

650 4525 846 4576 menta
872 4521 1117 4593 gratiam
1149 4521 1210 4574 in
1239 4525 1496 4590 tempore
1525 4515 1864 4590 producunt.

432 4628 632 4673 Diluitur.
723 4605 1118 4679 Respondetur
1159 4606 1418 4681 negando
1458 4605 1780 4678 maJ'orem:
1822 4620 2018 4660 sacra-

647 4696 842 4748 menta
883 4691 1041 4747 enim
1088 4706 1202 4746 non
1248 4694 1482 4745 causant
1521 4705 1689 4744 suum
1728 4686 2012 4754 effectum,

647 4773 762 4830 nisi
813 4771 1041 4846 quando
1086 4778 1221 4828 sunt
1273 4772 1497 4837 ultim0,
1535 4775 1593 4826 et
1635 4768 2019 4825 determinate

647 4856 970 4929 applicata:
1006 4852 1333 4927 hujusmodi
1374 4866 1510 4908 vero
1550 4851 1775 4916 ultima,
1813 4854 1871 4906 et
1916 4848 2019 4905 de-

647 4936 961 4991 terminata
1001 4933 1305 5005 applicatio
1357 4948 1476 4988 non
1523 4929 1588 4986 fit
1639 4929 1776 4986 dum
1823 4934 1909 4986 est
1953 4929 2018 4985 in

647 5017 826 5084 fluxu,
854 5021 909 5075 et
928 5015 1175 5090 quodam
1206 5021 1362 5073 motu
1391 5016 1483 5071 vel
1515 5014 1857 5088 prolationis
1882 5027 2020 5070 ver-

2141 575 2369 643 borum,
2412 576 2503 632 vel
2543 574 2874 641 ablutioniS,
2920 574 3011 629 vel
3046 570 3403 627 unctioniszsed
3508 578 3514 585 '

2142 658 2208 715 fit
2248 661 2310 714 in
2350 660 2556 715 ultimo
2584 658 2820 713 instanti
2849 655 3202 712 terminativo
3224 653 3405 726 praedicti

2142 746 2350 807 motus,
2376 744 2438 795 ut
2462 738 2666 796 docent
2683 737 3065 796 communiter
3091 735 3407 799 Thomistae,et

2142 821 2244 877 alii
2275 822 2468 895 plures
2493 836 2623 876 cum
2661 822 2725 875 [ο.
2755 820 2959 876 Thom.
2988 817 3083 891 qui
3110 816 3238 872 hanc
3258 814 3407 871 doctri-

2142 920 2279 961 nam
2300 919 2566 976 expresse
2590 902 2762 958 tradit
2780 903 2815 956 3
2831 907 2979 974 part.
3007 906 3179 977 quast.
3201 901 3279 963 75,
3297 900 3407 951 arm

2140 986 2216 1040 ad
2252 987 2297 1051 l,
2330 984 2428 1040 ubi
2457 984 2695 1057 loquens
2727 980 2797 1039 de
2836 982 3195 1038 conversione
3229 980 3355 1052 panis
3371 976 3410 1031 in

2140 1082 2345 1138 corpus
2373 1065 2584 1120 Christi
2625 1062 2794 1132 (circa
2819 1079 2990 1135 quam
3016 1068 3097 1118 est
3120 1060 3291 1117 eadem
3312 1057 3412 1112 diffi-

2142 1149 2340 1218 cultas)
2362 1148 2550 1219 inquit
2576 1167 2589 1202 ε
2627 1168 2653 1198 α
2683 1147 2750 1199 Et
2765 1144 2892 1201 ideo
2906 1143 3200 1200 dicendum
3219 1146 3301 1202 est,
3316 1140 3412 1209 quod

2149 1253 2174 1283 «
2206 1232 2321 1287 haec
2341 1229 2640 1288 conversio
2656 1227 2943 1300 perficitur
2961 1242 3060 1299 per
3073 1224 3234 1282 verba
3252 1221 3411 1285 Christi,

2149 1336 2173 1366 α
2203 1313 2285 1368 ita
2303 1310 2454 1384 quod
2482 1310 2753 1366 ultimum
2778 1308 3001 1364 instans
3024 1305 3322 1379 prolationis
3336 1317 3414 1357 ver·

2149 1417 2173 1447 α
2207 1393 2428 1455 borum,
2459 1395 2541 1448 est
2572 1390 2828 1463 primum
2851 1391 3092 1453 iustam,
3119 1387 3175 1442 in
3193 1401 3286 1457 quo
3301 1383 3414 1440 estin

2149 1498 2175 1530 α
2204 1477 2563 1531 sacramento
2582 1489 2786 1544 corpus
2813 1471 3046 1526 Christi.
3079 1472 3140 1524 In
3166 1473 3267 1523 toto
3288 1471 3413 1521 autem

2149 1579 2174 1610 (ι
2203 1563 2460 1628 tempore
2488 1553 2827 1627 praecedenti
2856 1558 2941 1610 est
2968 1551 3048 1606 ibi
3069 1547 3342 1604 substantia
3361 1558 3416 1616 pa·

2149 1660 2173 1691 (t
2205 1639 2315 1702 nis,
2348 1637 2505 1710 cujus
2533 1635 2811 1707 temporis
2838 1649 2956 1690 non
2994 1639 3080 1688 est
3117 1631 3331 1701 accipere
3349 1626 3417 1680 ali·
3512 1626 3513 1641 ¹

2148 1742 2173 1772 α
2202 1716 2352 1791 quod
2408 1718 2630 1771 instans
2689 1714 2953 1787 proxime
3002 1710 3293 1784 praecedens
3330 1705 3417 1759 nlti-
3512 1732 3513 1735 η

2148 1822 2173 1853 α
2204 1815 2402 1864 mum;
2440 1799 2576 1870 quia
2616 1802 2837 1866 tempus
2876 1809 2999 1850 non
3033 1790 3349 1863 componitur
3377 1800 3420 1840 ex

2145 1902 2171 1933 α
2205 1877 2555 1936 instantibus
2592 1881 3008 1949 consequenter
3046 1889 3106 1929 se
3143 1866 3417 1926 habentibus,

2147 1984 2173 2014 α
2204 1965 2266 2016 ut
2288 1958 2560 2032 probatur
2598 1958 2634 2013 6
2667 1957 2885 2028 Physic.
2926 1976 2952 2007 ι)
2988 1957 3056 2009 Et
3091 1954 3151 2007 in
3184 1947 3419 2023 respuit&

2141 2041 2335 2100 addit:
2376 2064 2401 2093 α
2433 2036 2768 2102 Dicendum,
2798 2036 2955 2109 quod
2992 2037 3099 2090 ista
3122 2030 3367 2089 conversio
3384 2026 3421 2080 fit

2147 2148 2172 2179 «
2203 2127 2267 2181 in
2289 2123 2497 2179 ultimo
2524 2121 2763 2177 instanti
2794 2116 3138 2192 prolationis
3163 2112 3421 2171 verborum

2146 2230 2172 2260 α
2203 2214 2335 2262 tunc
2360 2205 2520 2262 enim
2543 2202 2861 2274 completur
2884 2197 3193 2255 verborum
3211 2190 3423 2267 significa·

2147 2312 2171 2342 α
2204 2291 2302 2355 tio,
2360 2304 2485 2361 quae
2533 2292 2618 2343 est
2668 2284 2863 2342 efficax
2912 2284 2982 2339 in
3022 2283 3423 2338 sacramentorum

2148 2395 2173 2425 α
2205 2371 2426 2428 formis
2469 2371 2539 2423 Et
2577 2368 2705 2424 ideo
2744 2381 2861 2422 non
2897 2363 3178 2437 sequitur,
3206 2356 3325 2433 quod
3354 2355 3425 2410 ista

2146 2477 2173 2509 α
2202 2453 2503 2510 conversio
2522 2452 2597 2506 sit
2617 2449 2956 2505 successiva.
2991 2470 3017 2499 a
3044 2449 3112 2501 Et
3133 2448 3186 2499 in
3203 2448 3250 2508 4,
3269 2438 3423 2495 adfin-

2140 2534 2350 2590 m'bald.
2381 2534 2511 2588 dise.
2541 2533 2596 2597 8,
2627 2537 2737 2586 art.
2769 2531 2823 2594 5,
2857 2527 3055 2601 inquit
3080 2548 3094 2582 z
3136 2523 3295 2581 Virtus
3318 2520 3425 2592 (pro-

2140 2615 2351 2672 ducens
2378 2612 2648 2689 gratiam)
2674 2612 3126 2665 communicatur
3148 2606 3422 2663 sacramento,

2141 2697 2361 2776 quando
2394 2703 2469 2751 est
2513 2697 2572 2749 in
2610 2711 2710 2748 suo
2749 2693 3009 2755 termino,
3041 2697 3089 2746 et
3116 2687 3423 2760 complemento.

2142 2800 2251 2837 non
2277 2780 2496 2858 quando
2522 2785 2597 2833 est
2617 2777 2948 2849 simpliciter
2969 2778 3029 2830 in
3057 2773 3354 2830 successione.
3374 2767 3426 2819 Ex

2142 2862 2351 2937 quibus
2389 2861 2527 2917 satis
2565 2862 2782 2916 constat
2817 2854 2888 2912 ad
2934 2855 3183 2912 minoris
3220 2845 3426 2924 probatio-

2143 2961 2297 3002 nem.
2331 2941 2582 3015 Longior
2609 2945 2800 2996 autem
2830 2938 3009 3011 hujus
3035 2931 3337 2992 difficultatis
3354 2926 3424 2982 dis·

2141 3027 2346 3092 cussio,
2390 3029 2449 3082 et
2491 3023 2739 3097 qualiter
2779 3025 3149 3077 sacramenta
3177 3018 3355 3074 causent
3383 3009 3423 3062 in

2142 3109 2405 3175 instanti,
2437 3108 2499 3163 in
2527 3122 2639 3179 quo
2680 3103 3000 3160 intrinsece
3043 3117 3158 3158 non
3194 3103 3316 3158 sunt,
3340 3105 3421 3166 per-

2143 3192 2286 3247 tinet
2326 3188 2397 3245 ad
2436 3191 2473 3244 3
2500 3193 2742 3261 partem,
2783 3182 2880 3238 uhi
2927 3183 3099 3239 illam
3128 3183 3331 3237 tractant
3357 3188 3419 3228 an·

2143 3271 2337 3328 thores
2363 3278 2548 3349 quaest.
2576 3270 2669 3324 62.
2701 3299 2705 3303 -

2215 3352 2507 3410 Adversus
2525 3349 2836 3408 secundam
2856 3349 3274 3404 conclusionem
3299 3322 3501 3424 videri&

2143 3439 2239 3490 tur
2258 3439 2411 3491 stare
2429 3433 2519 3488 illi
2537 3433 2823 3496 authores,
2839 3431 2940 3503 qui
2958 3429 3164 3487 docent
3179 3428 3513 3512 repugnarem?

2143 3516 2293 3591 quod
2310 3517 2561 3590 Angelus
2584 3516 2823 3588 incipiat
2845 3528 2950 3585 per
2971 3514 3226 3567 ultimum
3249 3523 3331 3563 non
3344 3515 3419 3586 esse.
3450 3497 3458 3515 ¹

2142 3607 2198 3657 et
2252 3615 2351 3673 per
2401 3595 2978 3670 correspondentiam
3034 3593 3107 3650 ad
3153 3599 3349 3662 tempus.
3381 3581 3421 3633 H1

2143 3687 2278 3740 sunt
2306 3686 2534 3738 Ferrar.
2560 3681 2613 3745 3,
2638 3687 2827 3736 contra
2870 3677 3094 3745 Gentes,
3118 3695 3234 3751 cap.
3256 3674 3325 3736 69,
3344 3640 3514 3729 mig}

2144 3766 2320 3822 iesius
2354 3772 2595 3821 controv.
2627 3764 2720 3828 46,
2770 3763 2844 3817 ad
2890 3733 3514 3834 Tyrones,conim1>ri-ts³†}„}

2144 3864 2294 3905 cens.
2334 3851 2390 3915 7,
2424 3847 2642 3919 Physic.
2675 3863 2796 3917 cap.
2840 3846 2895 3911 8,
2932 3863 2987 3920 q.
3033 3847 3091 3909 2,
3134 3851 3232 3898 art.
3258 3843 3299 3904 2,
3329 3841 3360 3888 el
3387 3831 3423 3890 ὅ.

2145 3930 2482 3994 Toletusibi
2518 3934 2703 4005 quaest.
2730 3929 2786 3991 4,
2829 3927 3009 3981 concl.
3035 3928 3092 3993 4,
3138 3931 3191 3981 et
3226 3919 3430 3985 alii‚quoe

2148 4014 2409 4072 referunt
2435 4014 2503 4067 N.
2537 4010 2819 4083 Complut.
2854 4009 2983 4066 loco
3025 4008 3275 4082 superius
3305 3999 3429 4057 citato.

2147 4096 2508 4167 Praecipuum
2551 4092 2719 4166 hujus
2749 4091 3051 4164 opinionis
3081 4089 3331 4145 motivum
3354 4091 3435 4134 ma·

2147 4185 2246 4235 net
2296 4175 2482 4233 obiter
2534 4174 2874 4229 convulsum
2928 4187 3006 4227 ex
3059 4186 3228 4243 supra
3268 4161 3389 4220 dictis
3415 4171 3437 4206 ὕ

2147 4277 2305 4316 num.
2334 4260 2426 4313 24.
2461 4257 2673 4311 Caetera
2700 4269 2840 4310 vero
2866 4257 3214 4326 argumenta
3239 4241 3436 4305 referunt.

2147 4345 2204 4397 et
2241 4334 2788 4407 diluuntComplut.
2834 4332 2903 4389 ad
2932 4349 3084 4405 quos
3112 4335 3365 4387 Lectorem
3384 4332 3441 4373 re·

2148 4421 2458 4484 mittimus,
2492 4422 2554 4472 ut
2594 4431 2712 4473 non
2754 4416 3151 4472 immoremur
3188 4413 3244 4467 in
3283 4405 3440 4480 punem·

2148 4501 2296 4575 quod
2322 4501 2513 4573 potius
2533 4497 2603 4555 ad
2627 4497 3048 4570 Philosophum
3075 4493 3443 4570 pertinet,quam

2150 4582 2221 4639 ad
2248 4582 2624 4655 Theologum.

3415 797 3485 839 1).st
