3647 5753
55 2288 196 2331 Tho.

1281 374 1691 432 ARTICULUS
1735 375 1814 432 1x
1853 375 1947 430 ET
1984 377 2057 432 X.

227 564 411 622 snpra
435 546 886 613 insinuavimus,
912 551 967 604 et
993 547 1342 621 generaliter
1368 546 1438 605 de
1459 546 1602 604 acti-

227 630 340 687 bus
367 629 602 697 amoriS‚
635 634 690 686 et
718 626 856 698 odii,
889 643 989 684 seu
1011 627 1405 686 detestationis
1427 629 1602 686 tradit

224 710 386 769 idem
413 711 472 766 S.
527 712 729 768 Doctor
754 725 929 783 supra
958 716 1138 786 quast.
1184 712 1277 776 25,
1308 718 1417 767 art.
1451 712 1487 767 3
1527 711 1602 767 ad

224 793 280 863 3,
312 791 405 847 his
444 791 640 849 verbis
670 811 684 848 ι
716 812 743 843 α
774 789 1111 857 Dicendum,
1143 790 1291 864 quod
1320 792 1601 864 appetitus

236 897 264 931 α
295 876 508 949 prime,
540 880 595 932 et
620 890 721 947 per
741 889 801 930 se
831 878 1097 931 movetur
1125 873 1188 930 in
1211 873 1428 931 bonum
1454 874 1601 931 sicut

231 980 261 1012 α
293 960 358 1016 in
389 958 691 1032 proprium
730 956 1032 1032 objectum,
1064 961 1121 1013 et
1157 971 1230 1013 ex
1268 957 1375 1013 hoc
1398 974 1599 1015 causa-

231 1062 260 1093 «
291 1046 408 1107 tur,
439 1038 589 1113 quod
625 1038 847 1096 recedat
872 1054 904 1095 a
924 1039 1107 1102 malo;
1132 1038 1599 1111 proportionatnr

231 1144 260 1175 α
290 1123 454 1179 enim
475 1127 665 1179 motus
680 1121 1001 1194 appetitivae
1023 1122 1201 1193 partis
1223 1136 1340 1177 non
1363 1120 1598 1194 quidem

231 1225 258 1255 α
290 1201 477 1260 motui
526 1202 800 1268 naturali,
845 1201 945 1258 sed
992 1201 1302 1259 intentioni
1351 1207 1593 1269 naturae,

229 1305 259 1335 «
289 1300 418 1357 quae
443 1285 605 1357 prius
626 1282 875 1340 intendit
895 1282 1093 1349 finem,
1129 1299 1302 1356 quam
1333 1284 1600 1340 remotio-

232 1384 260 1418 «
284 1379 420 1421 nem
431 1364 860 1437 contrarii‚quae
873 1364 1297 1437 nonquaeritur‚
1308 1364 1420 1419 nisi
1433 1379 1600 1437 prop-

232 1467 259 1498 α
292 1451 381 1503 ter
405 1445 768 1519 adeptionem
787 1443 978 1503 finis.»
1004 1448 1146 1502 Cum
1176 1462 1288 1519 quo
1301 1450 1497 1503 tamen
1511 1461 1599 1502 co-

229 1527 868 1603 haeret,quodcontritio
881 1526 1599 1601 sitpriorsecundumquid

231 1625 433 1667 amore
464 1609 779 1675 charitatiS‚
806 1624 1013 1682 nempe
1037 1626 1107 1667 ex
1137 1615 1297 1684 parte
1335 1608 1592 1681 subjecti,

233 1698 295 1749 ut
312 1693 545 1765 praecise
565 1691 878 1765 subjectum
901 1698 1002 1757 est,
1027 1692 1160 1749 etin
1186 1707 1397 1767 genere
1418 1707 1599 1748 causae

230 1774 558 1830 materialis
585 1795 599 1829 ε
629 1789 765 1829 nam
808 1773 1076 1830 contritio
1115 1773 1300 1847 magis
1343 1789 1405 1829 se
1444 1776 1598 1829 tenet

227 1872 302 1911 ex
348 1862 508 1928 parte
537 1854 896 1912 remissionis
922 1856 1118 1927 culpae,
1152 1871 1317 1912 amor
1362 1870 1501 1912 vero
1526 1870 1598 1911 ex

229 1943 393 2009 parte
421 1936 734 1993 infusionis
776 1937 996 2010 gratiae.
1051 1935 1215 1992 L'nde
1239 1936 1384 1992 sicut
1419 1936 1598 2008 culpae

226 2017 537 2075 destructio
573 2017 839 2091 praecedit
868 2035 968 2091 per
1004 2017 1239 2074 modum
1268 2017 1599 2091 dispositio-

228 2098 320 2154 nis
346 2098 545 2171 gratiae
573 2098 926 2155 infusionem
953 2122 966 2166 ς
1021 2098 1102 2154 ita
1132 2096 1594 2172 proportionabi-

230 2177 363 2234 liter
403 2178 466 2234 in
517 2177 719 2236 eodem
765 2194 972 2253 genere
1022 2178 1293 2235 contritio
1335 2177 1598 2251 praecedit

230 2274 512 2316 amorem.
542 2258 701 2323 Quod
744 2261 1020 2316 indicavit
1050 2262 1112 2316 D.
1145 2259 1349 2316 Thom.
1381 2267 1492 2316 art.
1536 2261 1592 2325 6,

231 2339 349 2395 illis
378 2340 573 2397 verbis
606 2362 618 2396 ε
653 2362 678 2393 «
713 2343 795 2396 Ex
819 2348 978 2413 parte
1005 2356 1142 2397 vero
1170 2341 1340 2396 liberi
1364 2340 1595 2397 arbitrii

235 2441 259 2470 α
294 2422 437 2476 moti
467 2421 825 2493 accipiuntur
854 2421 965 2478 duo
987 2428 1171 2479 motus
1195 2423 1373 2494 ipsius
1399 2437 1597 2479 secun·

234 2522 258 2550 α
291 2498 430 2556 dum
463 2518 744 2559 recessum
774 2520 806 2559 a
833 2504 1085 2561 termino
1108 2521 1140 2560 a
1160 2520 1288 2576 qu0‚
1315 2510 1369 2560 et
1410 2520 1596 2560 acces-

231 2604 257 2633 «
292 2598 420 2638 sum
450 2582 519 2638 ad
544 2585 862 2641 terminum
885 2585 954 2643 ad
975 2601 1143 2659 quem
1172 2608 1184 2641 ε
1215 2609 1238 2637 »
1273 2603 1409 2643 narn
1434 2586 1596 2660 prius

224 2678 300 2719 ex
330 2671 491 2735 parte
519 2665 752 2722 mobilis
780 2667 1075 2723 constituit
1104 2684 1387 2725 recessum
1416 2684 1447 2724 a
1477 2683 1596 2740 pec·

225 2747 369 2809 cato,
401 2746 497 2817 qui
539 2752 624 2802 est
650 2748 938 2813 contritio,
976 2765 1148 2820 quam
1191 2765 1472 2805 accessum
1523 2748 1594 2806 ad

221 2840 412 2899 quem,
456 2833 512 2885 et
539 2828 659 2902 ejus
686 2830 1021 2896 amicitiam,
1054 2830 1149 2903 qui
1184 2835 1267 2887 est
1296 2831 1596 2888 charitatis

223 2924 408 2965 amor.
440 2909 547 2965 Sed
575 2911 762 2983 maJ‘or
790 2911 958 2985 hujus
998 2912 1444 2985 comparationis
1472 2912 1595 2968 dis-

222 2989 407 3046 eussio
470 2992 717 3064 pertinet
777 2992 847 3048 ad
922 2994 1107 3050 locum
1158 2994 1396 3049 citatum
1448 3010 1519 3050 ex
1558 2995 1593 3049 3

224 3076 406 3142 parte,
442 3071 536 3128 ubi
566 3073 756 3147 agitur
783 3073 853 3131 de
899 3081 1022 3131 actu
1053 3076 1285 3131 virtutis
1314 3075 1594 3148 poeniten-

222 3150 334 3216 tiae,
387 3150 484 3208 ubi
531 3154 700 3211 illam
738 3156 922 3228 magis
968 3172 1040 3213 ex
1093 3156 1347 3230 professo
1391 3171 1593 3214 versa-

221 3232 437 3290 bimus,

695 3391 1017 3435 AR'HCULUS
1042 3393 1102 3435 11

328 3499 472 3541 Utrum
489 3499 744 3552 justificatio
771 3503 893 3557 inipe'i
917 3506 976 3547 aie
1012 3505 1238 3548 maximum
1263 3516 1369 3559 opus
1393 3508 1490 3550 Dei.

278 3643 514 3710 ..td-nonum
536 3646 599 3689 sic
617 3648 870 3700 proceditur.
892 3649 1067 3694 Videtur
1085 3650 1193 3705 quod
1210 3650 1455 3705 justitlcatio
1470 3653 1587 3707 impii

223 3711 307 3746 non
326 3707 383 3746 stt
400 3704 617 3769 maximum
638 3715 740 3758 opus
758 3707 850 3750 Dei.
874 3710 953 3752 Per
967 3708 1305 3760 justificationem
1332 3711 1445 3755 ειιίιιι
1470 3711 1588 3765 impii

222 3768 490 3827 consequitur
518 3762 672 3817 aliquis
701 3764 873 3816 gratiam
905 3766 998 3817 vtae.
1035 3769 1109 3811 sed
1140 3778 1213 3820 per
1245 3769 1590 3821 gloritloetionem

221 3823 489 3882 consequitur
515 3820 669 3872 aliquis
698 3820 870 3873 gratiam
903 3824 1061 3875 patria),
1081 3836 1169 3878 quae
1202 3826 1336 3878 major
1363 3832 1459 3869 est:
1487 3835 1590 3878 ergo

222 3873 474 3938 glorificatio
491 3876 759 3928 Angelorum.
781 3878 844 3921 vel
865 3878 1073 3924 hominum
1090 3888 1156 3926 est
1174 3880 1306 3935 majus
1331 3894 1448 3937 opus».
1468 3894 1589 3937 quam

219 3931 464 3983 Justitlcalio
483 3933 616 3987 impii.

276 3991 314 4031 2.
335 3991 540 4036 Praeterea
559 4012 570 4036 ι
587 3993 838 4037 Jusiitlcatio
856 3993 973 4047 impii
993 3993 1208 4039 ordinatur
1224 3995 1276 4038 ad
1295 3996 1446 4040 bonum
1465 3996 1589 4048 parti·

219 4049 362 4094 culare
381 4051 504 4094 unius
522 4052 728 4096 hominis:
748 4052 823 4096 sed
845 4053 993 4097 bonum
1013 4054 1197 4099 universi
1216 4053 1279 4099 est
1299 4053 1446 4107 majus.
1467 4067 1588 4110 quam

221 4112 374 4154 bonum
395 4110 519 4154 nnius
533 4111 728 4164 hominis,
749 4118 793 4156 ut
810 4119 920 4165 patet
937 4114 982 4155 in
1003 4117 1024 4155 1
1050 4112 1188 4158 Ethic.
1206 4123 1308 4165 crgo
1327 4114 1459 4166 maius
1487 4124 1589 4168 opus

215 4174 284 4215 εει
302 4169 458 4214 creatio
477 4170 588 4222 emti,
602 4177 644 4214 et
662 4177 798 4221 terrae.
816 4183 936 4224 quam
952 4171 1195 4225 jnstitlcatio
1214 4172 1346 4226 impii.

269 4229 307 4268 3.
329 4227 534 4271 Praeterea
558 4246 570 4271 :
605 4226 739 4280 Majus
768 4234 831 4272 εει
859 4239 912 4272 ex
942 4228 1075 4272 nihilo
1091 4229 1251 4283 aliquid
1284 4231 1433 4281 tacere.
1453 4234 1496 4274 ει
1514 4229 1585 4274 ubl

220 4284 327 4328 nihil
350 4293 590 4337 cooperatur
606 4285 760 4340 agenti.
782 4298 900 4340 quam
930 4297 982 4332 ex
999 4287 1141 4342 aliquo
1161 4289 1296 4332 tacere
1313 4289 1474 4342 aliquid
1494 4300 1585 4333 cum

222 4341 361 4396 aliqua
396 4345 686 4396 cooperatione
705 4347 898 4397 patientis
928 4365 938 4390 ι
967 4347 1041 4391 sed
1073 4347 1117 4391 in
1139 4357 1263 4400 opere
1292 4348 1516 4393 creationis
1532 4359 1586 4393 ex

217 4401 355 4445 nihilo
369 4403 416 4446 tlt
435 4403 610 4456 aliquid,
632 4404 739 4447 unde
759 4403 863 4447 nihil
883 4411 1014 4458 potest
1032 4406 1245 4458 cooperari
1262 4408 1424 4460 agenti:
1451 4407 1585 4451 sedin

218 4461 520 4514 justificatione
555 4462 670 4516 impii
703 4465 817 4507 Deus
845 4474 897 4507 ex
915 4466 1055 4518 aliquo
1073 4466 1230 4520 aliquid
1252 4467 1363 4517 tacit.
1384 4467 1426 4510 id
1453 4476 1586 4511 estex

223 4518 354 4571 impio
367 4518 521 4572 justum
537 4538 547 4562 ι
566 4526 609 4564 ει
625 4525 689 4564 εει
707 4520 765 4563 ibi
785 4522 921 4573 aliqua
940 4522 1177 4575 cooperatio
1192 4533 1244 4567 ex
1257 4530 1371 4576 parte
1389 4523 1583 4574 bominis,

222 4587 319 4630 quta
337 4581 403 4620 est
421 4575 478 4620 ibi
501 4583 634 4621 motus
651 4577 772 4622 liberi
791 4578 972 4629 arbitrii,
991 4584 1032 4622 ιιι
1054 4577 1210 4623 dictum
1225 4584 1288 4623 oet
1309 4598 1320 4623 ε
1338 4590 1440 4633 ergo
1454 4578 1584 4632 justi-

224 4633 363 4677 tlmtio
391 4633 506 4686 impii
525 4644 607 4676 nou
624 4638 688 4677 est
713 4645 928 4677 maximum
947 4645 1050 4687 opus
1067 4637 1163 4680 Del.

276 4689 358 4734 Sed
378 4697 519 4735 contra
549 4697 627 4741 est.
648 4691 756 4746 quod
787 4693 830 4734 iu
851 4694 967 4736 Paul.
991 4697 1077 4743 144,
1098 4694 1274 4738 dicitur:
1294 4694 1587 4738 miserationes

220 4745 316 4799 ejus
334 4757 458 4801 super
475 4747 612 4791 oinnia
630 4757 752 4800 opera
766 4747 858 4800 eius
874 4768 884 4793 :
903 4750 1002 4793 etin
1015 4751 1187 4794 collecta
1208 4748 1375 4793 dicitur:
1388 4750 1583 4802 Deusqul

218 4804 560 4858 omnipotentiam
587 4810 695 4848 tuam
711 4807 917 4858 parcendo
936 4807 1125 4860 maxime,
1144 4814 1187 4852 ει
1206 4808 1442 4852 miserando
1460 4807 1585 4851 mani·

223 4861 365 4906 testas.
382 4863 437 4904 Ει
457 4863 626 4914 August.
647 4860 749 4905 dicit
767 4872 978 4915 exponens
995 4864 1098 4908 illud
1116 4866 1237 4908 Joan.
1256 4868 1317 4908 14:
1338 4863 1495 4916 Maiora
1513 4863 1585 4906 ho-

222 4930 314 4965 rum
352 4918 490 4969 saciet,
519 4919 629 4974 quod
659 4919 791 4972 majus
822 4931 924 4972 opus
951 4928 1031 4975 cst,
1051 4928 1094 4966 ιιι
1121 4933 1175 4967 ex
1205 4922 1332 4976 impio
1347 4921 1484 4974 justus
1501 4921 1584 4973 ilat,

220 4989 342 5033 quam
362 4988 503 5022 creare
522 4978 683 5027 coelum.
701 4983 744 5022 ει
764 4983 928 5023 terram.

270 5036 522 5092 Respondeo
540 5036 777 5089 dicendum.
797 5040 904 5091 quod
923 5050 1026 5094 opus
1041 5037 1211 5092 aliquod
1229 5041 1364 5092 potest
1391 5035 1475 5081 dici
1506 5047 1588 5082 ma·

2995 377 3107 433 627

1736 561 1864 605 guum
1895 551 2131 606 dupliciter.
2165 555 2260 599 Uno
2286 553 2411 599 modo
2436 564 2490 599 ex
2518 558 2635 609 parte
2664 552 2776 597 modi
2801 552 2967 607 agendi.
2986 552 3109 598 etsie

1734 609 1958 653 maximum
1988 619 2091 663 opus
2116 616 2182 656 εει
2210 610 2451 661 creationis.
2473 610 2517 655 in
2549 622 2630 665 quo
2646 620 2698 655 ex
2716 610 2850 653 nihilo
2868 611 2913 653 nt
2928 610 3105 664 aliquid.

1732 665 1834 728 Alio
1849 667 1973 711 modo
1993 674 2129 719 potest
2146 668 2232 712 dici
2252 679 2354 722 opus
2375 681 2565 723 magnum
2586 675 2752 723 propter
2780 667 3107 721 magnitudinem

1732 722 1954 787 eJus‘uuod
1974 724 2048 776 tlt;
2080 729 2125 767 ει
2141 727 2367 770 secundum
2383 726 2461 769 hoc
2490 725 2624 778 majus
2641 736 2743 778 opus
2771 728 2835 768 εει
2860 723 3110 777 justificatio

1732 778 1870 831 impn.
1888 788 1980 832 quae
1998 780 2241 825 terminatur
2256 782 2310 826 ad
2329 782 2481 826 bonum
2502 787 2700 826 aeternuni
2716 780 2870 823 divinai
2889 780 3105 833 participa·

1732 836 1877 889 tionis.
1897 847 2017 891 quam
2035 838 2191 884 creatio
2215 840 2327 893 coell.
2346 846 2390 885 et
2408 846 2548 891 terrae.
2567 851 2659 894 uuae
2690 839 2932 884 terminatur
2949 839 3003 882 ad
3029 839 3103 884 bo·

1732 903 1829 937 num
1854 899 2012 939 naturae
2042 896 2254 941 mutabilis
2284 916 2296 942 ε
2325 902 2368 942 et
2395 897 2492 942 idco
2519 899 2624 950 Aug.
2646 908 2735 940 cum
2771 896 2962 947 dixisset.
2992 896 3110 951 quod

1733 960 1868 1002 majus
1883 956 1962 1001 est.
1982 951 2093 1005 quod
2109 962 2163 996 ex
2182 952 2311 1006 impio
2329 953 2563 1006 uatjustus,
2584 963 2703 1007 quam
2722 961 2861 995 creare
2879 953 3040 1003 coelum.
3060 958 3105 996 et

1730 1010 1900 1056 terram.
1919 1006 2137 1062 subjungit
2160 1027 2171 1052 ι
2200 1009 2357 1054 Coelum
2373 1010 2487 1053 enim
2503 1014 2548 1052 ει
2564 1012 2672 1051 terra
2692 1007 2901 1058 transibit.
2919 1009 3106 1059 praedec-

1732 1060 1954 1107 tinatorum
1972 1071 2110 1110 autem
2128 1064 2255 1116 salus.
2269 1072 2312 1110 ει
2325 1064 2571 1119 instillatio
2584 1062 2854 1116 permanebit.
2870 1063 2954 1108 Sed
2967 1064 3106 1107 scicn-

1732 1117 1831 1161 dum
1863 1124 1941 1170 εει.
1978 1120 2089 1174 quod
2126 1121 2286 1176 aliquid
2317 1133 2509 1175 magnum
2545 1119 2700 1163 dicitur
2735 1119 2972 1171 dupliciter.
3010 1122 3115 1164 Uno»

1731 1176 1856 1219 modo
1867 1177 2091 1222 secuudum
2106 1179 2375 1233 quantitatem
2389 1179 2617 1222 absolutam
2632 1195 2644 1227 ς
2663 1182 2703 1222 ει
2718 1177 2795 1220 hoc
2813 1176 2936 1220 modo
2951 1176 3106 1219 donum

1731 1231 1878 1284 gloriae
1895 1239 1960 1276 εει
1979 1234 2125 1287 majus.
2145 1246 2267 1289 quam
2287 1236 2440 1279 donum
2454 1236 2601 1289 gratiae
2616 1231 2887 1287 justificantis
2905 1231 3075 1285 impium
3091 1251 3114 1285 ;

1730 1293 1773 1332 ει
1806 1290 2033 1335 secundum
2069 1292 2146 1335 hoc
2181 1291 2430 1345 glutinatio
2460 1291 2668 1345 justorum
2703 1295 2768 1333 est
2810 1288 2942 1341 majus
2984 1300 3103 1342 opus,

1731 1356 1851 1400 quam
1866 1346 2112 1399 justificatio
2139 1350 2269 1403 impii.
2291 1350 2389 1394 Alio
2409 1351 2533 1393 modo
2553 1349 2705 1392 dicitur
2725 1346 2884 1401 aliquid
2912 1358 3111 1398 magnum

1731 1404 1960 1455 quantitate
1990 1406 2284 1459 proportionis.
2315 1405 2423 1450 sicut
2453 1405 2607 1448 dicitur
2637 1415 2754 1447 mons
2784 1413 2947 1455 parvus.
2966 1408 3008 1445 ει
3026 1402 3104 1445 mi·

1731 1459 1833 1503 lium
1863 1472 2050 1515 magnum
2080 1480 2090 1505 =
2123 1467 2165 1507 ει
2183 1463 2262 1507 hoc
2279 1462 2402 1507 modo
2420 1463 2573 1506 donum
2603 1459 2748 1514 gratiae
2768 1459 2934 1513 impium
2951 1457 3104 1511 justiti-

1730 1514 1864 1559 cantis
1878 1521 1945 1561 εει
1972 1516 2120 1571 maius.
2140 1530 2261 1573 quam
2291 1518 2443 1563 donum
2460 1517 2606 1571 gloriae
2626 1515 2901 1561 beatificantis
2915 1514 3072 1568 justum
3090 1532 3102 1567 ς

1731 1573 1826 1626 quia
1857 1573 1950 1626 plus
1975 1574 2145 1619 excedit
2163 1575 2318 1619 donum
2346 1574 2490 1629 gratiae
2509 1572 2754 1627 dignitatem
2774 1571 2905 1625 impii.
2925 1572 3105 1627 quierat

1731 1629 1884 1683 dignus
1909 1642 2044 1684 poena.
2076 1644 2197 1685 uuam
2229 1634 2382 1677 donum
2399 1632 2544 1686 gloria>
2562 1631 2807 1684 dignitatem
2824 1630 2942 1683 justi.
2962 1628 3106 1684 quiex

1730 1688 1808 1731 hoc
1828 1689 1933 1741 ipso.
1948 1691 2057 1743 quod
2068 1690 2333 1744 justificatus,
2350 1697 2414 1735 εει
2429 1691 2579 1743 dignus
2590 1690 2737 1742 gloria.
2752 1691 2805 1731 Et
2820 1688 2916 1733 ideo
2929 1690 3102 1741 August.

1731 1745 1835 1790 dicit
1855 1746 2011 1791 ibidem
2034 1767 2045 1792 :
2068 1750 2093 1791 J
2099 1749 2237 1794 udicet
2255 1750 2325 1803 qui
2345 1754 2494 1803 potest.
2510 1754 2643 1792 utrum
2659 1746 2792 1800 majus
2809 1747 2866 1790 sit
2879 1746 3016 1798 justos
3031 1756 3109 1789 an·

1729 1803 1849 1855 gelos
1865 1814 2022 1855 creare.
2041 1816 2160 1859 qnam
2180 1805 2331 1859 impios
2344 1805 2609 1858 justitie-arc?
2642 1806 2764 1848 Certe
2780 1802 2818 1846 si
2837 1803 3009 1856 aequalis
3037 1807 3104 1846 est

1730 1864 1946 1913 utrumqne
1975 1866 2183 1913 potentiae,
2213 1862 2290 1906 hoc
2320 1859 2491 1912 majoris
2512 1866 2578 1905 est
2608 1858 2922 1904 misericordiae.
2946 1860 2999 1901 Et
3028 1868 3105 1913 per

1731 1916 1808 1960 hoc
1827 1924 1943 1970 patet
1956 1919 2171 1972 responsio
2186 1920 2240 1964 ad
2260 1919 2447 1972 primum.

1780 1975 1846 2017 Ad
1864 1976 2089 2019 secundum
2109 1977 2344 2027 dicendum.
2366 1976 2474 2030 quod
2495 1975 2646 2019 bonum
2666 1974 2848 2019 universi
2867 1978 2931 2018 est
2949 1972 3100 2027 majus.

1730 2041 1850 2085 quam
1882 2032 2033 2075 bonnm
2067 2033 2317 2087 particulare
2345 2033 2483 2083 unius,
2502 2031 2539 2074 si
2569 2031 2794 2085 accipiatur
2822 2036 3036 2085 utrumque
3055 2032 3109 2074 in·

1727 2087 1878 2132 eodem
1909 2099 2061 2142 genere
2094 2108 2105 2132 ε
2144 2091 2219 2134 sed
2248 2089 2400 2133 bonum
2421 2088 2565 2142 gratlae
2584 2087 2705 2131 unius
2735 2085 2867 2140 majus
2882 2092 2961 2138 cst.
2980 2097 3099 2141 quam

1731 2141 1885 2187 bonum
1906 2150 2062 2188 niturae
2081 2143 2208 2188 totius
2227 2145 2424 2189 universi.

1778 2200 1846 2243 Ad
1879 2199 2042 2244 tertium
2078 2200 2314 2253 dicendum,
2335 2200 2445 2255 quod
2475 2199 2582 2243 ratio
2612 2198 2683 2243 illa
2704 2197 2959 2252 proceditcx
2986 2203 3103 2251 parte

1730 2257 1844 2301 modi
1875 2257 2045 2312 agendi,
2075 2258 2301 2302 secundum
2334 2270 2456 2313 quem
2486 2256 2642 2302 creatio
2669 2264 2731 2302 εει
2750 2256 2968 2300 maximum
2998 2267 3109 2311 opus

1728 2314 1828 2360 Dei.

1804 2453 2005 2510 Prima
2050 2457 2321 2513 conclusio
2433 2453 2772 2512 Justificatio
2818 2451 2986 2524 impii
3025 2467 3103 2509 ex

1731 2542 1891 2609 parte
1921 2537 2004 2594 rei
2046 2538 2203 2595 factae
2242 2544 2326 2596 est
2365 2556 2507 2612 opus
2547 2539 2734 2612 majus
2773 2537 3099 2601 creatione;

1729 2634 1888 2675 secus
1910 2626 2100 2676 autem
2128 2636 2199 2677 ex
2230 2626 2388 2693 parte
2415 2619 2571 2676 modi
2600 2617 2866 2675 faciendi.
3106 2678 3109 2681 ,

1800 2697 2056 2756 Secunda
2083 2702 2359 2758 conclusio
2387 2719 2405 2754 :
2443 2698 2779 2755 Justificatio
2808 2697 2976 2770 impii
3001 2712 3098 2754 se-

1727 2782 1980 2840 cundum
2018 2785 2399 2857 quantitatem
2432 2782 2821 2858 proportionis
2845 2787 2931 2838 est
2957 2798 3108 2854 opus.

1728 2864 1916 2938 majus
1955 2863 2391 2940 glorificatione,
2439 2881 2558 2922 non
2600 2880 2736 2922 vero
2779 2861 3097 2920 secundum

1726 2947 2112 3017 quantitatem
2142 2946 2482 3005 absolutam.

2213 3116 2533 3159 ARTICULUS
2560 3115 2611 3156 X.

1962 3231 2108 3273 Utrum
2118 3230 2373 3283 justificatio
2393 3229 2517 3281 impin·
2532 3227 2591 3270 se‘t
2607 3226 2873 3269 miraculosa.

1777 3371 1841 3415 Ad
1863 3371 2067 3416 decimum
2085 3368 2149 3413 sic
2168 3368 2417 3422 proceditur.
2441 3367 2615 3411 Videtur
2637 3364 2746 3419 quod
2762 3362 3005 3417 justificatio
3023 3363 3100 3407 im·

1724 3429 1784 3476 pli
1818 3429 1876 3472 sit
1893 3440 1995 3483 opus
2015 3427 2319 3471 miraculosum.
2348 3428 2480 3479 Opera
2498 3425 2610 3469 enim
2629 3423 2873 3467 miraculosa
2892 3427 2987 3489 sunt
3004 3433 3095 3464 ma·

1721 3487 1816 3540 jora
1835 3498 1916 3530 non
1938 3485 2195 3530 miraculosis
2212 3503 2222 3527 :
2239 3485 2315 3528 sed
2331 3482 2575 3539 justificatio
2597 3482 2713 3534 impii
2745 3486 2810 3524 εει
2829 3490 2961 3543 majus
2978 3488 3100 3544 opus.

1724 3555 1842 3598 quam
1872 3544 1956 3588 alia
1985 3553 2109 3597 opera
2140 3540 2399 3592 miraculosa,
2433 3550 2476 3585 ιιι
2499 3544 2609 3593 patet
2627 3549 2699 3591 per
2729 3538 2899 3602 Aug31n
2916 3539 3099 3580 authori-

1724 3607 1806 3645 tate
1825 3601 2029 3644 adducta:
2049 3609 2150 3651 ergo
2167 3597 2413 3652 justificatio
2443 3595 2559 3649 impii
2591 3602 2653 3638 εει
2672 3604 2772 3647 opus
2792 3593 3096 3637 unraculosum.

1773 3661 1812 3702 2.
1833 3659 2042 3702 Praetcrea
2068 3674 2079 3699 ε
2111 3658 2248 3698 Motus
2272 3655 2496 3699 voluntatis
2517 3653 2573 3695 ita
2591 3656 2655 3695 εει
2677 3651 2719 3693 iu
2738 3652 2893 3698 anima.
2910 3650 3016 3693 sicut
3035 3650 3098 3691 in·

1723 3716 1897 3760 clinatio
1916 3713 2119 3758 naturalis
2139 3713 2181 3757 in
2202 3712 2326 3757 rebus
2359 3710 2617 3755 naturalibus
2651 3727 2661 3751 ι
2696 3709 2771 3752 sed
2790 3707 3103 3772 quando-Deus

1721 3771 1882 3826 aliquid
1913 3775 2109 3826 operatur
2129 3770 2173 3813 in
2192 3768 2317 3813 rebus
2341 3767 2598 3813 naturalibus
2616 3771 2757 3808 contra
2785 3764 3096 3808 inclinationem

1722 3835 1895 3881 natune.
1926 3833 1992 3874 εει
2022 3837 2127 3880 opus
2146 3825 2452 3876 miraculosum,
2471 3825 2578 3868 sicut
2595 3834 2684 3865 cum
2704 3821 2909 3864 illuminat
2926 3830 3096 3870 caecuui,

1721 3888 1788 3931 vel
1808 3887 1979 3931 suscitat
1993 3891 2193 3931 mortuum
2210 3904 2219 3938 ;
2241 3886 2432 3930 voluntas
2442 3889 2576 3927 autem
2594 3880 2707 3934 impii
2722 3880 2856 3924 tendit
2870 3880 2913 3923 in
2928 3880 3093 3923 malum.

1721 3947 1822 3988 Cum
1856 3944 1982 3998 igitur
2010 3947 2123 3989 Deus
2137 3942 2406 3997 justificando
2436 3940 2641 3985 bominem
2662 3943 2822 3983 moveat
2848 3948 2941 3982 cum
2962 3938 3004 3980 in
3023 3937 3096 3980 bo·

1721 4014 1834 4054 num,
1856 4003 2020 4048 videtur
2037 4002 2146 4056 quod
2163 4001 2408 4055 justitlcatio
2425 3999 2542 4052 impii
2565 3998 2619 4041 sit
2634 3997 2915 4062 miraculosa..
2992 4051 3000 4060 Ι

1767 4064 1804 4103 a
1821 4063 2027 4104 Praeterea
2043 4079 2054 4104 ε
2069 4059 2183 4103 Sicut
2198 4059 2399 4112 sapientia
2413 4062 2476 4101 εει
2492 4057 2643 4099 donum
2661 4054 2830 4104 Dc1.ita
2849 4056 3062 4118 etJustitia
3085 4071 3096 4096 :

1718 4119 1795 4160 sed
1810 4118 2101 4161 miraculosum
2119 4123 2197 4168 εει,
2211 4116 2320 4171 quod
2338 4115 2492 4169 aliquis
2508 4114 2647 4158 subito
2667 4112 2759 4155 sine
2776 4109 2914 4155 studio
2932 4119 3095 4176 sapien·

1720 4174 1818 4218 tiam
1838 4181 2082 4227 assequatur
2108 4186 2132 4219 a
2150 4175 2242 4219 Deo
2263 4192 2274 4217 =
2292 4182 2393 4226 ergo
2411 4172 2699 4216 miraculosum
2710 4176 2780 4213 ἐει
2815 4168 2922 4221 quod
2941 4167 3098 4220 aliquis

1719 4231 1872 4284 impius
1890 4230 2138 4286 justificetur
2154 4242 2178 4275 a
2196 4232 2304 4275 Deo.

1771 4291 1856 4333 Sed
1875 4297 2015 4334 contra
2034 4310 2044 4334 =
2064 4292 2197 4342 Opera
2224 4288 2464 4334 miraculosa
2484 4292 2579 4332 sunt
2596 4297 2717 4340 supra
2737 4284 2961 4339 potentiam
2978 4287 3093 4326 natu·

1719 4349 1848 4392 ralem
1871 4367 1883 4391 ε
1902 4349 1978 4393 εεᾱ
1994 4348 2240 4402 iustificatio
2262 4347 2376 4402 impii
2399 4357 2479 4390 nou
2498 4352 2562 4390 cst
2577 4357 2699 4398 supra
2730 4344 2952 4397 potentiam
2972 4350 3093 4388 natu-

1719 4406 1864 4450 ralem.
1885 4405 2003 4448 Dicit
2020 4404 2133 4449 enim
2152 4407 2325 4458 August.
2352 4404 2394 4448 in
2414 4403 2522 4448 libro
2541 4403 2593 4446 de
2612 4403 2805 4455 praedest.
2833 4403 3092 4457 sanctorum,

1718 4464 1832 4518 quod
1854 4474 1978 4514 posse
1992 4464 2145 4508 habere
2158 4464 2297 4512 tidem.
2310 4462 2417 4507 sicut
2434 4471 2553 4516 posse
2571 4461 2727 4504 habere
2745 4461 2997 4513 charitatem.
3017 4474 3093 4508 na·

1718 4530 1827 4568 turae
1856 4527 1922 4566 cst
1953 4521 2163 4567 bominum
2200 4541 2210 4566 =
2244 4522 2395 4566 babere
2427 4526 2563 4563 autem
2591 4519 2729 4569 tldcm.
2749 4521 3093 4571 quemadmodum

1718 4582 1874 4625 habere
1892 4580 2147 4630 charitatem.
2168 4579 2312 4633 gratiae
2328 4583 2392 4622 est
2407 4576 2605 4622 fidelium.
2626 4577 2990 4630 Ergojustittcatto
3003 4579 3085 4624 im·

1716 4637 1776 4691 pii
1794 4648 1877 4681 non
1894 4642 1961 4681 est
1975 4635 2235 4680 miraculosa.

1772 4693 2028 4747 Respondeo
2055 4693 2291 4742 dicendum.
2310 4692 2418 4748 quod
2438 4693 2480 4737 iu
2510 4692 2707 4746 operibus
2734 4692 2992 4737 miraculosis
3010 4695 3091 4739 tria

1715 4755 2026 4796 consueverunt
2043 4749 2237 4800 inveniri.
2258 4760 2429 4805 quorum
2447 4759 2569 4793 unum
2588 4755 2721 4794 estex
2752 4756 2866 4804 parte
2894 4750 3090 4802 potentiae

1716 4809 1900 4863 agentis.
1920 4807 2016 4862 quia
2035 4807 2123 4852 sola
2144 4806 2287 4851 divina
2305 4807 2458 4852 virtute
2476 4807 2566 4851 tleri
2586 4813 2756 4860 possunt
2773 4826 2785 4858 ς
2810 4813 2852 4852 ει
2877 4807 2974 4851 ideo
2990 4812 3090 4851 sunt

1715 4866 1966 4919 simpliciter
1975 4866 2093 4918 mira,
2107 4865 2223 4918 quasi
2237 4866 2430 4911 babentia
2443 4877 2606 4910 causam
2618 4867 2831 4917 occultam.
2843 4870 2886 4910 ut
2899 4866 2941 4909 in
2954 4867 3092 4919 primo

1719 4923 1876 4967 dictum
1905 4928 2003 4967 cst:
2034 4928 2078 4967 et
2107 4922 2329 4966 secundum
2359 4923 2435 4966 boc
2453 4922 2791 4976 tamjustitlcatlo
2809 4923 2940 4976 impii.
2964 4935 3086 4976 quam

1718 4981 1878 5024 creatio
1896 4981 2054 5030 mundi.
2074 4986 2116 5025 et
2134 4981 2425 5027 universaliter
2441 4993 2562 5028 omne
2584 4993 2700 5036 opus,
2720 4983 2828 5034 uuod
2844 4993 2868 5025 a
2886 4983 2977 5026 solo
2992 4983 3088 5028 Deo

1722 5038 1810 5082 tleri
1834 5043 1982 5092 potest,
2002 5037 2289 5083 miraculosum
2306 5037 2390 5082 dici
2410 5043 2559 5092 potest,
2571 5039 2761 5085 Secundo
2778 5038 2822 5083 tn
2840 5038 3085 5091 quibusdam
