3647 5753
571 444 627 483 iv
804 496 810 503 ,
1518 421 1744 476 INDEX
1782 419 2306 486 QUAESTIONUM,
2352 419 2511 475 ETC.

1089 596 1411 650 Appmmx.

648 733 792 791 Dub.
823 735 877 791 8.
924 738 1031 801 An,
1062 740 1118 791 et
1142 733 1329 807 qualis
1356 732 1598 790 mutatio
1620 731 1934 789 intrinseca

575 816 905 887 requiratur
932 814 1002 872 ad
1032 815 1433 915 remissionem
1456 818 1811 887 peccatorum
1841 826 1935 867 ve-

571 896 869 954 nialium?
1821 894 1926 949 511

645 982 676 1047 ξ
713 981 758 1035 1.
785 976 1152 1035 observanda
1183 993 1286 1049 pro
1305 976 1466 1033 dubii
1488 976 1793 1032 decisione
1823 976 1926 1031 511

643 1063 675 1128 ς
702 1060 761 1114 2.
808 1059 1147 1115 Statuuntur
1199 1064 1315 1113 tres
1360 1057 1749 1115 conclusiones
1801 1060 1934 1112 ante

570 1140 943 1196 assertionem
976 1139 1343 1212 praecipuam.
1822 1138 1934 1192 514

567 1223 673 1358 tu?
702 1221 756 1276 3.
783 1220 1129 1293 Principalis
1161 1218 1322 1274 dubii
1363 1217 1665 1275 difficultas
1692 1218 1934 1353 (113οὲ1118-

641 1385 673 1451 ξ
699 1379 1145 1436 4.-Referuntur
1171 1379 1474 1452 opiniones
1502 1376 1797 1451 prioribus
1839 1393 1934 1433 as-

572 1460 921 1521 sertionibus
966 1462 1294 1527 contrariae,
1337 1465 1395 1518 et
1445 1475 1646 1517 earum
1699 1458 1933 1516 motivis

571 1543 909 1601 occurritur.
1822 1540 1932 1594 522

643 1629 676 1696 ς
703 1627 757 1681 5.
789 1623 1119 1680 Occurritur
1155 1622 1511 1696 argumentis
1540 1621 1759 1677 ultimae
1802 1619 1931 1692 opi-

573 1707 769 1765 nionis
795 1704 966 1763 modo
999 1704 1226 1761 dicendi
1268 1720 1441 1777 supra
1480 1704 1776 1760 insinuato
1801 1718 1933 1760 con-

570 1790 786 1847 trariae.
1821 1786 1932 1840 529

644 1876 766 1929 Art.
805 1873 858 1928 3.
892 1873 1099 1928 Utrum
1130 1867 1199 1925 ad
1248 1866 1713 1942 justificationem
1762 1867 1929 1940 impii

569 1954 895 2028 requiratur
922 1957 1107 2009 motus
1137 1948 1309 2006 liberi
1338 1948 1591 2006 arbitrii.
1821 1949 1931 2003 535

639 2041 762 2092 Art.
806 2038 862 2092 4.
912 2037 1122 2091 Utrum
1170 2031 1239 2089 ad
1268 2031 1731 2105 justificationem
1752 2032 1931 2105 ‘impii

569 2118 897 2193 requiratur
918 2122 1105 2173 motus
1134 2114 1286 2172 fidei.
1820 2115 1930 2168 536

640 2205 763 2259 Art.
807 2202 864 2256 5.
894 2202 1103 2256 Utrum
1144 2197 1214 2254 ad
1258 2196 1719 2272 justificationem
1761 2195 1929 2268 impii

566 2286 893 2358 requiratur
938 2287 1126 2338 motus
1168 2278 1337 2336 liberi
1368 2278 1601 2336 arbitrii
1640 2278 1704 2333 in
1735 2272 1932 2350 pecca-

558 2374 702 2421 tum.
1817 2359 1929 2414 536

630 2447 750 2501 Art.
813 2445 868 2498 6.
940 2444 1148 2497 Utrum
1226 2439 1494 2497 remissio
1569 2445 1928 2513 peccatorum

554 2525 756 2583 debeat
781 2522 1081 2579 numerari
1105 2522 1258 2577 inter
1280 2537 1365 2586 ea,
1394 2536 1520 2594 quae
1551 2520 1930 2593 requiruntur

558 2607 628 2664 ad
651 2601 1120 2679 justificationem
1146 2601 1337 2673 impii.
1488 2614 1489 2617 ’
1817 2601 1929 2655 537

637 2690 762 2742 Art.
794 2688 853 2740 7.
885 2685 1094 2739 Utrum
1133 2679 1462 2756 justificatio
1512 2680 1678 2753 impii
1726 2681 1827 2738 fiat
1867 2682 1930 2737 in

566 2768 826 2832 instanti,
854 2767 944 2823 vel
966 2764 1297 2821 successive.
1818 2763 1929 2818 537

636 2853 761 2907 Art.
800 2851 853 2905 8.
887 2850 1094 2904 Utrum
1121 2845 1321 2920 gratiae
1350 2844 1567 2902 infusio
1618 2844 1693 2900 sit
1738 2845 1928 2917 prima

561 2931 764 2990 ordine
788 2937 1006 2988 naturae
1029 2932 1180 2987 inter
1207 2945 1273 2986 ea
1300 2944 1422 3000 quae
1454 2929 1834 3000 requiruntur
1858 2927 1928 2985 ad

560 3012 1024 3089 justificationem
1047 3010 1235 3082 impii.
1818 3014 1927 3068 538

1014 3176 1332 3249 Disputatio
1370 3172 1495 3231 111.

640 3319 718 3373 De
743 3313 1211 3387 dispositionibus
1227 3313 1295 3370 ad
1313 3311 1799 3387 justificationem.
1817 3315 1928 3370 539

641 3395 783 3453 Dub.
844 3396 887 3460 l.
926 3398 1131 3451 Utrum
1187 3395 1419 3467 impius,
1472 3401 1533 3450 ut
1565 3393 1923 3469 justificetur,

566 3477 768 3537 debeat
793 3476 1018 3552 disponi
1043 3493 1143 3550 per
1172 3478 1392 3550 aliquos
1414 3481 1586 3543 actuS,
1612 3480 1667 3532 et
1687 3477 1927 3550 quinam

563 3562 717 3617 sint?
1817 3562 1929 3616 539

638 3646 670 3712 g
708 3645 752 3698 1.
787 3643 986 3699 Prima
1007 3641 1293 3699 conclusio
1321 3638 1578 3713 priorem
1605 3639 1768 3697 dubii
1791 3658 1927 3715 par-

565 3731 680 3782 tem
712 3726 1022 3782 resolvens,
1817 3725 1928 3780 539

635 3812 666 3876 ξ]
692 3810 743 3862 2.
772 3808 901 3863 Alia
921 3807 1208 3864 conclusio
1231 3806 1401 3863 alteri
1427 3803 1588 3862 dubii
1621 3807 1770 3878 parti
1801 3823 1924 3864 res-

563 3890 837 3962 pondens.
1814 3890 1927 3943 542
1979 3911 1982 3914 ·

528 4035 533 4042 .
639 3973 669 4038 ς
722 3970 775 4025 3.
827 3971 1213 4026 Recensentur
1273 3967 1542 4042 praecipui
1613 3969 1928 4025 voluntatis

569 4057 742 4117 actus,
775 4052 873 4123 qui
896 4050 964 4107 ad
982 4049 1445 4125 Justificationem
1473 4056 1841 4116 concurrunt,
1873 4055 1929 4107 et

568 4139 911 4206 praeparant.
1816 4134 1927 4187 544

643 4217 675 4283 ἕ
700 4214 754 4268 4.
789 4211 971 4269 Dubia
1013 4211 1329 4270 incidentia
1374 4212 1738 4271 deciduntur.
1817 4213 1927 4267 547

641 4298 672 4364 g
701 4296 757 4348 5.
788 4292 1139 4350 Referuntur
1175 4293 1576 4351 baereticorum
1603 4292 1920 4360 sententias,

568 4382 623 4432 et
649 4391 849 4432 eorum
880 4375 1098 4431 motiva
1123 4376 1549 4432 convelluntur.
1815 4375 1927 4430 550

642 4455 784 4511 Dub.
816 4459 870 4511 2.
904 4457 1111 4534 Utrum
1149 4455 1363 4527 impius
1404 4455 1630 4512 adultus
1654 4455 1826 4528 possit
1856 4453 1927 4511 de

569 4537 821 4609 potentia
859 4535 1117 4592 absoluta
1155 4534 1457 4609 justificari
1499 4537 1707 4610 absque
1734 4536 1927 4608 aliqua

566 4617 940 4690 dispositione
963 4617 1211 4686 actuali?
1815 4618 1925 4673 554

643 4704 675 4771 ξ
705 4702 746 4757 1.
780 4698 1090 4755 Praefertur
1116 4698 1458 4756 affirmativa
1482 4702 1784 4758 sententia.
1816 4701 1925 4756 554

641 4782 772 4851 311.
820 4778 1034 4835 Satisfit
1077 4780 1431 4855 argumentis
1482 4781 1771 4854 opinionis
1822 4781 1927 4838 ad-

563 4877 765 4920 versae.
1815 4865 1926 4919 557

640 4941 783 4999 Dub.
831 4943 883 4997 3.
916 4943 1124 4998 Utrum
1165 4940 1479 5000 secundum
1504 4942 1826 5002 doctrinam
1855 4946 1920 5001 D.

562 5027 601 5079 's
614 5025 770 5081 hom.
797 5029 951 5079 actus
971 5023 1354 5089 contritionis,
1381 5025 1472 5081 vel
1493 5024 1925 5099 charitatisque

2068 589 2287 662 impius
2301 588 2632 662 disponitur
2654 589 2722 646 ad
2744 570 2990 663 gratiam
3002 585 3396 664 justificantem,

2069 672 2378 747 procedant
2401 670 2471 728 ab
2497 671 2696 729 eadem
2717 673 2905 746 gratia
2924 678 3191 745 tanquam
3213 685 3243 726 a
3262 668 3400 742 prin-

2067 754 2217 827 cipio
2237 753 2501 811 effectivo
2515 755 2542 809 ἲ
3304 751 3400 805 560

2116 838 2175 928 ‘g
2229 838 2276 893 1.
2332 835 2774 892 Praemittuntur
2826 835 3032 907 aliquas
3076 831 3406 967 observat5ig(-)

2069 933 2183 1068 m}
2200 998 2254 1054 2.
2289 997 2600 1055 Praefertur
2622 1013 2756 1071 pars
2779 997 3141 1054 affirmativa.
3309 993 3407 1048 562

2115 1082 2173 1170 ,ἓ
2201 1080 2254 1136 3.
2283 1078 2529 1137 Uberior
2549 1078 2912 1137 confirmatio
2940 1083 3148 1136 nostrae
3165 1074 3408 1209 8336τέξὸ-

2068 1175 2181 1313 m}
2217 1243 2273 1299 4.
2324 1242 2655 1300 Occurritur
2682 1242 2915 1300 motivis
2945 1243 3008 1299 in
3048 1238 3406 1373 contrariigg

2142 1396 2285 1458 Dub.
2311 1403 2369 1458 4.
2400 1403 2610 1460 Utrum
2638 1402 2916 1475 (absolute
2942 1401 3242 1478 loquendo)
3268 1404 3407 1455 actus

2067 1484 2163 1557 qui
2193 1489 2328 1540 sunt
2373 1485 2594 1542 ultimae
2634 1484 3037 1557 dispositiones
3062 1483 3131 1541 ad
3148 1478 3411 1558 justifica-

2068 1566 2307 1632 tionem,
2333 1581 2368 1621 a
2385 1567 2572 1640 gratia
2597 1565 2989 1623 sanctificante
3016 1564 3267 1623 effective
3287 1576 3411 1634 pro-

2066 1643 2311 1702 cedant?
3308 1641 3406 1695 577

2140 1729 2171 1795 §
2209 1727 2253 1781 1.
2301 1724 2551 1801 Eligitur
2576 1742 2707 1799 pars
2754 1725 3116 1790 affirmativa,
3147 1727 3202 1780 et
3241 1720 3415 1795 primo

2068 1804 2444 1864 fundamento
2471 1807 2756 1863 munitur.
3312 1800 3411 1855 577

2140 1890 2172 1955 9
2197 1888 2256 1943 2.
2285 1887 2644 1959 Expenditur
2665 1886 2823 1944 aliud
2852 1886 3292 1943 fundamentum
3316 1895 3411 1953 pro

2065 1982 2205 2023 vera
2224 1966 2561 2025 substantia.
3309 1960 3407 2023 584

2140 2051 2171 2117 g
2212 2049 2266 2106 3.
2312 2048 2637 2106 Roboretur
2663 2048 2796 2107 aliis
2824 2048 3060 2105 motivis
3083 2050 3274 2104 nostra
3298 2055 3416 2098 con-

2063 2129 2262 2187 clusio.
3314 2120 3415 2177 592

2139 2213 2170 2281 ἓ
2209 2210 2265 2265 4.
2309 2210 2577 2267 Refertur
2622 2209 2820 2303 opinio
2867 2208 3178 2273 contraria,
3210 2211 3266 2264 et
3290 2217 3417 2261 con-

2066 2293 2365 2348 velluntur
2393 2293 2584 2365 aliqua
2610 2292 2731 2365 ejus
2758 2289 3154 2346 fundamenta.
3319 2283 3418 2339 594

2139 2378 2170 2444 g
2210 2377 2266 2430 5.
2311 2374 2567 2447 Reliquis
2596 2372 2872 2447 eJ'usdem
2920 2370 3216 2444 opinionis
3259 2381 3417 2440 argu-

2065 2454 2278 2511 mentis
2297 2453 2518 2510 satisfit.
3318 2444 3419 2501 603

2138 2535 2280 2592 Dub.
2337 2538 2391 2594 5.
2450 2537 2659 2590 Utrum
2714 2540 2869 2590 actus
2929 2535 3313 2607 praeparantes
3354 2523 3418 2582 ad

2062 2616 2329 2690 gratiam,
2357 2631 2458 2689 per
2478 2631 2652 2688 quam
2676 2615 2893 2687 impius
2913 2613 3279 2689 justificatur,
3310 2608 3417 2664 siut

2064 2698 2466 2771 dispositiones
2495 2696 2759 2771 physicae,
2792 2713 2867 2752 an
2895 2697 3165 2754 morales.
3314 2692 3414 2746 607

2136 2784 2167 2850 §
2217 2783 2261 2836 1.
2309 2779 2525 2836 Decisio
2563 2776 2725 2833 dubii
2766 2794 2835 2835 ex
2862 2777 3152 2835 sententia
3178 2778 3241 2831 D.
3271 2772 3415 2909 Τὲιοοὲ-

2062 2875 2191 2918 mae.

2136 2944 2167 3011 g
2206 2942 2261 2996 2.
2307 2937 2631 2996 Roboratur
2660 2938 2911 3011 amplius
2936 2938 3141 3002 eadem
3168 2933 3416 3066 assertio&

2135 3105 2166 3171 g
2194 3102 2247 3159 3.
2280 3101 2698 3159 convelluntur
2724 3100 2942 3158 motiva
2967 3097 3278 3158 contrarias
3304 3092 3416 3167 opi-

2064 3182 2276 3239 nionis.
3315 3176 3417 3231 617

2136 3268 2168 3335 g
2193 3267 2249 3321 4.
2281 3262 2710 3322 consectarium
2734 3262 3106 3336 praecedentis
3133 3258 3413 3321 doctrinm,

2063 3347 2127 3403 in
2171 3363 2282 3420 quo
2326 3348 2647 3420 explicatur
2675 3346 2818 3404 ordo
2860 3352 3125 3418 repertus
3159 3344 3311 3399 inter
3336 3355 3413 3405 ea,

2060 3443 2185 3499 quae
2225 3425 2294 3484 ad
2334 3426 2803 3502 justificationem
2846 3426 3018 3499 impii
3055 3425 3413 3484 concurrunt.

2137 3597 2258 3650 Art.
2305 3593 2361 3649 9.
2405 3594 2614 3649 Utrum
2638 3591 2968 3667 justificatio
3002 3590 3174 3664 impii
3200 3590 3274 3646 sit
3299 3603 3420 3644 ma-

2059 3674 2288 3731 ximum
2309 3689 2450 3745 opus
2480 3675 2600 3731 Dei.
3314 3669 3417 3732 627

2136 3760 2260 3813 Art.
2313 3757 2398 3812 10.
2443 3759 2649 3812 Utrum
2666 3752 3037 3842 iustificatio
3021 3756 3193 3828 impii
3213 3754 3288 3810 sit
3309 3751 3421 3807 mi-

2062 3838 2341 3895 raculosa.
3314 3832 3420 3887 627

2506 3983 2829 4057 Disputatio
2855 3982 2887 4041 1
2911 3984 2968 4039 1⁷.

2135 4127 2215 4181 De
2240 4122 2576 4198 quidditate‚
2607 4128 2663 4180 et
2689 4122 3042 4195 perfectione
3064 4117 3424 4198 justificatio-

2061 4207 2153 4267 nis
2182 4207 2370 4281 impii.
3317 4200 3423 4258 628

2134 4288 2276 4345 Dub.
2306 4292 2351 4346 1.
2373 4291 2580 4344 Utrum
2594 4286 2925 4361 justificatio
2942 4289 3113 4363 impii
3128 4288 3204 4345 sit
3218 4291 3419 4350 motuS,

2059 4386 2135 4426 an
2162 4371 2410 4444 simplex
2431 4369 2692 4426 mutati0.
3317 4366 3423 4424 628

2132 4455 2163 4522 ξ
2213 4453 2257 4508 1.
2291 4450 2507 4508 Decisio
2529 4449 2688 4506 dubii
2712 4450 2875 4525 juxta
2902 4457 3160 4510 mentem
3190 4454 3255 4508 D.
3281 4448 3425 4505 Tho·

2059 4550 2186 4591 mae.
3315 4532 3424 4589 629

2131 4618 2162 4684 g
2201 4616 2255 4671 2.
2302 4613 2687 4671 corollarium
2735 4615 3111 4687 praecedentis
3149 4612 3423 4672 doctrinae

2059 4701 2254 4753 notatu
2284 4694 2544 4770 dignum.
3315 4694 3425 4751 633

2132 4779 2239 4850 §3.
2270 4777 2536 4834 Refertur
2562 4778 2848 4835 sententia
2875 4785 3089 4837 nostrae
3118 4776 3422 4836 assertioni

2057 4859 2365 4916 contraria.
3314 4859 3422 4914 637

2131 4939 2292 4997 Dub.'
2318 4944 2374 4998 2.
2419 4942 2627 4996 Utrum
2651 4939 2979 5016 justificatio
3004 4940 3179 5014 impii
3220 4939 3322 4998 fiat
3361 4941 3434 4997 in*

2056 5021 2317 5090 instanti,
2351 5039 2426 5080 an
2454 5021 2814 5096 intempore.
3310 5023 3420 5079 638
