3647 5753
345 777 472 823 Ratio

325 827 518 969 ω’ξξᾷἳῖς
535 848 640 904 dus
689 850 912 906 ratione
956 849 1254 923 desumpta
1298 867 1368 906 ex
1415 851 1477 907 D.
1519 851 1723 907 Thom.
1755 850 1894 906 locis

362 938 376 970 l
415 937 481 970 lus

320 977 504 1070 ⁶3:¹33&
537 1015 818 1071 naturalis
845 1012 1157 1071 secundum
1180 1029 1239 1069 se
1268 1030 1384 1071 non
1405 1019 1489 1070 est
1523 1012 1766 1069 mutatio
1795 1012 1893 1068 in-

538 353 650 407 520
1463 350 1556 405 DE
1594 345 2175 407 JUSTIFICATIONE
2216 355 2419 411 IMPII.

543 522 789 579 nialium
819 539 937 579 non
982 522 1185 578 sufficit
1211 523 1429 579 attritio
1466 538 1689 595 quoquo
1727 521 1899 580 modo

543 611 782 677 accepta,
810 605 908 661 sed
938 606 1252 678 requiritur
1280 606 1581 678 perfectior
1603 604 1766 662 dolor
1795 621 1897 677 per

537 692 725 743 actum
752 688 1130 753 contritioniS,
1164 689 1254 743 vel
1281 687 1594 743 charitatis

610 768 740 823 314.
784 768 1038 824 Secundo
1085 767 1357 839 probatur
1384 769 1485 824 ille
1512 766 1738 824 dicendi
1767 783 1895 824 mo-

536 933 798 1005 proxime
832 934 1027 989 relatis
1060 953 1073 988 :
1120 933 1396 1005 quoniam
1444 922 1662 988 attritio
1688 948 1894 1003 super-

536 1098 781 1154 trinseca
825 1097 1107 1153 sufficiens
1153 1096 1223 1151 ad
1282 1094 1624 1152 destruenda
1670 1100 1893 1168 peccata

535 1179 789 1236 venialia
814 1201 826 1234 :
850 1195 984 1253 ergo
1008 1194 1108 1233 nec
1130 1178 1349 1234 attritio
1376 1178 1674 1251 conjuncta
1692 1178 1892 1251 gratiae

533 1259 929 1325 sanctificanti,
978 1260 1070 1315 vel
1099 1257 1169 1314 ab
1215 1274 1280 1314 ea
1306 1258 1498 1314 elicita
1549 1279 1563 1313 :
1606 1274 1741 1331 ergo
1787 1274 1892 1315 nec

535 1342 751 1398 attritio
789 1342 1089 1414 conjuncta
1133 1344 1508 1408 sacramentO,
1560 1341 1654 1397 vel
1691 1340 1892 1413 gratiae

531 1422 951 1479 sacramentali.
997 1420 1349 1477 Antecedens
1398 1419 1714 1492 probatur:
1767 1426 1888 1475 tum

530 1504 664 1576 quia
705 1504 784 1559 ita
811 1502 1195 1559 communiter
1247 1500 1447 1557 docent
1473 1516 1673 1557 omnes
1700 1500 1889 1557 Theo-

530 1584 644 1658 logi
685 1589 882 1640 contra
922 1581 1259 1638 Durandum
1306 1581 1464 1637 infra
1494 1579 1883 1638 referendum.

528 1668 675 1722 Tum
703 1659 897 1730 etiam,
929 1664 1062 1737 quia
1083 1662 1343 1729 mutatio,
1374 1678 1500 1737 quaa
1521 1664 1888 1737 conjungitur

526 1765 656 1805 cum
680 1752 900 1821 peccato
927 1746 1179 1812 mortali,
1204 1752 1288 1802 est
1315 1744 1663 1801 insufficiens
1692 1744 1761 1804 ad
1784 1746 1889 1801 tol-

529 1830 762 1887 lendum
810 1829 1058 1895 veniale,
1109 1845 1175 1885 eo
1201 1827 1351 1901 quod
1390 1829 1620 1884 veniale
1666 1826 1885 1883 remitti

526 1915 740 1987 nequit,
787 1912 901 1968 nisi
946 1912 1190 1967 mortale
1242 1911 1555 1977 auferatur,
1602 1915 1665 1965 ut
1709 1925 1885 1982 supra

524 1994 781 2051 vidimus
809 2011 961 2048 num.
993 1993 1101 2047 303
1127 2016 1141 2058 ;
1170 1990 1266 2046 sed
1296 1992 1514 2048 attritio
1540 1996 1885 2065 supernatu-

526 2076 666 2132 ralis
685 2072 994 2131 secundum
1016 2089 1076 2130 se
1106 2077 1284 2145 potest
1303 2073 1569 2146 conjungi
1599 2089 1729 2129 cum
1752 2088 1885 2145 pec-

523 2161 645 2213 cato
671 2155 923 2220 mortali,
959 2159 1019 2210 ut
1049 2158 1197 2226 patet
1243 2154 1305 2209 in
1335 2153 1599 2226 pluribus
1627 2158 1882 2225 peccato-

524 2239 702 2306 ribuS,
729 2239 826 2312 qui
851 2238 1122 2295 accedunt
1145 2236 1324 2292 attriti
1354 2236 1424 2292 ad
1456 2242 1881 2293 sacramentum

524 2320 874 2394 poenitentiae
925 2341 937 2374 :
985 2335 1120 2393 ergo
1155 2317 1373 2375 attritio
1421 2319 1882 2391 supernaturalis

522 2400 834 2457 secundum
870 2415 929 2454 se
957 2416 1074 2455 non
1095 2403 1178 2454 est
1219 2398 1460 2455 mutatio
1486 2398 1769 2455 sufficiens
1808 2397 1880 2454 ad

521 2482 966 2538 destructionem
1009 2482 1212 2552 peccati
1243 2481 1506 2538 venialis.
1554 2482 1700 2536 Tum
1731 2496 1881 2552 prae-

521 2569 695 2626 terea,
726 2561 859 2632 quia
882 2562 1121 2617 mutatio
1144 2560 1427 2617 sufficiens
1465 2559 1535 2616 ad
1556 2559 1878 2617 tollendum

519 2642 746 2697 veniale
789 2639 992 2695 sufficit
1031 2640 1100 2695 ad
1146 2639 1525 2711 reparandam
1574 2642 1879 2712 perfectio-

521 2739 655 2779 nem
703 2721 970 2778 amicitiae
1018 2737 1148 2776 cum
1188 2725 1320 2787 Deo,
1346 2739 1471 2795 quae
1512 2721 1583 2778 ob
1623 2723 1878 2780 venialia

520 2802 834 2857 imminuta
859 2807 982 2858 erat
1031 2801 1092 2856 in
1121 2800 1343 2857 levibus
1395 2822 1408 2856 ε
1457 2802 1610 2874 atqui
1659 2803 1878 2860 attritio

519 2884 974 2957 supernaturalis
1001 2881 1312 2940 secundum
1339 2899 1400 2939 se
1425 2888 1509 2939 est
1530 2884 1877 2941 insufficiens

519 2963 589 3021 ad
618 2964 949 3037 praedictam
987 2964 1439 3036 reparationem;
1470 2963 1755 3037 siquidem
1780 2983 1876 3022 se-

519 3045 770 3103 cundum
797 3064 858 3104 se
884 3045 1239 3104 considerata
1267 3047 1591 3120 praescindit
1612 3047 1682 3104 ab
1723 3049 1874 3104 ami-

516 3129 667 3196 citia,
699 3136 755 3185 et
782 3131 964 3185 multo
994 3129 1175 3203 magis
1204 3128 1273 3185 ab
1312 3131 1432 3203 ejus
1475 3130 1823 3203 perfectione
1857 3154 1870 3188 :

510 3225 646 3283 ergo
673 3209 826 3265 idem
865 3210 1012 3282 quod
1041 3211 1222 3283 priuS.
1265 3212 1411 3267 Tum
1453 3210 1719 3284 denique,
1756 3218 1813 3268 et
1841 3229 1873 3270 a

510 3292 724 3364 priori,
775 3293 1050 3365 quoniam
1091 3300 1379 3365 peccatum
1430 3294 1659 3350 veniale
1713 3294 1873 3369 inju-

512 3374 680 3443 riam,
713 3380 768 3432 et
809 3375 1103 3443 offensam,
1135 3377 1338 3433 saltem
1377 3375 1692 3433 secundum
1732 3376 1871 3450 quid

510 3454 728 3528 irrogat
771 3458 902 3524 De0,
955 3460 1017 3511 ut
1060 3473 1234 3529 supra
1282 3456 1668 3528 praemisimus
1710 3476 1864 3514 uum.

510 3535 638 3601 302,
669 3551 804 3609 ergo
843 3530 1085 3594 mutatio
1129 3538 1382 3603 actualiS,
1433 3543 1490 3593 et
1536 3538 1864 3605 intrinseca,

509 3623 633 3680 quae
661 3608 729 3664 ad
751 3611 872 3683 ejus
894 3611 1276 3683 expiationem
1301 3610 1676 3678 desideratur,
1703 3611 1870 3669 dehet

507 3690 785 3746 resarcire
813 3706 926 3747 non
972 3692 1159 3747 solum
1200 3692 1420 3747 malum
1463 3692 1737 3758 hominis,
1767 3692 1867 3749 sed

505 3770 680 3827 etiam
729 3773 950 3828 malum
993 3773 1110 3839 Dei,
1142 3781 1199 3830 et
1240 3777 1549 3830 retractare
1575 3781 1866 3847 peccatum

505 3849 609 3905 sub
656 3856 894 3923 utraque
944 3854 1184 3918 ratione,
1229 3858 1284 3909 et
1339 3854 1619 3926 praecipue
1669 3870 1867 3912 secun-

504 3929 642 3986 dum
683 3931 831 4004 quod
871 3941 956 3989 est
992 3933 1205 3990 offensa
1245 3935 1427 3990 activa
1472 3935 1606 4000 Dei,
1650 3934 1713 3991 in
1752 3952 1865 4008 quo

505 4012 710 4083 potius,
747 4028 918 4083 quam
948 4013 1013 4068 in
1041 4013 1252 4070 damno
1294 4014 1550 4070 hominis
1587 4015 1707 4087 ejus
1736 4032 1865 4073 ma-

502 4091 627 4147 litia
655 4092 912 4148 consistit
941 4114 953 4148 :
984 4095 1137 4166 atqui
1167 4094 1384 4151 attritio
1404 4098 1865 4167 supernaturalis

499 4188 625 4228 secu
635 4172 812 4228 ndum
830 4190 889 4229 se
904 4182 1129 4246 sumpta
1152 4191 1267 4232 non
1280 4174 1432 4231 dolet
1447 4175 1516 4232 de
1539 4183 1760 4248 peccato
1771 4194 1865 4234 ve-

500 4253 644 4310 niali
693 4253 1006 4311 secundum
1053 4256 1201 4329 quod
1247 4262 1330 4314 est
1370 4258 1591 4313 malum
1632 4258 1751 4323 Dei,
1806 4264 1863 4316 et

497 4342 778 4407 quatenus
795 4339 973 4393 Deum
997 4338 1252 4405 offendit,
1268 4338 1366 4395 sed
1386 4338 1491 4394 sub
1514 4339 1627 4396 alio
1642 4340 1862 4399 motivo

500 4416 667 4490 longe
714 4417 1000 4486 inferiori,
1035 4425 1233 4491 utputa
1254 4420 1388 4493 quia
1409 4418 1623 4494 obligat
1643 4421 1715 4478 ad
1737 4439 1862 4495 poe-

500 4512 657 4563 nam,
689 4499 780 4553 vel
808 4501 943 4571 quia
992 4501 1243 4558 retardat
1282 4518 1313 4557 a
1350 4503 1568 4576 gloria3
1600 4503 1859 4576 alioquin

499 4593 617 4636 non
663 4577 924 4637 differret
967 4598 999 4637 a
1051 4584 1414 4650 contritione,
1458 4589 1514 4640 et
1560 4585 1860 4642 tolleretur

495 4660 828 4732 quaestionis
866 4668 1042 4719 status
1076 4685 1089 4720 :
1117 4680 1251 4738 ergo
1268 4666 1486 4722 attritio
1512 4672 1858 4740 supernatu-

498 4744 639 4799 ralis
665 4743 981 4800 secundum
1023 4761 1083 4802 se
1108 4751 1337 4819 sumpta
1364 4764 1480 4804 non
1507 4753 1592 4805 est
1615 4750 1858 4806 mutatio

495 4824 784 4881 sufficiens
814 4826 884 4881 ad
929 4827 1327 4885 remissionem
1368 4835 1725 4901 peccatorum
1751 4846 1857 4887 ve-

495 4904 764 4962 nialium.

490 4997 497 5003 ⁴
567 4980 767 5037 Prima
788 4996 927 5038 vero
947 4983 1348 5056 consequentia
1369 4983 1642 5057 probatur
1668 5006 1681 5041 :
1718 5000 1855 5043 nam

2027 523 2156 581 ideo
2200 526 2418 583 attritio
2460 527 2915 598 supernaturalis
2961 528 3273 583 secundum
3325 544 3391 584 se

2029 623 2145 663 non
2172 612 2256 663 est
2299 609 2581 666 sufficiens
2621 610 2688 665 ad
2727 609 3134 681 expellendum
3164 617 3386 683 peccata

2025 688 2298 755 venialia,
2342 693 2477 763 quia
2518 692 2831 748 secundum
2857 706 2918 747 se
2945 707 3062 748 non
3105 697 3388 766 repugnat

2026 768 2162 837 illis,
2194 769 2290 826 sed
2321 777 2498 843 potest
2525 789 2652 828 cum
2681 771 2896 828 eisdem
2924 774 3223 845 componi3
3262 772 3384 829 for-

2025 865 2120 905 ma
2145 853 2325 917 enim,
2358 854 2639 927 autquasi
2676 854 2862 910 forma
2893 855 3146 911 venialia
3183 855 3385 927 expel-

2026 930 2149 987 lens
2176 930 2341 989 debet
2359 934 2444 989 eis
2462 950 2798 1008 repugnare,
2831 941 2886 990 et
2904 950 3026 990 esse
3054 936 3386 1007 incompos-

2022 1011 2209 1067 sibilis
2229 1029 2358 1069 cum
2381 1014 2521 1080 illis,
2542 1021 2786 1087 utsupra
2803 1016 3057 1071 diximus
3078 1034 3231 1071 num.
3251 1017 3385 1082 306;

2023 1093 2177 1166 atqui
2225 1095 2442 1151 attritio
2486 1096 2942 1167 supernaturalis
2986 1101 3045 1152 ut
3085 1099 3386 1170 conjuncta

2020 1174 2218 1248 gratiae
2261 1174 2661 1242 sanctificanti,
2712 1179 2805 1234 vel
2847 1177 2915 1233 ab
2941 1195 3007 1234 ea
3053 1177 3378 1250 procedens

2021 1270 2138 1311 non
2166 1255 2323 1312 addit
2356 1256 2594 1328 aliquid,
2620 1257 2769 1329 quod
2793 1259 3029 1331 peccatis
3057 1260 3382 1315 venialibus

2023 1343 2315 1412 repugnet,
2341 1338 2439 1395 sed
2462 1346 2640 1411 potest
2665 1340 2863 1396 eodem
2895 1340 3064 1398 modo
3090 1358 3218 1397 cum
3244 1358 3379 1414 prae-

2020 1417 2185 1478 dictis
2206 1421 2442 1491 peccatis
2464 1422 2726 1493 componi
2751 1443 2763 1475 ε
2787 1438 2923 1495 ergo
2945 1422 3164 1478 attritio
3186 1439 3380 1495 super-

2020 1501 2300 1555 naturalis
2328 1505 2389 1555 ut
2414 1502 2716 1574 conjuncta
2738 1503 2936 1576 gratim
2975 1501 3372 1566 sanctificanti,

2019 1583 2111 1638 vel
2138 1580 2209 1637 ab
2235 1598 2302 1638 ea
2328 1583 2654 1655 procedens,
2688 1600 2804 1641 non
2840 1588 2923 1640 est
2951 1585 3195 1641 mutatio
3220 1586 3374 1641 suffi-

2017 1662 2171 1718 ciens
2217 1661 2288 1718 ad
2332 1665 2729 1736 expulsionem
2781 1671 3135 1737 peccatorum
3177 1667 3377 1722 venia-

2018 1742 2181 1797 lium.
2236 1743 2516 1800 Probatur
2556 1746 2751 1801 minor
2791 1766 2803 1800 :
2846 1749 2969 1799 tum
2998 1745 3133 1816 quia
3163 1746 3376 1802 attritio

2018 1830 2078 1880 ut
2104 1826 2403 1898 conjuncta
2440 1828 2656 1900 gratiae,
2694 1828 2781 1882 vel
2825 1825 2895 1882 ab
2936 1844 3003 1882 ea
3048 1827 3367 1899 procedens,

2017 1921 2134 1962 non
2162 1905 2317 1962 addit
2361 1924 2534 1980 supra
2573 1908 2840 1980 seipsam,
2888 1908 3001 1963 nisi
3032 1908 3212 1980 ipsam
3236 1926 3369 1983 gra-

2016 1989 2157 2043 tiam
2196 1988 2646 2045 sanctificantem
2679 2012 2691 2044 :
2722 1987 2818 2044 sed
2846 1991 3031 2062 gratia
3063 2006 3175 2047 non
3199 2007 3369 2064 repu-

2013 2075 2151 2143 gnat
2186 2071 2426 2142 peccatis
2451 2070 2797 2136 venialibuS,
2823 2070 2919 2127 sed
2949 2088 3079 2127 cum
3107 2073 3190 2128 eis
3214 2090 3370 2129 com—

2015 2151 2266 2222 ponitur,
2289 2157 2350 2206 ut
2371 2156 2522 2223 patet
2549 2152 2611 2206 in
2626 2154 2654 2204 J
2663 2152 2799 2206 ustis
2822 2151 3132 2208 venialiter
3150 2168 3376 2225 peccan-

2013 2229 2166 2284 tibus
2197 2251 2209 2285 ε
2250 2246 2385 2303 ergo
2412 2232 2631 2286 attritio
2669 2236 2729 2285 ut
2768 2232 3068 2304 conjuncta
3094 2232 3377 2303 praedictae

2011 2310 2212 2384 gratiae
2234 2326 2350 2366 non
2373 2316 2457 2366 est
2484 2313 2724 2367 mutatio
2752 2311 3032 2368 sufficiens
3061 2312 3128 2368 ad
3168 2313 3376 2369 venia-

2013 2393 2159 2448 lium
2187 2391 2652 2449 destructionem.
2698 2394 2844 2448 Tum
2885 2393 3076 2458 etiam,
3120 2395 3255 2466 quia
3282 2403 3374 2452 at-

2012 2473 2171 2529 tritio
2217 2478 2279 2528 ut
2324 2472 2634 2545 procedens
2661 2490 2693 2529 a
2731 2473 2918 2547 gratia
2961 2473 3369 2543 sanctificante,

2011 2553 2081 2610 ad
2108 2570 2401 2609 summum
2445 2553 2601 2610 addit
2642 2571 2817 2626 supra
2856 2554 3101 2626 seipsam
3135 2555 3373 2614 modum

2009 2634 2296 2708 quendam
2363 2635 2660 2691 relationis
2725 2634 3244 2693 transcendentalis
3305 2639 3375 2694 ad

2009 2718 2189 2771 Deum
2234 2716 2506 2772 ultimum
2541 2716 2719 2773 finem
2754 2738 2766 2772 :
2796 2715 2893 2772 sed
2924 2717 3226 2790 praedictus
3253 2735 3375 2775 res-

2010 2801 2200 2869 pectus
2226 2801 2310 2853 est
2337 2797 2683 2853 insufficiens
2712 2795 2783 2852 ad
2803 2797 3059 2854 tollenda
3086 2799 3372 2865 venialia;

2009 2875 2297 2950 siquidem
2324 2878 2670 2949 compatitur
2697 2876 2766 2933 de
2794 2876 2937 2934 facto
2979 2895 3110 2934 cum
3139 2878 3278 2944 illis,
3311 2886 3373 2933 ut

2007 2960 2159 3028 patet
2185 2957 2247 3012 in
2296 2957 2558 3029 pluribus
2585 2958 2718 3013 aliis
2757 2956 2992 3021 actibuS,
3026 2958 3124 3030 qui
3171 2957 3368 3015 eodem

2005 3035 2176 3093 modo
2216 3037 2566 3104 afficiuntur,
2613 3043 2667 3094 et
2713 3037 3122 3123 nihilominus‘
3150 3043 3369 3110 peccata

2005 3117 2261 3174 venialia
2288 3119 2549 3183 actualia,
2581 3124 2636 3175 et
2663 3118 2981 3174 habitualia
3008 3134 3201 3175 secum
3238 3134 3371 3191 per-

2005 3198 2243 3254 mittunt
2276 3220 2288 3254 :
2318 3216 2452 3273 ergo
2480 3200 2699 3256 attritio
2721 3199 2905 3256 adhuc
2927 3205 2986 3254 ut
3009 3199 3316 3272 procedens
3338 3218 3369 3255 a

2002 3282 2189 3354 gratia
2208 3282 2599 3339 sanctificante
2624 3287 2708 3338 est
2736 3282 2976 3338 mutatio
3018 3281 3368 3339 insufficiens

2002 3360 2074 3417 ad
2125 3362 2544 3419 excludendum
2585 3362 2858 3418 venialia.
2901 3364 3048 3418 Tum
3096 3361 3362 3436 denique,

2003 3460 2139 3499 nam
2168 3444 2296 3501 ideo
2336 3442 2556 3501 attritio
2594 3443 2906 3500 secundum
2934 3460 2994 3500 se
3022 3460 3139 3500 non
3160 3444 3366 3501 sufficit

2001 3524 2072 3582 ad
2111 3526 2431 3583 venialium
2481 3526 2901 3591 remissionem,
2933 3526 3068 3599 quia
3103 3524 3256 3583 dolet
3293 3544 3363 3584 ex

2000 3608 2216 3665 motivo
2228 3607 2606 3680 inadaequato,
2622 3613 2678 3663 et
2694 3608 3060 3664 insufficienti
3074 3606 3140 3663 ad
3156 3613 3365 3665 retrac-

2000 3688 2237 3745 tandum
2286 3695 2571 3761 peccatum
2621 3689 2876 3756 veniale,
2922 3692 3194 3761 quatenus
3234 3697 3362 3744 erat

1998 3772 2219 3828 malum
2263 3772 2382 3836 Dei,
2413 3775 2470 3828 et
2513 3772 2701 3826 solum
2743 3771 2890 3827 illud
2917 3771 3220 3828 detestatur
3246 3770 3357 3825 sub

2000 3854 2221 3910 ratione
2260 3854 2401 3909 mali
2450 3852 2670 3924 proprii
2713 3873 2726 3906 ε
2767 3852 2866 3909 sed
2895 3870 2996 3926 per
3034 3853 3155 3919 hoc,
3203 3852 3357 3924 quod

1997 3935 2375 4008 conjungatur
2394 3934 2592 4008 gratiae
2611 3931 3009 4000 sanctificanti,
3033 3949 3151 3990 non
3169 3932 3359 3990 variat

1997 4014 2327 4087 praedictum
2376 4014 2693 4081 motivum;
2757 4014 3016 4085 alioquin
3056 4015 3178 4088 jam
3237 4033 3358 4075 non

1995 4100 2139 4151 esset
2186 4094 2422 4159 attritio,
2473 4093 2570 4151 sed
2615 4093 2939 4150 succederet
2972 4096 3260 4163 contritio,
3305 4103 3363 4153 et

1994 4176 2294 4232 tolleretur
2320 4174 2652 4247 quaestionis
2673 4179 2883 4241 status;
2922 4175 2984 4229 in
3011 4191 3124 4245 quo
3148 4191 3353 4249 suppo-

1994 4255 2175 4323 nitur,
2226 4255 2375 4329 quod
2416 4271 2535 4313 non
2583 4254 2749 4310 detur
2797 4255 2909 4310 nisi
2957 4256 3177 4313 attritio
3220 4272 3362 4313 con-

1988 4340 2184 4413 juncta
2215 4339 2429 4412 gratim,
2454 4338 2548 4393 vel
2573 4353 2603 4392 a
2624 4336 2810 4411 gratia
2839 4336 3146 4410 procedens
3180 4361 3192 4394 ε
3222 4354 3361 4412 ergo

1994 4421 2228 4489 attriti0,
2281 4421 2411 4477 licet
2449 4421 2827 4493 conjungatur
2853 4420 3054 4494 gratiae
3097 4420 3361 4478 sanctifi-

1991 4502 2163 4568 canti,
2209 4502 2302 4558 vel
2343 4499 2415 4556 ab
2441 4517 2509 4557 ea
2536 4500 2816 4573 procedat,
2861 4505 2946 4556 est
2991 4502 3233 4557 mutatio
3259 4502 3357 4557 in-

1990 4581 2274 4638 sufficiens
2303 4580 2372 4638 ad
2400 4580 2844 4638 destructionem
2876 4586 3232 4654 peccatorum
3257 4597 3359 4639 ve-

1991 4662 2263 4719 nialium.

2065 4744 2286 4800 Ultima
2335 4743 2583 4816 denique
2634 4743 3040 4816 consequentia
3102 4742 3358 4817 ejusdem

1988 4824 2281 4880 discursus
2307 4823 2508 4881 eodem
2538 4824 2657 4880 fere
2682 4823 2853 4881 modo
2879 4821 3187 4890 suadetur;
3218 4839 3359 4879 nam

1989 4905 2117 4963 ideo
2163 4905 2382 4962 attritio
2408 4904 2868 4977 supernaturalis
2894 4904 3195 4978 conjuncta
3218 4920 3358 4978 gra-

1988 4987 2084 5044 tiae
2124 4982 2523 5052 sanctificanti,
2554 4985 2648 5042 vel
2688 4983 2759 5043 ab
2787 5000 2852 5042 ea
2874 4982 3202 5056 procedens,
3221 4999 3358 5112 12⁰3}

3149 5074 3215 5113 su
3279 5074 3328 5114 ci
