3647 5753
430 1087 629 1142 obiectio.

449 3008 636 3051 nasoon·

517 3055 583 3100 sto

639 476 751 533 820

1253 643 1284 710 s
1323 640 1393 694 v.

644 807 974 880 objectiones
1019 809 1209 859 contra
1245 799 1624 873 praecedentem
1667 794 1998 858 doctrinam,

1027 892 1075 939 et
1121 899 1313 938 earum
1350 879 1626 936 enodatio,

718 1041 809 1097 44.
855 1038 961 1096 Sed
1008 1036 1241 1111 objicies
1287 1035 1478 1108 primo
1511 1046 1693 1089 :nam
1744 1042 1811 1085 eo
1856 1026 2001 1097 ipso,

644 1120 793 1196 quod
804 1122 988 1195 justus
1012 1119 1192 1192 possit
1205 1116 1276 1174 de
1296 1115 1580 1189 condigno
1601 1111 1815 1169 mereri
1835 1106 2004 1165 alteri

644 1206 893 1280 gratiam
920 1200 1327 1277 justificantem
1378 1196 1693 1256 secundum
1719 1210 1799 1260 se,
1828 1194 2009 1265 potest

645 1287 822 1343 etiam
853 1284 1020 1341 alteri
1067 1280 1140 1338 de
1165 1281 1445 1356 condigno
1492 1276 1706 1334 mereri
1756 1273 2008 1348 gratiam

646 1371 710 1424 ut
762 1365 1094 1423 afferentem
1145 1362 1545 1419 remissionem
1597 1357 1831 1415 offensas
1864 1374 1877 1409 :
1907 1350 2009 1409 sed

652 1450 905 1523 primum
934 1447 1294 1505 admittimus
1340 1444 1401 1501 in
1427 1443 1618 1516 prima
1644 1437 1961 1497 assertione
1989 1456 2003 1490 z

648 1546 786 1605 ergo
813 1530 1285 1600 inconsequenter
1304 1523 1617 1582 secundum
1641 1533 1918 1594 negamus
1946 1516 2010 1572 in

647 1609 895 1668 secunda
917 1634 931 1676 ;
956 1614 1017 1665 et*
1037 1605 1401 1664 inefficaciter
1445 1602 1754 1677 probamus
1787 1599 2009 1673 justum

650 1709 769 1751 non
792 1708 951 1765 posse
972 1692 1184 1747 mereri
1208 1690 1278 1746 de
1297 1687 1578 1760 condigno
1601 1683 1853 1758 primam
1873 1696 2010 1755 gra-

650 1776 792 1832 tiam
822 1772 1097 1846 peccatori
1122 1770 1391 1835 dandam‚
1410 1768 1547 1840 quia
1569 1763 1768 1838 nequit
1795 1762 2010 1818 mereri

651 1857 879 1915 offensae
909 1854 1333 1911 remissionem.
1386 1852 1599 1906 Caetera
1626 1848 1906 1908 constant,
1957 1847 2014 1899 et

649 1937 879 2010 sequela
905 1933 1257 1999 ostenditur;
1304 1946 1439 1987 nam
1490 1926 1686 2001 quide
1729 1922 2013 1996 condigno

652 2021 908 2074 meretur
936 2016 1188 2087 aliquam
1213 2016 1461 2071 formam
1490 2005 1804 2066 secundum
1833 2020 1893 2061 se
1916 2019 2014 2059 ac-

653 2107 903 2173 ceptam,
937 2097 1007 2153 de
1033 2095 1317 2170 condigno
1360 2094 1535 2151 etiam
1587 2093 1845 2145 meretur
1892 2086 2014 2158 ejus

653 2179 914 2236 effectum
938 2176 1245 2234 formalem
1277 2172 1626 2247 primarium
1655 2173 1711 2225 et
1729 2165 2014 2223 secunda-

656 2261 812 2319 rium
832 2284 846 2327 ;
868 2260 1031 2315 valor
1051 2259 1211 2315 enim
1233 2254 1549 2328 condignus
1565 2250 1636 2308 ad
1658 2252 1910 2307 formam
1931 2252 2017 2305 est

655 2344 829 2400 etiam
858 2341 1177 2414 condignus
1204 2340 1272 2396 ad
1301 2339 1423 2411 ejus
1448 2336 1675 2393 effectus
1695 2358 1708 2400 ;
1727 2329 2015 2405 siquidem

656 2424 701 2479 ii
728 2422 939 2480 debent
990 2422 1267 2477 informa
1317 2414 1718 2492 praecontineri
1748 2412 1881 2469 :sed
1923 2427 2017 2467 re-

658 2504 860 2561 missio
897 2503 1140 2567 offeusae,
1164 2508 1221 2560 et
1243 2500 1448 2576 peccati
1478 2505 1563 2556 est
1582 2497 1810 2554 effectus
1832 2509 2019 2550 mora-

658 2586 732 2641 lis
750 2584 948 2658 gratiae
965 2584 1332 2657 justificantis
1360 2604 1372 2637 ε
1402 2595 1538 2654 ergo
1558 2578 1608 2633 si
1631 2579 1817 2651 justus
1841 2579 2021 2647 potest

657 2666 728 2721 de
752 2663 1036 2737 condigno
1081 2663 1294 2719 mereri
1345 2660 1513 2717 alteri
1554 2658 1803 2731 gratiam
1844 2654 2020 2729 justi-

661 2743 931 2800 ficantem
982 2741 1296 2799 secundum
1325 2757 1404 2804 se,
1456 2738 1672 2811 pariter
1700 2736 1907 2807 poterit
1950 2733 2022 2791 de

661 2823 944 2898 condigno
997 2821 1212 2879 mereri
1261 2820 1427 2876 alteri
1484 2816 1885 2873 remissionem
1929 2814 2021 2871 ot—

666 2904 860 2962 sensas.

738 2982 1134 3058 Respondetur
1174 2979 1435 3053 negando
1462 2977 1750 3050 sequelam
1793 2973 1866 3032 ob
1893 2991 2022 3033 ma-

667 3067 933 3124 nifestam
957 3063 1350 3137 disparitatem
1375 3061 1529 3117 inter
1548 3058 1795 3133 gratiam
1815 3072 2021 3113 secun-

665 3149 802 3206 dum
824 3164 903 3214 se,
929 3151 985 3203 et
1015 3145 1414 3204 remissionem
1443 3142 1672 3201 offensae
1698 3140 1837 3208 ;illa
1862 3140 2022 3197 enim

663 3235 750 3288 est
776 3230 991 3287 valoris
1027 3227 1369 3300 simpliciter
1402 3224 1573 3292 finiti,
1600 3223 1719 3279 haec
1743 3237 1880 3278 vero
1909 3221 2025 3277 im-

665 3318 852 3386 portat
885 3309 1177 3367 infinitam
1204 3309 1551 3381 simpliciter
1597 3304 2026 3361 aestimabilita-

665 3400 779 3451 tem
810 3399 899 3451 :et
943 3394 1024 3448 ita
1051 3391 1214 3448 valor
1261 3390 1455 3447 meriti
1482 3387 1799 3461 condignus
1840 3384 2026 3460 gratia

665 3490 783 3531 non
810 3479 894 3530 est
918 3471 1235 3547 condignus
1275 3470 1617 3527 remissione
1661 3467 1907 3525 offensae.
1939 3463 2027 3520 Ad

668 3553 1064 3629 probationem
1095 3558 1285 3608 autem
1333 3552 1397 3607 in
1423 3549 1781 3606 contrarium
1812 3548 2025 3602 iterum

668 3635 928 3712 neganda
954 3640 1037 3692 est
1059 3636 1272 3700 minor,
1305 3634 1441 3707 quia
1465 3630 1747 3694 remissio,
1774 3629 1900 3687 sive
1918 3646 2028 3683 non

664 3733 774 3773 esse
827 3716 1055 3773 offensae
1095 3732 1211 3772 non
1239 3719 1604 3786 comparatur
1657 3709 1726 3766 ad
1777 3709 2028 3783 gratiam

665 3799 812 3854 sicut
829 3796 1058 3853 effectus
1085 3795 1365 3859 formaliS,
1391 3793 1488 3850 sed
1528 3793 1673 3848 sicut
1717 3790 2021 3858 terminus„

665 3878 762 3951 qui
793 3878 973 3950 posita
999 3893 1065 3933 ea
1113 3875 1298 3932 forma
1330 3875 1581 3940 resultat,
1627 3873 1718 3929 vel
1746 3871 1844 3944 qui
1874 3871 2026 3942 posi-

666 3958 884 4014 tionem
912 3956 1191 4030 praedictae
1222 3955 1420 4011 formae
1449 3955 1511 4009 in
1542 3958 1829 4025 peccatore
1868 3953 2029 4007 inse—

669 4039 1006 4113 parabiliter
1057 4038 1364 4094 comitatur
1394 4078 1406 4102 ,
1457 4034 1529 4092 ob
1579 4034 1831 4091 rationes
1891 4047 2030 4104 quas

668 4123 935 4177 Tractatu
968 4117 1307 4192 praecedenti
1355 4116 1795 4191 assignavimus.
1830 4115 1915 4168 Ex
1965 4127 2032 4168 eo

671 4205 882 4265 autem,
915 4198 1066 4273 quod
1093 4198 1368 4254 meritum
1385 4196 1591 4252 habeat
1615 4196 1870 4251 valorem
1893 4208 2032 4249 con-

670 4283 911 4357 dignum
942 4282 1133 4354 aliqua
1157 4282 1342 4339 forma
1364 4284 1591 4351 sumpta
1618 4274 1933 4333 secundum
1948 4288 2027 4339 se,

671 4365 920 4421 minime
949 4364 1217 4430 infertur,
1248 4362 1397 4435 quod
1426 4361 1634 4417 habeat
1661 4359 1919 4416 valorem
1962 4354 2033 4412 ad

672 4462 906 4505 omnem
951 4447 1290 4511 terminum,
1316 4444 1413 4517 qui
1446 4442 1789 4515 positionem
1833 4438 2035 4495 formae

673 4528 1014 4595 comitatur;
1042 4543 1177 4583 nam
1229 4542 1370 4599 opus
1407 4540 1524 4580 non
1564 4527 1665 4590 est,
1703 4518 1855 4593 quod
1902 4517 2034 4574 talis

674 4608 960 4667 terminus
981 4652 993 4676 ,
1024 4611 1255 4684 ejusque
1298 4606 1463 4662 valor
1488 4601 2035 4678 ‚praecontineantur

676 4689 742 4746 in
762 4689 968 4758 forma,
998 4688 1097 4745 sed
1121 4693 1356 4762 possunt
1377 4684 1779 4760 praecontineri
1810 4682 1874 4737 in
1921 4680 2037 4737 alio

678 4770 983 4844 principio.
1033 4770 1189 4826 Sicut
1237 4769 1418 4841 posito
1445 4767 1634 4824 calore
1680 4770 1743 4820 ut
1792 4766 2031 4835 septem,

677 4855 918 4911 resultat
943 4868 1045 4926 per
1085 4850 1321 4908 modum
1350 4850 1590 4908 termini
1634 4849 1822 4906 forma
1852 4843 2033 4919 ignis3

676 4938 733 4992 et
751 4938 946 4989 tamen
983 4949 1102 4990 non
1129 4931 1404 5005 sequitur,
1436 4929 1585 5005 quod
1612 4930 1768 4986 calor
1820 4924 2039 4982 habens

676 5012 748 5070 de
773 5029 834 5071 se
858 5012 1234 5071 sufficientem
1288 5012 1565 5067 virtutem
1600 5007 1670 5066 ad
1716 5004 2040 5080 producen-

678 5092 816 5150 dum
845 5094 1094 5150 calorem
1137 5100 1201 5151 ut
1225 5097 1441 5167 septem
1469 5090 1781 5150 secundum
1821 5103 1902 5156 se,
1933 5087 2041 5144 ha-

1703 461 1797 517 DE
1842 456 2146 515 PRAEMIO
2181 454 2459 511 MERITI.

2134 626 2262 683 beat
2285 625 2464 681 etiam
2488 622 2558 679 de
2577 637 2638 678 se
2663 617 2907 677 eandem
2936 616 3197 671 virtutem
3235 609 3293 668 ad
3312 626 3409 684 pro-

2133 705 2453 765 ducendam
2501 705 2750 760 formam
2784 699 2955 771 ignis.
3006 694 3108 751 Sed
3150 692 3412 749 verificatur

2136 788 2481 861 oppositum,
2505 785 2640 859 quia
2662 781 2847 837 forma
2868 778 3021 852 ignis
3048 792 3158 832 non
3204 780 3277 830 est
3291 772 3412 829 effee-

2137 875 2228 926 tus
2249 867 2510 926 formalis
2531 866 2737 922 caloris
2766 858 3146 936 producti,sed
3171 856 3411 918 terminus,

2136 950 2234 1025 qui
2263 950 2445 1023 posito
2469 948 2657 1003 calore
2681 946 2919 1002 resultat
2933 967 2947 1008 ;
2969 956 3072 996 nec
3088 934 3416 1010 correspondet

2137 1032 2314 1089 calori
2352 1028 2538 1103 agenti
2567 1024 2923 1084 considerato
2943 1019 3238 1078 secundum
3262 1033 3326 1080 se,
3349 1013 3416 1070 sed

2138 1112 2488 1178 substantias,
2515 1114 2571 1165 et
2609 1105 2785 1164 calori
2831 1109 2895 1159 ut
2922 1102 3109 1177 agenti
3160 1101 3216 1155 in
3243 1098 3419 1153 virtute

2141 1194 2319 1259 illius,

2212 1277 2305 1331 45.
2349 1271 2455 1330 Sed
2509 1267 2811 1343 replicabis
2837 1288 2850 1323 ε
2879 1278 3018 1322 nam
3063 1259 3334 1320 destructio
3366 1257 3538 1332 olm,

2142 1356 2316 1413 fensae
2349 1352 2712 1426 consequitur
2760 1347 2827 1404 ad
2881 1344 3299 1402 destructionem
3331 1353 3423 1394 ma-

2140 1439 2281 1496 culae
2308 1459 2320 1493 ε
2351 1435 2449 1492 sed
2490 1435 2765 1490 meritum
2815 1428 3034 1485 habens
3080 1427 3423 1481 valoremcon-

2142 1520 2381 1596 dignum
2401 1515 2718 1574 secundum
2740 1530 2820 1580 se,
2852 1511 3024 1569 habet
3049 1508 3214 1578 etiam
3237 1501 3425 1561 eundem

2144 1602 2401 1658 valorem
2448 1597 2518 1655 ad
2559 1595 3007 1652 destructionem
3055 1587 3274 1646 maculae
3299 1595 3426 1655 :ergo

2142 1683 2214 1740 de
2242 1685 2431 1756 primo
2459 1678 2527 1735 ad
2556 1679 2828 1733 ultimum
2878 1673 3049 1731 habet
3067 1670 3299 1726 valorem
3339 1678 3428 1720 con-

2144 1764 2384 1839 dignum
2413 1762 2482 1819 ad
2512 1760 2958 1816 destructionem
2982 1755 3199 1812 offensae
3223 1775 3235 1815 ;
3263 1766 3315 1808 ac
3336 1760 3427 1819 pro-

2144 1846 2280 1904 inde
2307 1846 2355 1901 si
2381 1844 2635 1918 primum
2658 1840 3042 1901 concedimuS,
3087 1837 3428 1901 inconsequen-

2146 1934 2232 1985 ter
2261 1941 2537 2001 negamus
2563 1922 2900 1980 secundum.
2958 1916 3227 1974 Probatur
3268 1911 3425 1968 minor.

2145 2011 2279 2086 quia
2306 2013 2425 2066 esto
2452 2005 2759 2063 destructio
2780 2003 3015 2060 offensae
3037 2016 3149 2057 non
3173 1998 3240 2052 sit
3261 1993 3429 2049 effectus

2147 2089 2409 2148 formalis
2434 2088 2654 2161 granai,
2687 2082 2997 2141 destructio
3031 2085 3215 2135 tamen
3245 2068 3426 2129 maculae

2147 2179 2232 2229 est
2253 2169 2514 2226 formalis
2535 2167 2732 2240 gratiae
2753 2164 2987 2220 effectus
3006 2186 3019 2228 ;
3038 2176 3162 2217 cum
3187 2156 3322 2214 enim
3343 2165 3432 2206 ma-

2149 2253 2274 2309 cula
2299 2249 2448 2306 nihil
2490 2245 2647 2304 aliud
2673 2247 2969 2317 sit,·quam
3016 2241 3204 2316 gratiae
3228 2230 3430 2310 privatio.

2151 2337 2213 2388 ut
2238 2331 2606 2404 exposuimus
2633 2334 2792 2382 tract.
2819 2324 3049 2398 praeced.
3071 2320 3259 2394 disp.l,
3278 2313 3377 2369 dub.
3401 2311 3431 2398 1ἶ

2152 2413 2351 2484 nequit
2378 2425 2494 2466 non
2523 2408 2846 2484 formaliter
2901 2403 3139 2467 destrui,
3179 2405 3230 2456 et
3268 2389 3434 2453 excludi

2152 2510 2253 2569 per
2283 2496 2466 2566 ipsam
2511 2490 2757 2564 gratiam
2799 2486 2935 2544 :sed
2961 2488 3119 2544 valor
3162 2481 3224 2540 ad
3250 2481 3435 2536 formam

2151 2572 2464 2631 secundum
2485 2587 2545 2627 se
2571 2576 2656 2625 est
2682 2569 2846 2624 valor
2875 2567 2947 2624 ad
2989 2567 3108 2640 ejus
3133 2563 3332 2621 effectus
3351 2550 3437 2610 ior·

2153 2660 2334 2715 males
2368 2670 2540 2729 :ergo
2580 2653 2628 2708 si
2650 2652 2836 2724 justus
2887 2656 3070 2723 potest
3107 2647 3173 2703 de
3218 2639 3438 2726 condigno

2153 2740 2368 2798 mereri
2398 2738 2567 2796 alteri
2595 2735 2839 2810 gratiam
2863 2731 3173 2790 secundum
3194 2744 3261 2794 se,
3284 2723 3436 2798 poteril

2154 2822 2328 2879 etiam
2352 2819 2421 2876 de
2433 2817 2717 2892 condigno
2739 2815 2956 2871 mereri
2980 2812 3209 2870 maculae
3243 2807 3437 2862 destruc·

2155 2902 2390 2959 tionem.
3284 2929 3290 2936 .

2230 2979 2622 3055 Respondetnr
2671 2977 2861 3051 primo
2906 2971 3217 3033 omittendo
3250 2962 3438 3042 praemis·

2156 3081 2264 3133 sas,
2296 3069 2352 3120 et
2387 3060 2645 3135 negando
2694 3061 2950 3132 primam
3003 3049 3436 3126 consequentiam:

2156 3144 2431 3218 quoniam
2457 3143 2586 3198 licet
2613 3140 2922 3196 destructio
2950 3138 3176 3195 offensae
3198 3138 3439 3198 conseque·

2159 3232 2317 3282 retur
2347 3221 2416 3279 ad
2439 3221 2885 3278 destructionem
2916 3219 3154 3276 maculae
3172 3209 3319 3286 (quod
3341 3207 3441 3262 forle

2159 3321 2277 3363 non
2303 3304 2382 3359 ita
2404 3301 2721 3375 contingit),
2739 3299 3132 3356 nihilominus
3150 3294 3347 3351 offensae
3362 3283 3445 3374 des·

2158 3385 2365 3441 tructio
2392 3398 2509 3439 non
2536 3386 2621 3438 est
2647 3380 2871 3437 effectus
2897 3378 3163 3437 formalis
3182 3373 3443 3431 destructio·

2159 3468 2251 3525 nis
2279 3465 2533 3528 maculae,
2562 3480 2744 3536 neque
2792 3465 2854 3518 in
2902 3464 3011 3519 illa
3040 3443 3442 3518 continetur;sed

2158 3554 2243 3607 est
2270 3546 2571 3610 termium,
2598 3544 2693 3617 qui
2740 3543 2916 3617 posita
2968 3540 3328 3599 destructione
3357 3543 3445 3586 ma·

2161 3630 2299 3686 culae
2328 3627 2583 3690 resultat,
2614 3631 2669 3680 et
2720 3625 2782 3679 in
2831 3623 2949 3679 alio
2982 3620 3256 3696 principio
3281 3611 3451 3689 praeha·

2162 3712 2345 3768 betur.
2371 3707 2537 3765 Unde
2563 3723 2632 3764 ex
2656 3706 2924 3762 terminis
2956 3721 3075 3762 non
3098 3687 3451 3766 infertur,quod

2160 3793 2256 3864 qui
2281 3790 2449 3848 habet
2472 3789 2745 3846 meritum
2786 3786 3138 3862 condignum
3177 3782 3241 3838 ad
3266 3780 3453 3862 destruc·

2164 3875 2379 3931 tionem
2402 3871 2657 3934 maculae,
2685 3869 2888 3925 habeat
2933 3869 3114 3925 etiam
3144 3866 3283 3921 idem
3319 3871 3452 3915 merl-

2163 3961 2286 4011 tum
2334 3952 2404 4010 ad
2455 3950 2900 4008 destructionem
2941 3949 3205 4014 offensae,
3257 3942 3379 3998 sicut
3406 3933 3453 3988 de

2162 4036 2372 4092 merito
2400 4030 2468 4088 ad
2496 4032 2741 4105 gratiam
2776 4030 3093 4087 secundum
3137 4044 3195 4084 se
3220 4025 3447 4094 acceptam

2166 4117 2426 4193 proxime
2448 4113 2798 4170 dicebamus.

2237 4194 2510 4263 Secundo,
2540 4201 2598 4251 et
2617 4195 2826 4249 melius
2862 4191 3234 4266 respondetur
3255 4174 3538 4269 negando&

2167 4279 2454 4335 minorem
2472 4292 2498 4343 ;·
2517 4291 2653 4330 nam
2702 4273 2911 4329 falsum
2950 4278 3054 4338 est,
3086 4268 3230 4344 quod
3275 4279 3394 4338 opus
3412 4256 3461 4313 de
3494 4279 3520 4314 rr

2165 4356 2449 4431 condigno
2470 4354 2835 4410 meritorium
2862 4352 3062 4426 gratize
3101 4346 3386 4413 secundum
3420 4351 3461 4392 se

2166 4440 2242 4495 sit
2261 4438 2435 4495 etiam
2457 4435 2526 4493 de
2546 4434 2828 4509 condigno
2868 4432 3231 4489 meritorium
3257 4426 3461 4483 destruc-

2168 4519 2343 4576 tionis
2368 4517 2606 4573 maculae
2638 4539 2651 4581 ;
2680 4515 2861 4589 gratia
2883 4512 3043 4569 enim
3065 4507 3360 4568 secundum
3381 4512 3463 4557 sea

2169 4599 2439 4676 praedicto
2465 4598 2665 4655 effectu
2719 4594 3062 4669 praescindit,
3096 4593 3357 4662 illumque
3380 4595 3464 4639 non

2171 4681 2489 4740 necessario
2517 4683 2743 4752 praestat
2766 4675 2993 4748 ubique,
3026 4678 3091 4731 ut
3119 4676 3265 4747 patet
3286 4671 3341 4725 in
3364 4680 3464 4740 gra·

2171 4765 2253 4821 tia
2278 4764 2409 4820 data
2435 4762 2687 4836 Angelis,
2727 4766 2784 4816 et
2830 4759 3065 4816 Adamo.
3100 4755 3182 4811 Ad
3229 4746 3468 4826 probatio·

2172 4862 2304 4902 nem
2334 4849 2525 4901 autem
2574 4842 2635 4898 in
2662 4841 3018 4899 contrarium
3066 4834 3353 4894 dicendum
3391 4829 3465 4887 est.

2171 4926 2322 5001 quod
2348 4927 2479 4981 licet
2491 4924 2589 4996 qui
2613 4928 2867 4979 meretur
2888 4921 2957 4978 de
2975 4918 3251 4992 condigno
3268 4915 3466 4971 formam

2173 5007 2487 5066 secundum
2515 5023 2594 5070 se,
2626 5005 2825 5062 debeat
2848 5005 3021 5061 etiam
3051 4999 3256 5058 mereri
3282 4994 3468 5055 effeetus

2177 5091 2468 5160 formales,
2499 5088 2596 5163 qui
2627 5087 2695 5144 ad
2727 5087 2975 5144 formam
3000 5081 3301 5142 secundum
3337 5091 3388 5131 se
3380 5085 3472 5203 tang)

3291 5166 3379 5223 oeP
