3647 5753
475 379 587 434 <106

471 550 650 607 aliam
704 549 1049 623 hypothesin
1108 548 1364 606 divertit.
1420 549 1485 605 In
1536 545 1836 623 hypothesi

471 635 663 687 autem
687 646 719 685 a
749 627 914 685 nobis
949 628 1258 703 assignata.
1282 626 1553 703 procedit,
1582 631 1639 684 et
1671 628 1839 700 urget

471 715 881 785 argumentum
909 725 1082 783 supra
1111 709 1323 765 factum
1343 734 1359 777 ς
1401 724 1545 765 nam·
1579 723 1648 765 eo
1686 706 1832 780 ipso,

470 791 622 866 quod
644 792 817 848 homo
845 790 1180 862 peccaverit,
1203 794 1402 858 manet
1420 789 1753 853 maculatus,
1778 790 1838 843 et

407 911 422 930 .
473 889 709 930 aversus
746 886 779 927 a
819 873 932 927 Deo
972 870 1180 926 ultimo
1226 868 1343 926 fine
1381 866 1832 943 supernaturali,

474 952 747 1021 absolute,
777 952 1107 1018 intrinsece,
1133 956 1190 1008 et
1232 950 1442 1024 absque
1490 947 1837 1006 limitatione

473 1034 544 1092 ad
572 1039 793 1092 certum
819 1042 1043 1105 tempus
1071 1052 1084 1087 ε
1109 1047 1245 1105 ergo
1273 1031 1520 1088 variatio
1559 1028 1837 1102 temporis

474 1116 627 1172 nihil
648 1115 886 1180 confert,
912 1119 975 1168 ut
997 1113 1168 1170 homo
1192 1111 1467 1169 liberetur
1495 1127 1528 1167 a
1555 1109 1838 1184 praedictis

465 1193 1336 1260 denommationibussecundo,
1361 1194 1497 1267 quia
1517 1193 1619 1249 ille
1645 1192 1836 1249 Suarii

466 1279 761 1335 discursus
810 1274 1009 1349 probat
1037 1276 1164 1348 plus
1188 1290 1372 1348 quam
1401 1278 1655 1347 oportet;
1698 1289 1837 1329 nam

461 1360 521 1415 si
543 1356 681 1432 quid
702 1356 934 1422 evincit,
962 1354 1161 1413 suadet
1191 1355 1594 1412 remissionem
1625 1353 1833 1426 peccati

470 1455 635 1512 posse
657 1436 785 1494 fieri
815 1452 933 1493 non
959 1436 1146 1492 solum
1170 1435 1240 1491 de
1267 1435 1526 1508 potentia
1553 1432 1832 1500 absoluta,

462 1519 570 1576 sed
591 1518 767 1576 etiam
786 1517 951 1591 juxta
985 1513 1408 1588 providentiam
1449 1513 1832 1581 ordinariam,

466 1601 685 1674 absque
713 1598 1117 1655 immutatione
1140 1597 1455 1654 intrinseca
1481 1596 1790 1669 peccatoris
1821 1615 1835 1651 ε

473 1698 613 1739 nam
635 1679 880 1737 servatis
900 1678 1125 1735 naturis
1148 1693 1367 1744 rerum,
1397 1680 1454 1733 et
1478 1676 1623 1732 citra
1651 1676 1838 1732 ullum

470 1761 825 1819 miraculum
852 1759 1034 1831 potuit
1061 1762 1206 1815 Deus
1232 1757 1542 1814 decernere
1560 1756 1838 1814 elevatio-

473 1860 611 1900 nem
658 1841 916 1899 hominis
967 1839 1038 1896 ad
1077 1840 1582 1913 supernaturalem
1635 1836 1833 1905 finem,

475 1941 593 1982 non
619 1921 1086 1996 perpetuum‚sed
1118 1937 1294 1995 usque
1315 1919 1384 1977 ad
1405 1926 1631 1993 tempus
1657 1917 1840 1975 deter-

477 2005 790 2070 minatum,
822 2017 934 2075 quo
953 2001 1167 2074 elapSO,
1213 2001 1558 2058 naturaliter
1597 2003 1841 2056 cessaret

479 2091 770 2159 peccatum
841 2084 1003 2157 prius
1079 2083 1452 2140 commissum
1474 2125 1487 2148 ,
1565 2081 1840 2137 transiret

472 2168 686 2241 quippe
708 2165 955 2239 privatio
980 2164 1179 2238 gratioe
1205 2164 1270 2226 in
1295 2162 1621 2236 simplicem
1663 2177 1841 2236 nega-

475 2250 714 2313 tionem,
740 2251 796 2303 et
833 2246 913 2300 sic
939 2244 1229 2301 amitteret
1257 2244 1542 2301 rationem
1577 2242 1836 2310 maculae,

477 2345 580 2385 seu
616 2328 842 2401 peccati,
891 2330 951 2380 ut
990 2325 1229 2381 Suarius
1279 2324 1572 2381 discurrit.
1637 2322 1837 2389 Tertio,

475 2410 612 2484 quia
668 2409 870 2483 probat
911 2414 1198 2481 peccatum
1233 2408 1602 2466 commissum
1644 2409 1843 2462 contra

480 2494 662 2547 Deum
715 2489 1016 2546 authorem
1077 2487 1581 2561 supernaturalem
1607 2528 1620 2553 ,
1681 2498 1843 2559 posse

478 2572 698 2631 remitti
750 2588 868 2629 non
895 2571 1085 2628 solum
1123 2570 1336 2644 absque
1383 2570 1705 2626 mutatione
1743 2567 1842 2621 in-

480 2656 729 2712 trinseca
755 2654 1076 2727 peccatoris,
1118 2652 1218 2708 sed
1256 2652 1433 2709 etiam
1486 2649 1696 2722 absque
1724 2647 1844 2703 ulla

478 2735 714 2810 speciali
741 2735 843 2791 Dei
886 2732 1302 2799 misericordia,
1334 2735 1392 2787 et
1424 2727 1843 2787 condonatione

479 2818 731 2880 offensem
753 2814 902 2891 quod
924 2821 1121 2872 tamen
1135 2818 1220 2870 est
1240 2813 1481 2870 omnino
1503 2809 1836 2878 absurdum,
1860 2882 1865 2887 Ι

477 2900 690 2975 etquod
706 2898 1118 2957 noncredimus
1130 2912 1162 2952 a
1173 2896 1377 2952 Suario
1393 2893 1837 2951 admittendum.

476 2982 714 3055 Sequela
742 2977 1063 3036 ostenditur
1088 2992 1102 3039 ;
1147 2991 1284 3031 nam
1307 2974 1510 3032 demus
1530 2976 1711 3030 Deum
1735 2971 1844 3029 ho-

477 3064 666 3120 mines
707 3062 959 3118 elevasse
1000 3056 1072 3114 ad
1115 3057 1618 3130 supernaturalem
1664 3055 1842 3112 finem

480 3160 583 3217 per
607 3149 851 3215 quatuor
874 3143 1099 3197 tantum
1143 3154 1364 3207 annos;
1413 3137 1617 3196 demus
1642 3154 1845 3196 omnes

479 3223 799 3281 illosintra
845 3220 993 3277 illud
1023 3224 1248 3293 tempus
1298 3234 1592 3292 peccasse;
1640 3219 1845 3276 demus

442 3301 727 3375 ‘denique
774 3300 918 3358 alios
963 3305 1220 3358 mortuos
1273 3315 1396 3356 esse
1447 3298 1601 3356 intra
1670 3298 1840 3366 illud,

268 4452 448 4497 Bereni-

286 4508 352 4546 tur
368 4513 452 4545 atu·

295 4551 416 4603 plius.

480 3383 626 3440 alios
649 3388 771 3456 post
799 3382 948 3438 illud
975 3383 1223 3439 vixisse:
1249 3386 1386 3438 ωηο
1408 3381 1498 3437 illi
1526 3381 1624 3455 qui
1651 3397 1848 3455 super·

481 3465 783 3533 vixissent,
809 3463 1037 3521 etiamsi
1085 3465 1233 3520 Deus
1267 3462 1331 3518 in
1371 3461 1575 3531 nihilo,
1610 3466 1847 3535 praeter-

480 3562 653 3620 quam
683 3545 747 3601 in
774 3543 1208 3602 conservatione
1236 3543 1511 3612 naturali,
1556 3558 1652 3601 eos
1681 3541 1848 3616 adju-

483 3632 672 3703 varet,
691 3629 885 3701 elapso
932 3631 1190 3699 tempore
1242 3630 1452 3682 statum
1508 3625 1715 3699 peccati
1744 3624 1847 3682 de-

485 3713 764 3783 ponerent
812 3724 913 3781 per
959 3708 1147 3764 solum
1215 3709 1528 3763 transitum
1578 3707 1848 3763 carentiae

482 3792 683 3866 gratiae
704 3807 737 3847 a
766 3789 1089 3863 privatione
1119 3789 1182 3846 in
1209 3790 1595 3865 negationem.
1626 3791 1711 3844 Ex
1736 3804 1848 3862 quo

486 3875 729 3932 ulterius
768 3872 950 3938 fieret,
996 3871 1262 3928 homines
1322 3872 1453 3928 illos
1479 3866 1730 3928 discerni
1782 3871 1848 3927 in

484 3954 712 4028 negotio
738 3953 943 4009 salutis
966 3949 1176 4024 absque
1198 3952 1318 4008 ullo
1345 3951 1446 4007 Dei
1473 3950 1706 4025 speciali
1742 3966 1848 4006 au-

482 4033 627 4090 xilio
653 4078 665 4100 ‚
711 4038 831 4089 tam
880 4031 1209 4099 intrinsece,
1265 4048 1439 4105 quam
1490 4031 1846 4098 extrinseco;

484 4131 621 4171 nam
636 4113 915 4187 depositio
934 4113 1142 4186 peccati
1162 4111 1230 4169 ad
1245 4117 1458 4169 statum
1476 4111 1679 4167 salutis
1698 4127 1850 4183 spec-

482 4201 583 4253 tat.
616 4196 676 4251 Id
698 4199 890 4251 autem
916 4192 1220 4250 admittere
1245 4198 1391 4250 esset
1418 4193 1547 4266 plus
1567 4207 1738 4266 quam
1761 4207 1849 4263 er7-

486 4294 752 4336 roneum.
783 4279 851 4333 Et
871 4278 988 4333 haec
1008 4276 1146 4340 satis
1171 4280 1340 4333 erant
1367 4273 1438 4331 ad
1465 4273 1847 4332 refellendam

486 4357 817 4432 praedictam
859 4356 1312 4430 responsionem.

569 4441 692 4494 155.
734 4437 843 4495 Sed
889 4455 973 4496 ner
1008 4439 1101 4495 vel
1139 4437 1205 4493 in
1248 4435 1550 4510 hypothesi
1578 4452 1612 4494 a
1644 4435 1848 4494 Suario

488 4519 777 4593 proposita
813 4518 1119 4576 videamur
1165 4516 1469 4575 admittere
1514 4517 1846 4591 possibilem

484 4616 607 4659 esse
636 4598 1037 4657 remissionem
1068 4598 1278 4673 peccati
1306 4599 1598 4656 commissi
1628 4597 1699 4655 ab
1738 4599 1848 4657 ho-

484 4682 647 4739 mine
691 4682 914 4738 elevato
967 4679 1038 4737 ad
1108 4679 1286 4738 finem
1345 4679 1847 4753 supernaturalem

483 4765 695 4837 absque
746 4762 1064 4819 mutatione
1128 4762 1444 4819 intrinseca
1514 4761 1844 4835 peccatoria,

481 4849 708 4918 oportet
735 4841 1036 4900 ostendere
1064 4858 1097 4899 a
1144 4842 1327 4915 priori
1355 4841 1668 4899 falsitatem
1698 4858 1848 4915 prae-

481 4926 649 4982 dictae
672 4922 969 4981 doctrinae.
996 4922 1084 4978 Ad
1131 4922 1278 4996 quod
1306 4922 1695 4996 praestandum
1722 4922 1849 4980 duae

482 5005 594 5063 viae
622 5008 952 5063 occurrunt.
979 5004 1179 5060 Prima
1218 5001 1540 5060 desumitur
1565 5020 1637 5060 ex
1678 5002 1848 5061 diffe-

1407 379 1501 433 DE
1538 380 1567 431 J
1574 377 2070 432 USTIFICATION
2076 379 2119 431 Ε
2161 378 2362 433 1MP11.

1968 547 2158 604 rentia
2184 547 2335 604 inter
2360 548 2713 621 privationes
2735 548 3016 622 physicas,
3044 552 3102 604 et
3128 561 3332 604 mora-

1967 630 2069 696 les,
2105 634 2162 685 et
2189 630 2353 703 juxta
2398 630 2565 685 illam
2591 629 2671 685 sic
2698 630 3002 703 arguitur:
3048 626 3329 700 quoniam

1970 710 2102 767 lieet
2128 710 2190 767 in
2212 710 2481 784 physicis,
2511 711 2661 783 quod
2687 710 2944 768 carentia
2975 710 3053 766 sit
3078 708 3148 766 de
3175 724 3331 782 prae-

1966 791 2114 848 senti
2156 791 2423 864 privatio,
2458 791 2784 848 attendatur
2825 792 3107 865 praecipue
3155 806 3332 864 penes

1969 870 2089 936 hoc,
2120 870 2270 944 quod
2319 872 2508 929 forma
2533 873 2791 946 opposita
2840 873 2914 929 sit
2948 871 3018 928 de
3057 870 3327 944 praesenti

1966 951 2191 1015 debita;
2240 953 2629 1009 nihilomInus
2674 953 2737 1009 in
2789 952 3126 1016 moralibus,
3177 950 3329 1024 quod

1966 1033 2220 1089 carentia
2247 1032 2323 1089 sit
2363 1032 2432 1090 de
2461 1034 2729 1105 praesenti
2772 1033 3036 1106 privatio,
3092 1048 3218 1091 non
3237 1036 3329 1087 at-

1967 1115 2224 1172 tenditur
2253 1131 2427 1189 penes
2453 1117 2576 1182 hoc,
2627 1115 2775 1189 quod
2824 1115 3013 1173 forma
3070 1114 3330 1187 opposita

1967 1195 2042 1251 sit
2061 1195 2131 1253 de
2159 1196 2425 1268 praesenti
2455 1195 2664 1262 debita,
2694 1194 2793 1252 sed
2823 1211 2995 1269 penes
3015 1194 3138 1258 hoc,
3178 1192 3329 1267 quod

1970 1277 2144 1333 fuerit
2164 1277 2355 1334 debita
2381 1276 2612 1351 quando
2637 1278 2892 1334 carentia
2917 1283 3003 1334 est
3056 1275 3289 1332 inducta
3315 1295 3329 1336 ;

1968 1358 2144 1415 ethoc
2162 1358 2386 1425 sufficit,
2420 1364 2482 1414 ut
2501 1359 2755 1416 carentia
2802 1358 3002 1414 formae
3027 1358 3103 1412 sit
3131 1357 3330 1428 priva-

1970 1437 2067 1504 tio,
2112 1443 2169 1495 et
2207 1444 2531 1513 perseveret
2570 1439 2634 1495 in
2687 1438 2907 1496 ratione
2960 1435 3322 1510 privationiS,

1971 1520 2084 1579 nisi
2111 1521 2205 1576 vel
2227 1520 2414 1578 forma
2455 1523 2806 1587 restituatur,
2858 1520 2950 1577 vel
2990 1525 3146 1577 actus
3186 1532 3332 1591 prae·

1970 1602 2172 1659 teritus
2218 1606 2555 1659 retractetur
2615 1624 2628 1660 ε
2684 1602 2838 1676 atqui
2892 1602 2956 1658 in
2998 1599 3321 1674 hypothesi,

1970 1699 2141 1756 quam
2164 1683 2402 1739 Suarius
2430 1683 2715 1756 proponit,
2761 1682 2948 1757 gratia
2973 1687 3097 1739 erat
3134 1678 3328 1737 debita

1971 1764 2035 1820 in
2063 1764 2323 1828 instanti,
2356 1764 2417 1819 in
2456 1779 2568 1835 quo
2609 1763 2781 1820 homo
2822 1762 3074 1835 peccavit
3099 1784 3112 1828 ;
3139 1759 3329 1833 siqui-

1970 1845 2101 1902 dem
2129 1850 2263 1900 tunc
2305 1844 2649 1917 supponitur
2702 1843 3001 1900 hominem
3048 1841 3331 1898 mansisse

1970 1927 2257 1983 elevatum
2287 1923 2356 1981 ad
2385 1923 2563 1980 finem
2604 1925 3110 1997 supernaturalem
3151 1936 3329 1995 :ergo

1971 2006 2119 2082 quod
2161 2012 2353 2079 postea
2395 2007 2702 2063 cessaverit
2740 2006 2844 2063 hoc
2876 2004 3154 2067 debitum,
3210 2018 3329 2059 non

1972 2088 2194 2154 sufficit,
2222 2093 2284 2143 ut
2311 2087 2566 2144 carentia
2591 2086 2791 2160 gratiae
2818 2085 2996 2142 semel
3017 2087 3324 2145 contracta,

1972 2169 2200 2227 desinat
2223 2185 2345 2226 esse
2372 2170 2651 2243 privati0,
2676 2172 2734 2225 et
2759 2168 3012 2240 incipiat
3035 2181 3157 2223 esse
3184 2178 3332 2238 pura

1974 2251 2221 2326 negatio,
2252 2249 2610 2324 deponatque
2631 2264 2844 2305 munus
2872 2247 3113 2304 maculae
3141 2261 3332 2302 mora-

1974 2333 2068 2389 lis.
2091 2333 2303 2399 Minor,
2328 2336 2385 2388 et
2408 2330 2809 2404 consequentia
2835 2332 3114 2386 constant.
3146 2326 3334 2400 Major

1974 2419 2165 2470 autem
2180 2411 2363 2486 quoad
2388 2411 2698 2469 secundam
2721 2414 2964 2483 partem,
2997 2408 3060 2464 in
3100 2422 3210 2480 qua
3246 2411 3335 2463 est

1973 2495 2293 2562 difficultaS,
2325 2493 2600 2552 suadetur
2628 2492 2913 2564 exemplis
2960 2489 3284 2548 manifestis
3314 2513 3330 2556 ;

1975 2591 2112 2631 nam
2141 2576 2239 2648 qui
2280 2575 2374 2632 die
2401 2575 2578 2632 vetito
2616 2573 2864 2630 comedit
2887 2587 3106 2636 carnes,
3134 2571 3335 2628 incur-

1976 2656 2070 2712 rit*
2102 2654 2419 2711 carentiam
2471 2653 2896 2711 conformitatis
2959 2651 3201 2709 moralis
3266 2648 3338 2706 ad

1953 2737 2159 2810 ¹legem
2184 2742 2321 2792 tunc
2365 2735 2757 2810 obligantem;
2798 2748 2923 2805 quae
2968 2732 3226 2789 carentia
3253 2736 3342 2788 est

1973 2833 2112 2875 vera
2134 2817 2384 2890 privatio
2410 2814 2670 2881 moraliS,
2697 2818 2754 2870 et
2774 2813 2999 2869 macula
3031 2834 3045 2868 ε
3073 2816 3128 2869 et
3171 2811 3342 2868 nihi-

1975 2899 2229 2957 lominus
2248 2913 2320 2956 ex
2345 2913 2432 2965 e0,
2477 2896 2625 2970 quod
2649 2900 2904 2953 transeat
2948 2894 3072 2951 dies
3108 2894 3232 2962 illa,
3282 2899 3343 2951 et

1975 2979 2214 3052 incipiat
2261 2980 2395 3046 alia,
2440 2979 2504 3036 in
2556 2994 2669 3052 qua
2722 2992 2839 3035 non
2886 2975 3034 3033 adsit
3074 2973 3340 3031 debitum

1976 3062 2258 3136 praedictae
2287 3062 2446 3136 legis,
2473 3061 2721 3118 minime
2748 3063 2927 3117 cessat
2954 3057 3206 3132 privatio
3244 3071 3340 3114 se-

1976 3145 2093 3201 mel
2113 3150 2420 3209 contracta,
2473 3158 2576 3199 nec
2625 3141 2785 3199 exuit
2838 3156 3052 3197 munus
3099 3138 3339 3195 maculas

1976 3225 2232 3293 moralis,
2252 3240 2357 3282 nec
2378 3223 2586 3280 transit
2612 3224 2675 3279 in
2701 3221 2989 3279 rationem
3007 3218 3336 3294 negationis

1978 3324 2168 3380 purae;
2234 3308 2493 3381 alioquin
2545 3323 2646 3380 per
2715 3304 2902 3362 solam
2950 3302 3334 3360 variationem

1979 3388 2254 3462 temporis
2284 3389 2582 3445 tolleretur
2627 3387 2854 3444 macula
2899 3384 3060 3440 illius
3100 3382 3331 3456 peccati,

1978 3470 2126 3545 quod
2139 3475 2222 3528 est
2241 3471 2482 3528 omnino
2497 3468 2882 3543 improbabile
2911 3488 2924 3523 :
2947 3482 3082 3540 ergo
3103 3466 3334 3539 signum

1978 3552 2214 3611 evidens
2239 3558 2343 3619 est,
2373 3550 2522 3626 quod
2548 3552 2612 3608 in
2641 3547 3064 3623 privationibus
3090 3545 3338 3603 morali-

1979 3632 2085 3689 bus
2125 3649 2243 3690 non
2297 3630 2612 3690 attenditur
2663 3647 2767 3704 per
2817 3646 2878 3687 se
2938 3629 3085 3685 ratio
3135 3626 3332 3693 debiti,

1979 3715 2235 3788 quandiu
2261 3714 2431 3771 durat
2455 3713 2727 3781 carentia,
2761 3712 2859 3769 sed
2900 3708 3127 3786 quando
3163 3708 3338 3765 indu-

1980 3797 2137 3853 citur
2169 3820 2182 3865 ;
2210 3801 2265 3854 et
2310 3793 2459 3869 quod
2498 3794 2701 3849 sufficit
2746 3798 2882 3850 tunc
2922 3791 3237 3864 praefuisse,
3276 3794 3338 3844 ut

1979 3893 2207 3952 semper
2233 3881 2463 3933 maneat
2498 3875 2764 3949 privatio,
2798 3874 2913 3931 nisi
2942 3873 3036 3929 vel
3064 3874 3339 3928 retracte-

1980 3965 2094 4025 tur,
2120 3958 2212 4014 vel
2233 3957 2579 4014 destruatur.
2606 3955 2888 4010 Similiter
2909 3953 2957 4009 si
2985 3952 3113 4026 quis
3135 3955 3338 4009 voveat

1978 4055 2211 4097 servare
2224 4039 2538 4095 castitatem
2558 4052 2658 4110 per
2684 4050 2868 4091 unum
2896 4033 3336 4100 annum,solum

1982 4135 2086 4193 pro
2106 4119 2208 4175 illo
2235 4133 2388 4175 anno
2415 4115 2569 4174 adest
2595 4114 2852 4172 debitum
2873 4112 3144 4170 servandi
3167 4112 3339 4168 casti-

1979 4207 2153 4258 tatem
2176 4216 2244 4258 ex
2279 4205 2430 4266 vote,
2455 4202 2512 4254 et
2537 4213 2656 4256 non
2683 4195 3011 4255 extenditur
3041 4194 3291 4268 amplius
3322 4219 3336 4260 ;

1979 4288 2037 4341 et
2057 4283 2163 4340 hoc
2189 4298 2306 4338 non
2332 4280 2667 4348 obstante,si
2696 4279 3013 4336 castitatem
3040 4278 3217 4334 violet
3244 4277 3341 4333 in-

1979 4370 2069 4422 tra
2116 4365 2284 4421 illum
2345 4378 2587 4429 annum,
2650 4362 2902 4419 incurrit
2952 4359 3338 4433 privationem

1979 4447 2398 4506 conformitatis
2444 4444 2513 4504 ad
2560 4447 2744 4520 legem
2787 4445 3098 4501 dictantem
3139 4447 3337 4499 votum

1980 4528 2188 4587 debere
2207 4528 2448 4595 servari,
2490 4531 2549 4584 et
2575 4532 2773 4583 manet
2801 4526 2976 4582 etiam
3020 4528 3142 4598 post
3168 4538 3340 4579 men-

1978 4625 2100 4667 sem
2122 4608 2228 4666 sub
2248 4610 2349 4666 illa
2374 4607 2717 4682 privatione,
2749 4605 3005 4680 quandiu
3033 4605 3197 4661 illam
3221 4618 3339 4660 non

1982 4694 2249 4747 retractat
2289 4689 2480 4761 aliquo
2545 4686 2735 4755 modo,
2800 4685 3025 4743 tametsi
3077 4682 3336 4741 debitum

1979 4771 2249 4829 servandi
2271 4772 2587 4828 castitatem
2606 4786 2677 4827 ex
2703 4773 2835 4827 voto
2850 4769 2971 4843 jam
2987 4766 3296 4825 cessaverit
3322 4787 3336 4822 z

1979 4867 2113 4927 ergo
2159 4852 2222 4909 in
2248 4851 2587 4917 moralibus,
2619 4854 2682 4905 ut
2706 4850 2962 4906 carentIa
2981 4849 3070 4916 sit,
3122 4852 3180 4905 et
3205 4862 3341 4921 per-

1980 4937 2211 4990 maneat
2237 4932 2502 5005 privatio,
2534 4929 2738 4986 sufficit
2783 4929 3032 4987 adfuisse
3078 4928 3337 4986 debitum

1979 5018 2359 5086 temporeque
2379 5011 2755 5079 contrahitur,
2788 5015 2847 5069 et
2872 5009 3117 5067 minime
3139 5010 3338 5082 requi-

3164 5090 3333 5156 ritur,
