3647 5753
1269 401 1447 457 DISP.
1493 399 1613 465 VII,
1658 396 1821 452 DUB.
1869 396 1964 452 111.
3014 394 3095 449 53

199 582 355 641 unde
385 600 496 656 pro
530 584 819 656 principio
846 583 1085 640 assumit
1108 581 1164 637 id
1193 581 1402 653 ipsum,
1434 576 1583 650 quod

196 669 625 738 argumentum
649 664 969 738 impugnat.
990 664 1059 716 Et
1074 659 1282 717 deinde
1299 659 1585 717 refellitur

193 744 510 803 efficaciter
549 766 562 802 :
593 752 718 801 tum
744 744 881 818 quia
921 743 1239 816 suppositio
1279 757 1433 798 nunc
1458 745 1582 796 actu

193 828 477 892 existenS,
535 844 665 900 quae
688 826 758 884 ad
801 826 1028 882 nullum
1056 823 1335 882 libertatis
1361 820 1582 880 exerci-

194 908 348 963 tium
392 913 750 980 consequuta
776 912 878 972 est,
931 904 1127 975 nequit
1156 919 1273 960 non
1298 918 1422 960 esse
1445 917 1580 974 sup-

195 989 412 1060 positio
457 986 811 1060 simpliciter
851 983 1206 1049 antecedens,
1257 988 1320 1038 ut
1344 998 1415 1039 ex
1442 982 1582 1056 ipsis

193 1067 477 1124 terminis
503 1072 769 1124 constare
791 1063 1051 1122 videtur:
1074 1064 1171 1120 sed
1194 1067 1375 1121 Deum
1406 1078 1583 1135 praes-

191 1148 311 1206 cire
338 1148 613 1204 futurum
638 1147 792 1204 Petri
825 1161 1165 1202 consensum
1189 1145 1250 1201 in
1279 1144 1378 1200 tali
1396 1143 1581 1218 hypo-

195 1229 367 1295 thesi,
395 1235 485 1286 est
505 1229 824 1302 suppositio
847 1243 1000 1299 nunc
1021 1231 1146 1282 actu
1169 1225 1438 1288 existenS‚
1462 1222 1581 1281 imo

195 1326 322 1384 quae
350 1327 460 1384 pro
491 1316 613 1368 totu
638 1309 957 1366 aeternitate
985 1308 1049 1364 in
1081 1309 1194 1364 Deo
1224 1304 1493 1379 praefuit3
1523 1308 1580 1361 et

198 1390 474 1464 praedicta
520 1390 837 1464 suppositio
864 1406 981 1446 non
1008 1394 1093 1446 est
1136 1391 1480 1460 consequuta
1507 1385 1579 1442 ad

197 1473 434 1545 afiquod
480 1473 825 1531 exercitium
879 1470 1161 1528 libertatis
1200 1470 1355 1526 Petri
1385 1490 1396 1524 :
1442 1483 1580 1542 ergo

195 1560 282 1611 est
304 1554 637 1628 suppositio
658 1552 1001 1625 simpliciter
1041 1548 1380 1607 antecedens
1421 1550 1577 1607 Petri

198 1634 560 1693 libertatem.
578 1636 774 1690 Minor
794 1633 978 1707 quoad
1000 1631 1308 1690 secundam
1333 1637 1572 1705 partem,

197 1717 260 1772 in
285 1732 400 1787 qua
426 1716 558 1773 sola
585 1721 670 1772 est
697 1713 1016 1779 difficultas,
1050 1712 1374 1770 ostenditur
1398 1736 1412 1780 ;
1442 1712 1577 1784 quia

195 1799 404 1853 Petrus
432 1796 508 1852 ab
536 1802 754 1853 aeterno
783 1811 900 1852 non
927 1795 1182 1851 exercuit
1224 1792 1571 1859 libertatem,

194 1877 486 1951 siquidem
517 1883 657 1934 tunc
679 1881 804 1934 erat
829 1882 953 1933 actu
984 1876 1136 1932 nihil
1169 1897 1182 1931 ε
1212 1891 1348 1950 ergo
1374 1891 1577 1948 suppo·

196 1959 327 2015 sitio
354 1957 429 2013 ab
450 1964 673 2016 aeterno
698 1958 950 2014 existens
973 1972 1089 2013 non
1117 1962 1203 2012 est
1229 1960 1577 2028 consequuta

195 2038 263 2094 ad
283 2040 638 2096 exercitium
661 2038 946 2094 libertatis
989 2037 1165 2093 Petri.
1199 2038 1346 2092 Tum
1374 2035 1570 2101 etiam,

194 2122 329 2193 quia
350 2123 554 2180 omnis
580 2121 896 2194 suppositio
919 2134 1190 2192 praesenS,
1217 2119 1309 2175 vel
1330 2122 1414 2173 est
1439 2118 1576 2173 sim-

195 2203 423 2274 pliciter
452 2201 818 2266 antecedens,
870 2201 961 2257 vel
989 2197 1356 2270 consequitur
1384 2196 1573 2254 deter-

196 2284 588 2341 minationem
636 2281 949 2338 voluntatis
991 2285 1331 2353 praesentem
1365 2304 1378 2347 ;
1432 2279 1576 2335 alias

198 2382 299 2422 nec
324 2367 440 2422 erit
462 2364 697 2422 effectus
724 2363 905 2428 illius,
940 2378 1043 2418 nec
1064 2361 1134 2418 ad
1163 2362 1179 2417 i
1189 2377 1347 2434 psam
1374 2377 1577 2418 conse—

195 2451 406 2518 quetur
442 2466 457 2500 τ
508 2444 665 2517 atqui
713 2441 1027 2515 suppositio
1070 2442 1322 2498 scientiae
1374 2439 1577 2497 mediae

197 2524 266 2582 de
285 2525 487 2581 tuturo
514 2514 790 2581 consensu
816 2522 924 2577 fuit
946 2519 1016 2577 ab
1042 2525 1258 2577 aeterno
1283 2521 1344 2576 in
1372 2523 1484 2577 Deo
1505 2519 1576 2576 de

199 2604 468 2676 prasenti
519 2603 580 2659 in
628 2618 782 2659 nunc
828 2601 1168 2658 aeternitatis
1194 2624 1207 2667 ;
1237 2606 1294 2657 et
1340 2599 1576 2657 aliunde

199 2684 522 2742 voluntatis
560 2688 766 2739 creatae
792 2680 1202 2738 determinatio
1231 2696 1346 2737 non
1375 2679 1484 2736 fuit
1504 2678 1576 2736 ab

198 2772 411 2823 aeterno
436 2780 712 2838 praesens,
754 2763 900 2819 sicut
925 2778 1029 2819 nec
1052 2763 1177 2834 ipsa
1206 2762 1488 2829 voluntas,
1515 2766 1577 2817 ut

201 2845 592 2903 communiter
637 2842 841 2900 docent
879 2840 1213 2899 Adversarii
1247 2862 1261 2899 ε
1310 2857 1446 2916 ergo
1475 2840 1577 2898 illa

201 2926 525 3000 suppositio
568 2923 821 2980 scientiae
874 2922 1077 2980 mediae
1111 2928 1196 2979 est
1234 2921 1576 2994 simpliciter

201 3007 572 3066 antecedens.
615 3007 762 3061 Tum
792 3010 1084 3077 praeterea,
1116 3003 1252 3077 quia
1295 3002 1366 3060 ad
1405 3002 1577 3060 effec-

203 3092 342 3153 tum,
368 3087 472 3160 qui
500 3101 619 3142 non
645 3085 835 3140 solum
862 3088 1027 3148 esset,
1071 3081 1170 3139 sed
1194 3082 1293 3154 qui
1323 3086 1446 3138 actu
1469 3088 1570 3147 est,

205 3167 529 3240 requiritur
549 3180 735 3230 causa,
771 3178 887 3220 non
915 3164 1104 3220 solum
1132 3179 1257 3235 quae
1281 3167 1448 3230 esset,
1477 3162 1576 3219 sed

202 3263 324 3319 quae
370 3252 501 3304 actu
527 3245 601 3300 sit
633 3269 645 3309 ;
676 3244 820 3299 alias
847 3243 1081 3299 daretur
1107 3241 1336 3299 effectus
1359 3242 1421 3298 in
1449 3247 1574 3299 actu

205 3326 414 3399 absque
434 3340 609 3382 causa
623 3324 685 3379 in
707 3328 830 3378 actu
855 3344 868 3378 :
893 3322 1046 3394 atqui
1063 3321 1377 3395 suppositio
1397 3323 1577 3379 scien·

207 3407 297 3462 tiae
317 3407 530 3463 mediae
542 3403 614 3461 ab
635 3410 850 3461 aeterno
873 3402 1040 3459 habet
1063 3419 1180 3461 non
1201 3403 1410 3469 solum,
1426 3402 1576 3475 quod

205 3492 368 3553 esset,
411 3485 514 3543 sed
542 3485 718 3541 etiam
758 3484 907 3557 quod
932 3485 1051 3551 sit;
1099 3481 1383 3556 siquidem
1431 3485 1576 3539 Deus

210 3566 310 3622 illa
335 3581 476 3622 usus
497 3565 607 3621 fuit
634 3563 705 3620 ab
731 3571 945 3621 aeterno
972 3586 983 3620 :
1007 3580 1038 3620 e
1057 3570 1256 3621 contra
1283 3578 1420 3619 vero
1446 3567 1577 3619 c'on-

208 3660 406 3701 sensus
447 3645 606 3701 Petri
636 3643 708 3699 ab
733 3650 947 3701 aeterno
969 3660 1086 3701 non
1109 3642 1278 3699 habet
1303 3659 1431 3708 esse,
1475 3642 1574 3699 sed

210 3726 392 3782 solum
409 3724 562 3799 quod
576 3734 723 3792 esset,
731 3725 910 3799 posita
927 3724 1254 3782 conditione
1270 3746 1282 3780 ε
1298 3740 1432 3799 ergo
1447 3739 1508 3779 su
1517 3740 1576 3796 p·

215 3806 415 3876 positio
454 3806 708 3863 scientiae
732 3804 939 3861 mediae
964 3805 1034 3861 de
1075 3805 1269 3860 futuro
1294 3818 1575 3861 consensu

216 3903 327 3944 non
355 3894 442 3946 est
481 3888 729 3954 effectus,
762 3887 1037 3961 autquasi
1065 3886 1294 3943 effectus
1321 3885 1575 3960 ejusdem

214 3983 520 4024 consensus
545 3992 559 4035 ;
590 3984 655 4026 ac
683 3968 923 4042 proinde
950 3983 1067 4024 non
1109 3967 1475 4039 consequitur
1504 3965 1575 4021 ad

215 4047 399 4104 illum.
435 4049 584 4103 Tum
608 4047 873 4120 denique,
899 4053 955 4105 et
978 4047 1273 4119 praecipue,
1305 4047 1441 4117 quia
1469 4045 1577 4100 im-

216 4126 401 4197 plicat,
421 4126 574 4199 quod
596 4126 814 4199 aliquid
837 4126 906 4182 de
929 4127 1080 4182 linea
1104 4125 1240 4182 boni
1262 4140 1576 4197 consequa-

217 4210 306 4261 tur
326 4204 396 4262 ad
417 4207 756 4263 exercitium
782 4205 1098 4265 voluntatis
1118 4210 1336 4270 creatae,
1351 4210 1408 4261 et
1427 4203 1576 4276 quod

217 4300 331 4342 non
355 4291 734 4359 consequatur
761 4285 832 4342 ad
867 4285 1207 4344 exercitium
1265 4283 1575 4343 voluntatis

217 4363 430 4423 divinae
462 4387 476 4423 τ
527 4367 672 4423 sicut
719 4372 998 4441 repugnat
1044 4364 1264 4440 aliquid
1304 4363 1374 4421 de
1420 4363 1576 4421 linea

218 4442 350 4502 boni
397 4461 520 4503 esse
562 4446 826 4503 effectum
873 4451 1168 4509 creaturae,
1212 4450 1268 4502 et
1291 4461 1408 4502 non
1453 4460 1575 4502 esse

1718 580 1781 630 ut
1806 578 2027 630 constat
2052 588 2123 629 ex
2150 571 2335 629 dictis.
2386 572 2669 629 Probatur
2692 575 2906 639 minor,
2951 573 3095 646 quia:

1716 656 1864 711 Deus
1884 657 2017 710 ante
2037 668 2209 711 omne
2242 651 2554 720 decretum,
2601 655 2724 710 sive
2744 654 3092 711 exercitium

1716 732 1969 791 liberum
1984 748 2099 788 suae
2113 732 2448 799 voluntatis,
2478 734 2776 805 praenoscit
2793 749 2893 806 per
2907 733 3088 790 scien-

1714 812 1856 871 tiam
1881 813 2133 870 mediam
2161 819 2401 869 eventus
2426 814 2815 871 conditionate
2839 814 3081 879 futuros,

1716 900 1777 950 ut
1818 892 2100 967 praedictae
2157 892 2410 950 scie'ntiae
2455 896 2684 965 patroni
2739 900 3043 951 autumant
3067 918 3080 951 ε

1716 973 1869 1031 unde
1895 977 2306 1046 consequenter
2348 972 2568 1041 docent,
2624 978 2802 1030 Deum
2828 991 2943 1031 non
2964 990 3085 1032 esse

1716 1054 1967 1112 liberum
1990 1052 2054 1108 in
2084 1052 2431 1125 praesciendo
2458 1054 2653 1111 futura
2673 1054 3079 1124 conditionata,

1714 1151 1817 1192 nec
1839 1151 2001 1208 posse
2021 1135 2196 1191 talem
2220 1136 2643 1209 praescientiam
2669 1135 2972 1210 impedire,
2993 1137 3085 1194 vel

1712 1216 1890 1273 semel
1932 1213 2189 1272 habitam
2212 1232 2245 1272 a
2267 1232 2328 1273 se
2368 1232 2639 1274 amovere
2664 1239 2677 1274 ε
2709 1233 2844 1290 ergo
2870 1232 3085 1290 suppo-

1711 1298 1845 1355 sitio
1884 1296 2135 1353 scientiae
2174 1296 2380 1354 medias
2406 1297 2478 1355 de
2518 1298 2713 1356 futuro
2754 1299 2908 1355 Petri
2944 1315 3083 1355 con-

1711 1395 1903 1444 sensu,
1918 1378 1968 1433 si
1984 1377 2048 1433 in
2065 1377 2166 1435 tali
2185 1394 2383 1436 rerum
2399 1380 2605 1437 ordine
2618 1380 3077 1447 constitueretur,

1712 1474 1830 1517 non
1871 1457 2238 1530 consequitur
2289 1459 2359 1515 ad
2399 1459 2740 1517 exercitium
2768 1460 3083 1517 voluntatis

1710 1538 1948 1597 divinae.

1785 1622 1882 1676 78.
1923 1621 2083 1678 Adde
2099 1623 2308 1695 primo,
2324 1622 2681 1677 voluntatem
2697 1624 2945 1676 creatam
2962 1635 3078 1675 non
3095 1633 3294 1727 {griffin-

3131 1732 3254 1786 plius.

1712 1717 1892 1775 posse,
1920 1718 2020 1758 nec
2042 1703 2290 1775 potuisse
2314 1699 2597 1773 impedire
2622 1700 3076 1772 suppositionem

1709 1781 1964 1839 scientiae
1990 1781 2211 1849 mediae,
2245 1782 2359 1838 nisi
2387 1782 2479 1838 vel
2502 1797 2603 1853 per
2630 1777 2866 1836 modum
2898 1781 3078 1853 primi

1712 1860 2002 1935 principii,
2035 1863 2125 1919 vel
2150 1879 2251 1937 per
2272 1861 2508 1919 modum
2535 1858 2769 1917 secundi
2801 1861 3077 1933 principii

1710 1944 1825 1999 Deo
1851 1944 2235 2003 subordinati.
2291 1944 2557 2001 Primum
2584 1943 2696 1999 dici
2727 1960 2843 2000 non
2874 1948 3072 2016 potest,

1708 2024 1912 2081 saltem
1935 2026 1997 2082 in
2020 2025 2111 2082 his
2136 2043 2261 2099 quae
2286 2030 2423 2082 sunt
2447 2025 2517 2082 de
2546 2025 2702 2081 linea
2729 2024 2866 2080 boni
2894 2049 2908 2091 ;
2934 2025 3079 2081 alias

1710 2105 1979 2163 voluntas
2031 2114 2220 2165 creata
2261 2123 2377 2164 non
2432 2109 2865 2178 compararetur
2906 2104 2977 2161 ad
3014 2122 3082 2162 ea

1709 2191 1983 2258 tanquam
2006 2188 2138 2244 volu
2150 2194 2274 2245 ntas
2289 2192 2497 2253 creata,
2517 2184 2615 2242 sed
2638 2185 2825 2258 potius
2839 2190 2902 2241 ut
2924 2184 3082 2257 prin-

1707 2266 1926 2339 cipium
1949 2268 2191 2325 omnino
2218 2265 2632 2340 independens,
2665 2271 2720 2321 et
2748 2280 2780 2320 a
2798 2280 2858 2321 se
2886 2286 2898 2320 ε
2928 2264 3079 2337 quod

1709 2348 1970 2420 implicat
1994 2349 2059 2405 in
2100 2349 2393 2405 terminis.
2434 2348 2491 2403 Si
2516 2353 2707 2403 autem
2743 2345 2965 2403 dicatur
2990 2361 3086 2403 se-

1708 2429 1961 2485 cundum
1990 2450 2003 2485 ε
2055 2445 2192 2504 ergo
2239 2431 2506 2487 voluntas
2545 2433 2732 2485 creata
2761 2442 2876 2483 non
2906 2432 3088 2500 potest

1709 2510 1874 2565 illam
1912 2510 2377 2583 suppositionem
2402 2508 2705 2582 impedire.
2751 2507 2865 2563 nisi
2906 2508 3083 2564 etiam

1708 2589 1857 2646 Deus
1881 2590 2057 2663 possit
2081 2605 2186 2662 per
2211 2589 2445 2647 modum
2469 2588 2647 2663 primi
2670 2586 2942 2660 principii
2971 2609 2984 2643 ε
3008 2593 3089 2643 at-

1707 2670 1804 2743 qui
1847 2672 1994 2726 Deus
2022 2671 2185 2726 nullo
2218 2669 2389 2727 modo
2414 2672 2565 2728 valet
2609 2666 2892 2739 impedire
2918 2667 3086 2723 illam

1707 2749 2179 2823 suppositionem,
2202 2755 2264 2806 ut
2283 2748 2621 2807 Adversarii
2641 2747 2892 2805 fatentur
2915 2761 3082 2821 :ergo

1709 2845 1813 2887 nec
1833 2831 2100 2889 voluntas
2121 2836 2309 2891 creata
2332 2854 2344 2889 :
2370 2830 2613 2906 proinde
2635 2830 2740 2887 illa
2766 2827 3082 2901 suppositio

1708 2914 1793 2966 est
1833 2910 2192 2984 simpliciter,
2237 2916 2295 2969 et
2333 2911 2604 2969 omnibus
2627 2908 2813 2966 modis
2855 2912 3083 2966 antece-

1709 2988 1871 3047 denS.

1781 3070 1943 3129 Adde
1969 3073 2238 3140 secundo,
2266 3073 2645 3130 Adversarius
2666 3072 2803 3128 satis
2829 3085 3085 3128 commu-

1710 3150 1863 3208 niter
1904 3152 2170 3226 probare,
2218 3155 2397 3211 Deum
2440 3153 2763 3212 necessario
2815 3151 3086 3224 praescire
3132 3176 3137 3182 ·

1709 3230 1905 3289 futura
1931 3231 2326 3292 conditionata
2354 3233 2755 3292 antecedenter
2784 3231 2854 3289 ad
2883 3231 3083 3289 decre-

1709 3318 1833 3369 tum
1858 3313 2107 3371 liberum
2136 3317 2149 3382 ;'
2174 3316 2309 3388 quia
2330 3332 2402 3373 ex
2428 3315 2650 3373 duabns
2679 3312 3086 3389 propositioni·

1710 3391 1814 3449 bus
1852 3394 2313 3452 contradictoriis
2346 3396 2417 3453 de
2455 3396 2844 3453 conditionato
2886 3394 3083 3451 futuro

1708 3490 1823 3531 una
1839 3481 1922 3533 est
1938 3475 2323 3534 determinate
2336 3485 2553 3545 vera‚et
2569 3478 2683 3533 alia
2698 3474 3088 3532 determinate

1708 3557 1876 3623 falsa,
1904 3556 1976 3614 ob
1989 3573 2191 3615 earum
2213 3560 2650 3632 oppositionem,
2673 3563 2737 3614 ut
2754 3558 2802 3613 si
2825 3557 3047 3613 dicatur
3070 3579 3083 3613 ε

1706 3636 1776 3694 Si
1798 3638 1994 3695 Petrus
2025 3641 2440 3695 constitueretur
2474 3642 2533 3694 in
2574 3641 2678 3694 tali
2716 3638 2923 3697 ordine,
2963 3653 3086 3692 con·

1708 3726 2006 3774 verteretur
2028 3737 2046 3771 .·
2100 3719 2249 3784 Non,
2275 3722 2326 3776 si
2355 3721 2551 3778 Petrus
2578 3723 2994 3776 constitueretur
3021 3719 3082 3773 in

1708 3800 1813 3855 tali
1852 3800 2059 3866 ordine,
2104 3808 2520 3857 converteretur.
2584 3800 2757 3872 Atqui
2799 3796 3079 3871 oppositio

1706 3895 1834 3952 quae
1876 3880 2163 3951 reperitur
2190 3879 2253 3935 in
2300 3879 2778 3945 contradictoriis,
2827 3877 2876 3932 si
2899 3878 3080 3935 semel

1708 3959 1896 4027 datur,
1940 3961 2208 4018 convenit
2248 3963 2367 4018 illis
2408 3961 2730 4017 necessario
2756 3976 2826 4016 ex
2868 3965 3079 4016 natura

1709 4041 1813 4108 rei,
1861 4047 1917 4098 et
1960 4042 2362 4100 antecedenter
2406 4041 2476 4098 ad
2524 4039 3073 4098 determinationem

1707 4122 2107 4195 cujuscumque
2134 4138 2314 4179 causae
2341 4141 2353 4175 ε
2380 4137 2517 4196 ergo
2542 4120 2858 4193 suppositio
2883 4119 3077 4175 scien-

1708 4204 1801 4260 tiae
1829 4202 2035 4261 mediae
2060 4203 2132 4261 de
2158 4204 2353 4261 futuro
2379 4221 2434 4261 v.
2459 4220 2513 4278 g.
2572 4203 2730 4261 Petri
2771 4217 3071 4266 consensu,

1706 4288 1791 4340 est
1830 4283 2149 4342 necessaria
2189 4283 2465 4350 absolute,
2509 4299 2581 4342 ex
2620 4288 2832 4338 natura
2872 4280 2975 4345 rei,
3022 4285 3079 4336 et

1707 4364 2107 4422 antecedenter
2135 4364 2206 4421 ad
2246 4382 2480 4423 omnem
2528 4362 3074 4422 determinationem

1706 4444 2039 4514 voluntatis,
2071 4449 2190 4501 tam
2220 4450 2445 4513 creatae,
2473 4461 2646 4519 quam
2668 4442 2904 4500 divinae.

1780 4525 1866 4581 Ex
1886 4523 2092 4597 quibus
2109 4523 2380 4581 omnibus
2399 4540 2700 4598 possumus
2720 4525 2933 4580 iterum
2952 4522 3077 4580 bre·
3113 4559 3274 4602 lustau·

1707 4604 1858 4661 viter
1887 4604 2140 4662 formare
2179 4610 2585 4679 argumentum
2615 4622 2769 4660 num.
2823 4607 2889 4660 71
2941 4621 3075 4677 pro·
3133 4613 3248 4651 mur

1707 4684 1957 4756 positum
1991 4705 2004 4740 ε
2033 4684 2308 4756 quoniam
2349 4684 2594 4742 efficacia
2632 4684 2833 4758 gratiae
2859 4683 3077 4758 depen-
3090 4666 3291 4750 dssssffib.

1707 4764 1849 4822 dens
1876 4780 1910 4821 a
1931 4764 2171 4821 scientia
2193 4763 2404 4831 media,
2430 4770 2485 4822 et
2510 4765 2719 4823 collata
2748 4763 2819 4822 ad
2832 4781 3078 4823 consen-
3117 4756 3263 4799 tivum.

1706 4860 1857 4910 sum,
1904 4842 2059 4900 tollit
2087 4847 2420 4916 potestatem
2445 4842 2515 4900 ad
2541 4842 2865 4901 dissensum
2901 4865 2914 4901 :
2943 4861 3081 4921 ergo

1706 4923 1917 4981 evertit
1958 4920 2301 4980 libertatem.
2368 4922 2652 4980 Probatur
2717 4924 3074 4991 antecedens,

1707 5004 1845 5078 quia
1875 5001 2143 5077 praedicta
2175 5002 2362 5078 gratia
2390 5003 2665 5077 importat
2693 5004 3080 5078 impedimen-

219 4524 476 4582 effectum
537 4527 683 4584 Deiz
743 4528 897 4601 atqui
949 4524 1262 4599 suppositio
1324 4524 1575 4581 scientiae

219 4604 420 4662 medita
465 4605 536 4663 de
602 4605 797 4663 tuturo
860 4607 1015 4663 Petri
1067 4621 1365 4671 consensu,
1421 4604 1470 4660 si
1510 4603 1576 4659 in

221 4685 318 4740 tali
348 4701 545 4742 rerum
588 4683 795 4742 ordine
839 4686 1297 4753 constitueretur,
1345 4700 1462 4741 non
1482 4700 1575 4741 se-

219 4764 411 4834 quitur
438 4762 511 4820 ad
555 4765 895 4821 exercitium
941 4763 1256 4821 voluntatis
1307 4762 1521 4819 divinae
1558 4784 1572 4818 :

223 4858 353 4918 ergo
411 4860 517 4902 nec
554 4845 815 4918 sequitur
853 4846 922 4902 ad
978 4844 1316 4902 exercitium
1365 4845 1576 4902 volun-

224 4925 353 4981 tatis
378 4926 538 4983 Petri
570 4949 585 4993 ;
631 4941 694 4982 ac
719 4925 960 4998 proinde
993 4931 1078 4982 est
1103 4923 1418 4997 suppositio
1445 4941 1573 4981 cum

225 5020 333 5079 qua
371 5021 494 5064 non
539 5006 782 5064 cohaeret
831 5011 1070 5079 potestas
1121 5004 1191 5063 ad
1231 5006 1571 5079 oppositum,
