3647 5753
1489 441 1665 499 DISP.
1713 445 1780 511 11,
1825 446 1990 503 DUB.
2036 449 2107 504 V.

284 601 430 673 quia
459 609 734 676 peccator,
768 610 1054 666 transacto
1087 615 1211 666 actu
1236 614 1463 684 peccati,
1491 629 1648 683 vere,

280 689 346 740 et
370 686 625 754 realiter,
668 702 733 744 ac
771 688 1085 748 intrinsece
1110 699 1308 750 manet
1336 695 1654 755 habituali-

286 768 380 822 ter
425 768 778 836 maculatuS,
810 786 1046 828 aversus
1091 789 1125 829 a
1168 775 1316 841 Deo,
1377 775 1654 851 indignus

284 861 490 903 amore
511 848 633 914 Dei,
664 848 874 925 dignus
895 856 1112 910 aeterna
1138 871 1325 927 poena,
1357 862 1415 912 et
1434 857 1653 915 abomi-

291 926 533 986 natione
575 928 781 987 divina
806 931 942 989 :sed
967 933 1267 1007 implicat,
1310 936 1440 994 dari
1466 938 1652 997 deno-

286 1009 696 1081 minationem,
722 1015 817 1072 vel
837 1014 1100 1073 effectum
1124 1017 1506 1077 intrinsecum
1529 1021 1652 1079 abs-

284 1105 400 1164 que
422 1090 629 1160 forma,
659 1095 752 1152 vel
772 1097 934 1167 quasi
959 1097 1146 1156 forma
1167 1099 1481 1160 intrinseca
1502 1127 1516 1170 ς
1548 1120 1654 1161 nec

287 1170 412 1227 alia
439 1171 776 1240 formasaut
801 1179 963 1249 quasi
985 1178 1177 1237 forma
1212 1198 1318 1253 pro
1365 1181 1651 1255 praedictis

284 1249 863 1315 denominationibus
908 1262 1222 1335 excogitari
1268 1269 1483 1337 potest,
1536 1266 1650 1322 nisi

291 1340 587 1405 peccatum
633 1335 925 1397 habituale
969 1362 982 1397 ι
1024 1357 1162 1416 ergo
1205 1343 1520 1401 absurdum
1566 1352 1652 1403 est

286 1413 502 1483 dicere,
548 1424 838 1490 peceatum
865 1421 1159 1482 habituale
1188 1426 1339 1483 nihil
1368 1428 1651 1485 intrinse-

287 1510 427 1552 cum
453 1496 753 1573 physicum
772 1543 786 1569 ,
832 1503 923 1559 vel
950 1506 1172 1563 morale
1196 1520 1317 1564 esse
1349 1508 1414 1564 in
1454 1524 1651 1581 pecca-

287 1580 432 1634 tore.

78 1663 224 1754 ‘Aliud
376 1662 499 1717 150.
543 1663 829 1722 Praeterea
869 1668 1147 1740 sequitur,
1191 1670 1441 1746 gratiam
1481 1671 1652 1730 hubi-

95 1724 504 1807 ffigffif'walem
529 1759 646 1801 non
677 1744 971 1805 destruere
1015 1750 1085 1808 de
1130 1751 1278 1810 facto
1325 1752 1652 1813 formaliter

293 1826 603 1893 peceatum,
623 1825 722 1883 sed
747 1828 916 1899 hujus
937 1828 1381 1891 destructionem
1405 1832 1530 1891 fieri
1551 1852 1650 1908 per

290 1903 677 1963 extrinsecum
707 1909 806 1964 Dei
836 1909 1114 1968 favorem.
1149 1913 1308 1978 Quod
1336 1914 1417 1970 sic
1455 1921 1651 1972 osten-

290 1980 482 2050 ditur;
515 2001 650 2042 nam
693 1990 881 2058 gratia
916 2006 1031 2047 non
1053 1990 1296 2050 destruit
1325 1995 1650 2052 formaliter

295 2062 403 2118 nisi
430 2066 670 2135 malum,
710 2069 858 2142 quod
884 2073 1099 2145 reperit
1129 2075 1192 2130 in
1221 2081 1512 2147 peccatore
1537 2119 1548 2136 .
1594 2081 1651 2132 et

289 2145 380 2200 cui
425 2145 549 2219 ipsa
596 2148 920 2212 formaliter
965 2158 1274 2227 opponitur
1308 2156 1449 2215 :sed
1497 2157 1648 2212 nihil

299 2229 527 2301 reperit,
553 2231 646 2287 cui
673 2233 796 2306 ipsa
824 2234 1148 2295 formaliter
1170 2245 1493 2312 opponatur
1508 2258 1527 2307 ;
1554 2255 1649 2296 ac-

294 2312 382 2364 tus
401 2311 559 2366 enim
584 2316 1009 2384 peccaminosus
1037 2322 1357 2391 praeteritus
1378 2320 1650 2393 supponi-

295 2394 392 2445 tur
408 2391 528 2463 jam
553 2408 670 2449 non
690 2411 828 2461 esse,
854 2403 910 2454 et
936 2400 1171 2458 aliunde
1199 2418 1316 2458 non
1338 2403 1649 2473 opponitur

300 2470 621 2528 formaliter
642 2474 915 2535 habituali
937 2481 1136 2553 gratim
1160 2504 1173 2537 :
1193 2489 1347 2540 actus
1370 2499 1506 2539 vero
1523 2483 1642 2550 Dei,

296 2566 409 2621 quo
430 2554 554 2608 vult
580 2570 695 2611 non
717 2557 1053 2628 condonare,
1086 2568 1170 2619 est
1198 2564 1261 2619 in
1289 2566 1422 2630 DeO,
1448 2569 1503 2620 et
1525 2579 1648 2621 ces-

297 2639 383 2689 sat
429 2650 531 2707 per
576 2644 760 2694 actum
787 2685 798 2705 ,
824 2657 934 2714 quo
970 2643 1298 2701 condonare
1338 2643 1596 2701 decernit
1630 2667 1643 2703 ε

299 2722 505 2789 praeter
530 2717 646 2775 haec
666 2727 854 2778 autem
886 2724 1036 2781 nihil
1067 2725 1413 2793 admittitur,
1443 2728 1505 2791 in
1533 2745 1645 2802 quo

292 2797 563 2854 consistat
604 2804 849 2859 essentia
879 2806 1089 2876 peccati
1118 2806 1433 2863 habitualis
1467 2829 1480 2864 :
1508 2802 1645 2885 ergo

286 2881 474 2953 gratia
498 2896 612 2937 non
634 2882 874 2941 destruit
894 2886 965 2942 de
989 2887 1133 2944 facto
1157 2888 1483 2946 formaliter
1513 2906 1645 2963 pec-

286 2965 474 3016 catum
500 3006 513 3028 ,
563 2964 659 3021 sed
708 2966 876 3040 huJus
920 2967 1229 3025 destructio
1268 2968 1333 3024 fit
1360 2986 1501 3043 pure
1544 2987 1645 3044 per

288 3042 676 3101 extrinsecum
719 3049 817 3104 Dei
851 3049 1129 3106 favorem.
1182 3051 1423 3107 Falsitas
1450 3057 1642 3109 autem

284 3127 682 3197 consequentis
740 3130 877 3185 satis
925 3131 1104 3203 liquet
1141 3146 1212 3188 ex
1257 3148 1430 3204 supra
1477 3133 1643 3189 dictis

281 3204 412 3261 dub.
450 3208 495 3271 l,
525 3207 622 3263 ubi
651 3224 722 3264 ex
745 3211 1000 3269 Concilio
1025 3213 1387 3280 Tridentino,
1419 3219 1474 3270 et
1494 3231 1644 3273 com-

280 3287 451 3342 muni
498 3288 920 3365 Theologorum
948 3296 1233 3352 sententia
1259 3296 1636 3364 ostendimus,

283 3369 690 3428 remissionem
738 3375 946 3447 peccati
998 3374 1127 3433 fieri
1180 3377 1508 3435 formaliter
1571 3379 1642 3437 de

284 3449 430 3508 facto
454 3468 554 3524 per
574 3455 823 3529 gratiam
853 3456 1203 3517 habitualem
1233 3461 1634 3518 inhaerentem.

362 3536 577 3593 Deinde
601 3541 877 3612 sequitur,
902 3549 1189 3614 peccatum
1213 3543 1506 3601 habituale
1523 3562 1642 3603 non

284 3630 406 3672 esse
448 3634 583 3674 vere
623 3621 855 3694 aliquod
894 3625 1112 3680 malum
1140 3623 1210 3682 de
1239 3625 1395 3683 linea
1432 3627 1635 3700 culpae.

283 3696 444 3760 Quod
484 3698 567 3754 sic
607 3700 881 3771 probatur
917 3727 932 3771 ς
975 3719 1110 3759 nam
1165 3721 1279 3771 una
1318 3706 1441 3779 ejus
1485 3722 1634 3779 pars,

283 3794 490 3853 nempe
518 3787 673 3838 actus
696 3785 1015 3855 praeteritus
1043 3787 1487 3858 peccaminosus,
1521 3805 1639 3847 non

278 3865 365 3915 est
403 3875 505 3917 nee
551 3863 613 3918 in
655 3864 860 3937 seipso,
887 3872 947 3922 ut
977 3862 1172 3939 liqu'et,
1209 3870 1415 3925 -necin
1445 3870 1639 3943 aliquo

275 3938 477 3996 effectu
527 3943 803 4014 positivo,
837 3948 928 4002 vel
970 3948 1280 4020 privativo,
1327 3949 1474 4021 quod
1503 3966 1638 4007 vere

277 4018 484 4076 habeat
538 4023 821 4082 rationem
869 4028 1076 4099 peccati
1106 4049 1119 4084 ε
1167 4028 1453 4101 siquidem
1491 4030 1638 4086 illud

279 4115 401 4158 non
436 4103 750 4163 admittunt
777 4107 1110 4166 Adversarii
1142 4133 1155 4168 :
1186 4114 1368 4169 altera
1393 4129 1532 4170 vero
1559 4113 1637 4169 il-

279 4182 399 4238 lius
428 4201 577 4256 pars,
604 4187 868 4245 videlicet
907 4195 1061 4247 actus
1083 4192 1204 4260 Dei,
1228 4210 1339 4266 quo
1366 4195 1491 4250 vult
1518 4210 1637 4250 non

275 4262 608 4323 condonare
630 4310 643 4333 ,
678 4282 795 4324 non
824 4267 992 4326 habet
1022 4273 1308 4330 rationem
1343 4274 1485 4331 mali
1512 4275 1637 4330 cul-

275 4361 385 4419 pae,
418 4344 514 4401 sed
545 4347 933 4420 iustissimus,
966 4356 1022 4409 et
1065 4354 1464 4410 sanctissimus
1503 4359 1587 4412 est
1620 4377 1633 4411 ε

60 3567 252 3611 Alterum

83 3615 223 3660 absur-

96 3665 205 3710 dum.

272 4444 413 4502 ergo
459 4436 751 4501 peccatum
780 4432 1075 4492 habituale
1102 4451 1220 4492 non
1248 4442 1332 4493 est
1358 4452 1494 4494 vere
1522 4437 1637 4493 ali-
1682 4480 1689 4487 .

272 4508 427 4582 quod
449 4513 670 4568 malum
687 4513 757 4570 de
780 4514 933 4572 linea
953 4518 1150 4588 culpae.
1179 4516 1419 4573 Falsitas
1444 4523 1635 4573 autem

275 4593 674 4665 consequentis
702 4599 787 4651 est
811 4596 1120 4653 manifesta
1145 4602 1307 4653 :tum
1335 4598 1472 4670 quia
1498 4597 1637 4654 inde

277 4670 444 4731 fieret
471 4681 761 4747 peccatum
793 4676 1084 4735 habituale
1112 4695 1229 4735 non
1269 4695 1391 4736 esse
1438 4695 1636 4752 pecca-

270 4759 398 4811 tum
423 4798 436 4822 ,
492 4757 643 4831 quod
689 4757 949 4832 implicat
995 4759 1057 4815 in
1111 4760 1398 4817 terminis,
1448 4760 1638 4818 Fieret

267 4838 466 4904 etiam,
495 4845 786 4913 peccatum
817 4841 1110 4900 habituale
1135 4858 1257 4899 esse
1275 4843 1630 4912 chimaeram,

267 4921 362 4978 vel
376 4937 588 4994 purum
611 4922 790 4988 nihil;
810 4939 946 4980 nam
974 4924 1200 4981 sublata
1220 4924 1291 4981 ab
1311 4941 1378 4982 eo
1393 4941 1530 4983 vera
1548 4943 1636 4984 ra-

272 5004 429 5062 tione
456 5007 690 5079 peccati,
719 5006 870 5062 nihil
892 5008 1032 5080 ejus,
1050 5008 1504 5066 nisichimaerice
1519 5025 1637 5066 ma-

269 5093 388 5147 net.
408 5090 598 5146 Fieret
618 5092 793 5160 praete
805 5105 919 5155 rea,
948 5094 1234 5147 transacto
1254 5095 1377 5146 actu
1402 5091 1631 5164 peccati,

3037 456 3159 512 403

1787 624 2137 690 peccatorem
2179 638 2298 680 non
2336 639 2459 682 esse
2486 627 2725 710 malum,
2756 632 2814 685 et
2841 628 3152 686 abomina-

1785 697 1964 756 bilem
1992 717 2186 759 coram
2215 707 2348 772 Deo,
2400 710 2463 762 ut
2511 724 2688 781 supra
2726 707 3142 767 inferebamus.

1785 782 1871 838 Ex
1889 799 2000 855 quo
2026 785 2258 842 tandem
2281 785 2460 856 fieret,
2484 790 2838 862 superfluam
2881 808 3004 849 esse
3050 808 3142 850 re-

1784 862 2123 923 missionem
2140 868 2368 941 peccati,
2388 872 2445 925 et
2461 872 2992 930 reconciliationem
3009 888 3141 930 cum

1784 952 2072 1018 peccatore
2090 973 2106 1016 ;
2136 949 2235 1008 sed
2274 951 2552 1021 sufficeret
2581 970 2700 1011 non
2733 955 2981 1012 ulterius
3012 971 3144 1028 pec-

1781 1041 1912 1083 care
1938 1049 1952 1084 :
1974 1028 2126 1101 quod
2153 1031 2484 1091 refutarunt
2509 1037 2577 1090 D.
2605 1038 2843 1110 August.
2876 1036 2969 1092 lib.
3011 1038 3057 1103 l,
3083 1036 3146 1091 de
3177 1051 3232 1095 n.
3252 1052 3361 1119 aug.

1781 1111 2012 1182 nuptiis,
2036 1119 2087 1167 et
2106 1118 2381 1188 concupis.
2406 1135 2530 1191 cap.
2554 1120 2647 1185 26,
2673 1122 2730 1174 et
2755 1120 2819 1174 D.
2844 1117 3054 1175 Thom.
3088 1120 3145 1174 in
3181 1100 3235 1142 1).
3261 1100 3360 1145 nm·

1778 1194 2056 1262 prasenti,
2090 1200 2142 1248 et
2168 1203 2353 1269 φηςι.
2381 1200 2475 1255 cit.
2506 1199 2569 1253 de
2596 1200 2843 1255 veritate.

1856 1272 2119 1347 Denique
2178 1277 2439 1352 sequitur
2476 1323 2489 1348 ,
2534 1279 2959 1353 impossibilem
3023 1295 3145 1336 esse
3159 1278 3285 1371 Aeli'ixd
3301 1279 3373 1360 51¹·

1781 1354 2263 1417 condonationem
2289 1361 2677 1418 extrinsecam
2720 1362 2933 1436 peccati
2961 1384 2975 1418 :
3004 1377 3143 1420 con-
3158 1338 3355 1437 ιιῑὲηζὲα

1781 1450 2024 1509 sequens
2043 1444 2129 1497 est
2152 1446 2353 1499 contra
2394 1441 2791 1510 Adversarios,
2818 1443 2917 1517 qui
2940 1443 3144 1518 hujus-
3184 1427 3315 1522 ffl‘ffls

1781 1519 1940 1577 modi
1970 1521 2257 1596 principia
2280 1525 2824 1596 comminiscuntur,
2857 1532 2919 1583 ut
2945 1526 3143 1584 defen-

1781 1603 1923 1660 dant
1942 1604 2270 1676 praedictam
2291 1607 2774 1668 condonationem
2804 1631 2818 1667 ε
2847 1626 3002 1686 ergo,
3034 1614 3143 1667 etc.

1782 1687 2020 1759 Sequela
2064 1688 2429 1757 ostenditur,
2481 1691 2618 1764 quia
2662 1691 3009 1751 condonatio
3039 1693 3145 1750 illa

1780 1766 2101 1824 extrinseca
2125 1763 2210 1825 est
2229 1768 2537 1828 destructio
2565 1773 2806 1847 alicujus
2830 1774 2974 1830 mali
3003 1789 3141 1831 vere

1780 1847 2098 1912 existentis,
2129 1850 2333 1907 saltem
2365 1853 2665 1910 moraliter
2698 1875 2711 1910 ε
2740 1854 2838 1912 sed
2861 1855 2965 1912 illa
3003 1870 3145 1912 con-

1781 1927 2015 1986 donatio
2044 1929 2195 1986 nihil
2218 1931 2462 1989 destruit
2490 1954 2504 1989 ε
2531 1950 2668 2008 ergo
2706 1941 2789 1991 est
2811 1935 3143 2009 impossibi-

1782 2013 1876 2068 lis.
1906 2012 2192 2070 Probatur
2237 2016 2452 2084 minor,
2485 2019 2622 2090 quia
2646 2020 2736 2075 vel
2762 2017 3008 2076 destruit
3048 2036 3144 2077 ac-

1781 2100 1904 2150 tum
1954 2097 2411 2167 peccaminosum
2459 2101 2819 2172 praeteritum
2857 2125 2873 2168 ;
2923 2107 2980 2158 et
3039 2101 3146 2159 hoc

1782 2176 1985 2249 nequit
2000 2176 2131 2243 dici,
2162 2194 2291 2235 cum
2322 2179 2624 2252 praedictus
2652 2185 2808 2237 actus
2838 2186 2973 2238 ante
3000 2198 3140 2239 con-

1780 2256 2147 2314 donationem
2175 2262 2482 2318 cessaverit
2516 2283 2529 2317 ε
2563 2264 2651 2319 vel
2681 2262 2928 2318 destruit
2951 2269 3140 2320 actum

1780 2337 1917 2403 Dei,
1962 2356 2074 2411 quo
2115 2343 2239 2397 vult
2265 2356 2383 2398 non
2409 2342 2771 2410 condonare;
2802 2349 2858 2399 et
2887 2344 2991 2400 hoc
3020 2360 3141 2402 non

1778 2419 2001 2486 sufficit,
2028 2426 2089 2476 ut
2109 2419 2332 2478 dicatur
2357 2422 2654 2480 destruere
2677 2425 2917 2489 malum,
2963 2426 3143 2498 siqui-

1778 2499 1912 2556 dem
1962 2501 2261 2573 praedictus
2288 2509 2443 2560 actus
2470 2507 2659 2561 malus
2708 2521 2825 2561 non
2866 2510 2988 2570 est,
3041 2506 3142 2563 sed

1773 2580 2124 2655 justissimus
2158 2583 2293 2640 :vel
2340 2583 2588 2641 destruit
2633 2592 2923 2658 peccatum
2972 2585 3141 2642 habi-

1778 2662 1931 2718 tuale
1952 2685 1966 2728 ;
1990 2668 2046 2718 et
2068 2680 2171 2721 nec
2198 2665 2301 2722 hoc
2327 2663 2438 2721 dici
2481 2667 2654 2732 valet,
2686 2666 2822 2739 quia
2850 2671 3139 2739 peccatum

1778 2741 2070 2801 habituale
2111 2747 2373 2803 consistit
2419 2747 2809 2805 essentialiter
2849 2746 3144 2820 adaequate

1776 2826 1840 2883 in
1869 2831 1994 2884 actu
2034 2830 2445 2900 peccaminoSO,
2477 2834 2534 2887 et
2581 2830 2645 2887 in
2688 2845 2805 2887 non
2854 2829 3139 2889 condona-

1777 2907 1935 2964 tione
1980 2906 2117 2976 Dei,
2176 2913 2238 2965 ut
2276 2909 2546 2968 Juniores
2591 2909 2927 2966 discurrunt
2959 2926 3142 2986 :ergo

1774 2988 1992 3046 destrui
2041 3007 2159 3048 non
2193 2991 2348 3048 valet
2374 2993 2458 3050 eis
2485 3008 2604 3050 non
2630 2991 2955 3049 destructis.
2987 2994 3137 3058 Quid

1774 3085 1911 3143 ergo
1937 3069 2274 3138 destruitur,
2300 3077 2356 3128 et
2383 3077 2563 3137 cessat
2590 3088 2691 3145 per
2719 3073 2884 3128 illam
2920 3072 3137 3132 condo-

1775 3152 2103 3209 nationem?
2117 3156 2245 3210 Non
2266 3159 2543 3226 superest,
2562 3154 2676 3210 nisi
2692 3155 2914 3209 malum
2934 3170 3133 3226 poenae,

1772 3232 1866 3287 vel
1893 3230 2166 3306 obligatio
2189 3234 2455 3305 proxima
2474 3249 2602 3290 eam
2628 3233 2938 3291 subeundi.
2964 3235 3033 3288 Et
3053 3235 3137 3291 sic

1773 3319 2054 3387 coguntur
2100 3314 2405 3372 consedere
2449 3331 2579 3371 cum
2620 3314 3046 3386 NominalibuS,
3078 3322 3136 3374 et

1772 3393 2052 3451 Michaele
2077 3394 2235 3459 Baio,
2266 3394 2420 3461 nihil
2446 3395 2510 3451 in
2532 3394 2940 3468 justificatione
2963 3397 3134 3469 impii

1773 3473 2009 3541 destrui,
2044 3472 2157 3530 nisi
2185 3474 2374 3531 solum
2403 3480 2626 3532 reatum
2657 3489 2671 3526 ε
2701 3482 2910 3533 etcum
2939 3476 3135 3533 verbis

1771 3553 2080 3610 videantur
2101 3553 2172 3611 ab
2198 3554 2282 3611 eis
2306 3555 2582 3624 recedere,
2604 3556 2936 3629 obligantur
2961 3557 3131 3614 fateri

1770 3649 1850 3700 se,
1875 3632 2059 3706 quoad
2108 3649 2231 3690 rem
2261 3634 2465 3708 ipsam,
2510 3650 2711 3693 eorum
2765 3640 2960 3693 tenere
3002 3637 3133 3710 opi-

1772 3730 2030 3772 monem.

1854 3790 1973 3845 151.
2018 3787 2180 3853 Quod
2217 3788 2541 3846 evidentius
2600 3789 2918 3859 constabit,
2959 3791 3009 3847 si
3060 3792 3131 3849 ab
3174 3805 3331 3862 expen-

1772 3869 1913 3943 ipsis
1956 3869 2341 3943 inquiramuS,
2372 3869 2522 3943 quod
2556 3870 2632 3928 sit
2658 3870 2941 3945 obJ’ectum
2966 3872 3131 3929 illius
3146 3853 3335 3955 dfflgf

1769 3947 2208 4008 condonationis
2254 3951 2608 4018 extrinsecas,
2659 3968 2771 4025 qua
2817 3953 2965 4008 Deus
3005 3953 3132 4009 vult
3171 3952 3315 4012 uentis

1771 4048 1889 4089 non
1909 4030 2033 4088 fore
2054 4032 2303 4104 amplius
2325 4038 2615 4105 peccatum
2633 4032 2959 4089 habituale?
2979 4036 3128 4089 Nam
3146 4012 3345 4095 ηᾏῗιιιόῗιῗᾷ

1769 4113 1862 4169 vel
1902 4114 2049 4170 Deus
2074 4113 2200 4170 vult
2227 4119 2514 4192 peccatum
2555 4115 2775 4171 actuale
2804 4131 2922 4171 non
2950 4129 3073 4171 esse
3102 4115 3129 4171 Ρ

1769 4196 1838 4250 Et
1867 4195 1971 4251 hoc
2008 4209 2145 4259 non,
2182 4193 2318 4265 quia
2338 4194 2460 4267 jam
2489 4210 2606 4251 non
2633 4201 2771 4261 erat,
2797 4200 2852 4252 et
2869 4197 2991 4269 jam
3022 4195 3131 4251 ha·

1767 4275 1938 4334 bebat
1979 4292 2096 4333 non
2142 4292 2265 4333 esse
2312 4282 2443 4333 ante
2483 4275 2988 4334 condonationem.
3018 4279 3133 4333 Aut

1766 4360 1894 4414 vult
1915 4372 2034 4414 non
2057 4357 2233 4414 fuisse
2253 4360 2280 4413 P
2309 4359 2380 4411 Et
2402 4372 2503 4413 nec
2526 4357 2629 4415 hoc
2661 4357 2774 4414 dici
2799 4358 2970 4424 valet,
2997 4358 3131 4432 quia

1768 4439 2127 4513 impossibile
2170 4444 2273 4504 est,
2325 4444 2618 4510 peccatum
2665 4440 2783 4496 non
2830 4438 3006 4498 fuisse
3057 4456 3130 4497 ex

1766 4520 2180 4592 suppositione,
2205 4518 2357 4591 quod
2381 4518 2577 4575 fuerit.
2600 4522 2713 4575 Aut
2733 4518 2979 4593 denique
3000 4520 3130 4577 vult
3167 4534 3175 4541 ·

1767 4604 2083 4659 carentiam
2107 4618 2225 4659 non
2245 4601 2685 4660 condonationis
2700 4603 2727 4659 Ρ
2755 4604 2828 4658 Et
2848 4618 2952 4660 nec
2979 4603 3131 4659 istud

1768 4688 1948 4757 potest
1970 4683 2399 4742 rationabiliter
2418 4683 2551 4752 dici,
2578 4685 2715 4758 quia
2734 4686 2992 4742 carentia
3012 4701 3129 4742 non

1766 4764 2204 4823 condonationis
2255 4771 2341 4823 est
2385 4764 2729 4823 condonatio
2781 4766 2923 4840 ipsa,
2968 4765 3131 4839 cujus

1767 4844 2050 4919 objectum
2089 4845 2524 4921 investigamus.
2558 4846 2617 4902 Id
2644 4862 2803 4914 vero,
2834 4845 2986 4921 quod
3015 4862 3129 4903 res-

1768 4926 1980 5000 pondet
2025 4929 2181 5002 Lugo
2226 4929 2366 5001 disp.
2398 4929 2493 4984 cit.
2543 4936 2669 4986 sect.
2699 4929 2735 4983 9
2755 4946 2792 4984 a
2818 4945 2972 4985 num.
3006 4929 3124 4995 148,
3170 4951 3301 5002 2⁰30,

1768 5008 2035 5067 videlicet
2060 5008 2342 5084 objectum
2376 5009 2657 5083 praedictae
2692 5009 3134 5068 condonationis

1766 5104 1889 5146 esse
1929 5093 2115 5145 actum
2140 5088 2597 5161 peccaminosum
2647 5090 3024 5165 praeteritum,
3061 5095 3123 5144 ut
