3647 5753
3520 194 3577 359 3

504 421 614 477 332
1425 421 1518 476 DE
1556 421 1584 474 J
1592 418 2140 475 USTIFICATIONE
2180 418 2381 474 IMPII.

501 592 601 648 nia
624 592 768 659 alia,
786 596 846 646 ut
868 589 1017 646 nihil
1041 589 1103 647 in
1124 590 1292 648 corde
1315 593 1428 649 Deo
1449 596 1816 664 praeponatur
1844 611 1858 646 z
1923 592 1935 641 l
1986 588 2325 664 justificans,
2342 583 2554 647 sufficit
2571 588 2719 663 quod
2743 605 2843 662 per
2862 589 3110 663 seipsam
3139 586 3358 649 fotma-
3373 585 3572 632 Diluitur.

499 675 680 730 altero
701 666 889 737 modo‘,
914 676 973 726 ut
998 687 1117 729 sem
1127 688 1225 744 per
1247 677 1371 728 actu
1393 676 1540 729 Deus
1558 671 1855 746 cogitetur,

495 760 554 811 et
579 760 824 811 ametur.
856 754 1057 811 Prima
1083 754 1351 827 perfectio
1375 760 1460 812 est
1480 753 1712 827 propria
1739 757 1861 809 sta-

497 843 586 893 tus
615 837 922 901 viatorum,
953 841 1010 891 et
1034 835 1180 892 cadit
1225 834 1331 890 sub
1372 841 1665 909 praecept0,
1696 849 1859 891 eam-

496 928 624 991 que,
659 917 788 974 licet
812 917 966 974 curis
992 916 1163 990 hujus
1187 916 1322 973 vitae
1347 915 1623 981 distracti,
1656 930 1859 988 possu-

499 1013 628 1053 mus
655 1012 783 1053 cum
806 996 1006 1071 gratiae
1035 996 1318 1068 adjutorio
1350 995 1581 1052 habere.
1600 993 1857 1051 Secunda

496 1094 636 1136 vero
661 1084 743 1135 est
785 1078 1019 1151 propria
1065 1083 1244 1134 status
1281 1077 1850 1150 comprehensorum,

493 1165 550 1215 et
595 1175 712 1215 non
757 1158 905 1216 cadit
947 1156 1051 1213 sub
1081 1164 1377 1231 praecepto,
1418 1156 1518 1214 sed
1556 1156 1738 1231 magis
1769 1162 1858 1213 est

494 1237 631 1296 finis
658 1239 919 1313 praecepti
954 1260 966 1294 ε
1009 1238 1384 1310 quamobrem
1425 1237 1556 1294 licet
1581 1252 1708 1294 eam
1737 1252 1854 1294 non
1890 1280 1895 1285 .

419 1316 428 1323 ’
493 1318 805 1376 habeamus
831 1321 893 1375 in
923 1319 1026 1375 hac
1058 1319 1198 1385 vita,
1232 1335 1350 1376 non
1383 1323 1682 1392 propterea
1706 1315 1854 1375 defi—

491 1402 674 1457 cimus
719 1402 783 1457 in
830 1401 1070 1476 alicujus
1115 1400 1376 1473 praecepti
1430 1397 1846 1457 observatione.

297 1498 450 1549 arieg.
491 1482 655 1539 Unde
702 1483 995 1555 Scriptura
1042 1486 1280 1538 testatur
1325 1484 1360 1537 3
1412 1480 1540 1553 Ray.
1582 1499 1701 1554 cap.
1762 1483 1846 1549 14,

304 1548 459 1685 g..
490 1644 1314 1703 ο.
1349 1563 1852 1637 ⁹¹¹⁵oe

486 1742 627 1799 quos
657 1732 848 1781 tamen
874 1731 1091 1781 certum
1120 1728 1205 1782 est
1230 1724 1384 1780 curis
1412 1724 1581 1798 hujus
1600 1724 1733 1781 vitae
1751 1740 1848 1781 oc-

488 1812 717 1880 cupatos
762 1805 957 1871 fuisse,
1006 1811 1062 1862 et
1109 1819 1362 1877 peccasse
1407 1804 1735 1861 venialiter.
1780 1807 1850 1862 Et

486 1888 750 1959 quamvis
772 1886 873 1941 illa
901 1886 1060 1958 prior
1106 1883 1378 1957 perfectio
1419 1885 1592 1958 possit
1622 1901 1848 1958 respec-

487 1968 604 2025 tive
629 1967 698 2024 ad
743 1965 1050 2023 secundam
1097 1966 1457 2039 imperfectio
1498 1963 1648 2034 dici;
1678 1966 1846 2024 abso-

485 2047 606 2104 lute
642 2054 833 2103 tamen
861 2045 1082 2112 sufficit,
1128 2051 1187 2100 ut
1213 2045 1341 2119 quis
1368 2044 1615 2117 perfecte
1654 2045 1846 2102 adim-

482 2130 633 2202 pleat
671 2128 817 2186 illud
865 2132 1228 2200 praec'eptum,
1261 2133 1540 2200 quatenus
1582 2126 1795 2202 obligat
1826 2150 1839 2184 z

482 2224 618 2266 nam
648 2208 928 2282 posterior
950 2205 1217 2279 perfectio
1246 2221 1362 2262 non
1387 2204 1537 2263 cadit
1563 2205 1669 2262 sub
1691 2223 1844 2279 prae-

477 2295 655 2364 cepto,
677 2289 783 2347 'sed
829 2289 892 2345 in
917 2304 1045 2345 eam
1086 2287 1334 2345 velutin
1373 2286 1549 2344 finem
1577 2289 1843 2347 collima-

479 2386 589 2427 nus
616 2386 714 2442 per
742 2368 954 2443 prioris
995 2367 1359 2442 perfectionis
1397 2368 1836 2427 exhibitionem.

284 2477 446 2521 ψῃ»,
480 2454 549 2507 Et
572 2453 649 2509 ita
671 2450 1080 2525 intelligendus
1095 2455 1179 2507 est
1194 2453 1256 2507 D.
1277 2450 1482 2507 Thom.
1497 2453 1552 2517 2,
1573 2454 1628 2517 2,
1654 2458 1836 2529 quast.

476 2534 569 2597 44,
601 2539 709 2588 art.
742 2533 797 2597 6,
829 2547 958 2586 cum
982 2531 1170 2603 inquit
1197 2553 1210 2585 ε
1242 2551 1267 2583 α
1299 2530 1553 2586 Intendit
1580 2534 1724 2588 Deus
1740 2548 1841 2603 per

487 2639 513 2669 α
555 2616 659 2671 hoc
705 2618 1066 2687 praeceptum,
1102 2620 1162 2669 ut
1208 2613 1380 2670 homo
1423 2612 1542 2671 Deo
1588 2616 1841 2672 totaliter

481 2719 508 2749 α
552 2696 813 2760 uniatur;
833 2692 981 2766 quod
1003 2691 1100 2749 fiet
1123 2693 1183 2749 in
1207 2694 1413 2766 patria,
1436 2693 1666 2766 quando
1690 2698 1840 2752 Deus

479 2798 504 2827 «
545 2775 657 2831 erit
695 2773 893 2829 omnia
927 2772 992 2826 in
1030 2771 1317 2837 omnibus,
1359 2778 1421 2827 ut
1466 2772 1677 2829 dicitur
1713 2776 1730 2830 l
1766 2774 1839 2831 ad

478 2880 504 2908 «
547 2853 804 2912 Corinth.
840 2854 920 2909 15.
955 2853 1022 2907 Et
1043 2851 1170 2910 ideo
1192 2853 1377 2926 plene,
1408 2859 1464 2911 et
1499 2854 1745 2926 perfecte
1772 2856 1836 2914 in

478 2959 504 2989 α
549 2937 731 3010 patria
752 2932 1089 3006 implebitur
1117 2934 1220 2991 hoc
1247 2941 1625 3008 praeceptum3
1651 2936 1713 2992 in
1741 2938 1837 2995 via

478 3039 503 3071 α
547 3011 737 3074 autem
765 3015 1058 3086 impletur,
1084 3030 1143 3071 se
1208 3014 1553 3087 'mperfecte.
1589 3036 1612 3067 υ
1647 3018 1715 3072 Et
1734 3033 1837 3076 eo-

278 3128 438 3181 Daug.
471 3096 603 3152 dem
632 3093 801 3151 modo
828 3093 1175 3166 interpretar
1221 3093 1383 3152 debet
1411 3097 1473 3151 D.
1501 3099 1738 3170 August.
1771 3099 1835 3154 in

473 3174 738 3250 pluribus
779 3174 933 3241 lociS,
963 3190 1089 3246 quas
1127 3175 1301 3244 refert
1327 3177 1708 3250 Stapletonius
1735 3179 1831 3236 lib.

471 3260 526 3324 5,
569 3257 633 3312 de
657 3243 952 3313 Ju'stilicat.
984 3272 1102 3327 cap.
1146 3256 1227 3320 10,
1260 3256 1324 3311 in
1352 3257 1561 3329 quibus
1605 3258 1834 3332 signifi-

471 3354 601 3395 care
628 3336 871 3401 videtur,
901 3350 1018 3391 non
1042 3334 1242 3392 haberi
1270 3337 1334 3393 in
1364 3337 1468 3394 hac
1495 3339 1613 3408 vita
1641 3338 1834 3395 adim-

470 3418 779 3490 pletionem
809 3415 944 3473 dicti
990 3417 1280 3488 praecepti;
1311 3418 1630 3476 considerat
1671 3420 1830 3477 enim

470 3500 593 3574 ejus
632 3499 826 3564 finem,
876 3497 974 3570 qui
1017 3503 1211 3555 tamen
1248 3498 1354 3555 sub
1394 3508 1672 3575 praecepto
1712 3518 1830 3560 non

471 3579 642 3636 cadit.
1299 3619 1300 3622 η

261 3677 457 3727 Quintum
544 3656 637 3710 45.
670 3653 945 3727 Arguitur
976 3650 1196 3724 quint0,
1228 3652 1361 3725 quia
1387 3654 1575 3727 gratia
1613 3657 1831 3712 sancti-

262 3737 442 3822 uffiffin
472 3731 648 3788 flcans
693 3748 810 3788 non
853 3737 936 3788 est
979 3731 1262 3788 sufficiens
1307 3731 1377 3788 ad
1423 3732 1826 3792 destruendam

450 3809 746 3871 'offensam
795 3815 893 3870 Dei
921 3829 992 3869 ex
1020 3818 1241 3886 peccato
1284 3815 1489 3871 actuali
1520 3816 1776 3873 relictam
1807 3840 1820 3874 ε

472 3910 607 3969 ergo
651 3909 769 3951 non
805 3899 892 3948 est
933 3893 1215 3950 sufficiens
1260 3892 1329 3949 ad
1371 3893 1819 3968 justificandum,

468 3977 567 4033 sed
594 3972 873 4048 indigebit
901 3990 1052 4032 novo
1080 3973 1273 4030 favore
1296 3975 1415 4038 Dei,
1446 3980 1503 4031 et
1534 3975 1825 4034 condona-

466 4057 621 4114 tione
664 4054 1000 4112 extrinseca.
1046 4055 1460 4127 Consequentia
1487 4057 1656 4127 patet,
1688 4058 1825 4131 quia

455 4136 785 4212 justificatio
813 4137 1086 4208 importat
1123 4134 1564 4193 destructionem
1593 4138 1822 4197 offensas

460 4220 561 4276 Dei
594 4234 771 4293 :ergo
811 4217 998 4274 forma
1039 4214 1109 4271 ad
1137 4215 1284 4272 hanc
1312 4216 1662 4275 insufficiens
1701 4236 1820 4278 non

458 4299 663 4356 sufficit
688 4298 759 4354 ad
787 4298 969 4353 illam.
1013 4294 1366 4353 Antecedens
1406 4303 1597 4354 autem
1624 4305 1819 4357 osten-

462 4382 638 4446 ditur,
671 4386 792 4436 tum
831 4378 965 4452 quia
990 4377 1178 4452 gratia
1224 4378 1586 4437 sanctificans
1622 4390 1708 4439 est
1752 4384 1816 4441 in

462 4462 715 4526 homine.
746 4462 961 4520 offensa
981 4474 1124 4516 vero
1141 4464 1228 4517 est
1253 4460 1317 4516 in
1338 4463 1452 4518 Deo
1476 4484 1489 4519 z
1518 4479 1655 4539 ergo
1679 4482 1816 4541 gra-

458 4545 536 4601 tia
582 4543 779 4616 nequit
817 4541 1089 4608 offensam
1139 4540 1460 4600 formaliter
1498 4543 1809 4605 destruere.

455 4628 602 4682 Tum
625 4625 817 4684 etiam.
843 4623 978 4696 quia
999 4619 1216 4678 offensa
1238 4622 1337 4678 Dei
1362 4628 1447 4679 est
1473 4625 1814 4699 simpliciter

453 4707 698 4765 infinitae
730 4703 1048 4780 gravitatiS,
1083 4709 1143 4758 ut
1169 4701 1280 4759 dici
1318 4705 1459 4761 solet
1486 4705 1522 4760 3
1568 4718 1720 4780 part.
1750 4711 1812 4765 in

447 4798 609 4847 tract.
625 4789 689 4844 de
707 4789 999 4845 lucar-nat.
1018 4785 1203 4861 gratia
1230 4790 1419 4843 autem
1443 4787 1810 4859 perfectionis

446 4873 627 4930 finitae
660 4893 673 4928 :
702 4884 837 4944 ergo
875 4872 960 4925 est
987 4866 1337 4925 insufficiens
1369 4867 1441 4926 ad
1466 4868 1809 4930 destructio-

448 4963 582 5005 nem
611 4946 794 5001 illius.

515 5021 931 5098 Respondetur,
976 5019 1125 5095 quod
1172 5026 1234 5077 ut
1272 5022 1458 5097 gratia
1497 5023 1573 5079 sit
1617 5023 1807 5085 forma

1993 671 2144 737 liter,
2174 678 2231 729 et
2256 670 2589 729 immediate
2614 670 2929 728 sanctificet
2956 670 3277 741 hominem,
3300 676 3358 727 et

1990 753 2239 825 expellat
2278 751 2337 809 id
2361 751 2511 826 quod
2540 751 3019 810 habetrationem
3049 752 3276 825 peccati,
3298 758 3359 809 et

1990 835 2131 890 mali
2164 834 2225 889 in
2271 834 2394 908 ipso
2440 834 2696 901 homine,
2729 840 2788 891 et
2826 834 2976 907 quod
3020 850 3091 892 ex
3136 834 3196 890 vi
3239 850 3359 892 suae

1991 912 2380 987 productionis
2401 912 2607 971 habeat
2619 914 2923 971 excludere
2943 914 3077 979 alia,
3095 929 3219 989 quae
3236 930 3356 987 pec-

1989 999 2177 1052 catum
2206 1001 2648 1068 consequuntur,
2679 996 2994 1070 cujusmodi
3017 1001 3101 1053 est
3139 996 3354 1055 offensa

1988 1077 2215 1149 passiva
2238 1076 2357 1132 Dei.
2406 1077 2473 1131 Et
2499 1076 2605 1132 hac
2643 1079 2865 1134 ratione
2901 1079 3161 1136 consulta
3197 1093 3353 1136 asse·

1989 1158 2237 1225 ruimus,
2274 1160 2522 1227 qratiam
2559 1159 2636 1214 ad
2654 1159 3029 1233 praestandum
3066 1161 3355 1232 pradictus

1986 1239 2202 1311 effectus
2237 1255 2349 1293 non
2392 1239 2631 1310 indiqerra
2671 1242 2973 1295 extrinseco
3013 1241 3118 1295 Dei
3163 1243 3353 1314 favore

1985 1318 2244 1374 distincto
2269 1320 2338 1375 ab
2362 1337 2422 1375 co
2442 1327 2588 1390 actu,
2612 1338 2712 1394 per
2736 1337 2890 1393 quem
2917 1322 3038 1393 ipsa
3055 1324 3245 1391 qratia
3266 1325 3349 1378 in·

1985 1400 2267 1473 funditur.
2292 1403 2362 1457 Et
2388 1401 2451 1457 in
2480 1402 2586 1459 hoc
2617 1418 2787 1459 sensu
2817 1418 3093 1476 negamus
3122 1410 3347 1461 antece-

1984 1481 2127 1538 dens
2168 1484 2526 1557 argumenti;
2556 1500 2692 1541 nam
2743 1484 2873 1541 licet
2910 1485 3096 1559 gratia
3136 1486 3346 1543 imme-

1983 1561 2139 1618 diate
2183 1561 2510 1620 formaliter
2534 1580 2636 1636 per
2661 1565 2909 1637 seipsam
2938 1581 3056 1622 non
3081 1564 3344 1623 excludat

1983 1640 2259 1698 offensam
2289 1644 2574 1715 passivam
2618 1644 2748 1711 Dei;
2781 1645 3165 1701 nihilominus
3192 1651 3344 1703 actus

1982 1720 2214 1779 divinus
2232 1766 2246 1788 ,
2298 1740 2399 1796 per
2441 1740 2615 1798 quem
2659 1727 2846 1800 gratia
2892 1727 3031 1799 petit
3075 1727 3337 1800 produci,

1982 1802 2312 1875 praedictam
2331 1805 2608 1862 offensam
2634 1809 2894 1880 expellit.
2927 1812 3073 1866 Nam
3099 1825 3167 1867 eo
3195 1811 3337 1884 ipso,

1978 1883 2127 1956 quod
2149 1887 2296 1941 Deus
2322 1886 2580 1960 gratiam·
2599 1888 2661 1944 in
2690 1888 2927 1946 homine
2955 1889 3243 1962 producat,
3287 1899 3342 1949 et

1976 1970 2226 2038 gratum,
2277 1982 2340 2021 ac
2379 1966 2490 2023 sibi
2532 1974 2820 2042 acceptum
2862 1969 3048 2037 faciat,
3100 1972 3340 2029 remittit

1980 2044 2278 2117 injuriam,
2305 2044 2537 2117 deponit
2559 2046 2777 2114 odium,
2797 2055 2853 2105 et
2872 2049 3154 2107 condonat
3167 2050 3339 2109 offen·

1975 2138 2118 2193 sam,
2148 2124 2289 2198 quin
2317 2126 2465 2181 alius
2493 2125 2673 2194 favor,
2706 2130 2797 2186 vel
2825 2146 2973 2188 nova
3012 2133 3332 2205 acceptatiO,

1974 2219 2075 2260 seu
2132 2204 2477 2263 condonatio
2527 2210 2940 2280 superveniens
2988 2214 3329 2285 requiratur.

1977 2285 2142 2343 Unde
2183 2288 2358 2345 etiam
2402 2288 2590 2362 gratia
2616 2289 2785 2348 habet
2810 2308 2914 2350 suo
2955 2293 3123 2352 modo
3149 2296 3545 2360 offen-Qualiter

1973 2381 2097 2423 sam
2141 2364 2452 2434 destruere,
2499 2384 2615 2426 non
2654 2372 2886 2444 quidem
2915 2380 2978 2430 ut
3009 2374 3197 2433 forma
3223 2377 3331 2451 ipsi
3348 2357 3541 2445 «ιὲῗῶιῶι

1974 2447 2326 2517 immediate,
2376 2454 2433 2506 et
2469 2449 2778 2524 subjective
2815 2457 3103 2527 opposita:
3146 2458 3244 2533 sed
3273 2465 3333 2515 ut
3347 2451 3555 2544 ⁰⁶52?“⁸

1974 2530 2262 2585 terminus
2288 2532 2606 2590 necessario
2630 2550 2736 2592 con
2746 2552 2923 2593 nexus
2945 2554 3075 2594 cum
3103 2543 3225 2596 actu
3249 2538 3333 2596 di·
3490 2532 3499 2541 ’

1972 2610 2130 2677 vino,
2167 2626 2267 2683 per
2307 2626 2477 2684 quem
2524 2612 2865 2683 formaliter,
2897 2634 2960 2674 ac
3001 2619 3333 2677 immediate

1970 2692 2293 2748 excluditur
2331 2690 2547 2749 offensa
2583 2700 2681 2752 :et
2710 2698 2793 2754 sic
2830 2700 3017 2773 gratia
3055 2700 3331 2759 offensam

1972 2773 2072 2830 Dei
2093 2775 2332 2847 expellit
2354 2774 2677 2834 formaliter
2699 2778 2993 2848 indirecte,
3010 2788 3068 2839 et
3089 2784 3332 2856 comple·

1972 2854 2116 2923 tive;
2158 2861 2241 2914 est
2269 2857 2430 2914 enim
2458 2859 2745 2916 terminus
2778 2861 2996 2930 formas,
3030 2880 3131 2938 per
3155 2882 3328 2938 quam

1969 2936 2188 2994 offensa
2208 2938 2539 3012 deponitur.
2560 2942 2669 2998 Per
2688 2942 2837 3014 quod
2862 2950 3011 3016 patet
3031 2944 3100 3022 ad
3117 2953 3331 3003 utram-

1967 3033 2077 3089 que
2098 3019 2485 3078 antecedentis
2507 3021 2923 3096 probationem;
2943 3040 3078 3082 nam
3103 3028 3333 3099 praecise

1966 3099 2259 3168 evincunt,
2289 3103 2536 3175 gratiam
2578 3119 2695 3159 non
2734 3106 3023 3177 expellere
3062 3107 3330 3165 formali-

1968 3185 2054 3236 ter
2077 3180 2414 3239 immediate
2433 3182 2710 3241 oss'ensam
2729 3188 3013 3258 passivam
3040 3189 3154 3254 Dei,
3180 3190 3331 3262 quod

1967 3260 2215 3319 libenter
2242 3262 2634 3333 admittimus;
2663 3266 2761 3323 sed
2807 3268 3056 3327 minime
3097 3272 3327 3339 tollunt,

1965 3341 2112 3416 quod
2138 3344 2325 3417 gratia
2351 3344 2426 3400 sit
2448 3345 2639 3403 forma
2664 3345 2937 3414 absolute,
2963 3354 3019 3407 et
3043 3352 3330 3425 simplici-

1964 3429 2052 3481 ter
2085 3425 2381 3482 hominem
2403 3426 2738 3500 justificans,
2774 3435 2833 3486 ut
2860 3437 3075 3488 constat
3096 3448 3166 3490 ex
3203 3433 3328 3492 dic-

1965 3505 2057 3560 tis.
2090 3504 2263 3572 Adde,
2295 3505 2592 3564 hominem
2622 3524 2689 3565 eo
2718 3510 2861 3582 ipse,
2895 3511 3045 3582 quod
3076 3515 3324 3588 gratiam

1961 3584 2410 3642 sanctificantem
2440 3588 2694 3662 recipiat,
2726 3591 2983 3648 converti
3017 3592 3326 3652 habituali-

1963 3669 2049 3720 ter
2072 3663 2142 3721 ad
2160 3667 2359 3732 Deum,
2383 3672 2655 3740 tanquam
2674 3668 2744 3726 ad
2771 3670 3041 3727 ultimum
3056 3670 3252 3743 finem,
3271 3681 3328 3732 et

1963 3745 2262 3801 restituere
2289 3745 2398 3818 ipsi
2428 3745 2686 3804 affective
2711 3748 2860 3806 hanc
2889 3751 3319 3824 perfectionem,

1958 3839 2130 3898 quam
2159 3826 2485 3883 mortaliter
2511 3830 2791 3899 peccando
2819 3830 3150 3901 abstulerat,
3176 3840 3231 3891 et
3256 3835 3323 3892 in

1956 3904 2043 3978 cuj
2052 3920 2116 3959 us
2131 3905 2412 3963 intentata
2433 3908 2757 3979 privatione
2779 3912 2925 3968 ratio
2945 3911 3174 3970 offensae
3189 3930 3321 3972 con-

1955 3984 2126 4041 sistit.
2152 3985 2315 4043 Unde
2337 3988 2517 4060 posita
2535 3991 2739 4064 gratia,
2767 4008 2909 4065 opus
2928 3999 3030 4060 est,
3056 3995 3204 4068 quod
3227 4011 3318 4054 ra·

1957 4065 2035 4123 tio
2059 4065 2290 4124 offense
2309 4068 2622 4130 auferatur.

2027 4148 2119 4203 46.
2153 4148 2371 4205 Ultimo
2398 4159 2649 4225 arguunt
2685 4153 3040 4222 Adversarii,
3073 4158 3210 4230 quia
3241 4175 3313 4217 ex
3330 4181 3524 4227 umam

1955 4231 2149 4283 nostra
2185 4231 2475 4287 sententia
2523 4235 2800 4305 sequitur,
2846 4237 2973 4296 fieri
3006 4254 3123 4298 non
3153 4258 3314 4315 posse
3368 4241 3492 4286 “F'‘

1952 4304 2134 4362 adhuc
2161 4324 2262 4381 per
2306 4309 2569 4369 divinam
2598 4316 2893 4388 virtutem,
2925 4322 3074 4395 quod
3114 4338 3311 4395 pecca-
3327 4290 3525 4327 mmm

1951 4391 2072 4443 tum
2119 4389 2449 4450 destruatur
2489 4396 2617 4453 sine
2665 4399 2960 4462 infusione
2984 4407 3201 4481 gratiae,
3252 4412 3310 4462 et

1948 4466 2098 4539 quod
2121 4470 2325 4544 gratia,
2356 4477 2413 4529 et
2453 4482 2742 4547 peccatum
2791 4491 3076 4556 nequeant
3103 4486 3166 4542 in
3205 4500 3309 4542 eo-

1947 4545 2079 4604 dem
2099 4548 2349 4625 subjecto
2369 4555 2697 4630 consistere,
2724 4566 2780 4616 et
2806 4564 2953 4635 quod
2977 4566 3100 4624 sola
3119 4566 3306 4640 gratia

1944 4627 2073 4684 sine
2099 4629 2293 4703 aliquo
2318 4637 2445 4689 actu
2472 4635 2713 4694 sufficiat
2733 4640 2803 4696 ad
2827 4645 3036 4715 peccati
3057 4644 3307 4702 destruc·

1946 4707 2161 4766 tionem
2195 4731 2209 4767 ε
2238 4712 2360 4770 haec
2398 4721 2590 4773 autem
2617 4718 2864 4781 absurda
2890 4730 3043 4793 sunt,
3078 4731 3140 4783 ut
3178 4741 3303 4801 quae

1943 4785 2219 4880 derogant
2250 4794 2683 4868 omnipotentiae
2708 4801 2927 4862 divinas
2958 4827 2972 4862 ε
3004 4822 3140 4883 ergo
3164 4823 3299 4866 sen-

1941 4872 2122 4926 tentia
2142 4878 2338 4929 nostra
2365 4890 2483 4932 non
2508 4877 2675 4937 debet
2702 4882 2952 4943 admitti.

2012 4950 2120 5008 Sed
2166 4953 2275 5011 hoc
2322 4966 2729 5032 argumentum
2778 4969 2963 5043 tangit
3000 4970 3213 5042 plures,
3244 4975 3301 5029 et
3330 4983 3497 5029 solutio

1936 5044 2142 5104 graves
2161 5033 2541 5109 difficultates,
2566 5041 2776 5116 quibus
2802 5047 3120 5108 enodandis
3148 5057 3298 5108 trac-
3336 5035 3482 5129 ‘3225‘

3143 5138 3296 5190 tatus
