3647 5753
550 482 667 539 724
1507 487 1602 542 DE
1645 489 1970 545 INFLUXU
2011 491 2466 549 CHARITATIS.

551 657 718 723 tales,
747 657 975 729 quando
1002 675 1033 716 a
1054 658 1331 717 charitate
1359 676 1475 717 non
1504 660 1904 734 imperantur;

548 753 667 794 non
713 743 903 795 autem
952 738 1332 797 determinate
1377 743 1580 808 Deum,
1614 748 1781 815 prout
1825 747 1910 800 est

545 835 840 877 summum
870 820 1084 877 bonum
1108 821 1170 877 in
1197 823 1401 895 seipso,
1427 828 1482 878 et
1508 839 1737 880 summe
1764 822 1907 880 dili-

545 899 741 974 gibilis
757 909 986 975 propter
999 917 1076 966 se,
1097 901 1306 959 secund
1314 919 1410 958 um
1426 919 1600 976 quam
1620 904 1905 961 rationem

545 986 631 1039 est
663 980 798 1038 finis
821 983 1059 1039 ultimus
1085 982 1308 1041 ordinis
1341 986 1818 1058 supernaturalia,
1852 993 1908 1044 et

546 1063 850 1138 attingitur
884 1080 984 1138 per
1010 1066 1277 1139 gratiam,
1309 1072 1366 1123 et
1403 1068 1766 1125 charitatem.
1796 1068 1906 1125 Sed

544 1143 694 1201 circa
756 1145 873 1202 haec
931 1146 1238 1204 videantur
1292 1164 1415 1221 quae
1472 1148 1730 1206 diximus
1782 1153 1906 1209 loco

544 1224 732 1282 citato.

1138 1394 1169 1461 g
1210 1393 1305 1449 111.

673 1542 809 1602 Alia
848 1544 1067 1617 objectio
1086 1550 1436 1621 proponitur,
1458 1556 1509 1605 et
1529 1549 1785 1607 diluitur.

333 1729 502 1775 ‘Tertia
626 1707 709 1764 13.
741 1707 993 1781 Denique
1018 1711 1341 1783 specialiter
1376 1729 1480 1785 pro
1509 1712 1621 1771 fide
1647 1713 1898 1787 objicies,

320 1780 693 1862 ”Meam-quod
714 1788 831 1846 haec
848 1790 1034 1845 virtus
1063 1791 1515 1866 independenter
1542 1811 1574 1851 a
1600 1796 1898 1863 charitate,

543 1875 600 1927 et
627 1870 785 1942 prius
825 1877 1048 1938 natura,
1075 1889 1247 1946 quam
1276 1876 1396 1941 illa,
1429 1877 1776 1951 intelligitur
1808 1876 1903 1933 di·

545 1968 786 2010 manare
822 1970 853 2009 a
879 1955 1107 2027 gratia:
1155 1955 1251 2012 sed
1294 1958 1390 2012 ubi
1442 1958 1632 2031 primo
1675 1957 1903 2015 intelli-

543 2037 698 2111 gitur
725 2037 916 2109 aliqua
945 2038 1127 2093 virtus
1153 2037 1457 2096 dimanare
1496 2056 1529 2096 a
1565 2040 1769 2114 gratia,
1803 2040 1902 2097 in-

543 2119 822 2194 telligitur
864 2125 922 2175 ut
947 2119 1230 2177 sufficiens
1270 2122 1622 2195 principium
1666 2138 1902 2194 prome—

544 2200 708 2258 rendi
752 2201 929 2258 vitam
957 2207 1265 2258 aeternam:
1301 2218 1437 2276 ergo
1478 2200 1536 2259 id
1565 2201 1735 2259 habet
1761 2202 1902 2260 fides

543 2282 996 2356 independenter
1048 2300 1081 2340 a
1131 2283 1436 2340 charitate.
1485 2285 1901 2356 Consequentia

543 2367 739 2441 liquet,
785 2370 840 2422 et
879 2365 1053 2421 etiam
1099 2366 1329 2432 minor;
1379 2381 1515 2422 nam
1562 2365 1660 2422 ubi
1711 2367 1901 2438 primo

543 2448 889 2522 intelligitur
916 2448 1107 2520 aliqua
1132 2448 1318 2503 virtus
1344 2446 1649 2504 dimanare
1693 2464 1726 2504 a
1762 2464 1900 2523 gra-

542 2527 642 2593 tia,
674 2528 1018 2602 intelligitur
1048 2529 1355 2585 informari
1381 2528 1587 2602 gratia,
1619 2534 1676 2586 et
1703 2534 1765 2583 ut
1792 2534 1900 2585 ha-

542 2609 683 2666 bens
722 2611 783 2666 in
823 2625 884 2665 se
922 2609 1198 2674 valorem,
1244 2613 1300 2664 et
1338 2607 1678 2682 dignitatem
1718 2609 1900 2682 ipsius

536 2692 772 2768 gratiae3
823 2690 926 2747 hoc
991 2696 1180 2748 autem
1240 2691 1469 2759 sufficit,
1535 2696 1597 2746 ut
1641 2692 1717 2747 sit
1762 2692 1899 2749 vitae

532 2777 761 2832 aeternae
807 2771 1123 2827 meritoria.
1168 2771 1352 2842 Maj0r
1392 2787 1530 2829 vero
1583 2771 1892 2828 suadetur:

531 2859 655 2911 tum
719 2868 791 2910 ex
849 2852 939 2908 his
982 2868 1108 2925 quae
1165 2852 1457 2909 cernimus
1512 2853 1576 2910 in
1627 2852 1900 2926 potentiis

534 2935 775 3001 animae3
816 2934 974 3007 prius
1009 2935 1168 2990 enim
1210 2933 1415 2990 ordine
1444 2940 1666 2991 naturae
1705 2933 1899 2990 dima-

536 3021 637 3074 nat
675 3016 997 3074 intellectus
1044 3015 1113 3073 ab
1154 3017 1349 3092 ani-ma
1394 3016 1684 3088 rationali,
1722 3032 1897 3088 quam

538 3101 837 3166 voluntas;
866 3099 1079 3157 dictum
1121 3106 1206 3158 est
1230 3101 1390 3157 enim
1415 3117 1608 3173 supra,
1646 3100 1796 3173 quod
1823 3098 1899 3156 fi-

538 3183 636 3243 des
678 3182 847 3239 habet
872 3198 933 3238 se
972 3181 1042 3237 ad
1079 3182 1346 3258 gratiam,
1377 3181 1522 3238 sicut
1548 3181 1892 3250 intellectus,

532 3273 590 3326 et
632 3268 880 3326 charitas
924 3281 1025 3339 per
1079 3263 1314 3322 modum
1359 3265 1693 3322 voluntatis.
1747 3267 1896 3322 Tum

529 3350 725 3415 etiam,
749 3349 885 3422 quia
905 3348 1054 3404 facta
1073 3346 1378 3403 collatione
1406 3347 1563 3403 inter
1586 3353 1741 3402 actus
1764 3347 1898 3403 ista-

533 3447 662 3488 rum
684 3431 987 3493 virtutum,
1022 3432 1175 3484 actus
1202 3425 1336 3483 fidei
1367 3426 1642 3492 absolute,
1674 3433 1732 3485 et
1757 3428 1898 3484 sim-

532 3513 756 3587 pliciter
777 3517 861 3568 est
878 3511 1038 3583 prior
1055 3516 1178 3567 actu
1194 3508 1492 3566 charitatis
1512 3533 1525 3575 3
1554 3510 1713 3581 prius
1733 3509 1895 3567 enim

528 3602 615 3653 est
641 3596 894 3653 absolute
921 3601 977 3652 et
1014 3593 1373 3667 simpliciter,
1404 3591 1555 3665 quod
1590 3591 1725 3649 fidei
1758 3610 1897 3667 pro-

531 3683 702 3750 ponat
717 3677 996 3752 obJectum
1023 3691 1121 3748 per
1142 3675 1482 3732 charitatem
1506 3673 1890 3748 diligendum,

527 3773 699 3830 quam
722 3758 866 3832 quod
890 3757 1142 3814 charitas
1168 3754 1311 3811 illud
1345 3761 1736 3827 prosequatur,
1763 3773 1894 3813 cum

528 3839 680 3895 nihil
731 3839 975 3896 volitum
1023 3839 1116 3904 sit,
1176 3836 1290 3894 nisi
1342 3836 1502 3907 prius
1556 3839 1849 3910 cognitum
1879 3859 1891 3894 :

526 3935 662 3994 ergo
688 3922 863 3977 etiam
907 3919 1049 3975 facta
1077 3917 1383 3975 collatione
1412 3915 1566 3972 inter
1589 3917 1740 3989 ipsas
1766 3920 1895 3975 vir—

527 4005 692 4066 tutes,
714 3998 853 4058 fides
876 3999 1129 4056 absolute
1143 4003 1199 4056 et
1214 3997 1557 4069 simpliciter
1576 3998 1894 4070 praecedere

530 4080 698 4139 debet
722 4082 1093 4138 charitatem:
1123 4079 1276 4135 idem
1306 4092 1556 4149 namque
1594 4077 1755 4145 ordo,
1793 4081 1894 4154 qui

533 4165 596 4221 in
638 4163 851 4221 actibus
894 4163 1197 4235 reperitur,
1240 4165 1506 4216 servatur
1547 4163 1894 4235 regulariter

533 4249 686 4304 inter
712 4245 961 4302 habitus.

345 4340 484 4401 Prima
607 4327 693 4384 Ad
716 4329 860 4384 hanc
888 4326 1260 4400 objectionem
1303 4331 1489 4398 posset
1517 4324 1894 4398 probabiliter

314 4390 493 4436 ”¹⁰²¹0·
536 4408 888 4483 responderi,
922 4406 1114 4472 fidem,
1145 4412 1201 4464 et
1239 4407 1577 4464 charitatem
1606 4406 1671 4463 in
1698 4405 1893 4464 dima-

535 4493 725 4550 nando
753 4509 786 4548 a
804 4491 990 4565 gratia
1017 4489 1332 4563 praecedere
1358 4506 1419 4547 se
1445 4490 1716 4556 invicem,
1748 4507 1893 4548 esse·

531 4590 641 4647 que
668 4587 1129 4645 unamquamque
1155 4587 1355 4627 earum
1385 4572 1640 4645 priorem
1661 4577 1717 4629 et
1758 4588 1893 4646 pos-

528 4657 802 4714 teriorem
844 4656 1023 4711 altera
1064 4656 1125 4710 in
1166 4653 1395 4713 diverso
1435 4671 1620 4712 causae
1645 4670 1887 4729 genere;

526 4737 662 4812 quia
690 4753 791 4793 nec
811 4736 1056 4792 charitas
1078 4734 1340 4792 dimanat
1363 4737 1476 4793 nisi
1501 4735 1892 4810 dependenter

526 4836 560 4878 a
586 4818 718 4885 fide,
752 4834 854 4875 nec
894 4817 1034 4874 sides
1059 4819 1187 4874 sine
1213 4816 1595 4890 dependentia
1638 4834 1670 4874 a
1697 4817 1892 4875 chari-

522 4909 655 4960 tate.
683 4904 817 4967 Quae
845 4907 1043 4957 mutua
1066 4898 1447 4973 dependentia
1472 4901 1626 4957 inter
1648 4900 1890 4957 illarum

522 4987 678 5039 actus
698 4981 873 5037 etiam
899 4979 1236 5036 observatur
1260 5004 1274 5047 ;
1307 4996 1444 5037 nam
1472 4981 1618 5036 sicut
1639 4980 1891 5037 charitas

519 5078 641 5121 non
662 5064 853 5136 diligit
873 5078 1042 5117 suum
1067 5061 1368 5137 objectum,
1397 5064 1510 5119 nisi
1536 5068 1890 5135 proponatur

519 5143 609 5199 illi
638 5159 740 5217 per
766 5141 962 5208 fidem,
994 5143 1076 5199 sic
1115 5158 1220 5200 nec
1259 5142 1401 5200 fides
1439 5159 1568 5216 quae
1596 5148 1830 5200 emanat
1858 5160 1890 5201 a

2038 664 2226 739 gratia
2263 664 2411 722 illud
2470 663 2756 738 proponit,
2806 663 2918 721 nisi
2975 663 3261 737 applicata
3318 678 3422 736 per

2038 747 2397 811 charitatem.
2429 754 2486 805 et
2513 749 2575 803 in
2617 746 2827 804 ordine
2856 745 2924 802 ad
2950 746 3072 819 eJus
3100 744 3284 801 finem
3316 767 3330 802 :
3359 751 3420 804 et

2039 826 2121 884 ita
2141 826 2281 884 fides
2310 833 2570 885 remanet
2611 827 2773 900 prior
2808 827 3084 884 charitate
3112 827 3177 882 in
3204 842 3422 900 genere

2039 925 2219 967 causas
2248 910 2510 969 formalis
2549 911 2905 979 extrinsecae,
2937 925 3036 965 seu
3077 908 3413 984 objectivae;

2038 995 2095 1048 et
2119 991 2369 1048 charitas
2399 992 2556 1064 prior
2583 990 2696 1048 fide
2724 992 2786 1046 in
2814 1005 3026 1064 genere
3061 1006 3246 1047 causae
3285 989 3415 1047 effi·-

2039 1070 2263 1138 cientis‚
2295 1078 2351 1129 et
2394 1071 2608 1138 finalis
2642 1078 2739 1128 aut
2777 1073 2956 1128 etiam
2998 1071 3264 1129 formalis
3314 1072 3418 1128 in-

2040 1155 2299 1213 trinsecae
2338 1155 2619 1212 mediatae.
2653 1156 2738 1210 Ex
2765 1170 2876 1228 quo
2916 1152 3000 1220 fit,
3031 1152 3181 1225 quod
3227 1156 3294 1210 in
3314 1171 3418 1212 or-

2039 1234 2174 1294 dine
2201 1235 2271 1293 ad
2300 1236 2642 1294 merendum
2684 1243 2923 1309 utraque
2950 1235 3072 1291 haec
3112 1235 3302 1291 virtus
3343 1234 3418 1292 ab

2039 1318 2325 1375 alterutra
2353 1318 2545 1389 (modo
2585 1338 2738 1375 narn.
2789 1320 2825 1373 8
2851 1318 3155 1391 explicato)
3192 1316 3415 1391 depen-

2038 1397 2186 1457 deat.
2221 1399 2380 1464 Quod
2401 1399 2450 1455 si
2474 1400 2798 1457 intellectus
2826 1399 2889 1454 in
2916 1414 3019 1455 sua
3039 1399 3414 1457 emanatione

2037 1495 2157 1537 nou
2183 1480 2267 1535 sic
2305 1478 2620 1551 dependeat
2666 1496 2699 1536 a
2748 1480 3062 1544 voluntate,
3094 1479 3195 1536 sed
3243 1495 3412 1537 ema·

2039 1567 2138 1617 nat
2175 1560 2419 1617 omnino
2447 1560 2627 1633 prius,
2660 1559 2785 1617 ideo
2812 1564 2915 1625 est,
2948 1560 3083 1632 quia
3125 1561 3306 1617 etiam
3347 1560 3411 1617 in

2036 1639 2326 1714 operando
2376 1648 2462 1699 est
2506 1642 2748 1699 omnino
2798 1642 2996 1714 prlor,
3048 1657 3224 1714 quam
3274 1642 3408 1709 illa;

2038 1723 2198 1796 prius
2225 1724 2385 1780 enim
2417 1725 2740 1780 intellectus
2762 1729 3034 1796 operatur
3061 1724 3405 1782 necessario.

2034 1820 2208 1876 quam
2253 1805 2466 1869 libere,
2512 1810 2569 1861 et
2608 1805 2672 1860 in
2714 1804 3045 1877 operatione
3089 1806 3412 1862 necessaria

2037 1901 2154 1942 non
2208 1884 2489 1960 dependet
2538 1904 2571 1944 a
2619 1887 2957 1942 voluntate:
3015 1884 3154 1941 fides
3215 1893 3408 1944 autem

2033 1983 2261 2040 semper
2291 1969 2407 2042 agit
2429 1967 2628 2033 libere,
2656 1965 2807 2022 unde
2832 1982 3059 2038 semper
3081 1964 3246 2022 debet
3269 1983 3411 2040 ope·

2037 2051 2156 2107 rari
2198 2050 2586 2124 dependenter
2637 2067 2669 2106 a
2721 2050 3035 2115 voluntate,
3073 2056 3131 2107 et
3186 2049 3285 2106 ubi
3327 2058 3412 2108 est

2032 2148 2163 2188 cum
2184 2134 2390 2207 gratia,
2419 2150 2451 2189 a
2471 2133 2783 2196 charitate;
2815 2139 2980 2203 atque
3001 2130 3128 2189 ideo
3156 2131 3220 2187 in
3248 2148 3409 2189 ema·

2036 2214 2271 2271 natione
2300 2212 2368 2270 ab
2399 2215 2499 2270 illa
2527 2213 2594 2270 ab
2625 2213 2727 2268 hac
2748 2211 3047 2283 dependet.

2117 2297 2202 2353 14.
2228 2295 2336 2352 Sed
2379 2295 2755 2367 respondetur
2794 2294 3068 2363 secundo,
3093 2300 3150 2352 et
3182 2295 3406 2352 clarius
3444 2304 3570 2347 xatas

2034 2376 2408 2449 praenotando
2448 2376 2621 2433 fidem
2679 2376 3072 2450 procedentem
3128 2393 3160 2433 a
3213 2379 3407 2452 gratia
3433 2364 3574 2450 Ἣ

2034 2475 2195 2531 posse
2216 2459 2571 2517 considerari
2601 2457 2936 2530 dupliciter;
2968 2459 3058 2514 vel
3079 2458 3404 2516 secundum

2033 2557 2093 2598 se
2141 2543 2389 2614 praecise.
2421 2548 2475 2598 et
2515 2541 2699 2615 quoad
2738 2540 3138 2607 substantiam,
3170 2557 3271 2598 seu
3310 2558 3408 2599 ω-

2032 2624 2280 2680 sentiam
2305 2622 2436 2680 fidei
2460 2641 2472 2685 ;
2498 2625 2587 2679 vel
2610 2622 2922 2680 secundum
2949 2622 3004 2678 id
3028 2621 3402 2689 accidentale,

2032 2705 2181 2779 quod
2223 2723 2256 2762 a
2292 2708 2480 2781 gratia
2523 2706 2837 2778 participat,
2873 2708 3050 2761 vitam
3088 2706 3306 2762 scilicet
3347 2714 3406 2764 et

2033 2787 2442 2844 formationem
2471 2787 2653 2859 ipsius
2678 2787 2894 2861 gratire,
2930 2803 3028 2858 per
3056 2803 3230 2858 quam
3261 2785 3405 2845 fides

2033 2872 2187 2937 viva,
2231 2876 2286 2929 et
2323 2871 2571 2928 formata
2598 2870 2856 2928 efficitur.
2902 2872 3036 2934 Quae
3063 2869 3189 2927 duae
3218 2871 3405 2928 ratio-

2033 2969 2132 3011 nes
2156 2954 2307 3010 inter
2346 2969 2405 3009 se
2432 2953 2887 3026 distinguuntur,
2914 2960 2971 3011 et
3007 2970 3122 3009 una
3164 2954 3404 3010 realiter

2029 3039 2328 3107 separatur
2358 3033 2427 3090 ab
2463 3034 2610 3100 alia3
2641 3034 2837 3090 eadem
2882 3035 3039 3090 enim
3078 3033 3400 3091 secundum

2031 3115 2410 3172 substantiam
2456 3113 2615 3178 fides,
2646 3132 2770 3187 qum
2811 3115 2979 3173 modo
3008 3132 3106 3188 per
3145 3116 3401 3190 gratiam

2030 3198 2093 3254 in
2128 3198 2281 3271 justo
2321 3197 2623 3262 formatur,
2656 3203 2712 3254 et
2755 3198 2916 3263 vivit,
2954 3203 3213 3254 remanet
3240 3213 3401 3276 rece:

2030 3278 2200 3336 dente
2239 3279 2421 3353 gratia
2453 3285 2700 3344 mortua,
2733 3284 2788 3335 et
2816 3278 3083 3334 informis
3107 3278 3168 3334 in
3199 3294 3402 3350 pecca-

2031 3364 2171 3426 tore,
2192 3360 2356 3432 juxta
2382 3358 2704 3415 doctrinam
2732 3363 2791 3416 D.
2812 3359 3014 3415 Thom.
3043 3361 3096 3427 2,
3124 3362 3178 3425 2,
3206 3367 3395 3436 quast.
3416 3369 3467 3410 D.
3484 3369 3562 3410 rso.

2030 3435 2590 3580 4'ffitbtffj'ectionem
2619 3524 2755 3582 ergo
2796 3512 3046 3564 transeat
3078 3508 3268 3581 maJ‘or
3298 3507 3401 3563 in-

2032 3591 2252 3646 tellecta
2271 3587 2340 3645 de
2362 3586 2474 3645 fide
2493 3589 2807 3645 secundum
2830 3605 2905 3654 se,
2932 3595 2990 3644 et
3012 3589 3203 3660 primo
3227 3589 3404 3646 modo

2028 3678 2273 3745 sumpta,
2302 3687 2483 3743 neque
2511 3673 2760 3745 amplius
2790 3677 3028 3744 utraque
3048 3670 3170 3744 ejus
3194 3671 3404 3742 proba-

2030 3756 2108 3812 tio
2166 3753 2472 3811 concludit.
2534 3755 2640 3811 Sed
2706 3752 2964 3828 neganda
3031 3760 3111 3809 est
3169 3753 3243 3809 de
3289 3751 3405 3810 fide

1979 3853 1986 3856 ·
2028 3835 2275 3893 secundo
2315 3836 2485 3893 modo
2525 3842 2767 3908 accepta,
2800 3851 3006 3907 nempe
3052 3839 3110 3890 ut
3154 3835 3311 3899 viva,
3346 3843 3407 3892 et

2030 3919 2274 3976 formata
2297 3942 2310 3985 ;
2342 3925 2400 3974 ut
2427 3919 2508 3975 sic
2529 3919 2686 3975 enim
2712 3933 2827 3974 non
2849 3916 3107 3974 dimanat
3131 3934 3163 3974 a
3182 3918 3401 3992 gratia,

2029 4001 2141 4057 nisi
2159 3999 2545 4073 dependenter
2570 4018 2600 4057 a
2617 4001 2912 4063 charitate.
2936 4006 3128 4073 estque
3149 4000 3408 4058 omnino

2027 4100 2094 4141 ea
2134 4084 2433 4156 posterior.
2477 4085 2560 4139 Ex
2600 4101 2711 4156 quo
2753 4089 2903 4156 patet
2950 4083 3017 4139 ad
3067 4082 3404 4146 minorem;

2027 4180 2164 4220 nam
2189 4163 2326 4220 fides
2354 4180 2470 4219 non
2497 4165 2841 4234 intelligitur
2863 4163 3146 4219 sufficiens
3177 4163 3408 4235 princi·

2029 4245 2187 4318 pium
2238 4243 2603 4317 promerendi
2648 4247 2828 4302 vitam
2869 4251 3166 4306 aeternam,
3197 4245 3405 4300 consi-

2026 4326 2223 4382 derata
2266 4326 2496 4398 praecise
2521 4326 2835 4382 secundum
2878 4343 2955 4391 se,
2987 4325 3165 4381 donec
3193 4326 3404 4383 conci-

2028 4408 2217 4481 piatur
2244 4423 2277 4463 a
2314 4408 2502 4482 gratia
2530 4407 2833 4464 dimanare
2860 4408 2996 4464 viva
3021 4414 3076 4463 et
3116 4406 3399 4466 formata.

2102 4489 2267 4547 Ratio
2313 4505 2470 4551 vero,
2516 4487 2587 4546 ob
2615 4505 2785 4561 quam
2835 4487 2993 4554 fides,
3035 4495 3097 4543 ut
3136 4488 3295 4552 viva,
3344 4496 3406 4546 et

2026 4571 2273 4628 formata
2302 4587 2417 4627 non
2452 4569 2718 4643 praecedit
2756 4570 3116 4633 charitatem,
3149 4569 3247 4625 sed
3291 4589 3406 4645 po-

2025 4652 2138 4708 tius
2176 4652 2455 4724 sequitur,
2502 4652 2783 4725 assignari
2813 4656 3011 4724 potest.
3059 4652 3207 4706 Tum
3257 4653 3405 4725 quia

2025 4732 2164 4790 fides
2203 4735 2391 4794 solum
2440 4732 2609 4789 habet
2654 4731 2986 4791 antecedere
3031 4733 3402 4800 charitatem,

2024 4816 2335 4874 secundum
2363 4816 2511 4889 quod
2555 4817 2785 4891 attingit
2814 4818 2994 4873 Deum
3036 4816 3141 4872 sub
3170 4818 3409 4876 ratione

2025 4900 2166 4965 veri,
2202 4900 2580 4973 proponitque
2612 4900 2781 4955 illum
2811 4905 3083 4972 tanquam
3107 4899 3406 4973 objectum

2023 4997 2251 5038 summo
2272 4997 2467 5038 amore
2489 4980 2752 5053 dignum.
2773 4986 2829 5036 et
2843 4997 3014 5053 super
3034 4983 3239 5038 omnia
3260 4980 3409 5040 dili-

2021 5062 2377 5137 gibile,quod
2405 5064 2594 5120 solum
2620 5064 2867 5134 pertinet
2889 5063 2957 5119 ad
2983 5064 3167 5136 ipsam
3191 5079 3404 5124 essen-

2023 5144 2165 5200 tiam
2194 5149 2250 5200 et
2274 5142 2656 5201 substantiam
2695 5142 2861 5210 fidei;
2895 5161 3032 5200 nam
3067 5145 3217 5218 quod
3249 5145 3406 5204 fides

3273 5222 3406 5280 alio
