3647 5753
1341 417 1519 474 DISP.
1561 417 1684 484 vn,
1727 417 1892 474 DUB.
1937 417 2034 472 VI:
2972 425 3074 479 241

224 591 516 646 salitatem
539 589 602 645 in
618 588 976 662 operationes
993 593 1285 647 creaturae.
1326 588 1587 653 Tandem,

228 676 290 725 ut
327 669 446 725 alia
492 668 711 725 motiva
749 668 1099 735 omittamus,
1131 672 1353 741 oportet
1389 683 1595 725 conce-

224 749 364 806 dere
422 747 759 822 praedictum
813 748 1099 805 auxilium
1123 791 1138 815 ,
1196 752 1258 804 ut
1326 747 1593 805 discretio

224 828 642 887 consentientis
670 845 704 886 a
725 844 843 886 non
868 828 1260 886 consentiente
1299 831 1594 885 revocetur

227 911 536 986 primario,
578 915 637 968 et
664 910 1067 984 principaliter
1090 911 1153 966 in
1178 911 1447 985 gratiam,
1470 909 1595 966 sive

229 994 295 1049 in
333 996 514 1050 Deum
550 991 850 1049 efficaciter
888 1008 990 1048 sua
1022 992 1212 1066 gratia·
1243 1006 1596 1064 praemoven-

228 1080 368 1139 tem,
398 1076 457 1130 et
481 1072 902 1130 discernentem
932 1093 945 1128 ε
991 1072 1041 1127 si
1070 1077 1260 1129 autem
1309 1071 1592 1129 auxilium

226 1153 425 1211 ‘efficax
453 1169 572 1210 non
610 1170 673 1210 se
696 1152 932 1209 haberet
967 1152 1167 1218 active,
1211 1158 1267 1210 et
1292 1152 1596 1209 causaliter

231 1235 301 1292 ad
322 1251 683 1302 consensum,
702 1234 825 1307 jam
852 1234 1120 1293 discretio
1143 1250 1261 1292 non
1291 1249 1596 1291 revocare-

230 1316 404 1373 turin
423 1316 671 1389 gratiam
692 1315 992 1382 efficacem,
1016 1314 1116 1372 sed
1139 1316 1327 1386 potius
1350 1315 1412 1371 in
1435 1329 1596 1372 crea-

231 1403 446 1462 turam,
478 1412 605 1469 quae
634 1398 817 1468 posita
853 1414 920 1454 ea
944 1397 1297 1464 conditione,
1328 1414 1388 1454 se
1415 1397 1597 1454 active

229 1478 603 1544 discerneret,
627 1484 684 1534 et
705 1478 886 1535 active
907 1478 1203 1535 inchoaret
1227 1493 1592 1534 consensum:

231 1565 456 1633 oportet
502 1575 656 1633 ergo,
701 1559 851 1632 quod
898 1559 1184 1616 auxilium
1225 1559 1439 1624 efficax,
1496 1574 1593 1615 seu

234 1657 594 1715 praemovens
614 1645 977 1712 comparetur
1004 1641 1206 1705 active,
1221 1645 1277 1696 et
1292 1639 1591 1706 infinitiva,

226 1727 288 1779 et
313 1721 621 1778 causaliter
647 1718 720 1775 ad
742 1721 1103 1794 operationes
1121 1725 1424 1776 creaturae.

35 1826 188 1871 cona...
308 1800 700 1858 Confirmatur
762 1799 1072 1858 evertendo
1137 1802 1442 1866 motivum,
1485 1814 1598 1872 quo

45 1876 171 1920 ¹¹¹²²¹⁰
230 1882 473 1939 Suarius
492 1879 740 1947 ducitur,
768 1887 830 1936 ut
849 1882 1142 1938 existimet
1162 1882 1446 1937 auxilium
1474 1880 1598 1938 effi-

45 1936 193 2020 flffiffi'
229 1981 358 2030 cax,
389 1979 488 2020 seu
518 1963 1053 2035 praedeoerminans,
1082 1969 1250 2035 prout
1270 1981 1303 2021 a
1329 1962 1599 2021 Thomis-

49 2025 182 2119 ,ξ’ῑᾎζ,
231 2045 308 2101 tis
335 2044 630 2108 asseritur,
681 2059 799 2100 non
826 2058 988 2116 posse
1013 2059 1357 2101 concurrere
1383 2044 1596 2110 active;

229 2130 289 2182 et
317 2123 744 2182 manifestando
764 2123 886 2197 ejus
907 2123 970 2179 in
1000 2123 1102 2180 hac
1144 2128 1303 2196 parte
1347 2123 1601 2196 aequivo-

230 2206 541 2262 cationem.
573 2208 719 2261 Nam
750 2203 878 2260 ideo
905 2203 1191 2260 auxilium
1219 2204 1436 2269 efficax,
1465 2218 1601 2275 qua-

234 2292 405 2342 tenus
434 2301 791 2359 praemovens
829 2288 886 2341 et
908 2284 1219 2356 applicanS,
1252 2300 1369 2341 non
1417 2287 1602 2355 posset

234 2367 420 2424 active
432 2381 776 2424 concurrere
794 2363 865 2420 ad
886 2365 1199 2421 voluntatis
1219 2364 1596 2436 operationes,

230 2448 375 2521 quia
400 2450 478 2504 ita
493 2452 780 2520 acceptum
805 2462 921 2503 non
944 2463 1004 2503 se
1032 2445 1201 2502 habet
1230 2460 1330 2517 per
1357 2443 1600 2502 modurn

235 2528 477 2584 virtutis
496 2529 820 2600 operativae,
847 2542 950 2583 nee
973 2530 1200 2598 praestat
1221 2527 1371 2582 vires
1390 2526 1602 2582 volun-

238 2609 348 2665 tati
373 2631 387 2665 z
435 2609 534 2665 sed
585 2609 699 2666 haec
745 2608 894 2665 ratio
934 2608 1155 2664 nullius
1203 2606 1425 2665 roboris
1469 2611 1555 2663 est
1586 2627 1599 2662 z

229 2706 399 2764 ergo,
453 2696 555 2747 etc.
605 2691 887 2748 Probatur
928 2690 1163 2748 minor:
1208 2695 1330 2746 tum
1374 2692 1511 2762 quia
1544 2687 1601 2744 id

231 2770 390 2845 quod
419 2786 520 2843 per
538 2786 599 2827 se
623 2775 679 2827 et
705 2770 776 2827 ab
801 2770 1113 2827 intrinseco
1137 2775 1223 2827 est
1247 2769 1602 2826 determina-

227 2853 315 2909 tio
339 2850 611 2924 potentiae
636 2853 851 2918 activae,
868 2848 1294 2908 debetactivese
1307 2848 1519 2907 habere
1534 2849 1604 2907 ad

231 2933 332 3007 huj
343 2950 410 2989 us
422 2932 687 3006 potentiae
703 2932 964 2989 effectum
975 2956 987 2997 ;
1000 2948 1111 3004 qua
1125 2932 1347 2988 ratione
1364 2929 1607 3003 probant

223 3014 631 3074 communiter
670 3014 999 3080 Thomistae,
1043 3013 1289 3085 speciem
1319 3013 1608 3087 intelligi-

229 3098 420 3155 bilem
462 3094 713 3153 influere
737 3095 919 3152 active
946 3095 1009 3151 in
1036 3094 1512 3161 intellectionem,
1546 3100 1608 3150 ut

225 3179 497 3237 vidimus
525 3186 688 3235 tract.
721 3180 776 3244 2,
805 3178 950 3250 disp
973 3179 1027 3242 2,
1059 3176 1188 3232 dub.
1218 3177 1273 3233 3.
1306 3176 1414 3233 Sed
1438 3177 1608 3232 auxi-

229 3262 381 3318 lium
411 3259 634 3324 efficax,
677 3259 809 3315 licet
840 3257 1240 3330 sub'conceptu
1277 3257 1608 3330 praemotio-

225 3343 322 3398 nis
350 3356 478 3398 non
501 3338 600 3395 det
619 3339 794 3404 vires,
824 3353 926 3394 nec
946 3337 1251 3394 constituat
1277 3342 1463 3393 actum
1494 3336 1609 3409 pri·

221 3438 415 3486 mum,
445 3416 549 3475 sed
574 3419 727 3483 illas,
751 3423 808 3474 et
835 3416 1007 3472 istum
1029 3421 1357 3489 supponat-3
1388 3416 1609 3474 nihilo-

221 3504 433 3559 minus
474 3499 585 3555 sub
623 3497 890 3572 praedicto
923 3504 1193 3570 conceptu
1230 3497 1417 3563 habet,
1459 3497 1608 3571 quod

220 3602 327 3659 per
367 3600 454 3651 se,
500 3588 560 3641 et
599 3581 670 3637 ab
725 3580 1037 3638 intrinseco
1085 3579 1161 3635 sit
1205 3578 1610 3637 determinatio

220 3664 507 3738 potentiae
538 3661 736 3718 activae
764 3685 777 3727 ;
808 3660 871 3717 in
895 3660 997 3717 hoc
1022 3660 1232 3733 quippe
1265 3661 1388 3734 ejus
1412 3676 1610 3717 essen-

217 3745 300 3802 tia
378 3742 658 3801 consistit
690 3763 703 3797 :
768 3757 904 3815 ergo
954 3741 1245 3798 concurrit
1309 3741 1490 3797 active
1540 3740 1609 3797 ad

177 3884 182 3887 ,
213 3828 606 3901 operationes
622 3824 908 3897 potentiae,
928 3838 1102 3895 quam
1127 3823 1609 3895 praemovet.Tum

209 3910 420 3974 eliam,
456 3905 608 3980 quia
646 3920 985 3962 concurrere
1030 3904 1211 3960 active
1253 3901 1321 3959 ad
1348 3903 1610 3959 effectum

219 3993 401 4047 latins
431 3994 618 4063 patet,
650 4003 824 4060 quam
854 4000 1197 4043 concurrere
1232 3998 1333 4058 per
1373 3985 1611 4042 modum

219 4073 534 4145 potentiae,
563 4070 658 4125 vel
684 4069 937 4134 virtutis,
964 4068 1053 4124 vel
1079 4071 1234 4123 actus
1263 4066 1614 4140 primi,actio

214 4157 385 4213 enim
418 4154 619 4211 active
639 4167 701 4207 se
724 4150 894 4207 habet
919 4148 990 4206 ad
1017 4149 1356 4214 terminum,
1392 4149 1522 4206 licet
1542 4148 1612 4205 ad

213 4254 356 4293 eum
389 4251 518 4292 non
549 4236 921 4304 comparetur
944 4246 1042 4303 per
1064 4229 1300 4287 modum
1324 4230 1608 4303 potentias,

215 4316 486 4380 virtutis,
517 4313 619 4369 vel
649 4317 806 4368 actus
831 4310 1008 4384 primi
1028 4335 1041 4378 ;
1061 4316 1119 4367 et
1137 4310 1336 4367 eadem
1357 4316 1443 4367 est
1470 4311 1615 4367 ratio

211 4401 286 4457 de
306 4394 1009 4456 concursu‘simultaneo
1035 4413 1049 4448 ε
1079 4407 1215 4466 ergo
1254 4409 1324 4449 ex
1350 4408 1436 4458 ρο,
1466 4391 1614 4465 quod

212 4480 525 4537 auxilinm
553 4476 760 4534 efficax
783 4490 900 4532 non
929 4479 1158 4548 praestet
1184 4474 1482 4542 virtutem,
1514 4490 1617 4531 nec

207 4561 544 4620 constituat
599 4555 919 4628 potentiam
971 4555 1035 4609 in
1075 4556 1200 4610 actu
1245 4554 1455 4626 primo,
1499 4552 1617 4609 mi-

213 4643 383 4697 nime
424 4637 718 4702 insertur,
751 4632 901 4707 quod
929 4648 1043 4689 non
1084 4639 1391 4689 concurrat
1436 4633 1618 4690 active

209 4720 288 4780 ad
319 4717 748 4794 operationem
795 4718 1089 4770 creaturae.
1138 4715 1286 4768 Tum
1316 4717 1613 4786 praeterea,

212 4818 358 4859 nam
389 4799 532 4857 ideo
563 4795 723 4852 actio
748 4809 812 4850 se
844 4792 1014 4851 habet
1040 4793 1225 4851 active
1258 4792 1329 4849 ad
1355 4791 1618 4849 effectum

211 4879 471 4959 agentis,
489 4875 650 4951 quia
675 4873 808 4930 licet
822 4888 937 4929 non
958 4871 1052 4930 det
1077 4873 1395 4939 vires,illas
1421 4878 1617 4929 tamen

211 4962 590 5025 formaliter,
625 4958 690 5012 et
717 4953 1086 5012 intransitive
1113 4953 1334 5011 reducit
1361 4953 1433 5010 ad
1458 4970 1620 5011 exer·

212 5048 425 5103 citium
455 5067 472 5110 ;
504 5046 570 5098 et
612 5035 759 5110 quia
803 5039 889 5090 est
933 5033 1009 5100 id,
1064 5035 1257 5093 medio
1293 5052 1406 5109 quo
1447 5051 1620 5110 agens

1725 588 1954 664 attingit
1978 589 2238 647 effectum
2271 590 2411 648 :sed
2449 591 2649 649 eadem
2690 591 3086 665 proportiona-

1725 668 1922 727 biliter
1949 671 2097 729 ratio
2142 672 2357 729 militat
2385 673 2448 729 in
2486 673 2705 731 auxilio
2729 672 2937 730 efficaci
2977 672 3084 728 sub

1724 756 1996 825 conceptu
2024 754 2450 826 praemoventi&
2479 756 2584 812 etsi
2610 755 2769 813 enim
2798 754 2953 811 vires
2979 754 3084 810 sub

1726 832 1832 889 hoc
1845 839 2114 906 conceptu
2138 850 2255 892 non
2276 835 2675 902 communicet,
2697 834 3084 892 nihilominus

1724 918 1810 970 est
1825 913 1880 969 id
1896 914 2085 972 medio
2099 931 2210 987 quo
2227 917 2374 972 Deus
2395 916 2622 989 attingit
2646 916 2860 987 praevie
2879 931 3078 988 opera-

1724 996 1911 1054 tiones
1936 1003 2229 1064 creaturae,
2259 1002 2316 1054 et
2360 997 2530 1072 hujus
2558 998 2712 1054 vires
2755 996 2974 1054 reducit
3013 997 3084 1053 ad

1725 1077 2063 1134 exercitium
2120 1099 2134 1134 :
2175 1093 2312 1152 ergo
2382 1078 2513 1134 licet
2583 1078 2870 1134 auxilium
2937 1095 3087 1150 prae-

1727 1172 1968 1214 movens
1995 1172 2112 1214 non
2141 1163 2364 1231 praestet
2385 1158 2557 1224 vires,
2581 1160 2872 1216 concurrit
2895 1163 3088 1215 tamen

1727 1239 1912 1295 active
1932 1236 2002 1294 ad
2046 1239 2406 1310 operationes
2456 1243 2751 1295 creaturae.
2797 1240 2945 1294 Tum
2981 1238 3087 1295 de-

1728 1321 1920 1393 nique,
1944 1320 2080 1392 quia
2102 1320 2234 1376 licet
2251 1320 2462 1377 dentur
2484 1321 2637 1378 vires
2658 1320 2998 1377 sufficientes
3027 1321 3089 1377 in

1727 1407 1854 1457 actu
1885 1401 2073 1473 primo
2100 1399 2169 1455 ad
2211 1400 2461 1472 aliquem
2489 1400 2772 1468 effectum,
2814 1401 2864 1457 si
2894 1405 3089 1458 tamen

1727 1487 1863 1539 sunt
1887 1498 1959 1539 ex
1984 1499 2045 1539 se
2084 1481 2497 1548 indifferentes,
2548 1489 2839 1557 nequeunt
2883 1483 3091 1540 elicere

1729 1562 2008 1619 actionem
2068 1561 2532 1631 determinatam,
2611 1564 2725 1620 nisi
2793 1564 2953 1635 prius
3024 1565 3089 1620 in

1727 1643 1932 1715 seipsis
1954 1641 2416 1710 determinentur
2442 1667 2457 1710 ;
2487 1660 2520 1700 a
2541 1660 2707 1700 causa
2733 1645 2892 1701 enim
2923 1643 3092 1701 inde-

1730 1723 2041 1780 terminata
2069 1724 2131 1778 in
2157 1727 2439 1795 quantum
2464 1725 2591 1789 tali,
2626 1725 2824 1797 nequit
2862 1724 3091 1783 effectus

1729 1801 2146 1860 determinatus
2168 1802 2427 1876 prodire:
2446 1804 2710 1877 quocirca
2738 1804 2795 1860 id
2820 1821 2921 1877 per
2940 1805 3091 1879 quod

1731 1881 2196 1939 determinantur
2248 1883 2401 1939 vires
2443 1884 2865 1958 praesuppositae
2915 1899 2987 1941 ex
3031 1900 3093 1940 se

1733 1961 2146 2029 indifferenteS,
2176 1965 2421 2036 complet
2461 1963 2592 2019 illas
2632 1966 2695 2021 in
2721 1980 2843 2021 esse
2871 1965 3092 2038 princi-

1734 2042 1814 2116 pii
1844 2043 2099 2109 actualia,
2129 2048 2186 2098 et
2212 2043 2580 2100 determinati
2610 2068 2626 2112 ;
2656 2050 2713 2101 et
2751 2060 3095 2118 consequen-

1733 2129 1819 2180 ter
1846 2121 2010 2180 debet
2033 2122 2213 2180 active
2240 2138 2300 2179 se
2338 2122 2553 2180 habere
2583 2122 2653 2179 ad
2693 2139 2895 2180 earum
2922 2123 3095 2181 effec-

1734 2212 1857 2262 tum
1904 2209 1967 2260 ut
2009 2203 2480 2271 determinatum,
2533 2204 2680 2261 sicut
2723 2210 2778 2262 et
2813 2204 3093 2278 praedictae

1733 2285 1887 2342 vires
1932 2284 2012 2341 ita
2054 2283 2450 2341 determinatae
2494 2300 2556 2341 se
2607 2283 2821 2341 habent
2872 2305 2886 2340 ε
2935 2286 3089 2360 atqui

1734 2365 2021 2423 auxilium
2046 2364 2262 2429 efficax,
2295 2365 2425 2421 licet
2464 2365 2746 2422 voluntati
2777 2381 2894 2422 non
2935 2382 3093 2423 com-

1734 2447 1990 2503 municet
2032 2446 2206 2511 vireS,
2254 2444 2639 2501 nihilominus
2684 2461 2778 2502 eas
2825 2447 3092 2519 supponit

1735 2525 2230 2590 indeterminatas,
2283 2526 2641 2597 potentiales,
2685 2542 3008 2598 suspensaS,
3040 2534 3097 2583 et

1734 2625 1864 2665 cum
1886 2606 2140 2681 quolibet
2163 2610 2424 2663 extremo
2444 2606 2844 2663 indifferenter
2861 2608 3097 2682 conjun-

1735 2687 1939 2764 gibiles
1971 2713 1984 2756 ;
2014 2693 2071 2744 et
2092 2704 2290 2745 rursus
2312 2703 2414 2760 per
2439 2687 2693 2760 seipsum
2722 2687 3090 2753 determinat,

1735 2775 1792 2826 et
1816 2768 2113 2826 constituit
2137 2766 2433 2842 praedictas
2454 2767 2608 2823 vires
2637 2767 2699 2822 in
2725 2783 2849 2824 esse
2877 2767 3058 2839 princi
3068 2800 3097 2810 -

1740 2851 1819 2926 pii
1849 2851 2086 2909 actualis
2137 2849 2488 2925 operationis
2538 2848 2969 2918 determinatim
3028 2849 3097 2907 ad

1742 2936 1845 2992 hoc
1863 2933 2075 3007 quippe
2097 2933 2379 3006 praecipue
2397 2930 2668 2997 deservit,
2704 2938 2763 2987 ut
2789 2938 3007 2990 constat
3027 2950 3099 2991 ex

1738 3014 1906 3071 dictis
1934 3015 1999 3070 in
2027 3013 2131 3070 hac
2155 3012 2561 3087 disputatione,
2596 3013 2716 3069 fere
2744 3029 2846 3087 per
2873 3018 3051 3070 totam
3084 3038 3096 3071 ε

1739 3112 1876 3170 ergo
1901 3096 2186 3152 auxilium
2206 3094 2422 3160 efficax,
2452 3110 2570 3151 non
2591 3095 2778 3152 solum
2801 3111 2912 3167 qua
2942 3101 3102 3169 parte

1741 3177 1973 3234 imbibit
2010 3177 2230 3250 aliquas
2254 3176 2405 3232 vires
2425 3175 2783 3243 sufficientes,
2803 3176 2900 3233 sed
2927 3177 3101 3233 etiam

1739 3274 1853 3332 qua
1880 3263 2038 3331 parte
2061 3261 2388 3329 praemovet,
2413 3261 2468 3312 et
2491 3257 2737 3329 applicat
2755 3257 2930 3325 vireS,
2962 3273 3103 3329 quas

1740 3340 2031 3413 supponit,
2075 3339 2367 3396 concurrit
2394 3339 2577 3394 active
2618 3338 2687 3394 ad
2717 3339 3096 3411 operationes,

1741 3429 1799 3480 et
1823 3422 2053 3479 effectus
2081 3425 2374 3477 creaturae.

1815 3507 1886 3560 Et
1914 3505 2051 3560 hinc
2096 3509 2245 3577 patet
2275 3502 2345 3560 ad
2388 3503 2661 3576 plurima,
2693 3519 2818 3575 qua}
2862 3503 3101 3559 Suarius
3132 3515 3289 3572 »totila

1742 3586 2096 3645 coacervavit
2126 3587 2236 3640 loco
2256 3589 2349 3642 cit.
2382 3603 2505 3658 cap.
2535 3586 2608 3641 33
2634 3603 2645 3648 ;
2669 3585 2867 3641 omnia
2892 3564 3318 3659 quippeeggffl'ffi

1744 3667 1813 3723 ad
1843 3667 1947 3722 hoc
1982 3664 2352 3731 reducuntur,
2383 3664 2528 3738 quod
2560 3665 2679 3737 ipse
2725 3663 3096 3737 imaginatur,
3164 3666 3247 3707 ¹1¹?-

1743 3746 1897 3803 nihil
1938 3760 2098 3817 posse
2126 3751 2353 3802 actuare
2380 3745 2714 3818 potentiam,
2741 3746 2881 3816 quin
2909 3745 2984 3801 sit
3011 3747 3102 3802 vel

1745 3831 1900 3883 actus
1952 3826 2193 3898 primus,
2243 3824 2347 3881 hoc
2371 3830 2474 3890 est,
2530 3824 2715 3880 virtus
2760 3826 3054 3899 operativa
3086 3850 3100 3891 ;

1745 3907 1838 3964 vel
1865 3911 2018 3961 actus
2038 3904 2338 3972 secunduS,
2371 3903 2428 3960 id
2450 3910 2533 3961 est
2560 3907 2818 3977 operatio
2851 3911 2941 3963 :et
2968 3905 3104 3963 inde

1744 3992 2029 4051 causatur,
2059 3984 2208 4058 quod
2256 4003 2384 4043 cum
2433 3985 2716 4043 auxilium
2745 3985 2939 4043 efficax
2984 4001 3103 4043 non

1744 4069 1819 4123 sit
1846 4068 2122 4141 operatio,
2152 4066 2357 4125 debeat
2398 4082 2519 4124 esse
2546 4066 2732 4123 virtus
2760 4067 3054 4138 operativa
3090 4090 3102 4123 :

1744 4162 1989 4219 cumque
2008 4147 2114 4204 sub
2154 4153 2422 4221 conceptu
2457 4147 2713 4213 efficacis,
2746 4163 2842 4204 seu
2870 4164 3109 4220 praemo·

1747 4228 1936 4286 ventis
1958 4244 2075 4285 non
2104 4228 2309 4286 habeat
2333 4244 2464 4286 esse
2485 4230 2659 4285 talem
2682 4228 2977 4295 virtutem,
3008 4229 3105 4284 in-

1748 4312 1862 4368 fert
1885 4309 2031 4382 quod
2054 4311 2131 4366 sit
2157 4312 2248 4367 vel
2279 4326 2439 4368 mera
2485 4311 2756 4377 conditio,
2788 4311 2880 4367 vel
2902 4310 3110 4367 entitas

1747 4393 1896 4457 ficta,
1928 4397 1986 4449 et
2012 4409 2223 4465 purum
2247 4393 2421 4450 nihil.
2446 4391 2554 4449 Sed
2590 4393 2709 4466 J‘am
2756 4392 3111 4449 ostendimus

1749 4473 2215 4531 insufficientiam
2270 4474 2432 4530 illius
2488 4472 2843 4531 dilemmatis
2895 4497 2909 4541 3
2973 4491 3110 4531 nam

1751 4555 1905 4611 inter
1933 4558 2120 4610 actum
2150 4554 2430 4627 primum,
2461 4557 2518 4610 et
2555 4553 2866 4610 secundum
2896 4554 3112 4627 optime

1749 4635 2089 4708 concipitur,
2147 4639 2202 4692 et
2251 4636 2437 4709 reipsa
2478 4634 2646 4691 datur
2693 4635 2910 4709 aliquid
2939 4652 2970 4693 a
2998 4639 3112 4694 Deo

1750 4716 2116 4789 impressum,
2147 4714 2296 4788 quod
2327 4721 2515 4772 actum
2549 4717 2804 4789 primum
2832 4714 3112 4772 determi—

1751 4801 1870 4863 nat,
1895 4798 1951 4852 et
1969 4796 2093 4870 conj
2101 4796 2263 4871 ungit
2284 4795 2679 4854 infallibiliter
2699 4795 3105 4853 cumsecundO.

1828 4877 1975 4932 Hinc
2011 4876 2186 4932 etiam
2215 4879 2453 4942 constat,
2484 4891 2654 4949 quem
2699 4875 2960 4934 effectum
3003 4876 3110 4933 ha-

1753 4954 1880 5013 beat
1896 4956 2197 5029 praemotio
2208 4955 2460 5029 physica,
2477 4972 2575 5013 seu
2590 4956 2873 5013 auxilium
2889 4955 3106 5013 efficax.

1753 5040 1899 5095 Nam
1921 5038 2043 5113 ejus
2065 5037 2294 5095 effectus
2315 5040 2378 5095 in
2404 5036 2615 5114 genere
2639 5055 2820 5098 causae
2842 5039 3108 5097 formalis
