3647 5753
603 491 704 547 146
1618 491 1710 545 DE
1749 489 2020 546 GRATIA
2056 490 2400 547 -EFFICACL

386 683 580 727 cursua-
677 665 865 729 Quare
893 681 922 722 a
948 665 1210 738 perdocto
1249 665 1353 724 hoc
1380 665 1632 723 Authore
1659 667 1844 737 posset
1864 663 1959 720 in-

393 731 567 825 'rinuffifss
600 745 775 817 quiri,
823 752 1016 805 utrum
1067 750 1269 824 legerit
1294 751 1557 805 Doctores
1608 746 1954 813 Themista&

387 829 580 884 teutgan—
601 841 740 900 quos
763 829 916 896 citat,
940 834 1032 889 vel
1068 849 1184 889 non
1206 836 1233 889 t>
1277 833 1347 886 Et
1385 846 1513 887 cum
1542 829 1648 886 hoc
1685 829 1957 884 ultimum

383 879 588 974 gfflffltss
601 911 871 983 praesumi
920 928 1035 970 non
1093 912 1310 981 debeat,
1354 929 1551 978 rursus
1585 910 1955 984 inquirimus,

601 1006 677 1047 an
718 992 781 1047 in
826 992 945 1048 illis
986 994 1264 1066 repererit
1319 992 1760 1067 intelligentiam
1793 991 1957 1047 illam

593 1087 795 1130 sensus
813 1076 1129 1147 compositi,
1147 1074 1404 1143 etdivisi,
1429 1090 1601 1146 quam
1620 1074 1756 1146 ipse,
1781 1079 1839 1130 et
1860 1074 1959 1146 qui

594 1167 729 1208 eum
783 1153 1106 1222 imitantur,
1151 1155 1685 1218 comminiscuntur,
1718 1169 1793 1210 an
1822 1169 1961 1210 vero

599 1233 782 1302 illam,
809 1250 978 1306 quam
1019 1238 1262 1293 Alvarez
1325 1251 1508 1308 nuper
1546 1233 1779 1294 docuit?
1826 1234 1962 1289 Pri-

597 1327 758 1368 mum
790 1315 1119 1371 nullatenus
1150 1315 1262 1372 dici
1286 1319 1466 1387 potest
1490 1339 1505 1382 3
1531 1329 1666 1370 nam
1693 1313 1831 1385 ipsae
1854 1328 1959 1384 pa-

594 1393 826 1468 ginae,et
841 1394 1014 1453 verba
1023 1397 1345 1470 oppositum
1358 1398 1689 1464 clamant,et
1704 1400 1958 1450 mentem

501 1509 508 1513 -
596 1474 948 1547 Scriptorum
967 1477 1154 1548 palam
1177 1478 1484 1550 explicant,
1504 1476 1656 1548 quin,
1668 1474 1961 1531 contraria

597 1552 977 1628 intelligentia
1018 1562 1185 1628 queat
1236 1557 1393 1630 ipsis,
1427 1555 1539 1612 nisi
1589 1553 1962 1628 injustissime

599 1632 858 1691 attribui.
914 1635 1074 1700 Quod
1121 1643 1219 1693 sest
1261 1636 1400 1694 adeo
1447 1635 1836 1709 perspicuum,
1899 1638 1962 1690 ut

384 1714 932 1782 ,mmsssranciscus
959 1719 1219 1773 Armatus
1243 1718 1458 1775 Jesuita
1498 1718 1559 1771 in
1580 1715 1672 1772 lib.
1703 1715 1769 1770 dc
1796 1715 1961 1770 liber-

597 1800 708 1849 tate
734 1796 1009 1863 inchoata,
1040 1814 1160 1870 cap.
1192 1799 1246 1865 2,
1271 1801 1302 1868 g
1330 1799 1384 1865 4,
1415 1795 1628 1853 dixerit
1662 1817 1674 1851 ε
1724 1817 1749 1848 α
1804 1793 1963 1850 Tho-

607 1895 632 1924 «
661 1873 845 1929 mistae
878 1890 1174 1950 nunquam
1213 1891 1446 1934 sensum
1475 1875 1871 1947 compositum,
1904 1878 1962 1931 et

605 1976 631 2006 «
660 1953 911 2012 divisum
938 1958 1019 2015 sic
1040 1960 1461 2032 explicuerunt,
1495 1962 1557 2012 ut
1581 1955 1842 2012 dicerent
1864 1970 1963 2012 vo·

605 2055 629 2084 α
660 2034 936 2093 luntatem
957 2055 1114 2111 posse
1137 2041 1399 2096 nnumin
1425 2054 1595 2095 sensu
1617 2035 1958 2109 composito;

603 2121 715 2173 «et
764 2118 826 2173 in
865 2134 1035 2176 sensu
1084 2120 1290 2187 diviso,
1342 2122 1445 2178 hoc
1484 2126 1571 2177 est
1624 2118 1956 2185 successive,

604 2218 628 2248 «
659 2203 826 2269 atque
870 2215 940 2256 ex
992 2200 1292 2275 hypothesi
1337 2199 1487 2274 quod
1531 2199 1632 2257 fiat
1694 2199 1956 2264 mutati0‚

604 2295 822 2352 «posse
865 2281 1133 2339 alterum.
1185 2285 1494 2356 Nunquam
1542 2280 1852 2338 Thomistae
1880 2280 1959 2335 ita

606 2381 630 2410 «
659 2375 893 2416 sensum
959 2362 1127 2417 illum
1172 2363 1569 2435 compositum,
1601 2365 1657 2418 et
1701 2359 1955 2416 divisum

604 2461 629 2490 α
657 2441 1073 2512 explicuerunt.
1092 2445 1196 2498 »Et
1215 2463 1338 2518 cap.
1360 2447 1412 2511 5,
1438 2447 1469 2514 g
1503 2446 1550 2507 l,
1576 2443 1657 2499 ait
1684 2465 1697 2497 ε
1729 2463 1754 2494 α
1779 2443 1959 2505 Quem

606 2518 963 2576 «invenient
1022 2524 1361 2580 Janseniani
1410 2524 1566 2579 inter
1610 2521 1955 2586 Thomistas‚

607 2619 632 2649 «
661 2598 760 2670 qui
793 2599 1060 2657 concedat
1086 2603 1165 2659 ita
1200 2603 1582 2659 necessarium
1629 2616 1751 2657 esse
1775 2599 1960 2672 quoad

608 2699 633 2729 ε(
662 2679 999 2735 exercitium
1069 2697 1428 2751 consensum,
1485 2695 1654 2754 quem
1695 2681 1961 2735 voluntas

606 2779 632 2808 «
661 2757 876 2830 praebet
911 2761 1153 2822 motioni
1198 2759 1702 2836 gratiae,.quandiu
1733 2759 1838 2817 illa
1864 2759 1959 2815 in-

609 2860 634 2890 «
663 2838 856 2909 haeret,
931 2841 1212 2916 quomodo
1262 2847 1347 2900 est
1393 2849 1572 2899 ‘amor
1644 2839 1954 2909 beatificus,

607 2941 635 2973 «
662 2921 915 2992 quandiu
962 2922 1133 2979 durat
1182 2923 1330 2980 visio
1356 2926 1383 2979 ?
1434 2925 1613 2987 Quem
1657 2923 1962 2980 invenient

603 3021 630 3052 «
657 3000 755 3072 qui
818 3000 1051 3069 dixerit,
1103 3003 1456 3060 voluntatem
1522 3002 1722 3061 divina
1774 3002 1960 3077 gratia

558 3109 565 3115 -
603 3102 628 3132 α
658 3076 1224 3153 praedeterminamm
1239 3099 1434 3140 carere
1463 3083 1728 3156 proxima
1754 3082 1823 3139 ad
1848 3081 1959 3138 dis-

603 3183 629 3213 α
657 3164 1022 3220 sentiendum
1071 3164 1323 3238 potentia
1351 3168 1378 3221 ?
1398 3168 1577 3230 Quem
1618 3163 1836 3220 dabunt
1859 3164 1957 3235 qui

605 3264 631 3294 «
660 3241 1087 3301 distinctionem
1119 3260 1319 3300 sensus
1364 3245 1680 3318 compositi,
1701 3250 1757 3300 et
1783 3242 1956 3300 divisi

606 3345 632 3377 α
660 3325 740 3380 sic
791 3325 1218 3399 interpretetur,
1253 3332 1314 3382 ut
1334 3342 1534 3384 sensus
1559 3328 1650 3394 sit,
1675 3326 1956 3383 volunta-

606 3427 633 3459 «
661 3410 777 3463 tem
806 3423 839 3464 a
863 3410 976 3465 Deo
995 3403 1211 3465 motam
1235 3424 1395 3481 posse
1421 3408 1745 3474 dissentire,
1770 3423 1958 3480 quan-

608 3507 634 3540 «
662 3486 735 3545 do
775 3489 878 3545 illa
899 3491 1075 3547 motio
1103 3489 1305 3557 aberit,
1330 3497 1388 3546 et
1414 3492 1714 3549 advenerit
1737 3490 1853 3546 alia
1875 3492 1902 3546 Ρ
1925 3511 1951 3540 »

602 3566 669 3622 Et
694 3567 894 3624 eodem
937 3569 1054 3626 sere
1098 3568 1268 3626 modo
1308 3569 1561 3643 loquitur
1598 3573 1850 3627 Joannes
1888 3568 1959 3626 de

389 3650 585 3705 Rimldn.
601 3647 843 3721 Ripalda
872 3652 965 3707 tib.
990 3653 1027 3708 2
1045 3660 1233 3708 contra
1254 3650 1518 3717 Βαίαηοε,
1542 3653 1685 3724 disp.
1720 3653 1802 3717 14,
1827 3658 1955 3707 sect.

598 3729 654 3796 5,
677 3736 727 3784 et
748 3731 888 3804 disp.
930 3734 1012 3800 16,
1043 3740 1167 3790 sect.
1200 3736 1255 3789 2.
1282 3731 1442 3797 Quod
1468 3749 1597 3789 cum
1621 3734 1703 3790 ita
1727 3731 1822 3800 sit,
1845 3749 1957 3805 qua

599 3810 823 3869 ratione
848 3814 1105 3881 Suarius,
1139 3815 1335 3871 relicta
1364 3814 1794 3871 Thomistarum
1834 3832 1957 3872 res-

597 3893 901 3963 ponsione,
928 3896 1102 3952 aliam
1155 3910 1327 3967 quam
1372 3895 1494 3967 ipse
1544 3894 1727 3970 fingit,
1760 3897 1957 3970 impu-

593 3978 729 4045 gnat
756 3975 783 4029 P
808 3976 995 4038 Quare
1034 3974 1096 4031 in
1128 3973 1444 4030 refellenda
1471 3973 1749 4041 doctrina,
1782 3992 1955 4048 quam

595 4065 714 4108 non
765 4058 1010 4121 tuemur,
1034 4070 1094 4111 se
1120 4058 1366 4125 occupat,
1401 4059 1567 4126 atque
1616 4053 1685 4110 ad
1717 4069 1956 4127 respon-

593 4134 816 4191 sionem
857 4152 891 4192 a
936 4136 1102 4193 nobis
1153 4151 1270 4192 non
1340 4133 1613 4191 traditam
1665 4134 1956 4193 divertit?

595 4216 778 4283 Certe,
803 4231 932 4272 cum
979 4213 1320 4273 incredibile
1346 4214 1438 4283 sit,
1472 4215 1811 4288 praedictum
1834 4218 1956 4272 Au-

592 4295 816 4353 thorem
856 4295 1270 4352 'rhomisticum
1296 4310 1530 4353 sensum
1561 4310 1678 4353 non
1717 4296 1957 4354 calluis-

557 4390 671 4444 *se‚
726 4375 823 4449 qui
869 4376 961 4432 vel
1006 4374 1204 4440 tardis,
1258 4380 1315 4432 et
1375 4374 1568 4431 bardis
1616 4375 1956 4433 hominibus

593 4462 792 4529 suapte
816 4457 939 4514 luce
966 4462 1201 4529 apparet
1230 4479 1244 4523 ;
1272 4460 1329 4512 et
1356 4455 1592 4513 aliunde
1618 4457 1788 4513 illum
1838 4472 1955 4514 non

595 4537 912 4612 impugnet,
953 4537 1052 4594 sed
1098 4539 1161 4594 in
1189 4537 1380 4593 alium·
1424 4537 1736 4595 invehatur
1789 4539 1956 4613 longe

595 4618 889 4676 diversum
922 4640 936 4676 z
963 4619 1101 4675 satis
1121 4617 1452 4675 verosimile
1476 4622 1579 4686 est,
1606 4618 1794 4691 ipsum
1826 4635 1955 4676 cen-

592 4700 772 4757 suisse
791 4705 967 4757 totam
990 4698 1421 4763 authoritatum‚
1441 4702 1498 4755 et
1513 4699 1803 4755 rationum
1826 4714 1956 4755 ma-

591 4783 825 4841 chinam
872 4798 905 4839 a
949 4796 1011 4838 se
1046 4785 1339 4846 structam,
1372 4794 1472 4852 per
1518 4778 1953 4837 distinctionem

593 4865 757 4922 illam
797 4878 996 4921 sensus
1031 4861 1346 4933 compositi,
1375 4865 1432 4916 et
1458 4858 1634 4916 divisi
1679 4859 1951 4934 legitime,

593 4962 657 5004 ac
682 4944 1028 5002 'rhomistice
1065 4942 1416 4999 intellectam
1461 4938 1750 5012 dissipari,
1780 4945 1840 4997 et
1866 4939 1954 4996 t'a-

591 5028 810 5085 cillime
844 5039 1200 5083 evanescere.
1230 5026 1397 5087 Nam,
1433 5026 1494 5077 ut
1510 5020 1744 5094 quidam
1781 5021 1948 5089 dixit,

593 5109 656 5165 in
683 5104 1029 5165 solidissimo
1074 5099 1352 5176 praedictae
1401 5100 1790 5158 distinctionis
1829 5117 1955 5159 osse

2092 663 2439 738 franguntur
2464 664 2663 722 dentes
2711 663 3176 738 impugnantium
3203 664 3439 738 gratiam

2091 762 2160 803 ex
2179 763 2241 804 se
2262 747 2561 804 efficacem.
2595 749 2741 803 Dum
2767 762 2902 820 ergo
2944 745 3266 820 legitimum
3293 745 3442 803 Tho-

2092 829 2396 885 mistarum
2416 844 2647 885 sensum
2668 827 3010 895 dissimulat,
3029 834 3085 883 et
3111 825 3182 882 ad
3204 826 3442 883 alterum

2092 908 2163 966 ab
2188 909 2272 965 eis
2291 910 2547 966 alienum
2575 909 2841 976 declinat,
2866 908 3032 967 tacite
3060 909 3230 964 illum
3252 923 3445 981 appro-

2091 989 2206 1047 bat.
2238 990 2296 1045 Si
2342 990 2503 1047 enim
2544 988 2846 1046 infirmum
2887 992 3160 1054 censeret,
3194 988 3303 1062 ipsi
3333 1004 3443 1046 non

2093 1074 2370 1143 parceret,
2399 1069 2497 1127 sed
2525 1071 2588 1126 in
2628 1070 2818 1142 ipsum
2871 1074 3364 1143 argumentorum,
3392 1074 3445 1124 et

2093 1152 2505 1209 authoritatum
2534 1153 2714 1209 aciem
2748 1150 3041 1226 dirigeret,
3074 1152 3221 1207 sicut
3245 1150 3309 1206 in
3337 1150 3445 1206 alia

2092 1249 2216 1307 quae
2255 1234 2467 1306 reperit
2496 1233 2921 1308 impugnationi
2968 1232 3154 1307 magis
3179 1231 3439 1288 obnoxia.

2093 1315 2258 1373 Unde
2289 1313 2562 1373 Ledesma
2586 1317 2729 1389 disp.
2759 1318 2926 1372 unica
2958 1316 3022 1370 de
3047 1315 3305 1380 auaeilt‘is,
3337 1309 3605 1369 macedam.

2101 1399 2184 1464 12,
2229 1414 2360 1470 pay.
2407 1399 2535 1464 263,
2588 1398 2822 1471 propria
2866 1396 3220 1470 ingenuitate
3263 1394 3441 1451 dixit:

2099 1501 2125 1533 α
2154 1479 2436 1536 Authores
2475 1478 2535 1534 hi
2559 1478 2620 1535 in
2643 1478 2773 1535 aliis
2811 1477 3072 1533 materiis
3098 1474 3448 1549 Theologicis

2100 1583 2125 1614 α
2155 1561 2303 1618 hanc
2330 1560 2759 1617 distinctionem
2797 1559 3164 1616 admittentes
3186 1557 3450 1631 rejiciunt

2099 1664 2125 1696 α
2154 1658 2282 1700 eam
2305 1641 2367 1698 in
2390 1641 2651 1714 praesenti
2673 1639 3076 1712 disputatione,
3095 1639 3229 1713 quia
3250 1653 3449 1695 eorum

2099 1744 2126 1776 «
2155 1728 2514 1797 argumenta,
2541 1720 2790 1777 admissa
2831 1720 2934 1776 hac
2965 1719 3335 1775 distinctione
3374 1722 3451 1790 (ut

2100 1829 2125 1859 α
2154 1804 2380 1860 admitti
2438 1802 2625 1873 debet)
2687 1801 2983 1858 evidenter
3046 1802 3353 1858 solvuntur
3422 1816 3454 1856 a

2100 1910 2126 1941 α
2153 1885 2488 1944 ThomistiS.
2521 1907 2544 1938 n
2574 1884 2805 1941 Relictis
2823 1883 2998 1958 igitur
3027 1883 3133 1951 his,
3161 1899 3284 1955 quae
3312 1885 3452 1939 Sua-

2095 1969 2216 2025 rius
2238 1974 2434 2025 contra
2477 1964 2907 2039 responsionem
2935 1981 3088 2020 num.
3114 1965 3225 2019 222
3268 1961 3469 2030 tradi-'

2072 2054 2232 2116 tam,
2267 2053 2327 2103 ut
2364 2047 2436 2104 ab
2481 2063 2547 2104 eo
2599 2046 2966 2118 propositam,
2998 2049 3055 2099 et
3094 2044 3444 2100 intellectam

2094 2130 2428 2196 accumulat,
2464 2134 2654 2200 utpote
2677 2125 3147 2199 quaeThomistas
3179 2140 3295 2182 non
3325 2130 3450 2180 tan-

2092 2215 2295 2345 guffiss·
2336 2284 2597 2344 Secundo
2642 2284 2938 2359 urgentius
2982 2283 3256 2357 objicies:
3298 2286 3345 2348 Q

2090 2692 2206 2749 caci
2229 2691 2491 2749 affectum
2535 2704 2695 2761 posse
2738 2688 2827 2744 illi
2860 2686 3182 2755 dissentire,
3213 2702 3453 2760 eamque

2092 2772 2337 2845 abjicere
2364 2792 2376 2827 :
2406 2786 2540 2845 ergo
2561 2771 2732 2826 homo
2765 2765 3030 2840 praedicta
3069 2767 3253 2841 gratia
3282 2768 3453 2825 affec-

2092 2858 2183 2910 tus
2227 2857 2410 2926 potest
2447 2850 2753 2908 dissentire
2794 2848 2856 2905 in
2901 2857 3072 2905 sensu
3119 2850 3450 2922 composito,

2093 2934 2198 2991 hoc
2239 2939 2323 2989 est
2350 2933 2441 2989 vel
2489 2926 2880 3003 componendo
2949 2924 3272 2985 dissensum
3324 2945 3454 2986 cum

2090 3016 2276 3088 gratia
2305 3012 2532 3078 efficaci,
2552 3011 2644 3067 vel
2666 3008 3032 3074 destruendO,
3047 3014 3102 3065 et
3116 3011 3460 3082 expellendo

2091 3095 2274 3167 ipsam
2326 3110 2424 3167 per
2450 3092 2771 3149 dissensum
2807 3089 2950 3147 :hoc
3004 3096 3193 3150 autem
3241 3092 3457 3147 salvari

2092 3191 2209 3233 non
2234 3181 2431 3249 potest,
2462 3175 2510 3231 si
2531 3173 2717 3249 gratia
2755 3172 2832 3228 sit
2851 3188 2919 3228 ex
2950 3189 3027 3239 se,
3059 3178 3117 3230 et
3143 3171 3213 3228 ab
3235 3173 3458 3230 intrin-

2090 3272 2215 3314 seco
2276 3255 2470 3313 efficax
2508 3278 2521 3321 ;
2567 3252 2852 3327 siquidem
2900 3252 3016 3309 haec
3066 3253 3456 3311 essentialiter

2090 3336 2445 3393 connectitur
2480 3351 2609 3391 cum
2650 3348 2951 3400 consensu,
2983 3338 3045 3388 ut
3069 3332 3269 3389 docent
3296 3350 3457 3391 com-

2090 3417 2349 3473 muniter
2375 3414 2685 3471 Thomistae
2715 3429 2887 3488 :ergo
2914 3412 3226 3470 secundum
3249 3415 3459 3471 Conci-

2091 3497 2235 3553 lium
2282 3495 2688 3552 Tridentinum
2728 3494 2914 3569 gratia
2962 3509 3077 3550 non
3128 3498 3210 3549 est
3261 3494 3457 3552 efficax

2089 3593 2160 3634 ex
2186 3591 2264 3641 se,
2295 3580 2351 3633 et
2372 3574 2442 3631 ab
2481 3574 2814 3631 intrinsece.
2841 3576 3052 3630 Caetera
3096 3579 3379 3641 constant,
3404 3582 3460 3632 et

2089 3659 2274 3732 maj0r
2323 3657 2496 3730 primi
2544 3654 2886 3731 syllogismi,
2940 3654 3001 3710 in
3042 3671 3154 3727 qua
3201 3656 3327 3713 sola
3371 3663 3458 3713 est

2088 3736 2405 3805 difficulta5‚
2438 3736 2605 3792 facile
2655 3733 2977 3792 ostenditur
3005 3755 3017 3789 ε
3045 3735 3326 3806 quoniam
3353 3734 3452 3791 ubi

2090 3832 2205 3875 non
2232 3822 2313 3874 est
2335 3816 2521 3891 gratia
2566 3830 2821 3881 movens,
2849 3814 3047 3886 nequit
3085 3829 3207 3871 esse
3232 3812 3454 3873 dissen—

2087 3913 2202 3964 sus,
2232 3895 2330 3953 sed
2355 3901 2439 3955 est
2459 3910 2620 3951 mera
2649 3894 2873 3968 negatio
2898 3909 3205 3953 consensus
3236 3918 3248 3962 ;
3278 3910 3457 3951 nemo

2087 3976 2295 4050 quippe
2321 3975 2531 4032 dicitur
2556 3974 2876 4039 dissentire,
2909 3989 2971 4030 ac
3002 3974 3287 4041 resistere,
3338 3974 3456 4031 nisi

2088 4055 2160 4113 ab
2180 4057 2293 4113 alio
2313 4060 2631 4123 moveatur,
2663 4059 2720 4111 et
2763 4052 3070 4110 inducatur
3106 4053 3176 4110 ad
3204 4054 3453 4127 aliquid.

2088 4137 2159 4192 Et
2196 4137 2468 4193 similiter
2505 4134 2601 4191 ubi
2628 4135 2818 4192 forma
2846 4150 2962 4191 non
2988 4135 3320 4208 praeexistit,
3354 4150 3456 4192 ne·

2086 4218 2211 4290 quit
2237 4216 2423 4291 abjici,
2441 4215 2723 4289 siquidem
2746 4213 3001 4288 abjectio,
3024 4216 3115 4272 vel
3142 4215 3461 4273 destructio

2087 4296 2252 4354 debet
2270 4313 2391 4354 esse
2420 4296 2503 4353 rei
2526 4296 2956 4368 praeexistentis.
2991 4297 3139 4371 Ergo
3165 4298 3461 4354 discenti-re

2082 4379 2274 4447 qratia
2309 4383 2359 4431 et
2385 4375 2615 4448 abjicere
2636 4378 2899 4446 qratiam,
2932 4376 3065 4433 facit
3096 4392 3166 4433 ex
3207 4377 3266 4434 vi
3310 4394 3452 4451 pro-

2089 4458 2345 4530 prietatis
2366 4457 2749 4515 terminorum
2775 4472 3012 4515 sensum
3039 4459 3444 4531 compositum.

2086 4538 2331 4594 Sinistre
2358 4537 2534 4611 igitur
2568 4537 2878 4595 Thomistae
2906 4537 3068 4595 illam
3099 4541 3451 4612 propositio-

2087 4635 2221 4676 nem
2273 4618 2636 4693 distinguunt
2666 4635 2837 4693 penes
2887 4635 3119 4676 sensum
3159 4624 3453 4695 composi-

2087 4705 2230 4766 tum,
2255 4704 2310 4756 et
2335 4698 2588 4755 divisum
2614 4723 2629 4767 ;
2660 4700 2739 4757 ita
2777 4701 2937 4761 enim
2980 4700 3271 4773 praesefert
3287 4717 3452 4760 com-

2088 4779 2353 4853 positum,
2381 4784 2443 4834 ut
2468 4778 2720 4837 divisum
2748 4796 2867 4838 non
2887 4779 3170 4838 admittat.

2162 4858 2557 4931 Respondetur
2620 4859 3028 4935 distinguendo
3091 4864 3375 4939 majorem
3434 4885 3614 4945 :nummi

2084 4938 2370 4995 dissentire
2409 4942 2621 5011 yratiae,
2665 4948 2715 4997 et
2755 4942 2986 5015 abjicere
3008 4945 3275 5013 qratiam,
3307 4947 3451 5018 facit

2084 5038 2300 5077 sensum
2339 5026 2715 5095 compositum,
2753 5039 2883 5080 cum
2924 5025 3109 5099 gratia
3135 5028 3448 5097 excitante,

2083 5108 2140 5160 et
2167 5109 2420 5170 vocante,
2463 5105 2861 5175 concedimus3
2890 5121 3020 5162 cum
3048 5108 3234 5181 gratia
3255 5110 3452 5168 effica-

3307 5192 3455 5250 citer

3352 2300 3447 2340 uo-
3481 2289 3611 2347 Diffici-

2095 2370 2253 2426 niam
2282 2366 2587 2425 dissentire
2605 2367 2819 2440 gratiae,
2846 2370 2904 2421 et
2922 2363 3165 2438 abjicere
3179 2365 3443 2438 gratiam,
3478 2339 3613 2441 1]ᾞὲῗῖ

2095 2449 2225 2506 facit
2245 2465 2316 2506 ex
2339 2449 2395 2504 vi
2419 2447 2782 2520 proprietatis
2810 2445 3195 2502 terminorum
3217 2460 3448 2502 sensum
3483 2442 3593 2539 Q

2092 2529 2468 2601 compositum
2503 2549 2516 2583 ε
2558 2526 2656 2583 sed
2695 2526 3014 2584 Concilium
3041 2524 3450 2582 'tridentinum
3474 2523 3607 2581 ttouein

2091 2610 2358 2677 declarat,
2392 2625 2455 2665 ac
2503 2607 2731 2675 diffinit,
2767 2608 3061 2663 hominem
3112 2607 3300 2680 gratia
3332 2586 3611 2680 effl-Tftii‘ffiff’
