<?xml version="1.0" encoding="UTF-8"?>
<!DOCTYPE html PUBLIC "-//W3C//DTD XHTML 1.0 Transitional//EN"
    "http://www.w3.org/TR/xhtml1/DTD/xhtml1-transitional.dtd">
<html xmlns="http://www.w3.org/1999/xhtml" xml:lang="en" lang="en">
 <head>
  <title>
</title>
<meta http-equiv="Content-Type" content="text/html;charset=utf-8" />
  <meta name='ocr-system' content='tesseract 3.04.00' />
  <meta name='ocr-capabilities' content='ocr_page ocr_carea ocr_par ocr_line ocrx_word'/>
</head>
<body>
  <div class='ocr_page' id='page_1' title='image "./collegiisalmant00carmgoog_0579.png"; bbox 0 0 3647 5753; ppageno 0'>
   <div class='ocr_carea' id='block_1_1' title="bbox 115 2972 269 3025">
    <p class='ocr_par' dir='ltr' id='par_1_1' title="bbox 115 2972 269 3025">
     <span class='ocr_line' id='line_1_1' title="bbox 115 2972 269 3025; baseline 0 -10"><span class='ocrx_word' id='word_1_1' title='bbox 115 2972 269 3025; x_wconf 75' lang='lat' dir='ltr'><strong>opinio</strong></span> 
     </span>
    </p>
   </div>
   <div class='ocr_carea' id='block_1_2' title="bbox 1447 426 3166 496">
    <p class='ocr_par' dir='ltr' id='par_1_2' title="bbox 1447 426 3166 496">
     <span class='ocr_line' id='line_1_2' title="bbox 1447 426 3166 496; baseline 0.01 -17"><span class='ocrx_word' id='word_1_2' title='bbox 1447 426 1625 482; x_wconf 87' lang='lat' dir='ltr'><strong>DISP.</strong></span> <span class='ocrx_word' id='word_1_3' title='bbox 1671 427 1766 493; x_wconf 90' lang='lat'><strong>111,</strong></span> <span class='ocrx_word' id='word_1_4' title='bbox 1809 427 1975 485; x_wconf 88' lang='lat' dir='ltr'><strong>DUB.</strong></span> <span class='ocrx_word' id='word_1_5' title='bbox 2021 430 2090 486; x_wconf 89' lang='lat'><strong>11.</strong></span> <span class='ocrx_word' id='word_1_6' title='bbox 3054 440 3166 496; x_wconf 85' lang='lat'><strong>557</strong></span> 
     </span>
    </p>
   </div>
   <div class='ocr_carea' id='block_1_3' title="bbox 301 593 1669 2543">
    <p class='ocr_par' dir='ltr' id='par_1_3' title="bbox 301 593 1669 2543">
     <span class='ocr_line' id='line_1_3' title="bbox 305 593 1667 662; baseline 0.003 -12"><span class='ocrx_word' id='word_1_7' title='bbox 305 597 462 653; x_wconf 88' lang='lat' dir='ltr'><strong>tione</strong></span> <span class='ocrx_word' id='word_1_8' title='bbox 491 593 805 662; x_wconf 88' lang='lat' dir='ltr'><strong>Pontificis,</strong></span> <span class='ocrx_word' id='word_1_9' title='bbox 849 600 912 651; x_wconf 92' lang='lat' dir='ltr'><strong>ut</strong></span> <span class='ocrx_word' id='word_1_10' title='bbox 937 600 1155 652; x_wconf 87' lang='lat' dir='ltr'><strong>constat</strong></span> <span class='ocrx_word' id='word_1_11' title='bbox 1183 596 1245 652; x_wconf 89' lang='lat' dir='ltr'><strong>in</strong></span> <span class='ocrx_word' id='word_1_12' title='bbox 1288 596 1667 654; x_wconf 89' lang='lat' dir='ltr'><strong>matrimonio</strong></span> 
     </span>
     <span class='ocr_line' id='line_1_4' title="bbox 307 676 1666 751; baseline -0.001 -17"><span class='ocrx_word' id='word_1_13' title='bbox 307 684 449 736; x_wconf 83' lang='lat' dir='ltr'><strong>ratO.</strong></span> <span class='ocrx_word' id='word_1_14' title='bbox 483 676 877 747; x_wconf 87' lang='lat' dir='ltr'><strong>Respondetur</strong></span> <span class='ocrx_word' id='word_1_15' title='bbox 903 677 1133 732; x_wconf 81' lang='lat' dir='ltr'><strong>secundo</strong></span> <span class='ocrx_word' id='word_1_16' title='bbox 1161 677 1421 751; x_wconf 88' lang='lat' dir='ltr'><strong>negando</strong></span> <span class='ocrx_word' id='word_1_17' title='bbox 1464 693 1666 735; x_wconf 89' lang='lat' dir='ltr'><strong>conse-</strong></span> 
     </span>
     <span class='ocr_line' id='line_1_5' title="bbox 303 756 1666 832; baseline 0.001 -19"><span class='ocrx_word' id='word_1_18' title='bbox 303 758 624 832; x_wconf 87' lang='lat' dir='ltr'><strong>quentiam.</strong></span> <span class='ocrx_word' id='word_1_19' title='bbox 643 758 711 811; x_wconf 87' lang='lat' dir='ltr'><strong>Et</strong></span> <span class='ocrx_word' id='word_1_20' title='bbox 734 757 880 814; x_wconf 89' lang='lat' dir='ltr'><strong>ratio</strong></span> <span class='ocrx_word' id='word_1_21' title='bbox 902 756 1253 829; x_wconf 84' lang='lat' dir='ltr'><strong>disparitatis</strong></span> <span class='ocrx_word' id='word_1_22' title='bbox 1268 763 1368 826; x_wconf 87' lang='lat' dir='ltr'><strong>est,</strong></span> <span class='ocrx_word' id='word_1_23' title='bbox 1390 759 1666 831; x_wconf 91' lang='lat' dir='ltr'><strong>quoniam</strong></span> 
     </span>
     <span class='ocr_line' id='line_1_6' title="bbox 304 836 1667 911; baseline 0.001 -18"><span class='ocrx_word' id='word_1_24' title='bbox 304 838 368 893; x_wconf 90' lang='lat' dir='ltr'><strong>in</strong></span> <span class='ocrx_word' id='word_1_25' title='bbox 415 836 688 893; x_wconf 90' lang='lat' dir='ltr'><strong>humanis</strong></span> <span class='ocrx_word' id='word_1_26' title='bbox 734 852 854 894; x_wconf 92' lang='lat' dir='ltr'><strong>non</strong></span> <span class='ocrx_word' id='word_1_27' title='bbox 904 836 1074 893; x_wconf 88' lang='lat' dir='ltr'><strong>datur</strong></span> <span class='ocrx_word' id='word_1_28' title='bbox 1125 836 1343 910; x_wconf 89' lang='lat' dir='ltr'><strong>aliquid</strong></span> <span class='ocrx_word' id='word_1_29' title='bbox 1395 840 1667 911; x_wconf 85' lang='lat' dir='ltr'>supplens</span> 
     </span>
     <span class='ocr_line' id='line_1_7' title="bbox 307 919 1667 986; baseline 0.002 -12"><span class='ocrx_word' id='word_1_30' title='bbox 307 920 661 978; x_wconf 88' lang='lat' dir='ltr'><strong>voluntatem</strong></span> <span class='ocrx_word' id='word_1_31' title='bbox 709 919 1210 986; x_wconf 89' lang='lat' dir='ltr'><strong>contrahentium;</strong></span> <span class='ocrx_word' id='word_1_32' title='bbox 1251 926 1307 976; x_wconf 88' lang='lat' dir='ltr'><strong>et</strong></span> <span class='ocrx_word' id='word_1_33' title='bbox 1355 919 1482 977; x_wconf 92' lang='lat' dir='ltr'><strong>ideo</strong></span> <span class='ocrx_word' id='word_1_34' title='bbox 1528 936 1667 977; x_wconf 91' lang='lat' dir='ltr'><strong>con-</strong></span> 
     </span>
     <span class='ocr_line' id='line_1_8' title="bbox 306 998 1664 1057; baseline 0 -2"><span class='ocrx_word' id='word_1_35' title='bbox 306 1005 518 1056; x_wconf 90' lang='lat' dir='ltr'><strong>tractus</strong></span> <span class='ocrx_word' id='word_1_36' title='bbox 569 1000 745 1056; x_wconf 88' lang='lat' dir='ltr'><strong>semel</strong></span> <span class='ocrx_word' id='word_1_37' title='bbox 799 998 978 1055; x_wconf 88' lang='lat' dir='ltr'><strong>factus</strong></span> <span class='ocrx_word' id='word_1_38' title='bbox 1027 1001 1148 1057; x_wconf 91' lang='lat' dir='ltr'><strong>sola</strong></span> <span class='ocrx_word' id='word_1_39' title='bbox 1197 1001 1664 1057; x_wconf 85' lang='lat' dir='ltr'><strong>contrahentium</strong></span> 
     </span>
     <span class='ocr_line' id='line_1_9' title="bbox 304 1080 1666 1155; baseline -0.001 -16"><span class='ocrx_word' id='word_1_40' title='bbox 304 1083 602 1141; x_wconf 82' lang='lat' dir='ltr'><strong>voluntate</strong></span> <span class='ocrx_word' id='word_1_41' title='bbox 630 1087 809 1155; x_wconf 90' lang='lat' dir='ltr'><strong>potest</strong></span> <span class='ocrx_word' id='word_1_42' title='bbox 837 1080 1095 1138; x_wconf 77' lang='lat' dir='ltr'><strong>dissolvi.</strong></span> <span class='ocrx_word' id='word_1_43' title='bbox 1128 1086 1410 1139; x_wconf 81' lang='lat' dir='ltr'><strong>Caeterum</strong></span> <span class='ocrx_word' id='word_1_44' title='bbox 1439 1082 1502 1138; x_wconf 90' lang='lat' dir='ltr'><strong>in</strong></span> <span class='ocrx_word' id='word_1_45' title='bbox 1530 1098 1666 1138; x_wconf 91' lang='lat' dir='ltr'><strong>nos-</strong></span> 
     </span>
     <span class='ocr_line' id='line_1_10' title="bbox 305 1164 1664 1238; baseline -0.002 -16"><span class='ocrx_word' id='word_1_46' title='bbox 305 1172 394 1222; x_wconf 92' lang='lat' dir='ltr'><strong>tro</strong></span> <span class='ocrx_word' id='word_1_47' title='bbox 442 1181 571 1222; x_wconf 89' lang='lat' dir='ltr'><strong>casu</strong></span> <span class='ocrx_word' id='word_1_48' title='bbox 618 1165 804 1238; x_wconf 85' lang='lat' dir='ltr'><strong>gratia</strong></span> <span class='ocrx_word' id='word_1_49' title='bbox 851 1164 1163 1221; x_wconf 82' lang='lat' dir='ltr'><strong>habitualis</strong></span> <span class='ocrx_word' id='word_1_50' title='bbox 1207 1165 1434 1237; x_wconf 84' lang='lat' dir='ltr'>supplet</span> <span class='ocrx_word' id='word_1_51' title='bbox 1481 1164 1664 1220; x_wconf 89' lang='lat' dir='ltr'><strong>vicem</strong></span> 
     </span>
     <span class='ocr_line' id='line_1_11' title="bbox 302 1245 1666 1326; baseline -0.003 -23"><span class='ocrx_word' id='word_1_52' title='bbox 302 1261 611 1304; x_wconf 90' lang='lat' dir='ltr'><strong>consensus</strong></span> <span class='ocrx_word' id='word_1_53' title='bbox 641 1245 807 1326; x_wconf 77' lang='lat' dir='ltr'><strong>liberi</strong></span> <span class='ocrx_word' id='word_1_54' title='bbox 849 1251 1130 1319; x_wconf 87' lang='lat' dir='ltr'><strong>quantum</strong></span> <span class='ocrx_word' id='word_1_55' title='bbox 1162 1246 1232 1303; x_wconf 90' lang='lat' dir='ltr'><strong>ad</strong></span> <span class='ocrx_word' id='word_1_56' title='bbox 1272 1246 1534 1304; x_wconf 80' lang='lat' dir='ltr'><strong>effectum</strong></span> <span class='ocrx_word' id='word_1_57' title='bbox 1563 1260 1666 1300; x_wconf 85' lang='lat' dir='ltr'><strong>ex-</strong></span> 
     </span>
     <span class='ocr_line' id='line_1_12' title="bbox 304 1325 1667 1400; baseline -0.003 -15"><span class='ocrx_word' id='word_1_58' title='bbox 304 1327 572 1385; x_wconf 86' lang='lat' dir='ltr'><strong>cludendi</strong></span> <span class='ocrx_word' id='word_1_59' title='bbox 601 1333 888 1400; x_wconf 88' lang='lat' dir='ltr'><strong>peccatum</strong></span> <span class='ocrx_word' id='word_1_60' title='bbox 924 1325 1249 1395; x_wconf 90' lang='lat' dir='ltr'><strong>habituale;</strong></span> <span class='ocrx_word' id='word_1_61' title='bbox 1277 1333 1333 1382; x_wconf 90' lang='lat' dir='ltr'><strong>et</strong></span> <span class='ocrx_word' id='word_1_62' title='bbox 1371 1327 1501 1383; x_wconf 92' lang='lat' dir='ltr'><strong>ideo</strong></span> <span class='ocrx_word' id='word_1_63' title='bbox 1540 1326 1667 1381; x_wconf 90' lang='lat' dir='ltr'><strong>sine</strong></span> 
     </span>
     <span class='ocr_line' id='line_1_13' title="bbox 305 1410 1664 1483; baseline -0.003 -17"><span class='ocrx_word' id='word_1_64' title='bbox 305 1410 490 1468; x_wconf 89' lang='lat' dir='ltr'><strong>libero</strong></span> <span class='ocrx_word' id='word_1_65' title='bbox 530 1410 784 1466; x_wconf 91' lang='lat' dir='ltr'><strong>hominis</strong></span> <span class='ocrx_word' id='word_1_66' title='bbox 829 1425 1107 1466; x_wconf 89' lang='lat' dir='ltr'><strong>consensu</strong></span> <span class='ocrx_word' id='word_1_67' title='bbox 1153 1414 1331 1483; x_wconf 89' lang='lat' dir='ltr'><strong>potest</strong></span> <span class='ocrx_word' id='word_1_68' title='bbox 1376 1413 1664 1482; x_wconf 87' lang='lat' dir='ltr'><strong>peccatum</strong></span> 
     </span>
     <span class='ocr_line' id='line_1_14' title="bbox 304 1487 1664 1547; baseline -0.003 0"><span class='ocrx_word' id='word_1_69' title='bbox 304 1490 598 1547; x_wconf 89' lang='lat' dir='ltr'><strong>habituale</strong></span> <span class='ocrx_word' id='word_1_70' title='bbox 663 1489 844 1546; x_wconf 90' lang='lat' dir='ltr'><strong>libere</strong></span> <span class='ocrx_word' id='word_1_71' title='bbox 908 1496 1263 1546; x_wconf 88' lang='lat' dir='ltr'><strong>contractum</strong></span> <span class='ocrx_word' id='word_1_72' title='bbox 1327 1487 1664 1546; x_wconf 79' lang='lat' dir='ltr'><strong>excludere.</strong></span> 
     </span>
     <span class='ocr_line' id='line_1_15' title="bbox 304 1571 1664 1644; baseline -0.001 -16"><span class='ocrx_word' id='word_1_73' title='bbox 304 1574 632 1630; x_wconf 86' lang='lat' dir='ltr'><strong>Praesertim</strong></span> <span class='ocrx_word' id='word_1_74' title='bbox 679 1573 814 1644; x_wconf 89' lang='lat' dir='ltr'><strong>quia</strong></span> <span class='ocrx_word' id='word_1_75' title='bbox 867 1577 1155 1643; x_wconf 84' lang='lat' dir='ltr'><strong>peccatum</strong></span> <span class='ocrx_word' id='word_1_76' title='bbox 1201 1571 1496 1627; x_wconf 89' lang='lat' dir='ltr'><strong>habituale</strong></span> <span class='ocrx_word' id='word_1_77' title='bbox 1548 1586 1664 1628; x_wconf 92' lang='lat' dir='ltr'><strong>non</strong></span> 
     </span>
     <span class='ocr_line' id='line_1_16' title="bbox 301 1652 1667 1713; baseline -0.001 -2"><span class='ocrx_word' id='word_1_78' title='bbox 301 1656 561 1713; x_wconf 85' lang='lat' dir='ltr'><strong>consistit</strong></span> <span class='ocrx_word' id='word_1_79' title='bbox 602 1655 925 1711; x_wconf 81' lang='lat' dir='ltr'><strong>formaliter</strong></span> <span class='ocrx_word' id='word_1_80' title='bbox 952 1655 1015 1709; x_wconf 90' lang='lat' dir='ltr'><strong>in</strong></span> <span class='ocrx_word' id='word_1_81' title='bbox 1058 1652 1241 1709; x_wconf 88' lang='lat' dir='ltr'><strong>libera</strong></span> <span class='ocrx_word' id='word_1_82' title='bbox 1281 1653 1667 1711; x_wconf 88' lang='lat' dir='ltr'><strong>contractione</strong></span> 
     </span>
     <span class='ocr_line' id='line_1_17' title="bbox 305 1734 1668 1810; baseline -0.004 -17"><span class='ocrx_word' id='word_1_83' title='bbox 305 1737 647 1809; x_wconf 84' lang='lat' dir='ltr'><strong>privationis</strong></span> <span class='ocrx_word' id='word_1_84' title='bbox 673 1737 873 1810; x_wconf 79' lang='lat' dir='ltr'><strong>gratiae</strong></span> <span class='ocrx_word' id='word_1_85' title='bbox 900 1752 911 1796; x_wconf 87' lang='lat'>;</span> <span class='ocrx_word' id='word_1_86' title='bbox 941 1735 1045 1791; x_wconf 88' lang='lat' dir='ltr'><strong>illa</strong></span> <span class='ocrx_word' id='word_1_87' title='bbox 1072 1735 1232 1790; x_wconf 89' lang='lat' dir='ltr'><strong>enim</strong></span> <span class='ocrx_word' id='word_1_88' title='bbox 1254 1734 1563 1790; x_wconf 88' lang='lat' dir='ltr'><strong>contractio</strong></span> <span class='ocrx_word' id='word_1_89' title='bbox 1583 1738 1668 1789; x_wconf 89' lang='lat' dir='ltr'><strong>est</strong></span> 
     </span>
     <span class='ocr_line' id='line_1_18' title="bbox 305 1814 1669 1890; baseline -0.004 -15"><span class='ocrx_word' id='word_1_90' title='bbox 305 1824 458 1875; x_wconf 89' lang='lat' dir='ltr'><strong>actus</strong></span> <span class='ocrx_word' id='word_1_91' title='bbox 501 1820 725 1890; x_wconf 88' lang='lat' dir='ltr'><strong>peccati,</strong></span> <span class='ocrx_word' id='word_1_92' title='bbox 771 1818 868 1890; x_wconf 91' lang='lat' dir='ltr'><strong>qui</strong></span> <span class='ocrx_word' id='word_1_93' title='bbox 913 1817 1228 1889; x_wconf 63' lang='lat' dir='ltr'><strong>praeteriit:</strong></span> <span class='ocrx_word' id='word_1_94' title='bbox 1270 1814 1369 1871; x_wconf 88' lang='lat' dir='ltr'><strong>sed</strong></span> <span class='ocrx_word' id='word_1_95' title='bbox 1411 1816 1669 1872; x_wconf 84' lang='lat' dir='ltr'><strong>consistit</strong></span> 
     </span>
     <span class='ocr_line' id='line_1_19' title="bbox 307 1897 1667 1972; baseline -0.001 -17"><span class='ocrx_word' id='word_1_96' title='bbox 307 1901 630 1958; x_wconf 85' lang='lat' dir='ltr'><strong>formaliter</strong></span> <span class='ocrx_word' id='word_1_97' title='bbox 670 1901 732 1956; x_wconf 92' lang='lat' dir='ltr'><strong>in</strong></span> <span class='ocrx_word' id='word_1_98' title='bbox 775 1900 1099 1972; x_wconf 84' lang='lat' dir='ltr'><strong>privatione</strong></span> <span class='ocrx_word' id='word_1_99' title='bbox 1136 1898 1336 1972; x_wconf 73' lang='lat' dir='ltr'><strong>gratim</strong></span> <span class='ocrx_word' id='word_1_100' title='bbox 1376 1898 1558 1954; x_wconf 89' lang='lat' dir='ltr'><strong>libere</strong></span> <span class='ocrx_word' id='word_1_101' title='bbox 1596 1897 1667 1954; x_wconf 86' lang='lat' dir='ltr'><strong>de</strong></span> 
     </span>
     <span class='ocr_line' id='line_1_20' title="bbox 307 1980 1665 2056; baseline -0.001 -17"><span class='ocrx_word' id='word_1_102' title='bbox 307 1984 593 2056; x_wconf 82' lang='lat' dir='ltr'><strong>praeterito</strong></span> <span class='ocrx_word' id='word_1_103' title='bbox 620 1988 925 2039; x_wconf 89' lang='lat' dir='ltr'><strong>contracta.</strong></span> <span class='ocrx_word' id='word_1_104' title='bbox 956 1981 1121 2038; x_wconf 87' lang='lat' dir='ltr'><strong>Unde</strong></span> <span class='ocrx_word' id='word_1_105' title='bbox 1151 1980 1219 2037; x_wconf 88' lang='lat' dir='ltr'><strong>ad</strong></span> <span class='ocrx_word' id='word_1_106' title='bbox 1247 1986 1535 2053; x_wconf 88' lang='lat' dir='ltr'><strong>peccatum</strong></span> <span class='ocrx_word' id='word_1_107' title='bbox 1559 1981 1665 2038; x_wconf 88' lang='lat' dir='ltr'><strong>ha-</strong></span> 
     </span>
     <span class='ocr_line' id='line_1_21' title="bbox 304 2060 1666 2135; baseline -0.001 -16"><span class='ocrx_word' id='word_1_108' title='bbox 304 2062 518 2120; x_wconf 89' lang='lat' dir='ltr'><strong>bituale</strong></span> <span class='ocrx_word' id='word_1_109' title='bbox 545 2061 964 2120; x_wconf 83' lang='lat' dir='ltr'><strong>excludendum</strong></span> <span class='ocrx_word' id='word_1_110' title='bbox 992 2077 1108 2118; x_wconf 90' lang='lat' dir='ltr'><strong>non</strong></span> <span class='ocrx_word' id='word_1_111' title='bbox 1141 2061 1460 2135; x_wconf 85' lang='lat' dir='ltr'><strong>requiritur</strong></span> <span class='ocrx_word' id='word_1_112' title='bbox 1482 2060 1666 2118; x_wconf 86' lang='lat' dir='ltr'><strong>libera</strong></span> 
     </span>
     <span class='ocr_line' id='line_1_22' title="bbox 307 2141 1666 2217; baseline -0.001 -16"><span class='ocrx_word' id='word_1_113' title='bbox 307 2144 550 2216; x_wconf 89' lang='lat' dir='ltr'><strong>receptio</strong></span> <span class='ocrx_word' id='word_1_114' title='bbox 587 2143 803 2217; x_wconf 67' lang='lat' dir='ltr'><strong>gratias,</strong></span> <span class='ocrx_word' id='word_1_115' title='bbox 834 2142 934 2199; x_wconf 90' lang='lat' dir='ltr'><strong>sed</strong></span> <span class='ocrx_word' id='word_1_116' title='bbox 973 2141 1178 2198; x_wconf 85' lang='lat' dir='ltr'><strong>sufficit</strong></span> <span class='ocrx_word' id='word_1_117' title='bbox 1216 2141 1402 2216; x_wconf 91' lang='lat' dir='ltr'><strong>gratia</strong></span> <span class='ocrx_word' id='word_1_118' title='bbox 1441 2158 1666 2215; x_wconf 90' lang='lat' dir='ltr'><strong>quoquo</strong></span> 
     </span>
     <span class='ocr_line' id='line_1_23' title="bbox 306 2225 1659 2299; baseline -0.001 -15"><span class='ocrx_word' id='word_1_119' title='bbox 306 2228 474 2285; x_wconf 90' lang='lat' dir='ltr'><strong>modo</strong></span> <span class='ocrx_word' id='word_1_120' title='bbox 502 2227 828 2296; x_wconf 77' lang='lat' dir='ltr'><strong>recipiatur,</strong></span> <span class='ocrx_word' id='word_1_121' title='bbox 861 2232 922 2282; x_wconf 90' lang='lat' dir='ltr'><strong>ut</strong></span> <span class='ocrx_word' id='word_1_122' title='bbox 949 2243 1123 2299; x_wconf 91' lang='lat' dir='ltr'><strong>supra</strong></span> <span class='ocrx_word' id='word_1_123' title='bbox 1150 2225 1480 2283; x_wconf 86' lang='lat' dir='ltr'><strong>dicebamus</strong></span> <span class='ocrx_word' id='word_1_124' title='bbox 1506 2244 1659 2282; x_wconf 80' lang='lat' dir='ltr'><strong>num.</strong></span> 
     </span>
     <span class='ocr_line' id='line_1_24' title="bbox 304 2306 1668 2384; baseline -0.001 -20"><span class='ocrx_word' id='word_1_125' title='bbox 304 2311 395 2366; x_wconf 82' lang='lat'><strong>35.</strong></span> <span class='ocrx_word' id='word_1_126' title='bbox 429 2307 587 2373; x_wconf 89' lang='lat' dir='ltr'><strong>Quod</strong></span> <span class='ocrx_word' id='word_1_127' title='bbox 617 2310 797 2384; x_wconf 89' lang='lat' dir='ltr'><strong>magis</strong></span> <span class='ocrx_word' id='word_1_128' title='bbox 818 2307 1098 2365; x_wconf 88' lang='lat' dir='ltr'><strong>constabit</strong></span> <span class='ocrx_word' id='word_1_129' title='bbox 1125 2306 1474 2364; x_wconf 89' lang='lat' dir='ltr'><strong>occurrendo</strong></span> <span class='ocrx_word' id='word_1_130' title='bbox 1502 2323 1668 2382; x_wconf 85' lang='lat' dir='ltr'><strong>argu-</strong></span> 
     </span>
     <span class='ocr_line' id='line_1_25' title="bbox 305 2390 1666 2464; baseline -0.001 -18"><span class='ocrx_word' id='word_1_131' title='bbox 305 2392 515 2447; x_wconf 86' lang='lat' dir='ltr'><strong>mentis</strong></span> <span class='ocrx_word' id='word_1_132' title='bbox 560 2391 620 2446; x_wconf 89' lang='lat' dir='ltr'><strong>in</strong></span> <span class='ocrx_word' id='word_1_133' title='bbox 662 2391 1055 2457; x_wconf 87' lang='lat' dir='ltr'><strong>contrarium;</strong></span> <span class='ocrx_word' id='word_1_134' title='bbox 1106 2390 1243 2445; x_wconf 90' lang='lat' dir='ltr'><strong>hinc</strong></span> <span class='ocrx_word' id='word_1_135' title='bbox 1281 2390 1440 2447; x_wconf 91' lang='lat' dir='ltr'><strong>enim</strong></span> <span class='ocrx_word' id='word_1_136' title='bbox 1481 2390 1666 2464; x_wconf 89' lang='lat' dir='ltr'><strong>magis</strong></span> 
     </span>
     <span class='ocr_line' id='line_1_26' title="bbox 306 2470 1459 2543; baseline -0.001 -16"><span class='ocrx_word' id='word_1_137' title='bbox 306 2470 600 2543; x_wconf 86' lang='lat' dir='ltr'><strong>apparebit</strong></span> <span class='ocrx_word' id='word_1_138' title='bbox 630 2470 843 2527; x_wconf 79' lang='lat' dir='ltr'><strong>veritas</strong></span> <span class='ocrx_word' id='word_1_139' title='bbox 871 2476 1079 2527; x_wconf 63' lang='lat' dir='ltr'><strong>nostras</strong></span> <span class='ocrx_word' id='word_1_140' title='bbox 1108 2471 1459 2527; x_wconf 81' lang='lat' dir='ltr'><strong>assertionis,</strong></span> 
     </span>
    </p>
   </div>
   <div class='ocr_carea' id='block_1_4' title="bbox 912 2658 1050 2726">
    <p class='ocr_par' dir='ltr' id='par_1_4' title="bbox 912 2658 1050 2726">
     <span class='ocr_line' id='line_1_27' title="bbox 912 2658 1050 2726; baseline 0.007 -15"><span class='ocrx_word' id='word_1_141' title='bbox 912 2659 943 2726; x_wconf 71' lang='lat' dir='ltr'><strong>g</strong></span> <span class='ocrx_word' id='word_1_142' title='bbox 983 2658 1050 2712; x_wconf 93' lang='lat'><strong>11.</strong></span> 
     </span>
    </p>
   </div>
   <div class='ocr_carea' id='block_1_5' title="bbox 399 2809 1565 2886">
    <p class='ocr_par' dir='ltr' id='par_1_5' title="bbox 399 2809 1565 2886">
     <span class='ocr_line' id='line_1_28' title="bbox 399 2809 1565 2886; baseline -0.001 -19"><span class='ocrx_word' id='word_1_143' title='bbox 399 2809 619 2874; x_wconf 78' lang='lat' dir='ltr'><strong>Satisfit</strong></span> <span class='ocrx_word' id='word_1_144' title='bbox 646 2813 984 2881; x_wconf 76' lang='lat' dir='ltr'><strong>arqumentis</strong></span> <span class='ocrx_word' id='word_1_145' title='bbox 1009 2812 1285 2886; x_wconf 78' lang='lat' dir='ltr'><strong>opinionis</strong></span> <span class='ocrx_word' id='word_1_146' title='bbox 1309 2810 1565 2866; x_wconf 63' lang='lat' dir='ltr'><strong>adversm.</strong></span> 
     </span>
    </p>
   </div>
   <div class='ocr_carea' id='block_1_6' title="bbox 1800 600 3165 843">
    <p class='ocr_par' dir='ltr' id='par_1_6' title="bbox 1800 600 3165 843">
     <span class='ocr_line' id='line_1_29' title="bbox 1804 600 3165 683; baseline 0.012 -28"><span class='ocrx_word' id='word_1_147' title='bbox 1804 600 2011 672; x_wconf 87' lang='lat' dir='ltr'><strong>peccati</strong></span> <span class='ocrx_word' id='word_1_148' title='bbox 2033 603 2295 660; x_wconf 87' lang='lat' dir='ltr'><strong>mortalis</strong></span> <span class='ocrx_word' id='word_1_149' title='bbox 2318 608 2637 678; x_wconf 88' lang='lat' dir='ltr'><strong>personalis</strong></span> <span class='ocrx_word' id='word_1_150' title='bbox 2664 609 2791 666; x_wconf 91' lang='lat' dir='ltr'><strong>sine</strong></span> <span class='ocrx_word' id='word_1_151' title='bbox 2815 612 3165 683; x_wconf 59' lang='lat' dir='ltr'><strong>poenitentiae</strong></span> 
     </span>
     <span class='ocr_line' id='line_1_30' title="bbox 1804 682 3161 767; baseline 0.013 -32"><span class='ocrx_word' id='word_1_152' title='bbox 1804 682 2032 748; x_wconf 86' lang='lat' dir='ltr'><strong>virtute,</strong></span> <span class='ocrx_word' id='word_1_153' title='bbox 2051 684 2330 758; x_wconf 83' lang='lat' dir='ltr'><strong>majorem</strong></span> <span class='ocrx_word' id='word_1_154' title='bbox 2353 689 2744 746; x_wconf 87' lang='lat' dir='ltr'><strong>necessitatem</strong></span> <span class='ocrx_word' id='word_1_155' title='bbox 2761 694 3161 767; x_wconf 87' lang='lat' dir='ltr'><strong>statuit,quam</strong></span> 
     </span>
     <span class='ocr_line' id='line_1_31' title="bbox 1800 763 2983 843; baseline 0.011 -26"><span class='ocrx_word' id='word_1_156' title='bbox 1800 763 2114 821; x_wconf 89' lang='lat' dir='ltr'><strong>secundum</strong></span> <span class='ocrx_word' id='word_1_157' title='bbox 2141 783 2508 825; x_wconf 89' lang='lat' dir='ltr'><strong>communem</strong></span> <span class='ocrx_word' id='word_1_158' title='bbox 2539 771 2983 843; x_wconf 86' lang='lat' dir='ltr'><strong>providentiam.</strong></span> 
     </span>
    </p>
   </div>
   <div class='ocr_carea' id='block_1_7' title="bbox 1878 846 3368 951">
    <p class='ocr_par' dir='ltr' id='par_1_7' title="bbox 1878 846 3368 951">
     <span class='ocr_line' id='line_1_32' title="bbox 1878 846 3368 951; baseline 0.011 -52"><span class='ocrx_word' id='word_1_159' title='bbox 1878 846 2023 901; x_wconf 90' lang='lat' dir='ltr'><strong>Huic</strong></span> <span class='ocrx_word' id='word_1_160' title='bbox 2085 848 2415 906; x_wconf 89' lang='lat' dir='ltr'><strong>testimonio</strong></span> <span class='ocrx_word' id='word_1_161' title='bbox 2472 851 2707 923; x_wconf 90' lang='lat' dir='ltr'><strong>quidam</strong></span> <span class='ocrx_word' id='word_1_162' title='bbox 2775 854 3368 951; x_wconf 50' lang='lat' dir='ltr'><strong>respondentsstffigou-</strong></span> 
     </span>
    </p>
   </div>
   <div class='ocr_carea' id='block_1_8' title="bbox 1796 926 3167 3041">
    <p class='ocr_par' dir='ltr' id='par_1_8' title="bbox 1796 926 3167 3041">
     <span class='ocr_line' id='line_1_33' title="bbox 1804 926 3163 1004; baseline 0.012 -25"><span class='ocrx_word' id='word_1_163' title='bbox 1804 926 1872 980; x_wconf 89' lang='lat' dir='ltr'><strong>D.</strong></span> <span class='ocrx_word' id='word_1_164' title='bbox 1902 926 2104 984; x_wconf 90' lang='lat' dir='ltr'><strong>Thom.</strong></span> <span class='ocrx_word' id='word_1_165' title='bbox 2137 929 2292 1002; x_wconf 91' lang='lat' dir='ltr'><strong>loqui</strong></span> <span class='ocrx_word' id='word_1_166' title='bbox 2314 929 2384 987; x_wconf 89' lang='lat' dir='ltr'><strong>de</strong></span> <span class='ocrx_word' id='word_1_167' title='bbox 2411 933 2747 1004; x_wconf 87' lang='lat' dir='ltr'><strong>poenitentia</strong></span> <span class='ocrx_word' id='word_1_168' title='bbox 2771 938 2863 992; x_wconf 80' lang='lat' dir='ltr'><strong>vel</strong></span> <span class='ocrx_word' id='word_1_169' title='bbox 2895 937 3163 994; x_wconf 85' lang='lat' dir='ltr'><strong>formali-</strong></span> 
     </span>
     <span class='ocr_line' id='line_1_34' title="bbox 1802 1010 3164 1092; baseline 0.012 -32"><span class='ocrx_word' id='word_1_170' title='bbox 1802 1010 1891 1061; x_wconf 88' lang='lat' dir='ltr'><strong>ter</strong></span> <span class='ocrx_word' id='word_1_171' title='bbox 1908 1012 2155 1080; x_wconf 89' lang='lat' dir='ltr'><strong>sumpta,</strong></span> <span class='ocrx_word' id='word_1_172' title='bbox 2182 1011 2273 1066; x_wconf 85' lang='lat' dir='ltr'><strong>vel</strong></span> <span class='ocrx_word' id='word_1_173' title='bbox 2294 1011 2650 1070; x_wconf 88' lang='lat' dir='ltr'><strong>considerata</strong></span> <span class='ocrx_word' id='word_1_174' title='bbox 2678 1015 3025 1084; x_wconf 88' lang='lat' dir='ltr'><strong>radicaliter,</strong></span> <span class='ocrx_word' id='word_1_175' title='bbox 3051 1036 3164 1092; x_wconf 89' lang='lat' dir='ltr'><strong>quo</strong></span> 
     </span>
     <span class='ocr_line' id='line_1_35' title="bbox 1804 1089 3162 1163; baseline 0.013 -23"><span class='ocrx_word' id='word_1_176' title='bbox 1804 1091 1963 1157; x_wconf 87' lang='lat' dir='ltr'><strong>pacto</strong></span> <span class='ocrx_word' id='word_1_177' title='bbox 1987 1094 2072 1143; x_wconf 92' lang='lat' dir='ltr'><strong>est</strong></span> <span class='ocrx_word' id='word_1_178' title='bbox 2092 1089 2214 1160; x_wconf 87' lang='lat' dir='ltr'><strong>ipsa</strong></span> <span class='ocrx_word' id='word_1_179' title='bbox 2232 1092 2418 1163; x_wconf 89' lang='lat' dir='ltr'><strong>gratia</strong></span> <span class='ocrx_word' id='word_1_180' title='bbox 2443 1093 2802 1151; x_wconf 85' lang='lat' dir='ltr'><strong>sanctificans</strong></span> <span class='ocrx_word' id='word_1_181' title='bbox 2831 1117 2843 1151; x_wconf 90' lang='lat'>:</span> <span class='ocrx_word' id='word_1_182' title='bbox 2869 1096 3020 1154; x_wconf 90' lang='lat' dir='ltr'><strong>unde</strong></span> <span class='ocrx_word' id='word_1_183' title='bbox 3042 1114 3162 1157; x_wconf 89' lang='lat' dir='ltr'><strong>non</strong></span> 
     </span>
     <span class='ocr_line' id='line_1_36' title="bbox 1801 1170 3162 1246; baseline 0.012 -23"><span class='ocrx_word' id='word_1_184' title='bbox 1801 1170 2078 1239; x_wconf 87' lang='lat' dir='ltr'><strong>sequitur,</strong></span> <span class='ocrx_word' id='word_1_185' title='bbox 2124 1172 2273 1245; x_wconf 89' lang='lat' dir='ltr'><strong>quod</strong></span> <span class='ocrx_word' id='word_1_186' title='bbox 2304 1175 2631 1246; x_wconf 90' lang='lat' dir='ltr'><strong>requiratur</strong></span> <span class='ocrx_word' id='word_1_187' title='bbox 2658 1176 3039 1238; x_wconf 90' lang='lat' dir='ltr'><strong>determinate</strong></span> <span class='ocrx_word' id='word_1_188' title='bbox 3065 1197 3162 1239; x_wconf 88' lang='lat' dir='ltr'><strong>ac-</strong></span> 
     </span>
     <span class='ocr_line' id='line_1_37' title="bbox 1802 1250 3163 1331; baseline 0.014 -30"><span class='ocrx_word' id='word_1_189' title='bbox 1802 1252 1894 1302; x_wconf 92' lang='lat' dir='ltr'><strong>tus</strong></span> <span class='ocrx_word' id='word_1_190' title='bbox 1933 1250 2141 1322; x_wconf 89' lang='lat' dir='ltr'><strong>aliquis</strong></span> <span class='ocrx_word' id='word_1_191' title='bbox 2181 1254 2548 1325; x_wconf 82' lang='lat' dir='ltr'><strong>poenitentiae,</strong></span> <span class='ocrx_word' id='word_1_192' title='bbox 2592 1261 2656 1312; x_wconf 89' lang='lat' dir='ltr'><strong>ut</strong></span> <span class='ocrx_word' id='word_1_193' title='bbox 2693 1258 2906 1331; x_wconf 91' lang='lat' dir='ltr'><strong>impius</strong></span> <span class='ocrx_word' id='word_1_194' title='bbox 2935 1261 3163 1320; x_wconf 88' lang='lat' dir='ltr'><strong>adultus</strong></span> 
     </span>
     <span class='ocr_line' id='line_1_38' title="bbox 1796 1326 3161 1413; baseline 0.013 -30"><span class='ocrx_word' id='word_1_195' title='bbox 1796 1326 2158 1401; x_wconf 85' lang='lat' dir='ltr'><strong>justificetur.</strong></span> <span class='ocrx_word' id='word_1_196' title='bbox 2190 1332 2297 1390; x_wconf 85' lang='lat' dir='ltr'><strong>Sed</strong></span> <span class='ocrx_word' id='word_1_197' title='bbox 2325 1336 2588 1407; x_wconf 88' lang='lat' dir='ltr'><strong>quamvis</strong></span> <span class='ocrx_word' id='word_1_198' title='bbox 2610 1337 2729 1394; x_wconf 80' lang='lat' dir='ltr'><strong>haec</strong></span> <span class='ocrx_word' id='word_1_199' title='bbox 2758 1339 3161 1413; x_wconf 87' lang='lat' dir='ltr'><strong>interpretatio</strong></span> 
     </span>
     <span class='ocr_line' id='line_1_39' title="bbox 1801 1413 3162 1494; baseline 0.012 -30"><span class='ocrx_word' id='word_1_200' title='bbox 1801 1425 2002 1466; x_wconf 80' lang='lat' dir='ltr'><strong>veram</strong></span> <span class='ocrx_word' id='word_1_201' title='bbox 2029 1413 2314 1472; x_wconf 86' lang='lat' dir='ltr'><strong>contineat</strong></span> <span class='ocrx_word' id='word_1_202' title='bbox 2354 1416 2696 1485; x_wconf 88' lang='lat' dir='ltr'><strong>doctrinam,</strong></span> <span class='ocrx_word' id='word_1_203' title='bbox 2731 1423 2926 1494; x_wconf 89' lang='lat' dir='ltr'><strong>nequit</strong></span> <span class='ocrx_word' id='word_1_204' title='bbox 2965 1430 3162 1483; x_wconf 89' lang='lat' dir='ltr'><strong>tamen</strong></span> 
     </span>
     <span class='ocr_line' id='line_1_40' title="bbox 1802 1493 3163 1563; baseline 0.013 -17"><span class='ocrx_word' id='word_1_205' title='bbox 1802 1493 1984 1549; x_wconf 86' lang='lat' dir='ltr'><strong>textui</strong></span> <span class='ocrx_word' id='word_1_206' title='bbox 2027 1498 2471 1560; x_wconf 83' lang='lat' dir='ltr'><strong>accommodari:</strong></span> <span class='ocrx_word' id='word_1_207' title='bbox 2515 1517 2652 1558; x_wconf 89' lang='lat' dir='ltr'><strong>nam</strong></span> <span class='ocrx_word' id='word_1_208' title='bbox 2701 1505 2763 1560; x_wconf 89' lang='lat' dir='ltr'><strong>D.</strong></span> <span class='ocrx_word' id='word_1_209' title='bbox 2808 1505 3012 1563; x_wconf 88' lang='lat' dir='ltr'><strong>Thom.</strong></span> <span class='ocrx_word' id='word_1_210' title='bbox 3057 1522 3163 1563; x_wconf 87' lang='lat' dir='ltr'><strong>ex-</strong></span> 
     </span>
     <span class='ocr_line' id='line_1_41' title="bbox 1803 1577 3164 1655; baseline 0.012 -27"><span class='ocrx_word' id='word_1_211' title='bbox 1803 1590 1996 1646; x_wconf 86' lang='lat' dir='ltr'><strong>presse</strong></span> <span class='ocrx_word' id='word_1_212' title='bbox 2022 1577 2273 1650; x_wconf 92' lang='lat' dir='ltr'><strong>loquitur</strong></span> <span class='ocrx_word' id='word_1_213' title='bbox 2312 1579 2383 1637; x_wconf 87' lang='lat' dir='ltr'><strong>de</strong></span> <span class='ocrx_word' id='word_1_214' title='bbox 2418 1584 2754 1655; x_wconf 82' lang='lat' dir='ltr'><strong>poenitentia</strong></span> <span class='ocrx_word' id='word_1_215' title='bbox 2794 1589 3019 1645; x_wconf 88' lang='lat' dir='ltr'><strong>actuali.</strong></span> <span class='ocrx_word' id='word_1_216' title='bbox 3054 1588 3164 1647; x_wconf 80' lang='lat' dir='ltr'><strong>lle-</strong></span> 
     </span>
     <span class='ocr_line' id='line_1_42' title="bbox 1803 1659 3163 1743; baseline 0.012 -34"><span class='ocrx_word' id='word_1_217' title='bbox 1803 1659 2068 1732; x_wconf 84' lang='lat' dir='ltr'><strong>quiritur,</strong></span> <span class='ocrx_word' id='word_1_218' title='bbox 2102 1660 2308 1733; x_wconf 88' lang='lat' dir='ltr'><strong>inquit,</strong></span> <span class='ocrx_word' id='word_1_219' title='bbox 2340 1664 2415 1718; x_wconf 86' lang='lat' dir='ltr'><strong>ad</strong></span> <span class='ocrx_word' id='word_1_220' title='bbox 2438 1667 2808 1722; x_wconf 77' lang='lat' dir='ltr'><strong>remissionem</strong></span> <span class='ocrx_word' id='word_1_221' title='bbox 2847 1669 3046 1724; x_wconf 63' lang='lat' dir='ltr'><strong>divina,</strong></span> <span class='ocrx_word' id='word_1_222' title='bbox 3071 1671 3163 1743; x_wconf 82' lang='lat' dir='ltr'><strong>of-</strong></span> 
     </span>
     <span class='ocr_line' id='line_1_43' title="bbox 1801 1737 3158 1817; baseline 0.013 -28"><span class='ocrx_word' id='word_1_223' title='bbox 1801 1737 1982 1809; x_wconf 59' lang='lat' dir='ltr'><strong>fensa,</strong></span> <span class='ocrx_word' id='word_1_224' title='bbox 2007 1740 2150 1815; x_wconf 85' lang='lat' dir='ltr'><strong>quod</strong></span> <span class='ocrx_word' id='word_1_225' title='bbox 2175 1741 2431 1799; x_wconf 79' lang='lat' dir='ltr'><strong>voluntas</strong></span> <span class='ocrx_word' id='word_1_226' title='bbox 2454 1746 2693 1801; x_wconf 80' lang='lat' dir='ltr'><strong>hominis</strong></span> <span class='ocrx_word' id='word_1_227' title='bbox 2715 1750 2794 1803; x_wconf 85' lang='lat' dir='ltr'><strong>sic</strong></span> <span class='ocrx_word' id='word_1_228' title='bbox 2822 1751 3158 1817; x_wconf 77' lang='lat' dir='ltr'><strong>immutetur,</strong></span> 
     </span>
     <span class='ocr_line' id='line_1_44' title="bbox 1801 1824 3164 1886; baseline 0.012 -15"><span class='ocrx_word' id='word_1_229' title='bbox 1801 1824 1854 1872; x_wconf 87' lang='lat' dir='ltr'><strong>et</strong></span> <span class='ocrx_word' id='word_1_230' title='bbox 1895 1827 2245 1876; x_wconf 79' lang='lat' dir='ltr'><strong>convertatur</strong></span> <span class='ocrx_word' id='word_1_231' title='bbox 2293 1824 2368 1878; x_wconf 89' lang='lat' dir='ltr'><strong>ad</strong></span> <span class='ocrx_word' id='word_1_232' title='bbox 2419 1826 2594 1881; x_wconf 82' lang='lat' dir='ltr'><strong>Deum</strong></span> <span class='ocrx_word' id='word_1_233' title='bbox 2644 1845 2767 1883; x_wconf 80' lang='lat' dir='ltr'><strong>cum</strong></span> <span class='ocrx_word' id='word_1_234' title='bbox 2818 1830 3164 1886; x_wconf 83' lang='lat' dir='ltr'><strong>detestatione</strong></span> 
     </span>
     <span class='ocr_line' id='line_1_45' title="bbox 1802 1903 3163 1983; baseline 0.013 -32"><span class='ocrx_word' id='word_1_235' title='bbox 1802 1903 2171 1957; x_wconf 78' lang='lat' dir='ltr'><strong>conversionis</strong></span> <span class='ocrx_word' id='word_1_236' title='bbox 2183 1905 2450 1975; x_wconf 66' lang='lat' dir='ltr'><strong>prceclictae</strong></span> <span class='ocrx_word' id='word_1_237' title='bbox 2474 1909 2702 1981; x_wconf 90' lang='lat' dir='ltr'><strong>(nempe</strong></span> <span class='ocrx_word' id='word_1_238' title='bbox 2724 1907 2794 1965; x_wconf 89' lang='lat' dir='ltr'><strong>ad</strong></span> <span class='ocrx_word' id='word_1_239' title='bbox 2815 1915 3004 1966; x_wconf 89' lang='lat' dir='ltr'><strong>creatu</strong></span> <span class='ocrx_word' id='word_1_240' title='bbox 3014 1915 3163 1983; x_wconf 89' lang='lat' dir='ltr'><strong>ram)</strong></span> 
     </span>
     <span class='ocr_line' id='line_1_46' title="bbox 1801 1984 3165 2064; baseline 0.011 -31"><span class='ocrx_word' id='word_1_241' title='bbox 1801 1986 1853 2033; x_wconf 89' lang='lat' dir='ltr'><strong>et</strong></span> <span class='ocrx_word' id='word_1_242' title='bbox 1868 1984 2145 2054; x_wconf 82' lang='lat' dir='ltr'><strong>proposito</strong></span> <span class='ocrx_word' id='word_1_243' title='bbox 2170 1985 2398 2040; x_wconf 58' lang='lat' dir='ltr'><strong>emenda</strong></span> <span class='ocrx_word' id='word_1_244' title='bbox 2415 2003 2433 2040; x_wconf 94' lang='lat'><strong>.·</strong></span> <span class='ocrx_word' id='word_1_245' title='bbox 2450 1987 2594 2064; x_wconf 81' lang='lat' dir='ltr'><strong>quod</strong></span> <span class='ocrx_word' id='word_1_246' title='bbox 2623 1991 2859 2060; x_wconf 80' lang='lat' dir='ltr'><strong>pertinet</strong></span> <span class='ocrx_word' id='word_1_247' title='bbox 2885 1991 2959 2045; x_wconf 81' lang='lat' dir='ltr'><strong>ad</strong></span> <span class='ocrx_word' id='word_1_248' title='bbox 2984 1995 3165 2048; x_wconf 88' lang='lat' dir='ltr'><strong>ratio-</strong></span> 
     </span>
     <span class='ocr_line' id='line_1_47' title="bbox 1801 2067 3165 2146; baseline 0.01 -29"><span class='ocrx_word' id='word_1_249' title='bbox 1801 2080 1926 2118; x_wconf 77' lang='lat' dir='ltr'><strong>nem</strong></span> <span class='ocrx_word' id='word_1_250' title='bbox 1942 2067 2266 2136; x_wconf 59' lang='lat' dir='ltr'><strong>poenitenti&amp;</strong></span> <span class='ocrx_word' id='word_1_251' title='bbox 2291 2069 2584 2124; x_wconf 79' lang='lat' dir='ltr'><strong>secundum</strong></span> <span class='ocrx_word' id='word_1_252' title='bbox 2606 2072 2749 2146; x_wconf 85' lang='lat' dir='ltr'><strong>quod</strong></span> <span class='ocrx_word' id='word_1_253' title='bbox 2767 2080 2843 2127; x_wconf 86' lang='lat' dir='ltr'><strong>est</strong></span> <span class='ocrx_word' id='word_1_254' title='bbox 2865 2075 3061 2131; x_wconf 84' lang='lat' dir='ltr'><strong>virtus.</strong></span> <span class='ocrx_word' id='word_1_255' title='bbox 3095 2077 3165 2130; x_wconf 90' lang='lat' dir='ltr'><strong>Et</strong></span> 
     </span>
     <span class='ocr_line' id='line_1_48' title="bbox 1802 2144 3167 2209; baseline 0.008 -11"><span class='ocrx_word' id='word_1_256' title='bbox 1802 2144 1999 2199; x_wconf 85' lang='lat' dir='ltr'><strong>statim</strong></span> <span class='ocrx_word' id='word_1_257' title='bbox 2040 2144 2373 2204; x_wconf 88' lang='lat' dir='ltr'><strong>immediate</strong></span> <span class='ocrx_word' id='word_1_258' title='bbox 2411 2149 2737 2206; x_wconf 84' lang='lat' dir='ltr'><strong>concludit:</strong></span> <span class='ocrx_word' id='word_1_259' title='bbox 2781 2151 2856 2208; x_wconf 83' lang='lat' dir='ltr'><strong>Et</strong></span> <span class='ocrx_word' id='word_1_260' title='bbox 2897 2154 3015 2208; x_wconf 79' lang='lat' dir='ltr'><strong>ideo</strong></span> <span class='ocrx_word' id='word_1_261' title='bbox 3054 2157 3167 2209; x_wconf 83' lang='lat' dir='ltr'><strong>im-</strong></span> 
     </span>
     <span class='ocr_line' id='line_1_49' title="bbox 1796 2226 3166 2307; baseline 0.008 -28"><span class='ocrx_word' id='word_1_262' title='bbox 1796 2226 2055 2297; x_wconf 76' lang='lat' dir='ltr'><strong>possibile</strong></span> <span class='ocrx_word' id='word_1_263' title='bbox 2080 2235 2174 2292; x_wconf 89' lang='lat' dir='ltr'><strong>est,</strong></span> <span class='ocrx_word' id='word_1_264' title='bbox 2201 2231 2342 2307; x_wconf 84' lang='lat' dir='ltr'><strong>quod</strong></span> <span class='ocrx_word' id='word_1_265' title='bbox 2355 2239 2637 2303; x_wconf 79' lang='lat' dir='ltr'><strong>peccatum</strong></span> <span class='ocrx_word' id='word_1_266' title='bbox 2656 2235 2831 2289; x_wconf 80' lang='lat' dir='ltr'><strong>alicui</strong></span> <span class='ocrx_word' id='word_1_267' title='bbox 2850 2237 3166 2291; x_wconf 80' lang='lat' dir='ltr'><strong>remittatur</strong></span> 
     </span>
     <span class='ocr_line' id='line_1_50' title="bbox 1802 2308 3159 2391; baseline 0.007 -29"><span class='ocrx_word' id='word_1_268' title='bbox 1802 2308 1920 2362; x_wconf 82' lang='lat' dir='ltr'><strong>sine</strong></span> <span class='ocrx_word' id='word_1_269' title='bbox 1959 2311 2281 2380; x_wconf 72' lang='lat' dir='ltr'><strong>paenitentia</strong></span> <span class='ocrx_word' id='word_1_270' title='bbox 2326 2314 2621 2369; x_wconf 81' lang='lat' dir='ltr'><strong>secundum</strong></span> <span class='ocrx_word' id='word_1_271' title='bbox 2659 2316 2801 2391; x_wconf 82' lang='lat' dir='ltr'><strong>quod</strong></span> <span class='ocrx_word' id='word_1_272' title='bbox 2836 2323 2913 2370; x_wconf 79' lang='lat' dir='ltr'><strong>est</strong></span> <span class='ocrx_word' id='word_1_273' title='bbox 2961 2319 3159 2374; x_wconf 82' lang='lat' dir='ltr'><strong>virtus.</strong></span> 
     </span>
     <span class='ocr_line' id='line_1_51' title="bbox 1804 2387 3164 2463; baseline 0.008 -21"><span class='ocrx_word' id='word_1_274' title='bbox 1804 2387 1972 2446; x_wconf 88' lang='lat' dir='ltr'><strong>Unde</strong></span> <span class='ocrx_word' id='word_1_275' title='bbox 2000 2390 2246 2463; x_wconf 89' lang='lat' dir='ltr'><strong>ingenue</strong></span> <span class='ocrx_word' id='word_1_276' title='bbox 2272 2393 2694 2451; x_wconf 89' lang='lat' dir='ltr'><strong>concedendum</strong></span> <span class='ocrx_word' id='word_1_277' title='bbox 2735 2401 2819 2452; x_wconf 89' lang='lat' dir='ltr'><strong>est</strong></span> <span class='ocrx_word' id='word_1_278' title='bbox 2861 2400 2925 2452; x_wconf 88' lang='lat' dir='ltr'><strong>D.</strong></span> <span class='ocrx_word' id='word_1_279' title='bbox 2955 2397 3164 2453; x_wconf 87' lang='lat' dir='ltr'><strong>Thom.</strong></span> 
     </span>
     <span class='ocr_line' id='line_1_52' title="bbox 1803 2471 2915 2547; baseline 0.006 -22"><span class='ocrx_word' id='word_1_280' title='bbox 1803 2484 1871 2526; x_wconf 92' lang='lat' dir='ltr'><strong>eo</strong></span> <span class='ocrx_word' id='word_1_281' title='bbox 1898 2471 2020 2528; x_wconf 92' lang='lat' dir='ltr'><strong>loco</strong></span> <span class='ocrx_word' id='word_1_282' title='bbox 2047 2487 2213 2545; x_wconf 91' lang='lat' dir='ltr'><strong>agere</strong></span> <span class='ocrx_word' id='word_1_283' title='bbox 2238 2471 2309 2529; x_wconf 92' lang='lat' dir='ltr'><strong>de</strong></span> <span class='ocrx_word' id='word_1_284' title='bbox 2331 2474 2667 2547; x_wconf 75' lang='lat' dir='ltr'><strong>poenitentia</strong></span> <span class='ocrx_word' id='word_1_285' title='bbox 2689 2477 2915 2532; x_wconf 90' lang='lat' dir='ltr'><strong>actuali.</strong></span> 
     </span>
     <span class='ocr_line' id='line_1_53' title="bbox 1881 2551 3165 2629; baseline 0.007 -23"><span class='ocrx_word' id='word_1_286' title='bbox 1881 2551 2134 2607; x_wconf 89' lang='lat' dir='ltr'><strong>Dicimus</strong></span> <span class='ocrx_word' id='word_1_287' title='bbox 2156 2557 2348 2610; x_wconf 91' lang='lat' dir='ltr'><strong>tamen</strong></span> <span class='ocrx_word' id='word_1_288' title='bbox 2376 2556 2430 2611; x_wconf 92' lang='lat' dir='ltr'><strong>S.</strong></span> <span class='ocrx_word' id='word_1_289' title='bbox 2457 2559 2752 2613; x_wconf 89' lang='lat' dir='ltr'><strong>Doctorem</strong></span> <span class='ocrx_word' id='word_1_290' title='bbox 2777 2573 2892 2613; x_wconf 89' lang='lat' dir='ltr'><strong>non</strong></span> <span class='ocrx_word' id='word_1_291' title='bbox 2917 2557 3071 2629; x_wconf 83' lang='lat' dir='ltr'><strong>loqui</strong></span> <span class='ocrx_word' id='word_1_292' title='bbox 3093 2557 3165 2615; x_wconf 90' lang='lat' dir='ltr'><strong>de</strong></span> 
     </span>
     <span class='ocr_line' id='line_1_54' title="bbox 1803 2632 3162 2710; baseline 0.007 -24"><span class='ocrx_word' id='word_1_293' title='bbox 1803 2633 2135 2688; x_wconf 85' lang='lat' dir='ltr'><strong>necessitate</strong></span> <span class='ocrx_word' id='word_1_294' title='bbox 2155 2632 2322 2707; x_wconf 87' lang='lat' dir='ltr'><strong>hujus</strong></span> <span class='ocrx_word' id='word_1_295' title='bbox 2347 2635 2694 2706; x_wconf 82' lang='lat' dir='ltr'><strong>poenitentiae</strong></span> <span class='ocrx_word' id='word_1_296' title='bbox 2717 2653 2816 2709; x_wconf 89' lang='lat' dir='ltr'><strong>per</strong></span> <span class='ocrx_word' id='word_1_297' title='bbox 2846 2643 3162 2710; x_wconf 88' lang='lat' dir='ltr'><strong>respectum</strong></span> 
     </span>
     <span class='ocr_line' id='line_1_55' title="bbox 1802 2709 3164 2783; baseline 0.008 -19"><span class='ocrx_word' id='word_1_298' title='bbox 1802 2709 1876 2765; x_wconf 91' lang='lat' dir='ltr'><strong>ad</strong></span> <span class='ocrx_word' id='word_1_299' title='bbox 1904 2712 2215 2783; x_wconf 85' lang='lat' dir='ltr'><strong>potentiam</strong></span> <span class='ocrx_word' id='word_1_300' title='bbox 2245 2714 2346 2769; x_wconf 91' lang='lat' dir='ltr'><strong>Dei</strong></span> <span class='ocrx_word' id='word_1_301' title='bbox 2375 2713 2714 2782; x_wconf 86' lang='lat' dir='ltr'><strong>absolutam,</strong></span> <span class='ocrx_word' id='word_1_302' title='bbox 2739 2714 2838 2772; x_wconf 90' lang='lat' dir='ltr'><strong>sed</strong></span> <span class='ocrx_word' id='word_1_303' title='bbox 2864 2718 3052 2772; x_wconf 90' lang='lat' dir='ltr'><strong>solum</strong></span> <span class='ocrx_word' id='word_1_304' title='bbox 3080 2733 3164 2775; x_wconf 85' lang='lat' dir='ltr'><strong>se-</strong></span> 
     </span>
     <span class='ocr_line' id='line_1_56' title="bbox 1802 2790 3164 2868; baseline 0.007 -24"><span class='ocrx_word' id='word_1_305' title='bbox 1802 2790 2054 2846; x_wconf 87' lang='lat' dir='ltr'><strong>cundum</strong></span> <span class='ocrx_word' id='word_1_306' title='bbox 2082 2808 2468 2859; x_wconf 90' lang='lat' dir='ltr'><strong>communem,</strong></span> <span class='ocrx_word' id='word_1_307' title='bbox 2500 2800 2555 2851; x_wconf 91' lang='lat' dir='ltr'><strong>et</strong></span> <span class='ocrx_word' id='word_1_308' title='bbox 2581 2811 2817 2852; x_wconf 84' lang='lat' dir='ltr'><strong>suavem</strong></span> <span class='ocrx_word' id='word_1_309' title='bbox 2848 2795 3164 2868; x_wconf 86' lang='lat' dir='ltr'><strong>providen-</strong></span> 
     </span>
     <span class='ocr_line' id='line_1_57' title="bbox 1801 2876 3163 2953; baseline 0.004 -22"><span class='ocrx_word' id='word_1_310' title='bbox 1801 2876 1964 2943; x_wconf 87' lang='lat' dir='ltr'><strong>tiam,</strong></span> <span class='ocrx_word' id='word_1_311' title='bbox 1997 2883 2053 2933; x_wconf 92' lang='lat' dir='ltr'><strong>et</strong></span> <span class='ocrx_word' id='word_1_312' title='bbox 2078 2892 2179 2949; x_wconf 87' lang='lat' dir='ltr'><strong>per</strong></span> <span class='ocrx_word' id='word_1_313' title='bbox 2205 2892 2266 2934; x_wconf 89' lang='lat' dir='ltr'><strong>se</strong></span> <span class='ocrx_word' id='word_1_314' title='bbox 2294 2878 2594 2951; x_wconf 90' lang='lat' dir='ltr'><strong>loquendo.</strong></span> <span class='ocrx_word' id='word_1_315' title='bbox 2626 2882 2774 2936; x_wconf 89' lang='lat' dir='ltr'><strong>Tum</strong></span> <span class='ocrx_word' id='word_1_316' title='bbox 2802 2881 2936 2953; x_wconf 89' lang='lat' dir='ltr'><strong>quia</strong></span> <span class='ocrx_word' id='word_1_317' title='bbox 2959 2883 3018 2936; x_wconf 80' lang='lat' dir='ltr'><strong>in</strong></span> <span class='ocrx_word' id='word_1_318' title='bbox 3044 2898 3163 2937; x_wconf 84' lang='lat' dir='ltr'><strong>res-</strong></span> 
     </span>
     <span class='ocr_line' id='line_1_58' title="bbox 1798 2959 3162 3041; baseline 0.003 -27"><span class='ocrx_word' id='word_1_319' title='bbox 1798 2977 1954 3032; x_wconf 81' lang='lat' dir='ltr'><strong>pons.</strong></span> <span class='ocrx_word' id='word_1_320' title='bbox 2000 2959 2075 3014; x_wconf 85' lang='lat' dir='ltr'><strong>ad</strong></span> <span class='ocrx_word' id='word_1_321' title='bbox 2117 2962 2170 3026; x_wconf 79' lang='lat'><strong>2,</strong></span> <span class='ocrx_word' id='word_1_322' title='bbox 2229 2960 2417 3032; x_wconf 89' lang='lat' dir='ltr'><strong>inquit</strong></span> <span class='ocrx_word' id='word_1_323' title='bbox 2444 2981 2456 3015; x_wconf 72' lang='grc' dir='ltr'><strong><em>ε</em></strong></span> <span class='ocrx_word' id='word_1_324' title='bbox 2505 2961 2714 3019; x_wconf 77' lang='lat' dir='ltr'><strong>Adulto</strong></span> <span class='ocrx_word' id='word_1_325' title='bbox 2769 2965 2828 3018; x_wconf 84' lang='lat' dir='ltr'><strong>in</strong></span> <span class='ocrx_word' id='word_1_326' title='bbox 2880 2982 2983 3041; x_wconf 78' lang='lat' dir='ltr'><strong>quo</strong></span> <span class='ocrx_word' id='word_1_327' title='bbox 3033 2971 3162 3019; x_wconf 76' lang='lat' dir='ltr'><strong>sunt</strong></span> 
     </span>
    </p>
   </div>
   <div class='ocr_carea' id='block_1_9' title="bbox 110 2961 1667 3277">
    <p class='ocr_par' dir='ltr' id='par_1_9' title="bbox 110 2961 1667 3277">
     <span class='ocr_line' id='line_1_59' title="bbox 381 2961 1666 3029; baseline -0.001 -14"><span class='ocrx_word' id='word_1_328' title='bbox 381 2961 470 3016; x_wconf 86' lang='lat'><strong>38.</strong></span> <span class='ocrx_word' id='word_1_329' title='bbox 505 2963 714 3017; x_wconf 89' lang='lat' dir='ltr'><strong>Contra</strong></span> <span class='ocrx_word' id='word_1_330' title='bbox 744 2965 1020 3029; x_wconf 89' lang='lat' dir='ltr'><strong>nostram,</strong></span> <span class='ocrx_word' id='word_1_331' title='bbox 1063 2965 1119 3017; x_wconf 88' lang='lat' dir='ltr'><strong>et</strong></span> <span class='ocrx_word' id='word_1_332' title='bbox 1144 2975 1510 3017; x_wconf 89' lang='lat' dir='ltr'><strong>communem</strong></span> <span class='ocrx_word' id='word_1_333' title='bbox 1538 2973 1666 3015; x_wconf 91' lang='lat' dir='ltr'><strong>sen-</strong></span> 
     </span>
     <span class='ocr_line' id='line_1_60' title="bbox 115 3026 1666 3116; baseline -0.002 -17"><span class='ocrx_word' id='word_1_334' title='bbox 115 3026 291 3115; x_wconf 45' lang='lat' dir='ltr'><strong>“iffa‘&#39;</strong></span> <span class='ocrx_word' id='word_1_335' title='bbox 309 3044 548 3099; x_wconf 88' lang='lat' dir='ltr'><strong>tentiam</strong></span> <span class='ocrx_word' id='word_1_336' title='bbox 577 3045 749 3100; x_wconf 88' lang='lat' dir='ltr'><strong>sentit</strong></span> <span class='ocrx_word' id='word_1_337' title='bbox 776 3049 1013 3116; x_wconf 90' lang='lat' dir='ltr'><strong>uterque</strong></span> <span class='ocrx_word' id='word_1_338' title='bbox 1039 3045 1221 3099; x_wconf 79' lang='lat' dir='ltr'><strong>SotuS.</strong></span> <span class='ocrx_word' id='word_1_339' title='bbox 1254 3042 1585 3099; x_wconf 88' lang='lat' dir='ltr'><strong>Dominicus</strong></span> <span class='ocrx_word' id='word_1_340' title='bbox 1606 3042 1666 3096; x_wconf 83' lang='lat' dir='ltr'><strong>in</strong></span> 
     </span>
     <span class='ocr_line' id='line_1_61' title="bbox 110 3123 1667 3214; baseline -0.002 -35"><span class='ocrx_word' id='word_1_341' title='bbox 110 3123 363 3214; x_wconf 51' lang='grc' dir='ltr'><strong>ῐὲῑᾶῐῃξῦθιί,</strong></span> <span class='ocrx_word' id='word_1_342' title='bbox 388 3125 515 3181; x_wconf 86' lang='lat' dir='ltr'><strong>dist.</strong></span> <span class='ocrx_word' id='word_1_343' title='bbox 552 3127 631 3189; x_wconf 79' lang='lat'><strong>15,</strong></span> <span class='ocrx_word' id='word_1_344' title='bbox 665 3131 845 3201; x_wconf 72' lang='lat' dir='ltr'><strong>quoest.</strong></span> <span class='ocrx_word' id='word_1_345' title='bbox 882 3128 926 3191; x_wconf 92' lang='lat' dir='ltr'><strong>l,</strong></span> <span class='ocrx_word' id='word_1_346' title='bbox 959 3132 1067 3180; x_wconf 86' lang='lat' dir='ltr'><strong>art.</strong></span> <span class='ocrx_word' id='word_1_347' title='bbox 1100 3126 1153 3191; x_wconf 78' lang='lat'><strong>2,</strong></span> <span class='ocrx_word' id='word_1_348' title='bbox 1186 3131 1235 3179; x_wconf 85' lang='lat' dir='ltr'><strong>et</strong></span> <span class='ocrx_word' id='word_1_349' title='bbox 1256 3124 1351 3183; x_wconf 87' lang='lat' dir='ltr'><strong>lib.</strong></span> <span class='ocrx_word' id='word_1_350' title='bbox 1381 3125 1435 3192; x_wconf 81' lang='lat'><strong>2,</strong></span> <span class='ocrx_word' id='word_1_351' title='bbox 1468 3123 1532 3177; x_wconf 85' lang='lat' dir='ltr'><strong>cle</strong></span> <span class='ocrx_word' id='word_1_352' title='bbox 1559 3139 1667 3177; x_wconf 79' lang='lat' dir='ltr'><strong>na-</strong></span> 
     </span>
     <span class='ocr_line' id='line_1_62' title="bbox 110 3203 1660 3277; baseline -0.005 -13"><span class='ocrx_word' id='word_1_353' title='bbox 110 3203 274 3273; x_wconf 68' lang='lat' dir='ltr'><strong>Gespai·</strong></span> <span class='ocrx_word' id='word_1_354' title='bbox 309 3211 457 3269; x_wconf 77' lang='lat' dir='ltr'><strong>tara,</strong></span> <span class='ocrx_word' id='word_1_355' title='bbox 500 3212 546 3259; x_wconf 85' lang='lat' dir='ltr'><strong>et</strong></span> <span class='ocrx_word' id='word_1_356' title='bbox 566 3206 773 3274; x_wconf 67' lang='lat' dir='ltr'><strong>qratia,</strong></span> <span class='ocrx_word' id='word_1_357' title='bbox 817 3221 938 3277; x_wconf 84' lang='lat' dir='ltr'><strong>cap.</strong></span> <span class='ocrx_word' id='word_1_358' title='bbox 991 3206 1075 3270; x_wconf 87' lang='grc'><strong>16,</strong></span> <span class='ocrx_word' id='word_1_359' title='bbox 1120 3204 1324 3260; x_wconf 86' lang='lat' dir='ltr'><strong>Petrus</strong></span> <span class='ocrx_word' id='word_1_360' title='bbox 1363 3220 1500 3261; x_wconf 77' lang='lat' dir='ltr'><strong>vero</strong></span> <span class='ocrx_word' id='word_1_361' title='bbox 1543 3203 1660 3258; x_wconf 89' lang='lat' dir='ltr'><strong>lect.</strong></span> 
     </span>
    </p>
   </div>
   <div class='ocr_carea' id='block_1_10' title="bbox 117 3271 1666 3363">
    <p class='ocr_par' dir='ltr' id='par_1_10' title="bbox 117 3271 1666 3363">
     <span class='ocr_line' id='line_1_63' title="bbox 117 3271 1666 3363; baseline -0.002 -20"><span class='ocrx_word' id='word_1_362' title='bbox 117 3271 251 3363; x_wconf 42' lang='grc' dir='ltr'><strong>ἓξὲξ,</strong></span> <span class='ocrx_word' id='word_1_363' title='bbox 306 3288 359 3354; x_wconf 79' lang='grc'><strong>4,</strong></span> <span class='ocrx_word' id='word_1_364' title='bbox 414 3286 477 3341; x_wconf 73' lang='lat' dir='ltr'><strong>de</strong></span> <span class='ocrx_word' id='word_1_365' title='bbox 517 3288 827 3341; x_wconf 80' lang='lat' dir='ltr'><strong>necessitate</strong></span> <span class='ocrx_word' id='word_1_366' title='bbox 866 3286 1211 3358; x_wconf 76' lang='lat' dir='ltr'><strong>poenitentiae,</strong></span> <span class='ocrx_word' id='word_1_367' title='bbox 1257 3288 1473 3358; x_wconf 86' lang='lat' dir='ltr'><strong>Gaspar</strong></span> <span class='ocrx_word' id='word_1_368' title='bbox 1518 3286 1666 3341; x_wconf 85' lang='lat' dir='ltr'><strong>Ram</strong></span> 
     </span>
    </p>
   </div>
   <div class='ocr_carea' id='block_1_11' title="bbox 135 3364 1661 3434">
    <p class='ocr_par' dir='ltr' id='par_1_11' title="bbox 135 3364 1661 3434">
     <span class='ocr_line' id='line_1_64' title="bbox 135 3364 1661 3434; baseline 0.002 -14"><span class='ocrx_word' id='word_1_369' title='bbox 135 3367 252 3420; x_wconf 65' lang='lat'><strong>89⁶¹·</strong></span> <span class='ocrx_word' id='word_1_370' title='bbox 305 3368 480 3423; x_wconf 84' lang='lat' dir='ltr'><strong>relect.</strong></span> <span class='ocrx_word' id='word_1_371' title='bbox 510 3368 565 3433; x_wconf 88' lang='lat'><strong>6,</strong></span> <span class='ocrx_word' id='word_1_372' title='bbox 609 3366 779 3423; x_wconf 78' lang='lat' dir='ltr'><strong>concl.</strong></span> <span class='ocrx_word' id='word_1_373' title='bbox 819 3369 865 3432; x_wconf 92' lang='lat' dir='ltr'><strong>l,</strong></span> <span class='ocrx_word' id='word_1_374' title='bbox 897 3368 1045 3421; x_wconf 87' lang='lat' dir='ltr'><strong>circa</strong></span> <span class='ocrx_word' id='word_1_375' title='bbox 1071 3364 1251 3430; x_wconf 74' lang='lat' dir='ltr'><strong>finem,</strong></span> <span class='ocrx_word' id='word_1_376' title='bbox 1283 3365 1413 3421; x_wconf 86' lang='lat' dir='ltr'><strong>licet</strong></span> <span class='ocrx_word' id='word_1_377' title='bbox 1458 3364 1661 3434; x_wconf 87' lang='lat' dir='ltr'><strong>obiter,</strong></span> 
     </span>
    </p>
   </div>
   <div class='ocr_carea' id='block_1_12' title="bbox 91 3418 1661 3521">
    <p class='ocr_par' dir='ltr' id='par_1_12' title="bbox 91 3418 1661 3521">
     <span class='ocr_line' id='line_1_65' title="bbox 91 3418 1661 3521; baseline -0.003 -11"><span class='ocrx_word' id='word_1_378' title='bbox 91 3418 275 3510; x_wconf 45' lang='lat' dir='ltr'><strong>gizei-&#39;iffi‘</strong></span> <span class='ocrx_word' id='word_1_379' title='bbox 306 3451 476 3505; x_wconf 65' lang='lat' dir='ltr'><strong>Bonae</strong></span> <span class='ocrx_word' id='word_1_380' title='bbox 503 3449 630 3521; x_wconf 87' lang='lat' dir='ltr'><strong>Spei</strong></span> <span class='ocrx_word' id='word_1_381' title='bbox 651 3456 783 3505; x_wconf 85' lang='lat' dir='ltr'><strong>tom.</strong></span> <span class='ocrx_word' id='word_1_382' title='bbox 806 3450 861 3515; x_wconf 87' lang='grc'><strong>6,</strong></span> <span class='ocrx_word' id='word_1_383' title='bbox 894 3455 1055 3504; x_wconf 86' lang='lat' dir='ltr'><strong>tract.</strong></span> <span class='ocrx_word' id='word_1_384' title='bbox 1088 3450 1141 3512; x_wconf 82' lang='lat'><strong>5,</strong></span> <span class='ocrx_word' id='word_1_385' title='bbox 1186 3449 1328 3520; x_wconf 80' lang='lat' dir='ltr'><strong>disp.</strong></span> <span class='ocrx_word' id='word_1_386' title='bbox 1359 3448 1413 3512; x_wconf 85' lang='lat'><strong>3,</strong></span> <span class='ocrx_word' id='word_1_387' title='bbox 1445 3448 1575 3505; x_wconf 83' lang='lat' dir='ltr'><strong>dub.</strong></span> <span class='ocrx_word' id='word_1_388' title='bbox 1617 3453 1661 3517; x_wconf 90' lang='lat'><strong>1,</strong></span> 
     </span>
    </p>
   </div>
   <div class='ocr_carea' id='block_1_13' title="bbox 91 3515 1669 3767">
    <p class='ocr_par' dir='ltr' id='par_1_13' title="bbox 91 3515 1669 3767">
     <span class='ocr_line' id='line_1_66' title="bbox 91 3515 1668 3609; baseline 0.003 -25"><span class='ocrx_word' id='word_1_389' title='bbox 91 3515 276 3609; x_wconf 44' lang='lat' dir='ltr'><strong>ngn‘gff·</strong></span> <span class='ocrx_word' id='word_1_390' title='bbox 306 3531 465 3585; x_wconf 86' lang='lat' dir='ltr'><strong>resol.</strong></span> <span class='ocrx_word' id='word_1_391' title='bbox 509 3532 563 3593; x_wconf 71' lang='lat'><strong>⁵2,</strong></span> <span class='ocrx_word' id='word_1_392' title='bbox 608 3536 663 3586; x_wconf 93' lang='lat' dir='ltr'><strong>et</strong></span> <span class='ocrx_word' id='word_1_393' title='bbox 709 3546 812 3604; x_wconf 90' lang='lat' dir='ltr'><strong>pro</strong></span> <span class='ocrx_word' id='word_1_394' title='bbox 857 3527 1056 3585; x_wconf 89' lang='lat' dir='ltr'><strong>eadem</strong></span> <span class='ocrx_word' id='word_1_395' title='bbox 1105 3531 1272 3601; x_wconf 91' lang='lat' dir='ltr'><strong>Greg.</strong></span> <span class='ocrx_word' id='word_1_396' title='bbox 1315 3529 1484 3585; x_wconf 88' lang='lat' dir='ltr'><strong>Mart.</strong></span> <span class='ocrx_word' id='word_1_397' title='bbox 1535 3530 1668 3588; x_wconf 89' lang='lat' dir='ltr'><strong>citat</strong></span> 
     </span>
     <span class='ocr_line' id='line_1_67' title="bbox 308 3609 1666 3684; baseline 0.003 -18"><span class='ocrx_word' id='word_1_398' title='bbox 308 3609 635 3667; x_wconf 88' lang='lat' dir='ltr'><strong>Conradum</strong></span> <span class='ocrx_word' id='word_1_399' title='bbox 676 3614 735 3666; x_wconf 82' lang='lat' dir='ltr'><strong>in</strong></span> <span class='ocrx_word' id='word_1_400' title='bbox 767 3628 923 3684; x_wconf 65' lang='lat' dir='ltr'><strong>praes.</strong></span> <span class='ocrx_word' id='word_1_401' title='bbox 957 3617 1070 3666; x_wconf 86' lang='lat' dir='ltr'><strong>art.</strong></span> <span class='ocrx_word' id='word_1_402' title='bbox 1099 3610 1134 3665; x_wconf 88' lang='lat'>3</span> <span class='ocrx_word' id='word_1_403' title='bbox 1166 3611 1242 3665; x_wconf 86' lang='lat' dir='ltr'><strong>ad</strong></span> <span class='ocrx_word' id='word_1_404' title='bbox 1285 3612 1329 3675; x_wconf 92' lang='lat' dir='ltr'><strong>l,</strong></span> <span class='ocrx_word' id='word_1_405' title='bbox 1355 3615 1411 3667; x_wconf 91' lang='lat' dir='ltr'><strong>et</strong></span> <span class='ocrx_word' id='word_1_406' title='bbox 1445 3613 1666 3670; x_wconf 87' lang='lat' dir='ltr'><strong>Canum</strong></span> 
     </span>
     <span class='ocr_line' id='line_1_68' title="bbox 92 3692 1669 3767; baseline 0.003 -20"><span class='ocrx_word' id='word_1_407' title='bbox 92 3711 297 3758; x_wconf 58' lang='lat' dir='ltr'><strong>probam,-</strong></span> <span class='ocrx_word' id='word_1_408' title='bbox 312 3695 369 3747; x_wconf 84' lang='lat' dir='ltr'><strong>in</strong></span> <span class='ocrx_word' id='word_1_409' title='bbox 388 3693 668 3747; x_wconf 83' lang='lat' dir='ltr'><strong>relectione</strong></span> <span class='ocrx_word' id='word_1_410' title='bbox 696 3693 758 3747; x_wconf 85' lang='lat' dir='ltr'><strong>de</strong></span> <span class='ocrx_word' id='word_1_411' title='bbox 780 3692 1132 3749; x_wconf 79' lang='lat' dir='ltr'><strong>Poenitentia.</strong></span> <span class='ocrx_word' id='word_1_412' title='bbox 1164 3694 1297 3755; x_wconf 76' lang='lat' dir='ltr'><strong>Qnae</strong></span> <span class='ocrx_word' id='word_1_413' title='bbox 1324 3692 1519 3765; x_wconf 90' lang='lat' dir='ltr'><strong>opinio</strong></span> <span class='ocrx_word' id='word_1_414' title='bbox 1542 3706 1669 3767; x_wconf 87' lang='lat' dir='ltr'><strong>pro·</strong></span> 
     </span>
    </p>
   </div>
   <div class='ocr_carea' id='block_1_14' title="bbox 89 3765 1664 3847">
    <p class='ocr_par' dir='ltr' id='par_1_14' title="bbox 89 3765 1664 3847">
     <span class='ocr_line' id='line_1_69' title="bbox 89 3765 1664 3847; baseline 0.004 -20"><span class='ocrx_word' id='word_1_415' title='bbox 89 3775 141 3808; x_wconf 57' lang='grc' dir='ltr'><strong>θ’</strong></span> <span class='ocrx_word' id='word_1_416' title='bbox 159 3765 474 3831; x_wconf 56' lang='lat' dir='ltr'><strong>”ffb-batur</strong></span> <span class='ocrx_word' id='word_1_417' title='bbox 506 3774 694 3847; x_wconf 92' lang='lat' dir='ltr'><strong>primo</strong></span> <span class='ocrx_word' id='word_1_418' title='bbox 733 3774 1079 3831; x_wconf 84' lang='lat' dir='ltr'><strong>authoritate</strong></span> <span class='ocrx_word' id='word_1_419' title='bbox 1124 3774 1187 3828; x_wconf 95' lang='lat' dir='ltr'><strong>D.</strong></span> <span class='ocrx_word' id='word_1_420' title='bbox 1219 3773 1422 3830; x_wconf 89' lang='lat' dir='ltr'><strong>Thom.</strong></span> <span class='ocrx_word' id='word_1_421' title='bbox 1454 3774 1490 3830; x_wconf 86' lang='lat'><strong>3</strong></span> <span class='ocrx_word' id='word_1_422' title='bbox 1510 3783 1664 3847; x_wconf 85' lang='lat' dir='ltr'><strong>part.</strong></span> 
     </span>
    </p>
   </div>
   <div class='ocr_carea' id='block_1_15' title="bbox 1802 3042 3164 3848">
    <p class='ocr_par' dir='ltr' id='par_1_15' title="bbox 1802 3042 3164 3848">
     <span class='ocr_line' id='line_1_70' title="bbox 1802 3042 3164 3119; baseline 0.001 -22"><span class='ocrx_word' id='word_1_423' title='bbox 1802 3042 2053 3097; x_wconf 81' lang='lat' dir='ltr'><strong>actualia</strong></span> <span class='ocrx_word' id='word_1_424' title='bbox 2080 3049 2323 3115; x_wconf 79' lang='lat' dir='ltr'><strong>peccata,</strong></span> <span class='ocrx_word' id='word_1_425' title='bbox 2354 3059 2468 3119; x_wconf 64' lang='lat' dir='ltr'><strong>quar</strong></span> <span class='ocrx_word' id='word_1_426' title='bbox 2503 3047 2805 3112; x_wconf 64' lang='lat' dir='ltr'><strong>consistunt</strong></span> <span class='ocrx_word' id='word_1_427' title='bbox 2846 3047 2905 3099; x_wconf 87' lang='lat' dir='ltr'><strong>in</strong></span> <span class='ocrx_word' id='word_1_428' title='bbox 2943 3044 3164 3099; x_wconf 80' lang='lat' dir='ltr'><strong>deordi-</strong></span> 
     </span>
     <span class='ocr_line' id='line_1_71' title="bbox 1802 3123 3164 3197; baseline 0 -18"><span class='ocrx_word' id='word_1_429' title='bbox 1802 3126 2025 3179; x_wconf 83' lang='lat' dir='ltr'><strong>natione</strong></span> <span class='ocrx_word' id='word_1_430' title='bbox 2049 3123 2372 3189; x_wconf 81' lang='lat' dir='ltr'><strong>voluntatis,</strong></span> <span class='ocrx_word' id='word_1_431' title='bbox 2406 3142 2514 3179; x_wconf 82' lang='lat' dir='ltr'><strong>non</strong></span> <span class='ocrx_word' id='word_1_432' title='bbox 2552 3127 2906 3180; x_wconf 81' lang='lat' dir='ltr'><strong>remittuntur</strong></span> <span class='ocrx_word' id='word_1_433' title='bbox 2939 3131 3164 3197; x_wconf 83' lang='lat' dir='ltr'><strong>peccata</strong></span> 
     </span>
     <span class='ocr_line' id='line_1_72' title="bbox 1802 3204 3164 3277; baseline 0.001 -18"><span class='ocrx_word' id='word_1_434' title='bbox 1802 3207 1970 3259; x_wconf 88' lang='lat' dir='ltr'><strong>etiam</strong></span> <span class='ocrx_word' id='word_1_435' title='bbox 2012 3206 2070 3259; x_wconf 86' lang='lat' dir='ltr'><strong>in</strong></span> <span class='ocrx_word' id='word_1_436' title='bbox 2098 3204 2364 3277; x_wconf 81' lang='lat' dir='ltr'><strong>baptismo</strong></span> <span class='ocrx_word' id='word_1_437' title='bbox 2389 3208 2506 3260; x_wconf 84' lang='lat' dir='ltr'><strong>sine</strong></span> <span class='ocrx_word' id='word_1_438' title='bbox 2531 3206 2743 3261; x_wconf 83' lang='lat' dir='ltr'><strong>actuali</strong></span> <span class='ocrx_word' id='word_1_439' title='bbox 2777 3208 3164 3261; x_wconf 81' lang='lat' dir='ltr'><strong>immutatione</strong></span> 
     </span>
     <span class='ocr_line' id='line_1_73' title="bbox 1804 3286 3162 3362; baseline 0.001 -20"><span class='ocrx_word' id='word_1_440' title='bbox 1804 3288 2136 3352; x_wconf 81' lang='lat' dir='ltr'><strong>voluntatis,·</strong></span> <span class='ocrx_word' id='word_1_441' title='bbox 2160 3286 2302 3362; x_wconf 80' lang='lat' dir='ltr'><strong>quod</strong></span> <span class='ocrx_word' id='word_1_442' title='bbox 2326 3288 2390 3353; x_wconf 81' lang='lat' dir='ltr'><strong>fit</strong></span> <span class='ocrx_word' id='word_1_443' title='bbox 2413 3303 2510 3358; x_wconf 83' lang='lat' dir='ltr'><strong>per</strong></span> <span class='ocrx_word' id='word_1_444' title='bbox 2534 3288 2929 3359; x_wconf 66' lang='lat' dir='ltr'><strong>poenitentiam.</strong></span> <span class='ocrx_word' id='word_1_445' title='bbox 2964 3288 3032 3341; x_wconf 86' lang='lat' dir='ltr'><strong>Et</strong></span> <span class='ocrx_word' id='word_1_446' title='bbox 3071 3291 3162 3343; x_wconf 85' lang='lat' dir='ltr'><strong>ta-</strong></span> 
     </span>
     <span class='ocr_line' id='line_1_74' title="bbox 1804 3366 3161 3440; baseline -0.001 -16"><span class='ocrx_word' id='word_1_447' title='bbox 1804 3383 1940 3424; x_wconf 91' lang='lat' dir='ltr'><strong>men</strong></span> <span class='ocrx_word' id='word_1_448' title='bbox 1961 3372 2180 3424; x_wconf 87' lang='lat' dir='ltr'><strong>certum</strong></span> <span class='ocrx_word' id='word_1_449' title='bbox 2206 3371 2308 3425; x_wconf 84' lang='lat' dir='ltr'><strong>est,</strong></span> <span class='ocrx_word' id='word_1_450' title='bbox 2327 3366 2476 3438; x_wconf 90' lang='lat' dir='ltr'><strong>quod</strong></span> <span class='ocrx_word' id='word_1_451' title='bbox 2499 3372 2559 3422; x_wconf 93' lang='lat' dir='ltr'><strong>ut</strong></span> <span class='ocrx_word' id='word_1_452' title='bbox 2580 3366 2807 3423; x_wconf 91' lang='lat' dir='ltr'><strong>adultus</strong></span> <span class='ocrx_word' id='word_1_453' title='bbox 2829 3384 2928 3440; x_wconf 90' lang='lat' dir='ltr'><strong>per</strong></span> <span class='ocrx_word' id='word_1_454' title='bbox 2945 3368 3161 3440; x_wconf 90' lang='lat' dir='ltr'><strong>Baptis-</strong></span> 
     </span>
     <span class='ocr_line' id='line_1_75' title="bbox 1806 3445 3158 3521; baseline 0.001 -17"><span class='ocrx_word' id='word_1_455' title='bbox 1806 3463 1969 3504; x_wconf 89' lang='lat' dir='ltr'><strong>mum</strong></span> <span class='ocrx_word' id='word_1_456' title='bbox 2005 3445 2363 3521; x_wconf 81' lang='lat' dir='ltr'><strong>justificetur,</strong></span> <span class='ocrx_word' id='word_1_457' title='bbox 2398 3463 2514 3504; x_wconf 90' lang='lat' dir='ltr'><strong>non</strong></span> <span class='ocrx_word' id='word_1_458' title='bbox 2536 3447 2753 3521; x_wconf 81' lang='lat' dir='ltr'><strong>indiget</strong></span> <span class='ocrx_word' id='word_1_459' title='bbox 2783 3448 3026 3520; x_wconf 85' lang='lat' dir='ltr'><strong>perfecta</strong></span> <span class='ocrx_word' id='word_1_460' title='bbox 3055 3448 3158 3505; x_wconf 89' lang='lat' dir='ltr'><strong>illa</strong></span> 
     </span>
     <span class='ocr_line' id='line_1_76' title="bbox 1806 3528 3161 3603; baseline 0.001 -17"><span class='ocrx_word' id='word_1_461' title='bbox 1806 3529 2160 3603; x_wconf 86' lang='lat' dir='ltr'><strong>poenitentia.</strong></span> <span class='ocrx_word' id='word_1_462' title='bbox 2176 3528 2245 3585; x_wconf 90' lang='lat' dir='ltr'><strong>de</strong></span> <span class='ocrx_word' id='word_1_463' title='bbox 2266 3544 2376 3601; x_wconf 89' lang='lat' dir='ltr'><strong>qua</strong></span> <span class='ocrx_word' id='word_1_464' title='bbox 2394 3530 2455 3585; x_wconf 93' lang='lat' dir='ltr'><strong>D.</strong></span> <span class='ocrx_word' id='word_1_465' title='bbox 2475 3530 2677 3585; x_wconf 90' lang='lat' dir='ltr'><strong>Thom.</strong></span> <span class='ocrx_word' id='word_1_466' title='bbox 2697 3530 2948 3602; x_wconf 86' lang='lat' dir='ltr'><strong>loquitur</strong></span> <span class='ocrx_word' id='word_1_467' title='bbox 2964 3531 3026 3585; x_wconf 92' lang='lat' dir='ltr'><strong>in</strong></span> <span class='ocrx_word' id='word_1_468' title='bbox 3041 3546 3161 3587; x_wconf 88' lang='lat' dir='ltr'><strong>cor-</strong></span> 
     </span>
     <span class='ocr_line' id='line_1_77' title="bbox 1806 3608 3160 3684; baseline -0.001 -17"><span class='ocrx_word' id='word_1_469' title='bbox 1806 3626 1945 3684; x_wconf 87' lang='lat' dir='ltr'><strong>pore</strong></span> <span class='ocrx_word' id='word_1_470' title='bbox 1970 3609 2227 3669; x_wconf 72' lang='lat' dir='ltr'><strong>articuliz</strong></span> <span class='ocrx_word' id='word_1_471' title='bbox 2254 3608 2466 3681; x_wconf 91' lang='lat' dir='ltr'><strong>alioqui</strong></span> <span class='ocrx_word' id='word_1_472' title='bbox 2500 3624 2794 3680; x_wconf 89' lang='lat' dir='ltr'><strong>nunquam</strong></span> <span class='ocrx_word' id='word_1_473' title='bbox 2835 3610 3160 3682; x_wconf 89' lang='lat' dir='ltr'><strong>Baptismus</strong></span> 
     </span>
     <span class='ocr_line' id='line_1_78' title="bbox 1805 3690 3158 3765; baseline -0.001 -15"><span class='ocrx_word' id='word_1_474' title='bbox 1805 3691 2091 3751; x_wconf 84' lang='lat' dir='ltr'><strong>conferret</strong></span> <span class='ocrx_word' id='word_1_475' title='bbox 2113 3690 2306 3747; x_wconf 87' lang='lat' dir='ltr'><strong>adulto</strong></span> <span class='ocrx_word' id='word_1_476' title='bbox 2328 3691 2575 3763; x_wconf 89' lang='lat' dir='ltr'><strong>primam</strong></span> <span class='ocrx_word' id='word_1_477' title='bbox 2591 3693 2837 3765; x_wconf 81' lang='lat' dir='ltr'><strong>gratiam</strong></span> <span class='ocrx_word' id='word_1_478' title='bbox 2859 3716 2871 3759; x_wconf 89' lang='lat'><strong>;</strong></span> <span class='ocrx_word' id='word_1_479' title='bbox 2895 3691 2992 3749; x_wconf 91' lang='lat' dir='ltr'><strong>sed</strong></span> <span class='ocrx_word' id='word_1_480' title='bbox 3010 3707 3158 3760; x_wconf 89' lang='lat' dir='ltr'><strong>eam,</strong></span> 
     </span>
     <span class='ocr_line' id='line_1_79' title="bbox 1804 3774 3164 3848; baseline -0.001 -16"><span class='ocrx_word' id='word_1_481' title='bbox 1804 3776 1950 3832; x_wconf 86' lang='lat' dir='ltr'><strong>sicut</strong></span> <span class='ocrx_word' id='word_1_482' title='bbox 1975 3780 2030 3832; x_wconf 88' lang='lat' dir='ltr'><strong>et</strong></span> <span class='ocrx_word' id='word_1_483' title='bbox 2071 3774 2467 3847; x_wconf 82' lang='lat' dir='ltr'><strong>poenitentiam</strong></span> <span class='ocrx_word' id='word_1_484' title='bbox 2509 3774 2834 3845; x_wconf 85' lang='lat' dir='ltr'><strong>perfectam,</strong></span> <span class='ocrx_word' id='word_1_485' title='bbox 2876 3790 3164 3848; x_wconf 91' lang='lat' dir='ltr'><strong>suppone-</strong></span> 
     </span>
    </p>
   </div>
   <div class='ocr_carea' id='block_1_16' title="bbox 302 3853 1676 5072">
    <p class='ocr_par' dir='ltr' id='par_1_16' title="bbox 302 3853 1676 5072">
     <span class='ocr_line' id='line_1_80' title="bbox 306 3853 1669 3925; baseline 0.002 -13"><span class='ocrx_word' id='word_1_486' title='bbox 306 3865 487 3925; x_wconf 75' lang='lat' dir='ltr'><strong>quaest.</strong></span> <span class='ocrx_word' id='word_1_487' title='bbox 519 3858 610 3921; x_wconf 81' lang='lat'><strong>86,</strong></span> <span class='ocrx_word' id='word_1_488' title='bbox 649 3862 760 3911; x_wconf 86' lang='lat' dir='ltr'><strong>art.</strong></span> <span class='ocrx_word' id='word_1_489' title='bbox 791 3858 847 3920; x_wconf 78' lang='lat'><strong>2,</strong></span> <span class='ocrx_word' id='word_1_490' title='bbox 880 3853 980 3910; x_wconf 91' lang='lat' dir='ltr'><strong>ubi</strong></span> <span class='ocrx_word' id='word_1_491' title='bbox 1008 3856 1173 3911; x_wconf 90' lang='lat' dir='ltr'><strong>illam</strong></span> <span class='ocrx_word' id='word_1_492' title='bbox 1198 3854 1399 3913; x_wconf 91' lang='lat' dir='ltr'><strong>docere</strong></span> <span class='ocrx_word' id='word_1_493' title='bbox 1439 3856 1669 3915; x_wconf 88' lang='lat' dir='ltr'><strong>videtur</strong></span> 
     </span>
     <span class='ocr_line' id='line_1_81' title="bbox 308 3936 1669 4017; baseline 0.003 -23"><span class='ocrx_word' id='word_1_494' title='bbox 308 3939 400 3994; x_wconf 87' lang='lat' dir='ltr'><strong>his</strong></span> <span class='ocrx_word' id='word_1_495' title='bbox 428 3936 659 3994; x_wconf 85' lang='lat' dir='ltr'><strong>verbis:</strong></span> <span class='ocrx_word' id='word_1_496' title='bbox 688 3937 997 4011; x_wconf 84' lang='lat' dir='ltr'><strong>Respondeo</strong></span> <span class='ocrx_word' id='word_1_497' title='bbox 1035 3937 1343 4004; x_wconf 82' lang='lat' dir='ltr'><strong>dicendum,</strong></span> <span class='ocrx_word' id='word_1_498' title='bbox 1376 3941 1519 4017; x_wconf 80' lang='lat' dir='ltr'><strong>quod</strong></span> <span class='ocrx_word' id='word_1_499' title='bbox 1559 3944 1669 3998; x_wconf 84' lang='lat' dir='ltr'><strong>im-</strong></span> 
     </span>
     <span class='ocr_line' id='line_1_82' title="bbox 302 4021 1669 4094; baseline 0.004 -19"><span class='ocrx_word' id='word_1_500' title='bbox 302 4021 559 4094; x_wconf 82' lang='lat' dir='ltr'><strong>possibile</strong></span> <span class='ocrx_word' id='word_1_501' title='bbox 598 4028 674 4077; x_wconf 87' lang='lat' dir='ltr'><strong>est</strong></span> <span class='ocrx_word' id='word_1_502' title='bbox 716 4028 996 4093; x_wconf 82' lang='lat' dir='ltr'><strong>peccatum</strong></span> <span class='ocrx_word' id='word_1_503' title='bbox 1034 4022 1248 4076; x_wconf 83' lang='lat' dir='ltr'><strong>actuale</strong></span> <span class='ocrx_word' id='word_1_504' title='bbox 1285 4024 1514 4079; x_wconf 79' lang='lat' dir='ltr'><strong>mortale</strong></span> <span class='ocrx_word' id='word_1_505' title='bbox 1552 4027 1669 4081; x_wconf 82' lang='lat' dir='ltr'><strong>sine</strong></span> 
     </span>
     <span class='ocr_line' id='line_1_83' title="bbox 306 4104 1663 4180; baseline 0.003 -21"><span class='ocrx_word' id='word_1_506' title='bbox 306 4106 627 4177; x_wconf 64' lang='lat' dir='ltr'><strong>paenitentia</strong></span> <span class='ocrx_word' id='word_1_507' title='bbox 670 4104 896 4168; x_wconf 79' lang='lat' dir='ltr'><strong>remitti,</strong></span> <span class='ocrx_word' id='word_1_508' title='bbox 928 4104 1187 4180; x_wconf 81' lang='lat' dir='ltr'><strong>loquendo</strong></span> <span class='ocrx_word' id='word_1_509' title='bbox 1223 4104 1288 4158; x_wconf 87' lang='lat' dir='ltr'><strong>de</strong></span> <span class='ocrx_word' id='word_1_510' title='bbox 1323 4107 1663 4177; x_wconf 70' lang='lat' dir='ltr'><strong>paenitentia,</strong></span> 
     </span>
     <span class='ocr_line' id='line_1_84' title="bbox 310 4184 1663 4263; baseline 0.004 -23"><span class='ocrx_word' id='word_1_511' title='bbox 310 4203 425 4263; x_wconf 64' lang='lat' dir='ltr'><strong>quse</strong></span> <span class='ocrx_word' id='word_1_512' title='bbox 467 4192 545 4241; x_wconf 85' lang='lat' dir='ltr'><strong>est</strong></span> <span class='ocrx_word' id='word_1_513' title='bbox 582 4187 780 4241; x_wconf 84' lang='lat' dir='ltr'><strong>virtus.</strong></span> <span class='ocrx_word' id='word_1_514' title='bbox 832 4186 901 4239; x_wconf 82' lang='lat' dir='ltr'><strong>Et</strong></span> <span class='ocrx_word' id='word_1_515' title='bbox 941 4185 1138 4241; x_wconf 81' lang='lat' dir='ltr'><strong>infra:</strong></span> <span class='ocrx_word' id='word_1_516' title='bbox 1186 4184 1529 4259; x_wconf 82' lang='lat' dir='ltr'><strong>Impossibile</strong></span> <span class='ocrx_word' id='word_1_517' title='bbox 1567 4196 1663 4257; x_wconf 88' lang='lat' dir='ltr'><strong>est,</strong></span> 
     </span>
     <span class='ocr_line' id='line_1_85' title="bbox 310 4266 1670 4345; baseline 0.004 -23"><span class='ocrx_word' id='word_1_518' title='bbox 310 4268 451 4345; x_wconf 80' lang='lat' dir='ltr'><strong>quod</strong></span> <span class='ocrx_word' id='word_1_519' title='bbox 476 4274 755 4340; x_wconf 80' lang='lat' dir='ltr'><strong>peccatum</strong></span> <span class='ocrx_word' id='word_1_520' title='bbox 794 4266 966 4322; x_wconf 81' lang='lat' dir='ltr'><strong>alicui</strong></span> <span class='ocrx_word' id='word_1_521' title='bbox 990 4269 1309 4322; x_wconf 81' lang='lat' dir='ltr'><strong>remittatur</strong></span> <span class='ocrx_word' id='word_1_522' title='bbox 1345 4270 1462 4325; x_wconf 76' lang='lat' dir='ltr'><strong>sine</strong></span> <span class='ocrx_word' id='word_1_523' title='bbox 1498 4274 1670 4342; x_wconf 72' lang='grc' dir='ltr'>ρωπί-</span> 
     </span>
     <span class='ocr_line' id='line_1_86' title="bbox 310 4346 1669 4425; baseline 0.005 -24"><span class='ocrx_word' id='word_1_524' title='bbox 310 4350 502 4414; x_wconf 83' lang='lat' dir='ltr'><strong>tentia,</strong></span> <span class='ocrx_word' id='word_1_525' title='bbox 535 4354 647 4425; x_wconf 55' lang='grc' dir='ltr'><strong>(μιν</strong></span> <span class='ocrx_word' id='word_1_526' title='bbox 670 4353 747 4402; x_wconf 82' lang='lat' dir='ltr'><strong>est</strong></span> <span class='ocrx_word' id='word_1_527' title='bbox 772 4348 971 4403; x_wconf 79' lang='lat' dir='ltr'><strong>virtus.</strong></span> <span class='ocrx_word' id='word_1_528' title='bbox 1005 4348 1074 4402; x_wconf 85' lang='lat' dir='ltr'><strong>Et</strong></span> <span class='ocrx_word' id='word_1_529' title='bbox 1100 4346 1353 4420; x_wconf 87' lang='lat' dir='ltr'><strong>loquitur</strong></span> <span class='ocrx_word' id='word_1_530' title='bbox 1381 4348 1450 4406; x_wconf 89' lang='lat' dir='ltr'><strong>de</strong></span> <span class='ocrx_word' id='word_1_531' title='bbox 1479 4352 1669 4422; x_wconf 87' lang='lat' dir='ltr'><strong>poeni-</strong></span> 
     </span>
     <span class='ocr_line' id='line_1_87' title="bbox 310 4430 1671 4508; baseline 0.004 -21"><span class='ocrx_word' id='word_1_532' title='bbox 310 4430 491 4487; x_wconf 84' lang='lat' dir='ltr'><strong>tentia</strong></span> <span class='ocrx_word' id='word_1_533' title='bbox 519 4430 794 4495; x_wconf 86' lang='lat' dir='ltr'><strong>absoluta,</strong></span> <span class='ocrx_word' id='word_1_534' title='bbox 831 4435 888 4487; x_wconf 89' lang='lat' dir='ltr'><strong>et</strong></span> <span class='ocrx_word' id='word_1_535' title='bbox 915 4446 1033 4487; x_wconf 91' lang='lat' dir='ltr'><strong>non</strong></span> <span class='ocrx_word' id='word_1_536' title='bbox 1058 4435 1284 4485; x_wconf 88' lang='lat' dir='ltr'><strong>tantum</strong></span> <span class='ocrx_word' id='word_1_537' title='bbox 1315 4446 1417 4504; x_wconf 87' lang='lat' dir='ltr'><strong>per</strong></span> <span class='ocrx_word' id='word_1_538' title='bbox 1444 4449 1671 4508; x_wconf 90' lang='lat' dir='ltr'><strong>respec-</strong></span> 
     </span>
     <span class='ocr_line' id='line_1_88' title="bbox 313 4510 1667 4585; baseline 0.004 -18"><span class='ocrx_word' id='word_1_539' title='bbox 313 4517 435 4568; x_wconf 91' lang='lat' dir='ltr'><strong>tum</strong></span> <span class='ocrx_word' id='word_1_540' title='bbox 483 4510 552 4569; x_wconf 89' lang='lat' dir='ltr'><strong>ad</strong></span> <span class='ocrx_word' id='word_1_541' title='bbox 602 4512 1024 4585; x_wconf 87' lang='lat' dir='ltr'><strong>providentiam</strong></span> <span class='ocrx_word' id='word_1_542' title='bbox 1078 4529 1475 4581; x_wconf 88' lang='lat' dir='ltr'><strong>communem;</strong></span> <span class='ocrx_word' id='word_1_543' title='bbox 1532 4532 1667 4573; x_wconf 89' lang='lat' dir='ltr'><strong>nam</strong></span> 
     </span>
     <span class='ocr_line' id='line_1_89' title="bbox 312 4593 1672 4667; baseline 0.004 -19"><span class='ocrx_word' id='word_1_544' title='bbox 312 4595 367 4650; x_wconf 92' lang='lat' dir='ltr'><strong>S.</strong></span> <span class='ocrx_word' id='word_1_545' title='bbox 384 4595 588 4650; x_wconf 91' lang='lat' dir='ltr'><strong>Doctor</strong></span> <span class='ocrx_word' id='word_1_546' title='bbox 607 4610 872 4667; x_wconf 85' lang='lat' dir='ltr'><strong>expresse</strong></span> <span class='ocrx_word' id='word_1_547' title='bbox 888 4593 1088 4650; x_wconf 90' lang='lat' dir='ltr'><strong>statuit</strong></span> <span class='ocrx_word' id='word_1_548' title='bbox 1109 4593 1493 4652; x_wconf 83' lang='lat' dir='ltr'><strong>differentiam</strong></span> <span class='ocrx_word' id='word_1_549' title='bbox 1518 4596 1672 4654; x_wconf 90' lang='lat' dir='ltr'><strong>inter</strong></span> 
     </span>
     <span class='ocr_line' id='line_1_90' title="bbox 314 4674 1673 4748; baseline 0.001 -17"><span class='ocrx_word' id='word_1_550' title='bbox 314 4674 743 4748; x_wconf 87' lang='lat' dir='ltr'><strong>poenitentiam,</strong></span> <span class='ocrx_word' id='word_1_551' title='bbox 800 4689 925 4748; x_wconf 85' lang='lat' dir='ltr'><strong>quae</strong></span> <span class='ocrx_word' id='word_1_552' title='bbox 976 4679 1061 4730; x_wconf 89' lang='lat' dir='ltr'><strong>est</strong></span> <span class='ocrx_word' id='word_1_553' title='bbox 1107 4681 1562 4745; x_wconf 87' lang='lat' dir='ltr'><strong>sacramentum;</strong></span> <span class='ocrx_word' id='word_1_554' title='bbox 1616 4683 1673 4735; x_wconf 91' lang='lat' dir='ltr'><strong>et</strong></span> 
     </span>
     <span class='ocr_line' id='line_1_91' title="bbox 315 4754 1672 4827; baseline 0.003 -17"><span class='ocrx_word' id='word_1_555' title='bbox 315 4754 735 4827; x_wconf 86' lang='lat' dir='ltr'><strong>poenitentiam,</strong></span> <span class='ocrx_word' id='word_1_556' title='bbox 786 4769 911 4827; x_wconf 85' lang='lat' dir='ltr'><strong>quae</strong></span> <span class='ocrx_word' id='word_1_557' title='bbox 960 4760 1046 4811; x_wconf 91' lang='lat' dir='ltr'><strong>est</strong></span> <span class='ocrx_word' id='word_1_558' title='bbox 1095 4757 1320 4811; x_wconf 79' lang='lat' dir='ltr'><strong>virtus:</strong></span> <span class='ocrx_word' id='word_1_559' title='bbox 1371 4761 1426 4813; x_wconf 87' lang='lat' dir='ltr'><strong>et</strong></span> <span class='ocrx_word' id='word_1_560' title='bbox 1476 4764 1672 4814; x_wconf 87' lang='lat' dir='ltr'><strong>tamen</strong></span> 
     </span>
     <span class='ocr_line' id='line_1_92' title="bbox 312 4833 1673 4908; baseline 0.001 -17"><span class='ocrx_word' id='word_1_561' title='bbox 312 4839 533 4891; x_wconf 89' lang='lat' dir='ltr'><strong>certum</strong></span> <span class='ocrx_word' id='word_1_562' title='bbox 560 4839 659 4898; x_wconf 90' lang='lat' dir='ltr'><strong>est,</strong></span> <span class='ocrx_word' id='word_1_563' title='bbox 684 4834 932 4906; x_wconf 90' lang='lat' dir='ltr'><strong>impium</strong></span> <span class='ocrx_word' id='word_1_564' title='bbox 961 4833 1222 4890; x_wconf 89' lang='lat' dir='ltr'><strong>adultum</strong></span> <span class='ocrx_word' id='word_1_565' title='bbox 1251 4850 1368 4891; x_wconf 92' lang='lat' dir='ltr'><strong>non</strong></span> <span class='ocrx_word' id='word_1_566' title='bbox 1395 4851 1556 4908; x_wconf 89' lang='lat' dir='ltr'><strong>posse</strong></span> <span class='ocrx_word' id='word_1_567' title='bbox 1581 4852 1673 4893; x_wconf 89' lang='lat' dir='ltr'><strong>se-</strong></span> 
     </span>
     <span class='ocr_line' id='line_1_93' title="bbox 312 4914 1674 4991; baseline 0.001 -19"><span class='ocrx_word' id='word_1_568' title='bbox 312 4914 569 4972; x_wconf 88' lang='lat' dir='ltr'><strong>cundum</strong></span> <span class='ocrx_word' id='word_1_569' title='bbox 599 4914 1023 4988; x_wconf 90' lang='lat' dir='ltr'><strong>providentiam</strong></span> <span class='ocrx_word' id='word_1_570' title='bbox 1057 4931 1423 4973; x_wconf 89' lang='lat' dir='ltr'><strong>communem</strong></span> <span class='ocrx_word' id='word_1_571' title='bbox 1460 4916 1674 4991; x_wconf 86' lang='lat' dir='ltr'><strong>justifi-</strong></span> 
     </span>
     <span class='ocr_line' id='line_1_94' title="bbox 315 4995 1676 5072; baseline 0.001 -18"><span class='ocrx_word' id='word_1_572' title='bbox 315 4997 434 5054; x_wconf 88' lang='lat' dir='ltr'><strong>cari</strong></span> <span class='ocrx_word' id='word_1_573' title='bbox 473 4995 683 5069; x_wconf 89' lang='lat' dir='ltr'><strong>absque</strong></span> <span class='ocrx_word' id='word_1_574' title='bbox 720 5000 1076 5054; x_wconf 89' lang='lat' dir='ltr'><strong>sacramento</strong></span> <span class='ocrx_word' id='word_1_575' title='bbox 1120 4996 1506 5069; x_wconf 81' lang='lat' dir='ltr'><strong>poenitentiae:</strong></span> <span class='ocrx_word' id='word_1_576' title='bbox 1538 5013 1676 5072; x_wconf 91' lang='lat' dir='ltr'><strong>ergo</strong></span> 
     </span>
    </p>
   </div>
   <div class='ocr_carea' id='block_1_17' title="bbox 314 5075 1735 5152">
    <p class='ocr_par' dir='ltr' id='par_1_17' title="bbox 314 5075 1735 5152">
     <span class='ocr_line' id='line_1_95' title="bbox 314 5075 1735 5152; baseline -0.002 -15"><span class='ocrx_word' id='word_1_577' title='bbox 314 5095 447 5137; x_wconf 90' lang='lat' dir='ltr'><strong>cum</strong></span> <span class='ocrx_word' id='word_1_578' title='bbox 475 5075 613 5133; x_wconf 90' lang='lat' dir='ltr'><strong>dicit</strong></span> <span class='ocrx_word' id='word_1_579' title='bbox 653 5077 1071 5152; x_wconf 90' lang='lat' dir='ltr'><strong>impossibilem</strong></span> <span class='ocrx_word' id='word_1_580' title='bbox 1109 5093 1232 5135; x_wconf 83' lang='lat' dir='ltr'><strong>esse</strong></span> <span class='ocrx_word' id='word_1_581' title='bbox 1273 5079 1673 5135; x_wconf 89' lang='lat' dir='ltr'><strong>remissionem</strong></span> <span class='ocrx_word' id='word_1_582' title='bbox 1729 5116 1735 5122; x_wconf 79' lang='lat'><strong>.</strong></span> 
     </span>
    </p>
   </div>
   <div class='ocr_carea' id='block_1_18' title="bbox 1804 3854 3176 5152">
    <p class='ocr_par' dir='ltr' id='par_1_18' title="bbox 1804 3854 3176 5152">
     <span class='ocr_line' id='line_1_96' title="bbox 1807 3854 3161 3928; baseline -0.001 -15"><span class='ocrx_word' id='word_1_583' title='bbox 1807 3862 1932 3913; x_wconf 91' lang='lat' dir='ltr'><strong>ret:</strong></span> <span class='ocrx_word' id='word_1_584' title='bbox 1957 3855 2159 3912; x_wconf 88' lang='lat' dir='ltr'><strong>sufficit</strong></span> <span class='ocrx_word' id='word_1_585' title='bbox 2188 3854 2301 3910; x_wconf 89' lang='lat' dir='ltr'><strong>alia</strong></span> <span class='ocrx_word' id='word_1_586' title='bbox 2329 3854 2666 3927; x_wconf 85' lang='lat' dir='ltr'><strong>poenitentia</strong></span> <span class='ocrx_word' id='word_1_587' title='bbox 2695 3854 2956 3922; x_wconf 83' lang='lat' dir='ltr'><strong>inferior,</strong></span> <span class='ocrx_word' id='word_1_588' title='bbox 2988 3871 3161 3928; x_wconf 90' lang='lat' dir='ltr'><strong>quam</strong></span> 
     </span>
     <span class='ocr_line' id='line_1_97' title="bbox 1805 3936 3158 4011; baseline 0.001 -19"><span class='ocrx_word' id='word_1_589' title='bbox 1805 3938 2078 4011; x_wconf 89' lang='lat' dir='ltr'><strong>Theologi</strong></span> <span class='ocrx_word' id='word_1_590' title='bbox 2118 3939 2321 3993; x_wconf 87' lang='lat' dir='ltr'><strong>vocant</strong></span> <span class='ocrx_word' id='word_1_591' title='bbox 2357 3936 2744 3992; x_wconf 89' lang='lat' dir='ltr'><strong>communiter</strong></span> <span class='ocrx_word' id='word_1_592' title='bbox 2783 3937 3158 3994; x_wconf 88' lang='lat' dir='ltr'><strong>attritionem.</strong></span> 
     </span>
     <span class='ocr_line' id='line_1_98' title="bbox 1806 4017 3157 4092; baseline -0.001 -15"><span class='ocrx_word' id='word_1_593' title='bbox 1806 4023 1954 4077; x_wconf 89' lang='lat' dir='ltr'><strong>Tum</strong></span> <span class='ocrx_word' id='word_1_594' title='bbox 1988 4020 2183 4086; x_wconf 88' lang='lat' dir='ltr'><strong>etiam,</strong></span> <span class='ocrx_word' id='word_1_595' title='bbox 2215 4017 2349 4091; x_wconf 90' lang='lat' dir='ltr'><strong>quia</strong></span> <span class='ocrx_word' id='word_1_596' title='bbox 2389 4020 2444 4075; x_wconf 93' lang='lat' dir='ltr'><strong>S.</strong></span> <span class='ocrx_word' id='word_1_597' title='bbox 2489 4020 2690 4074; x_wconf 88' lang='lat' dir='ltr'><strong>Doctor</strong></span> <span class='ocrx_word' id='word_1_598' title='bbox 2726 4018 2910 4073; x_wconf 84' lang='lat' dir='ltr'><strong>cadem</strong></span> <span class='ocrx_word' id='word_1_599' title='bbox 2952 4020 2986 4073; x_wconf 89' lang='lat'>3</span> <span class='ocrx_word' id='word_1_600' title='bbox 3009 4028 3157 4092; x_wconf 82' lang='lat' dir='ltr'><strong>part.</strong></span> 
     </span>
     <span class='ocr_line' id='line_1_99' title="bbox 1805 4099 3166 4184; baseline -0.001 -23"><span class='ocrx_word' id='word_1_601' title='bbox 1805 4111 1988 4184; x_wconf 72' lang='lat' dir='ltr'><strong>quaest.</strong></span> <span class='ocrx_word' id='word_1_602' title='bbox 2017 4103 2111 4168; x_wconf 86' lang='lat'><strong>79,</strong></span> <span class='ocrx_word' id='word_1_603' title='bbox 2137 4109 2246 4159; x_wconf 83' lang='lat' dir='ltr'><strong>art.</strong></span> <span class='ocrx_word' id='word_1_604' title='bbox 2272 4102 2325 4168; x_wconf 88' lang='lat'><strong>3,</strong></span> <span class='ocrx_word' id='word_1_605' title='bbox 2350 4117 2615 4174; x_wconf 86' lang='lat' dir='ltr'><strong>expresse</strong></span> <span class='ocrx_word' id='word_1_606' title='bbox 2641 4099 2818 4167; x_wconf 89' lang='lat' dir='ltr'><strong>docet,</strong></span> <span class='ocrx_word' id='word_1_607' title='bbox 2842 4118 3166 4160; x_wconf 89' lang='lat' dir='ltr'><strong>sacramen·</strong></span> 
     </span>
     <span class='ocr_line' id='line_1_100' title="bbox 1806 4182 3164 4257; baseline -0.001 -14"><span class='ocrx_word' id='word_1_608' title='bbox 1806 4193 1929 4243; x_wconf 88' lang='lat' dir='ltr'><strong>tum</strong></span> <span class='ocrx_word' id='word_1_609' title='bbox 1958 4182 2329 4240; x_wconf 81' lang='lat' dir='ltr'><strong>Eucharistiae</strong></span> <span class='ocrx_word' id='word_1_610' title='bbox 2355 4182 2575 4241; x_wconf 86' lang='lat' dir='ltr'><strong>efficere</strong></span> <span class='ocrx_word' id='word_1_611' title='bbox 2614 4182 2940 4256; x_wconf 88' lang='lat' dir='ltr'><strong>aliquand0‚</strong></span> <span class='ocrx_word' id='word_1_612' title='bbox 2972 4187 3029 4239; x_wconf 88' lang='lat' dir='ltr'><strong>et</strong></span> <span class='ocrx_word' id='word_1_613' title='bbox 3061 4198 3164 4257; x_wconf 87' lang='lat' dir='ltr'><strong>per</strong></span> 
     </span>
     <span class='ocr_line' id='line_1_101' title="bbox 1806 4263 3156 4337; baseline -0.003 -13"><span class='ocrx_word' id='word_1_614' title='bbox 1806 4265 2064 4324; x_wconf 89' lang='lat' dir='ltr'><strong>accidens</strong></span> <span class='ocrx_word' id='word_1_615' title='bbox 2106 4264 2356 4337; x_wconf 89' lang='lat' dir='ltr'><strong>primam</strong></span> <span class='ocrx_word' id='word_1_616' title='bbox 2396 4263 2665 4337; x_wconf 81' lang='lat' dir='ltr'><strong>gratiam,</strong></span> <span class='ocrx_word' id='word_1_617' title='bbox 2709 4265 2773 4321; x_wconf 91' lang='lat' dir='ltr'><strong>in</strong></span> <span class='ocrx_word' id='word_1_618' title='bbox 2808 4280 2875 4321; x_wconf 92' lang='lat' dir='ltr'><strong>eo</strong></span> <span class='ocrx_word' id='word_1_619' title='bbox 2920 4264 3156 4332; x_wconf 90' lang='lat' dir='ltr'><strong>scilicet,</strong></span> 
     </span>
     <span class='ocr_line' id='line_1_102' title="bbox 1804 4345 3176 4422; baseline -0.001 -18"><span class='ocrx_word' id='word_1_620' title='bbox 1804 4349 1903 4422; x_wconf 88' lang='lat' dir='ltr'><strong>qui</strong></span> <span class='ocrx_word' id='word_1_621' title='bbox 1933 4348 2063 4404; x_wconf 89' lang='lat' dir='ltr'><strong>licet</strong></span> <span class='ocrx_word' id='word_1_622' title='bbox 2089 4345 2293 4403; x_wconf 87' lang='lat' dir='ltr'><strong>babeat</strong></span> <span class='ocrx_word' id='word_1_623' title='bbox 2313 4348 2600 4418; x_wconf 83' lang='lat' dir='ltr'><strong>peccatum</strong></span> <span class='ocrx_word' id='word_1_624' title='bbox 2623 4347 2883 4413; x_wconf 88' lang='lat' dir='ltr'><strong>mortale,</strong></span> <span class='ocrx_word' id='word_1_625' title='bbox 2911 4345 3056 4403; x_wconf 90' lang='lat' dir='ltr'><strong>illud</strong></span> <span class='ocrx_word' id='word_1_626' title='bbox 3079 4352 3176 4403; x_wconf 45' lang='lat' dir='ltr'><strong>ta-‘</strong></span> 
     </span>
     <span class='ocr_line' id='line_1_103' title="bbox 1805 4426 3160 4502; baseline -0.001 -16"><span class='ocrx_word' id='word_1_627' title='bbox 1805 4445 1942 4486; x_wconf 91' lang='lat' dir='ltr'><strong>men</strong></span> <span class='ocrx_word' id='word_1_628' title='bbox 1983 4443 2101 4484; x_wconf 90' lang='lat' dir='ltr'><strong>non</strong></span> <span class='ocrx_word' id='word_1_629' title='bbox 2132 4427 2448 4501; x_wconf 87' lang='lat' dir='ltr'><strong>cognoscit:</strong></span> <span class='ocrx_word' id='word_1_630' title='bbox 2483 4426 2547 4482; x_wconf 88' lang='lat' dir='ltr'><strong>in</strong></span> <span class='ocrx_word' id='word_1_631' title='bbox 2572 4442 2684 4499; x_wconf 90' lang='lat' dir='ltr'><strong>quo</strong></span> <span class='ocrx_word' id='word_1_632' title='bbox 2712 4432 2921 4483; x_wconf 82' lang='lat' dir='ltr'><strong>eventu</strong></span> <span class='ocrx_word' id='word_1_633' title='bbox 2962 4429 3160 4502; x_wconf 89' lang='lat' dir='ltr'><strong>nequit</strong></span> 
     </span>
     <span class='ocr_line' id='line_1_104' title="bbox 1806 4509 3164 4584; baseline 0.001 -18"><span class='ocrx_word' id='word_1_634' title='bbox 1806 4511 1934 4569; x_wconf 90' lang='lat' dir='ltr'><strong>dari</strong></span> <span class='ocrx_word' id='word_1_635' title='bbox 1987 4517 2141 4568; x_wconf 88' lang='lat' dir='ltr'><strong>actus</strong></span> <span class='ocrx_word' id='word_1_636' title='bbox 2194 4510 2572 4583; x_wconf 81' lang='lat' dir='ltr'><strong>poenitentiae,</strong></span> <span class='ocrx_word' id='word_1_637' title='bbox 2621 4509 2693 4566; x_wconf 88' lang='lat' dir='ltr'><strong>de</strong></span> <span class='ocrx_word' id='word_1_638' title='bbox 2742 4525 2852 4582; x_wconf 89' lang='lat' dir='ltr'><strong>quo</strong></span> <span class='ocrx_word' id='word_1_639' title='bbox 2911 4512 3164 4584; x_wconf 88' lang='lat' dir='ltr'><strong>loquitur</strong></span> 
     </span>
     <span class='ocr_line' id='line_1_105' title="bbox 1806 4591 3165 4667; baseline 0.002 -19"><span class='ocrx_word' id='word_1_640' title='bbox 1806 4596 1872 4649; x_wconf 95' lang='lat' dir='ltr'><strong>D.</strong></span> <span class='ocrx_word' id='word_1_641' title='bbox 1916 4593 2120 4649; x_wconf 92' lang='lat' dir='ltr'><strong>Thom.</strong></span> <span class='ocrx_word' id='word_1_642' title='bbox 2152 4597 2215 4648; x_wconf 88' lang='lat' dir='ltr'><strong>ut</strong></span> <span class='ocrx_word' id='word_1_643' title='bbox 2251 4591 2388 4647; x_wconf 89' lang='lat' dir='ltr'><strong>satis</strong></span> <span class='ocrx_word' id='word_1_644' title='bbox 2426 4607 2498 4647; x_wconf 87' lang='lat' dir='ltr'><strong>ex</strong></span> <span class='ocrx_word' id='word_1_645' title='bbox 2536 4607 2596 4648; x_wconf 89' lang='lat' dir='ltr'><strong>se</strong></span> <span class='ocrx_word' id='word_1_646' title='bbox 2635 4592 2832 4665; x_wconf 90' lang='lat' dir='ltr'><strong>liquet.</strong></span> <span class='ocrx_word' id='word_1_647' title='bbox 2883 4594 3032 4667; x_wconf 85' lang='lat' dir='ltr'><strong>Ergo</strong></span> <span class='ocrx_word' id='word_1_648' title='bbox 3069 4596 3165 4651; x_wconf 83' lang='lat' dir='ltr'><strong>vel</strong></span> 
     </span>
     <span class='ocr_line' id='line_1_106' title="bbox 1807 4671 3166 4744; baseline 0 -15"><span class='ocrx_word' id='word_1_649' title='bbox 1807 4676 1863 4730; x_wconf 91' lang='lat' dir='ltr'><strong>S.</strong></span> <span class='ocrx_word' id='word_1_650' title='bbox 1889 4674 2093 4731; x_wconf 91' lang='lat' dir='ltr'><strong>Doctor</strong></span> <span class='ocrx_word' id='word_1_651' title='bbox 2117 4672 2227 4728; x_wconf 89' lang='lat' dir='ltr'><strong>sibi</strong></span> <span class='ocrx_word' id='word_1_652' title='bbox 2256 4671 2610 4740; x_wconf 89' lang='lat' dir='ltr'><strong>contradicit,</strong></span> <span class='ocrx_word' id='word_1_653' title='bbox 2640 4672 2789 4744; x_wconf 90' lang='lat' dir='ltr'><strong>quod</strong></span> <span class='ocrx_word' id='word_1_654' title='bbox 2818 4689 2934 4731; x_wconf 91' lang='lat' dir='ltr'><strong>non</strong></span> <span class='ocrx_word' id='word_1_655' title='bbox 2961 4679 3045 4731; x_wconf 91' lang='lat' dir='ltr'><strong>est</strong></span> <span class='ocrx_word' id='word_1_656' title='bbox 3070 4673 3166 4729; x_wconf 91' lang='lat' dir='ltr'><strong>di-</strong></span> 
     </span>
     <span class='ocr_line' id='line_1_107' title="bbox 1807 4753 3161 4828; baseline -0.001 -16"><span class='ocrx_word' id='word_1_657' title='bbox 1807 4754 2086 4820; x_wconf 88' lang='lat' dir='ltr'><strong>cendum;</strong></span> <span class='ocrx_word' id='word_1_658' title='bbox 2115 4755 2207 4811; x_wconf 83' lang='lat' dir='ltr'><strong>vel</strong></span> <span class='ocrx_word' id='word_1_659' title='bbox 2248 4754 2311 4810; x_wconf 92' lang='lat' dir='ltr'><strong>in</strong></span> <span class='ocrx_word' id='word_1_660' title='bbox 2347 4755 2484 4818; x_wconf 91' lang='lat' dir='ltr'><strong>loco,</strong></span> <span class='ocrx_word' id='word_1_661' title='bbox 2527 4754 2625 4825; x_wconf 89' lang='lat' dir='ltr'><strong>qui</strong></span> <span class='ocrx_word' id='word_1_662' title='bbox 2668 4753 2834 4810; x_wconf 88' lang='lat' dir='ltr'><strong>nobis</strong></span> <span class='ocrx_word' id='word_1_663' title='bbox 2873 4754 3161 4828; x_wconf 90' lang='lat' dir='ltr'><strong>objicitur,</strong></span> 
     </span>
     <span class='ocr_line' id='line_1_108' title="bbox 1807 4834 3164 4909; baseline 0 -17"><span class='ocrx_word' id='word_1_664' title='bbox 1807 4852 1928 4893; x_wconf 90' lang='lat' dir='ltr'><strong>non</strong></span> <span class='ocrx_word' id='word_1_665' title='bbox 1954 4835 2206 4909; x_wconf 89' lang='lat' dir='ltr'><strong>loquitur</strong></span> <span class='ocrx_word' id='word_1_666' title='bbox 2233 4834 2303 4891; x_wconf 89' lang='lat' dir='ltr'><strong>de</strong></span> <span class='ocrx_word' id='word_1_667' title='bbox 2343 4834 2676 4907; x_wconf 71' lang='lat' dir='ltr'><strong>poenitentia</strong></span> <span class='ocrx_word' id='word_1_668' title='bbox 2705 4852 2805 4907; x_wconf 90' lang='lat' dir='ltr'><strong>per</strong></span> <span class='ocrx_word' id='word_1_669' title='bbox 2847 4842 3164 4909; x_wconf 89' lang='lat' dir='ltr'><strong>respectum</strong></span> 
     </span>
     <span class='ocr_line' id='line_1_109' title="bbox 1808 4912 3164 4990; baseline -0.001 -16"><span class='ocrx_word' id='word_1_670' title='bbox 1808 4916 1878 4974; x_wconf 90' lang='lat' dir='ltr'><strong>ad</strong></span> <span class='ocrx_word' id='word_1_671' title='bbox 1906 4916 2218 4990; x_wconf 87' lang='lat' dir='ltr'><strong>potentiam</strong></span> <span class='ocrx_word' id='word_1_672' title='bbox 2247 4915 2348 4972; x_wconf 91' lang='lat' dir='ltr'><strong>Dei</strong></span> <span class='ocrx_word' id='word_1_673' title='bbox 2376 4912 2715 4981; x_wconf 88' lang='lat' dir='ltr'><strong>absolutam,</strong></span> <span class='ocrx_word' id='word_1_674' title='bbox 2745 4915 2839 4972; x_wconf 90' lang='lat' dir='ltr'><strong>sed</strong></span> <span class='ocrx_word' id='word_1_675' title='bbox 2861 4918 3049 4972; x_wconf 91' lang='lat' dir='ltr'><strong>solum</strong></span> <span class='ocrx_word' id='word_1_676' title='bbox 3069 4931 3164 4973; x_wconf 91' lang='lat' dir='ltr'><strong>se-</strong></span> 
     </span>
     <span class='ocr_line' id='line_1_110' title="bbox 1807 4996 3163 5069; baseline -0.001 -13"><span class='ocrx_word' id='word_1_677' title='bbox 1807 4997 2059 5056; x_wconf 89' lang='lat' dir='ltr'><strong>cundum</strong></span> <span class='ocrx_word' id='word_1_678' title='bbox 2084 5011 2449 5055; x_wconf 89' lang='lat' dir='ltr'><strong>communem</strong></span> <span class='ocrx_word' id='word_1_679' title='bbox 2492 4996 2933 5069; x_wconf 87' lang='lat' dir='ltr'><strong>providentiam,</strong></span> <span class='ocrx_word' id='word_1_680' title='bbox 2978 5001 3033 5053; x_wconf 84' lang='lat' dir='ltr'><strong>et</strong></span> <span class='ocrx_word' id='word_1_681' title='bbox 3061 5012 3163 5069; x_wconf 90' lang='lat' dir='ltr'><strong>per</strong></span> 
     </span>
     <span class='ocr_line' id='line_1_111' title="bbox 1808 5075 3162 5152; baseline -0.001 -16"><span class='ocrx_word' id='word_1_682' title='bbox 1808 5095 1869 5136; x_wconf 89' lang='lat' dir='ltr'><strong>se</strong></span> <span class='ocrx_word' id='word_1_683' title='bbox 1896 5078 2194 5152; x_wconf 84' lang='lat' dir='ltr'><strong>loquendo.</strong></span> <span class='ocrx_word' id='word_1_684' title='bbox 2227 5079 2375 5132; x_wconf 88' lang='lat' dir='ltr'><strong>Tum</strong></span> <span class='ocrx_word' id='word_1_685' title='bbox 2402 5075 2665 5150; x_wconf 88' lang='lat' dir='ltr'><strong>denique,</strong></span> <span class='ocrx_word' id='word_1_686' title='bbox 2696 5078 2828 5149; x_wconf 88' lang='lat' dir='ltr'><strong>quia</strong></span> <span class='ocrx_word' id='word_1_687' title='bbox 2857 5076 3162 5150; x_wconf 89' lang='lat' dir='ltr'><strong>Angelicus</strong></span> 
     </span>
    </p>
   </div>
  </div>
 </body>
</html>
