3647 5753
1574 440 1750 496 DISP.
1794 439 1866 505 11,
1911 439 2075 497 DUB.
2125 441 2167 496 1.
3200 431 3310 488 319

456 604 730 664 tificantis
778 611 1067 674 naturam,
1098 612 1154 665 et
1179 597 1550 676 conditiones,
1594 610 1820 667 facilius

453 687 568 743 erit
596 688 884 745 resolvere
910 687 1084 744 dubia
1125 694 1242 745 tam
1269 690 1403 746 huic
1441 690 1818 764 disputationi

456 767 706 841 propria,
739 783 913 840 quam
940 768 1090 837 huic,
1115 774 1172 827 et
1198 769 1285 826 illi
1316 768 1693 828 communia.'

954 985 1236 1039 DUBIUM
1277 987 1319 1041 1.

459 1145 658 1202 Utrum
679 1148 738 1201 in
747 1148 1144 1219 justificatione
1166 1150 1326 1220 impii
1348 1147 1681 1219 infundatur
1690 1164 1818 1218 yra-

526 1230 608 1285 tia
650 1230 1022 1303 sanctificam,
1049 1246 1148 1301 per
1198 1247 1366 1306 quum
1403 1237 1452 1284 et
1501 1231 1818 1286 remittatur

525 1315 824 1382 peccatum,
860 1316 910 1364 et
954 1309 1126 1376 home,
1155 1310 1526 1382 sanctificetur
1552 1310 1815 1384 indepen-

527 1389 710 1446 denter
730 1390 799 1445 ab
825 1391 941 1446 alio
960 1391 1152 1463 favore
1175 1390 1523 1447 extrinseco?

219 1571 423 1614 mmm.
526 1548 619 1602 28.
665 1548 867 1603 Plures
906 1546 1262 1605 difficuitates
1295 1546 1401 1602 sub
1442 1549 1614 1605 unius
1654 1548 1815 1606 dubii

243 1625 400 1714 ἐξὲξ.
450 1627 616 1683 titulo
640 1627 1201 1700 comprehendimus,
1237 1634 1297 1683 ut
1337 1628 1496 1684 illius
1536 1630 1817 1687 terminos

223 1720 408 1763 nenaae.
449 1706 789 1779 explicando
814 1708 1114 1765 constabit.
1145 1708 1534 1781 supponimus
1561 1710 1719 1765 enim
1745 1725 1816 1765 ex

452 1786 617 1844 dictis
643 1787 1029 1860 disputatione
1066 1787 1424 1862 praecedenti,
1453 1789 1816 1865 justificatio-

452 1884 585 1926 nem
632 1869 799 1943 impii
848 1870 1165 1942 importare
1209 1886 1408 1927 veram
1460 1876 1815 1945 peccatorum

451 1951 854 2008 remissionem
886 1950 1028 2008 :sed
1068 1950 1320 2007 dubitari
1369 1959 1565 2025 potest,
1617 1958 1815 2008 utrum

445 2029 773 2106 justificatio
816 2032 1089 2087 consistat
1130 2032 1419 2104 adaequate
1447 2033 1511 2089 in
1546 2032 1815 2105 praedicta

451 2114 809 2179 remissione,
861 2129 938 2169 an
988 2119 1178 2170 autem
1206 2116 1612 2188 complectatur
1638 2114 1815 2171 etiam

455 2210 671 2257 veram,
702 2200 759 2251 et
782 2195 1075 2251 internam
1099 2195 1356 2252 bominis
1380 2195 1814 2252 renovationem

455 2291 554 2347 per
601 2274 954 2331 infusionem
1000 2277 1199 2349 gratiae
1244 2276 1650 2333 sanctificantis
1702 2295 1714 2329 ε
1761 2278 1818 2330 et

453 2356 583 2414 ideo
627 2356 980 2429 inquirimus
1031 2377 1043 2412 :
1098 2357 1295 2414 Utrum
1335 2360 1395 2413 in
1424 2358 1816 2430 justificatione

456 2439 618 2509 impii
641 2438 971 2508 infundatur
987 2441 1177 2506 ,(,ιναεὶα
1203 2440 1572 2510 sanctificam.
1601 2435 1817 2494 Deinde

457 2516 710 2572 dubitari
759 2524 948 2589 potest,
1000 2525 1198 2575 utrum
1254 2519 1517 2576 remissio
1563 2524 1853 2591 peccato·.

463 2614 614 2664 rum,
645 2603 702 2654 et
738 2598 1102 2658 sanctificatio
1146 2600 1400 2657 hominis
1430 2616 1572 2672 pure
1611 2615 1816 2657 conco-

460 2681 749 2748 mitanter,
782 2687 882 2737 aut
915 2681 1091 2739 etiam
1131 2680 1419 2754 disparate
1456 2698 1517 2738 se
1545 2681 1810 2750 habeant,

459 2761 908 2834 proveniantque
930 2761 1256 2836 hujusmodi
1280 2762 1508 2818 effectus
1523 2779 1555 2819 a
1571 2762 1816 2819 diversis

452 2842 638 2900 causis
657 2843 1035 2912 formalibus;
1064 2861 1139 2902 an
1163 2860 1299 2902 vero
1328 2844 1589 2902 remissio
1620 2861 1815 2918 pecca-

456 2930 646 2980 torum
672 2924 749 2980 sit
784 2925 1013 2982 effectus
1040 2925 1303 2981 formalis
1328 2926 1526 3000 gratiae
1558 2924 1816 2982 sanctifi-

454 3006 636 3062 cantis
669 3028 682 3062 :
710 3022 822 3079 qua
860 3005 931 3062 de
977 3023 1144 3076 causa
1190 3005 1455 3063 addimus
1497 3007 1559 3062 in
1600 3007 1766 3065 titulo
1799 3029 1813 3064 ε

457 3087 563 3144 Per
588 3106 755 3166 quam
800 3096 849 3143 et
876 3091 1192 3145 remittatur
1224 3096 1526 3162 peccatum,
1570 3098 1618 3145 et
1657 3091 1816 3148 homo

451 3171 844 3241 sanctificetur.
875 3169 1131 3226 Tandem
1153 3169 1404 3226 dubitari
1431 3172 1601 3236 valet,
1621 3178 1814 3244 utrum

451 3250 640 3324 gratia
667 3266 768 3323 per
800 3250 1048 3322 seipsam
1078 3250 1411 3307 immediate
1434 3251 1816 3308 communicet

455 3331 752 3403 praedictos
775 3332 1021 3399 effectus,
1054 3348 1130 3389 an
1153 3348 1289 3389 vero
1312 3339 1434 3404 post
1457 3332 1615 3388 illius
1638 3333 1818 3390 intro-

451 3412 781 3472 ductionem
829 3415 1154 3487 requiratur
1202 3431 1401 3483 novus,
1442 3418 1498 3471 et
1541 3432 1818 3487 superve-

455 3496 626 3554 niens
648 3496 812 3554 iavor
840 3497 938 3553 Dei
978 3496 1354 3554 condonantis
1377 3504 1615 3570 peccata,
1647 3502 1701 3554 et
1722 3515 1816 3555 ac-

449 3578 732 3651 ceptantis
760 3577 1056 3634 hominem
1085 3577 1155 3633 ad
1200 3594 1365 3634 suam
1394 3578 1731 3645 amicitiam,
1762 3584 1819 3635 et

450 3675 692 3716 suorum
720 3657 1005 3715 bonorum
1029 3658 1523 3731 participationem
1548 3680 1560 3714 ε
1583 3675 1818 3731 quamo-

452 3742 618 3799 brem
646 3741 911 3815 adJ'icitur
952 3741 1014 3797 in
1056 3741 1223 3798 titulo
1250 3762 1268 3798 t
1299 3740 1724 3813 Independenter
1749 3741 1818 3797 ab

452 3829 568 3883 atio
589 3827 779 3897 favore
803 3826 1125 3881 extrinseco,
1152 3827 1301 3889 Quas
1322 3823 1682 3881 difficultates
1700 3825 1819 3881 sin-

451 3906 722 3982 gillatim,
755 3905 990 3979 majoris
1017 3906 1294 3963 claritatis
1337 3906 1541 3979 gratia,
1573 3905 1818 3963 diversis

453 3985 866 4044 assertionibus
899 3985 1249 4043 decidemus

1068 4163 1197 4230 §1-

453 4323 744 4380 Statuitur
762 4322 953 4393 prima
991 4321 1263 4377 conclusio
1288 4322 1476 4394 primm
1501 4320 1820 4394 difficultati

953 4404 1299 4476 respondens.

245 4580 402 4626 Ptima
531 4570 624 4626 29.
678 4566 989 4626 Dicendum
1035 4570 1120 4623 est
1160 4565 1368 4637 primo,
1418 4564 1717 4622 hominem
1759 4565 1822 4620 in

242 4632 425 4725 “ff-¹⁰·
455 4664 561 4705 sua
584 4647 991 4722 justificatione
1014 4645 1263 4717 recipere
1288 4643 1534 4719 gratiam
1562 4642 1822 4701 sanctifi-

453 4736 701 4796 cantem,
735 4734 902 4801 atque
928 4728 1323 4798 inhaerentem,
1355 4730 1410 4781 et
1438 4740 1538 4798 per
1568 4741 1696 4782 eam
1724 4725 1809 4781 in·

454 4812 636 4870 terius
677 4808 966 4868 renovari.
1015 4810 1144 4865 Haec
1167 4807 1456 4865 conclusio
1481 4812 1564 4863 est
1590 4806 1661 4864 de
1685 4806 1819 4868 fide.

231 4895 410 4940 ⁰⁰⁰⁶st
450 4898 510 4952 et
559 4890 840 4949 definitur
881 4891 945 4947 in
991 4888 1247 4946 Concilio
1291 4887 1550 4947 Trident.
1598 4907 1724 4947 sess.
1759 4891 1816 4957 6,

216 4945 423 4990 Tmen*
451 4991 583 5032 can.
618 4974 703 5038 11,
737 4972 828 5027 his
853 4968 1049 5027 verbis
1081 4990 1096 5025 ι
1145 4989 1172 5020 α
1200 4968 1258 5024 Si
1284 4968 1411 5041 quis
1446 4967 1679 5035 dixerit,
1712 4970 1823 5027 ho·-

460 5081 488 5110 «ι
518 5056 710 5116 mines
757 5050 1064 5129 justificari
1118 5052 1209 5107 vel
1258 5052 1380 5108 sola
1439 5051 1823 5124 imputatione

1958 634 1984 665 α
2006 612 2242 685 justitiae
2287 611 2517 680 Christi,
2550 611 2641 668 vel
2667 611 2790 667 sola
2818 610 3174 682 peccatorum
3214 617 3308 659 re-

1958 715 1982 745 e
2014 694 2304 761 missione,
2323 695 2548 749 exclusa
2563 692 2766 765 gratia,
2786 695 2841 747 et
2860 688 3157 753 charitate,
3183 700 3309 757 quae

1958 797 1984 829 α
2014 776 2077 833 in
2098 775 2364 833 cordibus
2388 791 2588 833 eorum
2618 789 2718 847 per
2745 772 3024 844 Spiritum
3045 774 3306 843 sanctum

1957 879 1983 910 α
2023 855 2414 924 diffundatur,
2460 862 2627 930 atque
2670 854 2790 910 illis
2842 851 3160 915 inhaereat3
3211 852 3308 904 aut

1954 959 1981 990 α
2011 939 2187 995 etiam
2229 940 2497 1013 gratiam,
2553 953 2666 1010 qua
2715 932 3099 1008 justificamur
3119 972 3132 995 ,
3183 946 3306 987 esse

1957 1039 1983 1072 α
2011 1023 2234 1075 tantum
2263 1019 2522 1075 favorem
2547 1016 2665 1081 Dei,
2695 1014 3002 1071 anathema
3023 1012 3118 1076 sit,
3156 1031 3180 1060 »
3208 1008 3305 1065 ubi

1950 1100 2268 1156 Concilium
2296 1114 2561 1172 expresse
2583 1096 2803 1162 asserit,
2833 1089 3307 1167 justificationem

1950 1194 2068 1236 non
2093 1180 2403 1237 consistere
2432 1178 2521 1234 vel
2548 1177 2612 1231 in
2638 1177 2760 1231 sola
2787 1170 3166 1245 imputatione
3183 1169 3309 1241 jus-

1951 1262 2089 1318 titiae
2109 1260 2340 1326 Christi,
2369 1261 2460 1317 vel
2487 1259 2549 1315 in
2569 1259 2691 1315 sola
2713 1260 3073 1329 peccatorum
3100 1251 3307 1307 remis—

1946 1342 2127 1410 sione,
2147 1342 2241 1399 vel
2262 1341 2325 1398 in
2345 1342 2468 1399 solo
2489 1340 2685 1397 favore
2704 1337 2826 1403 Dei;
2845 1335 2943 1392 sed
2962 1337 3165 1407 praeter
3189 1331 3308 1388 haec

1948 1423 2148 1480 omnia
2199 1423 2513 1496 importare
2557 1422 2803 1497 gratiam
2855 1414 3306 1476 sanctificantem

1949 1504 2010 1559 in
2053 1503 2356 1561 hominum
2376 1502 2642 1559 cordibus
2668 1501 2957 1565 diffusam,
2989 1498 3182 1569 eisque
3211 1497 3308 1553 in—

1950 1584 2265 1642 haerentem
2319 1604 2332 1638 :
2378 1582 2526 1656 quod
2570 1581 2699 1640 fieri
2754 1597 2872 1638 non
2926 1580 3111 1646 valet,
3164 1578 3307 1651 quin

1950 1664 2121 1721 homo
2167 1664 2412 1719 interius
2458 1658 2788 1729 renovetur,
2836 1666 2896 1716 ut
2944 1661 3067 1734 ipsa
3113 1662 3307 1716 sancta

1949 1741 2211 1817 synodus
2244 1743 2427 1815 magis
2453 1742 2705 1798 declarat
2730 1743 2789 1797 in
2815 1741 3000 1795 eadem
3021 1757 3150 1795 sess.
3181 1755 3304 1810 cap.

1947 1827 2004 1891 7,
2050 1823 2140 1879 his
2179 1822 2372 1880 verbis
2415 1848 2426 1880 :
2461 1845 2486 1875 «
2523 1825 2679 1879 Hanc
2716 1822 3171 1895 dispositionem,
3208 1830 3306 1876 seu

1846 1941 1853 1947 -
1955 1926 1980 1957 α
2013 1904 2490 1977 praeparationem
2508 1901 2837 1978 justificatio
2860 1904 2982 1975 ipsa
3003 1899 3308 1973 consequi-

1955 2008 1980 2038 «
2009 1991 2123 2051 tur,
2154 2000 2281 2058 quae
2310 1999 2427 2041 non
2451 1989 2537 2039 est
2561 1984 2684 2040 sola
2712 1989 3066 2055 peccatorum
3100 1980 3308 2038 remis·

1955 2088 1981 2119 «
2009 2066 2110 2126 sio,
2152 2064 2248 2121 sed
2276 2069 2333 2121 et
2369 2061 2759 2127 sanctificatio,
2803 2069 2858 2120 et
2889 2062 3183 2119 renovatio
3212 2061 3308 2116 in-

1955 2168 1981 2198 «
2009 2145 2239 2202 terioris
2268 2144 2521 2201 hominis
2544 2158 2643 2215 per
2673 2142 3063 2199 voluntariam
3090 2156 3311 2212 suscep·

1955 2247 1980 2278 α
2010 2226 2226 2282 tionem
2255 2224 2470 2299 gratiae,
2500 2228 2556 2280 et
2582 2223 2866 2281 donorum
2899 2244 2911 2278 :
2945 2221 3096 2278 unde
3135 2221 3307 2277 homo

1954 2329 1979 2360 α
2008 2322 2078 2362 ex
2103 2305 2312 2379 injusto
2334 2303 2398 2359 fit
2411 2306 2614 2378 justus
2639 2310 2695 2360 et
2713 2319 2784 2359 ex
2807 2302 3044 2359 inimico
3066 2301 3301 2364 amicuS,

1954 2411 1980 2442 α
1994 2394 2064 2449 ,ut
2078 2388 2152 2443 sit
2166 2388 2344 2444 haeres
2359 2386 2670 2444 secundum
2684 2401 2844 2457 spem
2862 2384 2991 2440 vitae
3008 2390 3254 2440 aeternae.
3274 2403 3299 2431 >›

1949 2471 2017 2523 Et
2055 2468 2211 2525 infra
2245 2467 2474 2524 additur
2506 2490 2519 2523 :
2553 2490 2577 2519 «
2612 2468 2673 2524 ld
2712 2472 2906 2523 tamen
2948 2466 3009 2520 in
3047 2465 3150 2519 hac
3180 2463 3307 2535 jus-

1952 2570 1978 2601 «
2008 2547 2316 2605 tificatione
2344 2546 2427 2614 fit,
2457 2549 2595 2604 dum
2632 2545 2885 2622 ejusdem
2930 2544 3306 2602 sanctissimae

1952 2651 1978 2681 «
2010 2628 2291 2701 passionis
2330 2629 2538 2686 merito
2579 2644 2677 2700 per
2721 2626 2994 2699 spiritum
3042 2629 3304 2681 sanctum

1951 2731 1977 2761 α
2009 2709 2254 2765 charitas
2293 2710 2392 2767 Dei
2439 2707 2786 2764 diffunditur
2817 2708 2878 2765 in
2909 2704 3177 2763 cordibus
3205 2720 3306 2761 eo-

1953 2812 1979 2842 «
2010 2805 2154 2857 rum,
2183 2789 2281 2862 qui
2306 2788 2713 2863 justificantur,
2745 2792 2912 2860 atque
2941 2786 3078 2858 ipsis
3117 2785 3306 2842 inhae-

1954 2893 1979 2923 α
2010 2875 2096 2945 ret
2134 2891 2147 2926 z
2180 2869 2330 2927 unde
2363 2872 2426 2927 in
2458 2870 2580 2943 ipsa
2616 2866 3022 2945 justificatione
3050 2883 3178 2923 cum
3211 2863 3304 2923 re-

1954 2975 1978 3004 «
2011 2951 2285 3009 missione
2329 2958 2684 3025 peccatorum
2734 2952 2850 3008 haec
2889 2950 3088 3007 omnia
3128 2949 3305 3004 simul

1954 3053 1980 3084 α
2011 3031 2202 3089 intusa
2223 3032 2422 3104 accipit
2444 3033 2619 3089 homo
2642 3047 2742 3104 per
2762 3034 2958 3089 Jesum
2987 3029 3301 3092 Christum,

1953 3135 1978 3165 α
2008 3113 2098 3169 cui
2138 3114 2438 3180 inseritur,
2492 3113 2686 3178 fidem,
2736 3129 2915 3185 spem,
2955 3117 3010 3168 et
3053 3111 3306 3167 charita—

1954 3201 2144 3254 «aem.
2179 3216 2205 3246 n
2253 3197 2322 3250 Et
2359 3196 2440 3251 ita
2476 3194 2680 3254 docent
2706 3193 3066 3251 unanimiter
3105 3208 3305 3249 omnes

1948 3275 2221 3332 Catholici
2249 3281 2445 3330 contra
2473 3274 2762 3331 haereticos
2792 3273 2971 3330 nostri
3009 3272 3301 3343 temporis.

1954 3355 2268 3412 videantur
2288 3355 2453 3410 Osius
2475 3356 2534 3409 in
2553 3356 2882 3427 confessione
2906 3354 3033 3424 fidei
3059 3371 3179 3424 cap.
3208 3354 3300 3416 81,
3346 3369 3480 3411 osius.

1953 3436 2206 3490 Decanus
2252 3433 2625 3489 Lovaniensis
2668 3440 2778 3488 art.
2822 3434 2876 3497 8,
2927 3433 2990 3486 de
3024 3419 3514 3501 justifica--Defflssuss

1950 3517 2111 3580 tione,
2143 3517 2308 3571 Sotus
2336 3515 2427 3571 tib.
2470 3516 2514 3582 1,
2545 3515 2610 3569 de
2634 3521 2838 3569 natura
2865 3520 2913 3568 et
2938 3515 3145 3580 matta,
3177 3530 3298 3585 cap.
3337 3469 3495 3561 1533?-

1958 3599 2014 3653 11
2042 3603 2090 3651 et
2123 3596 2213 3651 zib.
2246 3597 2301 3660 2,
2333 3612 2455 3667 cap.
2498 3596 2578 3661 19,
2612 3594 3001 3651 Benarminus
3030 3593 3122 3649 ub.
3155 3594 3209 3658 2,
3242 3568 3513 3664 αεξξὲζῗξζ·

1946 3678 2247 3743 Justificat.
2291 3695 2410 3750 cap.
2442 3678 2478 3732 6
2503 3685 2552 3732 et
2580 3681 2636 3742 7,
2667 3677 2919 3733 Becanus
2945 3679 3006 3731 in
3046 3674 3301 3740 Summa,

1950 3767 2113 3815 tract.
2140 3760 2196 3823 4,
2221 3775 2340 3830 cap.
2367 3760 2422 3823 2,
2447 3764 2628 3832 quaest.
2660 3759 2714 3820 2,
2739 3763 2795 3813 et
2822 3758 2944 3821 alii,
2972 3758 3068 3828 qui
3094 3756 3303 3813 adver-

1949 3857 2046 3897 sus
2073 3840 2442 3914 Lutheranos,
2466 3845 2521 3895 et
2551 3839 2898 3895 Calvinistas
2917 3838 3204 3894 scribunt.

2023 3925 2114 3979 30.
2175 3921 2455 3980 Probatur
2508 3920 2697 3994 primo
2742 3922 3085 3977 authoritate
3133 3935 3308 3976 sacrae
3348 3932 3513 3975 runda-

1951 4005 2272 4077 Scripturae,
2323 4018 2448 4077 quae
2489 4003 2634 4058 hanc
2661 4003 2962 4059 veritatem
3012 3986 3530 4083 perspicueg'fgss‘ssss,

1951 4084 2127 4149 docet,
2159 4088 2215 4139 et
2246 4083 2526 4156 praecipue
2571 4083 2633 4138 in
2661 4083 2901 4155 epistola
2931 4081 3094 4138 Pauli
3120 4104 3133 4146 ;
3173 4096 3310 4136 nam
3370 4085 3474 4123 tura.

1952 4163 2023 4221 ad
2050 4164 2245 4219 Titum
2272 4163 2326 4230 3,
2360 4163 2549 4236 inquit
2588 4184 2601 4218 ε
2636 4184 2661 4215 α
2707 4164 2948 4218 Eramus
3002 4158 3313 4232 aliquando
3354 4194 3500 4238 Ad'ri-

1959 4270 1985 4300 α
2024 4251 2082 4303 et
2108 4261 2213 4302 nos
2263 4245 2629 4318 insipientes,
2674 4243 2978 4308 increduli,
3024 4247 3308 4307 errantes,
3352 4248 3487 4286 tuma.

1959 4350 1985 4382 «
2024 4332 2153 4396 etc.‚
2185 4326 2284 4383 sed
2324 4328 2512 4384 salvos
2540 4342 2643 4384 nos
2688 4325 2819 4382 fecit
2871 4341 2970 4397 per
3018 4326 3314 4381 lavacrum

1957 4432 1983 4462 α
2029 4409 2498 4483 regenerationis,
2521 4412 2579 4464 et
2606 4406 3040 4464 renovationem
3064 4405 3316 4479 Spiritus

1960 4511 1987 4542 α
2025 4488 2225 4554 sancti,
2258 4502 2427 4561 quem
2473 4484 2673 4544 effudit
2717 4486 2780 4541 in
2829 4501 2932 4542 nos
2977 4484 3222 4551 abunde,
3258 4490 3318 4541 ut

1961 4593 1986 4624 ιι
2024 4568 2314 4644 Justificati
2340 4569 2527 4643 gratia
2549 4569 2729 4641 ipsius
2750 4566 3004 4624 haeredes
3024 4568 3210 4624 simus
3236 4584 3318 4625 se-

1961 4673 1987 4703 «
2026 4651 2279 4707 cundum
2305 4665 2465 4722 spem
2489 4649 2618 4705 vitae
2642 4655 2885 4706 aeternae.
2936 4669 2961 4698 »
2995 4649 3167 4721 Cujus
3209 4649 3316 4704 loci

1953 4728 2182 4803 singula
2204 4729 2325 4785 fere
2345 4727 2521 4785 verba
2541 4727 2988 4785 subministrant
3010 4742 3319 4800 argumen-

1954 4813 2075 4864 tum
2094 4813 2295 4865 contra
2310 4808 2618 4875 haereticOS,
2650 4813 2712 4864 ut
2726 4824 2793 4864 ea
2816 4804 3186 4880 ponderando
3210 4822 3316 4880 ap-

1956 4888 2181 4963 parebit
2213 4911 2226 4946 :
2257 4905 2394 4945 nam
2421 4889 2486 4944 in
2515 4888 2720 4962 primis
2746 4890 2949 4946 asserit
2990 4890 3318 4960 Apostolus,

1956 4974 2135 5028 Deum
2189 4971 2455 5028 homines
2482 4976 2795 5044 peccatores
2823 4969 2894 5027 ab
2932 4971 3171 5037 erroris,
3220 4971 3318 5027 in-

1956 5052 2257 5126 sipientiae,
2284 5052 2720 5119 incredulitatis,
2735 5058 2838 5109 etc.
2865 5053 3107 5110 maculis
3128 5054 3321 5110 salvos
