3647 5753
318 1519 478 1607 lmpuffi

301 1574 497 1658 ”laffusf

506 445 618 501 370
1452 448 1544 502 DE
1580 450 1609 502 J
1615 448 2161 505 USTIFICATIONE
2202 450 2403 506 IMPII.

511 620 798 688 peccatum
826 618 1135 675 consistere
1162 618 1225 674 in
1254 620 1579 692 privatione
1614 620 1816 695 gratiae
1849 641 1862 675 :

509 712 660 770 ergo
689 696 912 755 sublata
959 699 1286 773 hujusmodi
1336 702 1689 774 privatione,
1747 718 1866 761 non

511 782 878 848 perseverant
897 794 983 846 ea,
1008 797 1132 853 qnae
1152 783 1223 839 ad
1250 780 1709 839 constituendum
1733 799 1867 856 pec-

509 860 998 934 catum'originale
1016 861 1417 922 desiderantur
1438 885 1451 920 ε
1476 864 1629 938 atqui
1645 865 1866 939 impos-

510 939 681 997 sibile
704 947 807 1008 est,
838 943 986 1014 quod
1006 945 1193 1018 gratia
1215 946 1352 1002 insit
1370 946 1602 1021 animae,
1633 950 1691 1003 et
1715 944 1866 1019 quod

513 1022 583 1080 ab
612 1023 807 1080 anima
829 1039 946 1082 non
969 1025 1262 1083 auferatur
1282 1027 1483 1101 gratiae
1511 1028 1776 1101 privatio,
1805 1032 1865 1084 ut

512 1102 784 1159 hactenus
800 1109 1089 1161 ostensum
1102 1111 1186 1162 est
1203 1128 1216 1162 ε
1239 1122 1373 1181 ergo
1387 1107 1743 1181 impossibile
1755 1112 1861 1173 est,

511 1183 661 1255 quod
699 1185 877 1241 semel
926 1185 1118 1243 infusa
1161 1187 1365 1261 gratia,
1410 1204 1526 1246 non
1573 1188 1869 1245 auferatur

513 1269 801 1336 peccatum
848 1266 1171 1341 originale;
1210 1274 1266 1326 et
1309 1274 1722 1343 consequenter
1764 1285 1868 1343 per

513 1345 737 1402 nullam
779 1348 1091 1419 potentiam
1139 1354 1425 1421 peccatum
1474 1349 1777 1425 originale,
1809 1355 1868 1408 et

510 1425 694 1499 gratia
720 1429 915 1484 valent
933 1428 1266 1486 coexistere.

595 1508 716 1563 103.
731 1509 1120 1567 confirmatur
1134 1511 1446 1586 detegendo
1465 1512 1868 1585 aequivocatio-

514 1605 648 1647 nem
668 1589 1149 1651 Adversariorum
1172 1595 1235 1651 in
1259 1595 1363 1652 hac
1378 1600 1569 1666 parte:
1592 1595 1867 1667 quoniam

514 1670 645 1726 licet
683 1676 971 1743 peccatum
1012 1675 1297 1751 originale
1338 1692 1456 1732 non
1493 1677 1765 1734 consistat
1804 1676 1868 1731 in

515 1749 839 1821 privatione
885 1754 1117 1828 physica
1159 1756 1377 1829 gratias,
1427 1755 1525 1812 sed
1574 1757 1759 1831 magis
1805 1754 1870 1810 in

427 1904 434 1905 ἶ
517 1832 843 1903 privatione
857 1837 1066 1893 morali
1076 1858 1090 1899 ;
1107 1837 1493 1894 nihilominus
1512 1836 1871 1913 impossibile

514 1919 616 1980 est,
639 1915 785 1986 quod
809 1918 1102 1975 auferatur
1125 1919 1374 1992 privatio
1395 1921 1629 1995 physica
1648 1918 1865 1994 gratiae,

515 1996 655 2066 quin
684 1996 880 2065 simul,
905 2005 960 2056 et
987 2008 1398 2073 consequenter
1425 2001 1718 2058 auferatur
1746 2000 1870 2072 pri-

516 2077 672 2136 vatio
698 2082 937 2137 moralis
962 2104 975 2139 :
1004 2081 1103 2138 sed
1129 2083 1541 2157 posita=gratia,
1570 2082 1871 2155 indispen-

517 2156 777 2219 sabiliter
824 2162 1083 2219 aufertur
1124 2164 1372 2236 privatio
1412 2164 1646 2237 physica
1686 2162 1866 2227 illius,

521 2243 584 2293 ut
610 2241 747 2296 satis
784 2256 854 2299 ex
891 2259 954 2300 se
993 2244 1189 2317 liquet,
1220 2248 1275 2300 et
1308 2243 1643 2301 Adversarii
1668 2257 1872 2300 conce-

518 2318 690 2376 dunt:
713 2338 848 2397 ergo
868 2323 1224 2396 impossibile
1244 2330 1347 2390 est,
1373 2325 1521 2398 quod
1549 2325 1729 2398 posita
1748 2337 1875 2398 gra·

515 2400 616 2468 tia,
648 2418 765 2460 non
794 2404 1086 2462 auferatur
1114 2411 1400 2478 peccatum
1422 2406 1725 2480 originale.
1748 2407 1875 2461 Cre-

516 2486 637 2537 tera
658 2489 935 2541 constant.
963 2487 1031 2541 Et
1050 2486 1234 2558 maJ'or
1254 2485 1527 2543 suadetur
1553 2508 1566 2543 :
1593 2491 1716 2542 tum
1738 2484 1875 2557 quia

513 2561 760 2632 privatio
786 2565 1024 2620 moralis
1052 2564 1221 2621 habet
1263 2582 1365 2638 pro
1395 2564 1787 2629 fundamentO,
1818 2567 1876 2619 et

515 2659 620 2716 pro
641 2645 928 2702 materiali
954 2647 1338 2720 privationem
1368 2648 1662 2721 physicam
1691 2646 1877 2701 :sicut

514 2726 577 2782 in
600 2726 937 2783 universum
960 2744 1044 2794 ea,
1064 2743 1188 2801 quae
1209 2727 1279 2785 ad
1302 2729 1567 2785 ordinem
1590 2728 1873 2784 moralem

519 2812 789 2879 spectant,
814 2807 876 2862 in
890 2807 1082 2880 aliquo
1099 2808 1333 2883 physico
1356 2808 1673 2865 fundantur
1701 2829 1713 2862 :
1738 2822 1876 2881 ergo

523 2886 711 2942 ablata
732 2886 1053 2959 privatione
1075 2888 1594 2963 physica,aufertur
1615 2899 1879 2946 necessa--⁴

523 2965 612 3021 rio
640 2966 886 3037 privatio
914 2967 1169 3023 moralis,
1201 2968 1343 3022 Tum
1384 2967 1578 3034 etiam,
1611 2967 1746 3041 quia
1771 2981 1876 3021 ex-

523 3045 678 3101 clusa
714 3046 1038 3118 privatione
1065 3047 1297 3122 physica
1323 3047 1522 3122 gratiae
1551 3064 1650 3122 per
1690 3047 1876 3119 ipsam

521 3127 768 3200 gratiam
792 3131 916 3183 actu
944 3127 1346 3196 inhaerentem,
1373 3144 1491 3185 non
1511 3133 1597 3185 est
1621 3127 1877 3202 explica-

521 3205 657 3275 bile,
689 3208 826 3282 quid
865 3210 940 3266 sit
967 3210 1069 3266 illa
1110 3210 1357 3282 privatio
1383 3210 1624 3267 moralis
1650 3208 1873 3284 gratiae,

523 3287 587 3343 in
621 3306 730 3362 qua
770 3290 969 3347 dicunt
1011 3293 1319 3349 consistere
1365 3296 1652 3364 peccatum
1694 3290 1878 3364 origi-

523 3370 673 3425 nale.
704 3371 852 3426 Tum
883 3376 1177 3443 praeterea,
1203 3373 1338 3443 quia
1366 3371 1497 3428 licet
1526 3376 1676 3428 recte
1702 3371 1879 3427 intel-

525 3450 757 3524 ligatur,
787 3451 936 3523 quod
957 3452 1084 3523 quis
1110 3450 1317 3509 habeat
1344 3453 1575 3526 physice
1601 3451 1875 3517 formam,

526 3534 581 3586 et
607 3528 756 3602 quod
796 3531 1181 3588 nihilominus
1207 3536 1395 3604 careat
1417 3533 1548 3606 jure
1567 3530 1780 3587 morali
1808 3528 1880 3587 ad

525 3609 850 3668 habendam
893 3612 1075 3679 illam,
1108 3614 1199 3670 vel
1227 3612 1449 3681 habeat,
1489 3616 1770 3686 quantum
1796 3616 1883 3667 est

524 3707 595 3747 ex
616 3707 694 3759 se,
726 3692 983 3749 debitum
1013 3691 1082 3749 ad
1111 3692 1421 3751 carendum
1447 3708 1543 3756 ea;
1572 3691 1881 3749 nihilomi-

524 3786 632 3826 nus
658 3771 706 3827 si
737 3773 983 3830 formam
1013 3788 1167 3838 vere,
1197 3780 1255 3830 et
1275 3773 1506 3847 physice
1538 3770 1727 3839 habet,
1755 3770 1882 3826 nul·

525 3852 642 3908 lam
689 3851 859 3910 habet
910 3853 1292 3925 privationem
1337 3853 1649 3911 exercitam
1696 3852 1875 3909 illius,

524 3932 677 3989 Sicut
703 3932 774 3990 de
801 3933 947 3990 facto
966 3934 1061 4007 qui
1079 3939 1292 4006 peccat,
1322 3939 1476 3991 caret
1496 3934 1629 4009 jure
1669 3931 1880 3989 morali

525 4014 592 4071 ad
623 4017 800 4074 vitam
828 4018 1148 4073 naturalem
1203 4022 1259 4073 et
1279 4021 1560 4089 quantum
1598 4020 1685 4073 est
1710 4030 1780 4072 ex
1820 4014 1880 4069 vi

525 4096 752 4168 peccati,
778 4096 1051 4170 indignus
1071 4059 1519 4154 esfnaturaliter
1541 4096 1739 4153 vivere
1764 4116 1777 4150 ε
1807 4110 1882 4152 ex

523 4193 635 4250 quo
661 4183 855 4235 tamen
895 4193 1013 4235 non
1034 4178 1310 4250 sequitur,
1341 4176 1491 4249 quod
1515 4175 1721 4233 habeat
1750 4190 1881 4232 mo-

525 4259 705 4315 ralem
734 4259 1048 4315 carentiam
1075 4259 1209 4314 vitae
1235 4257 1548 4318 naturalis;
1575 4255 1674 4312 sed
1700 4256 1882 4328 quili-

522 4338 615 4397 bet
637 4339 948 4413 prudenter
963 4338 1238 4415 judicabit
1259 4339 1428 4395 illum
1451 4342 1598 4405 actu,
1628 4342 1686 4393 et
1711 4352 1881 4395 exer-

521 4423 629 4478 cite
679 4421 893 4480 habere
944 4423 1154 4482 vitam,
1209 4420 1476 4494 quamvis
1526 4418 1760 4476 deberet
1809 4433 1880 4475 ea

523 4516 734 4557 carere.
768 4502 993 4573 Optime
1013 4501 1222 4575 quippe
1246 4501 1495 4557 cohaeret
1521 4499 1712 4557 forma
1744 4512 1879 4555 cum

524 4583 732 4650 debito,
772 4588 833 4639 ut
870 4582 950 4639 sic
988 4581 1259 4649 dicamus,
1302 4581 1537 4638 carendi
1573 4581 1710 4649 illa;
1741 4594 1881 4637 nam

524 4665 779 4725 debitum
801 4663 945 4721 illud
968 4679 1084 4721 non
1112 4662 1423 4735 opponitur
1446 4662 1647 4721 formae
1667 4664 1882 4720 imme-

523 4748 693 4815 diate,
713 4747 811 4804 sed
833 4746 1123 4804 mediante
1143 4745 1397 4802 carentia
1416 4760 1589 4817 quam
1611 4760 1680 4802 ex
1707 4759 1776 4814 se
1791 4744 1882 4801 in·

520 4829 752 4886 duceret
784 4849 797 4884 :
827 4833 882 4884 at
908 4825 1232 4900 conjunctio
1260 4825 1488 4894 formas„
1510 4830 1568 4882 et
1596 4823 1881 4898 privatio-

522 4912 612 4966 nis
639 4909 901 4967 exercitae
928 4908 1088 4964 illius
1114 4911 1198 4964 est
1219 4922 1453 4979 prorsus
1480 4904 1877 4979 impossibilis,

523 4998 578 5049 et
620 4991 973 5057 chimaerica;
1014 4988 1152 5061 quia
1192 4987 1382 5044 forma
1426 4986 1783 5054 immediate,
1825 4991 1882 5043 et

529 5088 629 5142 per
660 5068 904 5143 seipsam
939 5075 1022 5127 est
1047 5068 1357 5125 destructio
1379 5084 1493 5124 suas
1515 5067 1879 5141 privationis

1979 1610 2034 1653 ,ι
2076 1588 2342 1645 remissio
2362 1590 2543 1662 culpae
2563 1590 2840 1662 importat
2861 1606 2979 1647 non
2998 1590 3182 1646 solam
3210 1587 3364 1645 abla-

1999 621 2150 696 Ergo
2189 620 2319 678 licet
2363 626 2518 679 actus
2565 622 2889 695 praeteritus
2931 620 3351 694 peccaminosus

1997 707 2306 770 mereatur,
2332 707 2612 778 quantum
2639 702 2820 759 est‘de
2853 718 2933 770 se,
2965 701 3349 775 privationem

1996 782 2211 855 gratiae,
2235 787 2293 838 et
2320 782 2522 839 fundet
2545 781 2801 838 debitum
2829 781 3060 838 carendi
3090 781 3227 847 illa;
3257 781 3352 836 ni-

1978 862 2319 920 hilominus
2338 863 2386 918 si
2408 863 2585 919 semel
2611 861 2941 919 infunditur
2961 863 3167 938 gratia,
3192 860 3352 917 nulla

1997 947 2193 999 manet
2218 941 2341 1016 ejus
2369 943 2632 1015 privatio,
2654 943 2743 998 vel
2768 942 3020 1016 physica,
3047 943 3139 999 vel
3168 955 3352 997 mora-

1997 1024 2105 1091 lis;
2135 1030 2191 1081 et
2218 1029 2375 1081 actus
2389 1023 2495 1082 ille
2517 1025 2838 1098 praeteritus
2858 1024 3074 1081 desinit
3089 1036 3354 1081 exercere

2000 1103 2285 1160 rationem
2313 1104 2723 1177 impedimenti
2749 1110 3006 1178 respectu
3033 1101 3354 1161 sanctifica-

1998 1182 2174 1241 tionis
2196 1189 2256 1242 et
2276 1185 2544 1242 amicitiae
2567 1183 2805 1251 divinas,
2839 1189 2903 1240 ut
2927 1184 3144 1258 optime
3169 1183 3354 1257 signi-

1999 1261 2191 1321 ficavit
2204 1267 2272 1321 D.
2294 1265 2500 1322 Thom.
2526 1266 2648 1322 loco
2667 1281 2844 1337 supra
2858 1265 3043 1333 citato,
3061 1282 3217 1320 num.
3233 1264 3350 1328 100,
3388 1275 3534 1317 nxrno.

1999 1344 2121 1402 illis
2147 1342 2343 1420 verbis
2369 1367 2383 1402 ε
2419 1368 2445 1399 «
2468 1347 2622 1403 Sicut
2644 1345 2857 1404 ablatio
2882 1345 3105 1402 umbrae
3132 1346 3356 1416 impor-

2006 1445 2051 1478 α·
2075 1430 2158 1482 tat
2194 1440 2314 1483 non
2339 1426 2523 1482 solam
2553 1426 2933 1485 remotionem
2956 1425 3230 1492 tenebrae,
3260 1422 3356 1480 sed

2007 1528 2033 1558 α
2075 1508 2455 1564 remotionem
2498 1508 2755 1581 corporis
2800 1506 3169 1579 impedientis
3216 1529 3230 1563 ε
3280 1507 3361 1562 ita

2008 1690 2033 1722 α
2078 1669 2293 1726 tionem
2321 1668 2597 1727 absentias
2616 1671 2835 1745 gratiae,
2868 1670 2967 1727 sed
3009 1668 3362 1726 ablationem

2006 1772 2033 1802 «
2075 1750 2478 1823 impedimenti
2521 1752 2744 1826 gratias,
2788 1750 2943 1825 quod·
2962 1757 3087 1809 erat
3125 1767 3197 1807 ex
3239 1757 3362 1808 actu

2006 1851 2032 1881 «
2078 1832 2284 1902 peccati
2308 1832 2697 1903 praecedentis.
2717 1835 2846 1890 Non
2861 1838 2922 1887 ut
2937 1837 3091 1889 actus
3119 1831 3224 1888 ille
3246 1846 3365 1888 non

2009 1932 2035 1962 «
2077 1910 2271 1978 fuerit,
2296 1912 2445 1985 quod
2464 1917 2550 1969 est
2570 1912 2926 1985 impossibile
2950 1937 2964 1980 ;
2985 1912 3082 1969 sed
3107 1916 3168 1967 ut
3189 1927 3367 1984 prop-

2010 2013 2036 2044 α
2079 1997 2167 2049 ter
2207 1993 2377 2049 illum
2406 1992 2662 2050 influxus
2686 1995 2887 2068 gratias
2912 2008 3032 2050 non
3077 1992 3368 2066 impedia-

2010 2096 2055 2126 α,
2079 2078 2193 2129 tur.
2231 2096 2256 2127 n
2288 2078 2519 2132 Constat
2546 2081 2757 2142 autem,
2787 2075 2937 2149 quod
2969 2091 3087 2132 non
3111 2075 3364 2148 impedi·
3638 2106 3647 2319 Ι

2005 2160 2100 2211 tur
2145 2155 2401 2213 influxus
2445 2158 2644 2231 gratiae
2676 2174 2874 2226 ,-cum
2917 2159 3064 2214 Deus
3114 2158 3364 2231 gratiam

2008 2237 2200 2296 influit
2225 2260 2238 2294 :
2266 2254 2402 2315 ergo
2429 2240 2692 2296 aufertur
2720 2253 2839 2296 non
2866 2239 3053 2296 solum
3082 2238 3362 2305 absentia,

2005 2321 2128 2378 sive
2155 2323 2409 2378 carentia
2436 2323 2654 2396 gratiae,
2685 2321 2784 2379 sed
2811 2323 2986 2378 etiam
3016 2326 3173 2378 actus
3214 2336 3367 2395 prae·

2006 2404 2212 2459 teritus
2235 2404 2299 2459 in
2319 2420 2442 2461 esse
2463 2404 2864 2478 impedimenti
2886 2403 3121 2461 exerciti
3141 2404 3364 2477 gratiae,
3444 2444 3449 2449 -
3632 2324 3647 2625 1

2007 2486 2175 2556 atque
2219 2484 2349 2541 ideo
2402 2486 2629 2545 tollitur
2683 2484 2930 2559 privatio
2975 2485 3194 2559 gratias,
3244 2488 3366 2539 tam

2008 2561 2261 2635 physica,
2312 2578 2484 2636 quam
2535 2564 2796 2622 moralis.
2827 2563 2977 2629 Quid
3002 2564 3162 2621 enim
3206 2562 3369 2618 illius

2007 2640 2193 2698 adhuc
2214 2646 2585 2713 perseverat?

2089 2723 2204 2776 104.
2257 2724 2555 2796 Potestque
2601 2723 2716 2778 haec
2769 2723 3030 2780 doctrina
3078 2722 3369 2796 aliquibus
3384 2736 3562 2787 Exempla

2007 2801 2287 2873 exemplis
2299 2801 2603 2860 declarari.
2629 2806 2775 2858 Nam
2799 2803 2861 2858 in
2884 2802 3091 2876 primis
3109 2804 3361 2874 parvuli,
3383 2796 3558 2880 pggss‘ffi
3638 2808 3647 2843 f

2006 2897 2137 2938 cum
2166 2881 2549 2955 baptizantur,
2597 2885 2820 2940 nullam
2864 2883 3076 2940 habent
3114 2882 3573 2958 disposi-doetrim·

2009 2964 2225 3022 tionem
2268 2966 2584 3039 propriam,
2615 2982 2727 3038 qua
2769 2971 3053 3039 peccatum
3079 2966 3369 3041 originale

2011 3051 2334 3117 retractent,
2386 3047 2488 3105 nec
2527 3048 2746 3122 aliquid
2792 3048 3091 3106 moraliter
3118 3063 3373 3121 operan-

2009 3134 2105 3185 tur
2133 3128 2204 3186 ad
2232 3129 2385 3186 hunc
2421 3130 2719 3198 effectum3
2750 3135 2808 3187 et
2832 3135 3027 3188 tamen
3055 3132 3190 3204 quia
3219 3132 3372 3187 reci*-

2011 3209 2178 3282 piunt
2202 3210 2449 3283 gratiam
2477 3210 2948 3279 sanctificantem,
2981 3227 3050 3268 eo
3089 3212 3214 3284 ipso
3241 3227 3376 3282 pec-

2011 3297 2199 3348 catum
2225 3293 2507 3368 originale
2527 3298 2764 3360 exuunt,
2789 3297 2846 3350 et
2866 3309 2984 3350 non
3008 3298 3246 3350 manent
3266 3294 3375 3350 suh

2012 3372 2202 3445 aliqua
2244 3372 2568 3445 privatione
2605 3373 2803 3447 gratiae
2832 3372 3086 3446 physica,
3123 3374 3211 3429 vel
3238 3389 3371 3430 mo-

2008 3452 2124 3508 rali
2152 3473 2166 3507 :
2207 3450 2394 3526 gratia
2421 3450 2599 3526 igitur
2631 3453 2808 3510 semel
2838 3452 3032 3508 infusa
3070 3458 3375 3526 utramque

2013 3533 2397 3606 privationem
2425 3532 2676 3589 excludit
2698 3548 2797 3605 per
2817 3533 3204 3606 semetipsam,
3228 3535 3373 3605 quin

2014 3615 2164 3672 alius
2189 3629 2387 3682 novus,
2414 3618 2512 3670 aut
2535 3612 2799 3671 diversus
2827 3613 3079 3671 influxus
3108 3617 3374 3689 requira-

2013 3702 2129 3753 tur.
2160 3695 2377 3753 Deinde
2397 3693 2524 3752 fieri
2549 3695 2803 3752 absolute
2830 3700 3028 3767 potest,
3057 3700 3120 3750 ut
3145 3694 3375 3752 adultus
3406 3735 3415 3744 .

2007 3778 2370 3853 justificetur,
2388 3783 2443 3835 et
2458 3794 2491 3834 a
2507 3781 2729 3850 peccato
2743 3777 3055 3842 mundetur
3071 3792 3172 3850 per
3187 3777 3370 3835 solam

2014 3853 2367 3919 infusionem
2394 3860 2592 3934 gratiae
2628 3858 3057 3926 sanctificantiS,
3086 3858 3370 3934 indepen-

2012 3944 2214 4001 denter
2254 3942 2325 3999 ab
2351 3943 2512 3999 omni
2540 3936 2664 3999 actu
2705 3942 2916 4008 elicito,
2959 3957 3071 4013 quo
3106 3943 3374 4014 praeteri-

2012 4032 2136 4081 tum
2183 4030 2473 4098 peccatum
2521 4028 2804 4090 retractet,
2842 4028 2898 4080 et
2942 4023 3199 4080 destruat
3247 4023 3372 4098 ejus

2012 4108 2294 4164 moralem
2318 4106 2829 4179 perseverantiam,
2855 4112 2917 4162 ut
2938 4105 3095 4162 infra
3113 4104 3372 4164 dicemus

2012 4188 2154 4260 disp.
2183 4204 2291 4263 seq.
2323 4186 2447 4242 dub.
2479 4188 2534 4252 2,
2566 4189 2624 4243 et
2645 4184 2957 4242 admittunt
2983 4187 3374 4245 communiter

2014 4266 2345 4323 Adversarii
2373 4288 2388 4323 ε
2417 4281 2554 4339 ergo
2571 4267 2758 4341 gratia
2784 4265 3138 4324 excludendo
3166 4267 3371 4341 physi-

2008 4362 2137 4404 cam
2158 4348 2247 4403 sui
2273 4346 2676 4419 privationem,
2706 4347 2946 4418 expellit
2966 4346 3140 4404 etiam
3171 4348 3372 4422 priva-

2012 4430 2230 4487 tionem
2256 4428 2645 4503 moralem,·et
2662 4444 2836 4486 omne
2861 4428 3028 4496 illud,
3053 4429 3373 4501 quodcum-

2012 4524 2122 4582 que
2158 4508 2252 4577 sit,
2283 4506 2433 4581 quod
2462 4508 2778 4580 requiritur
2813 4507 2882 4565 ad
2910 4509 3368 4567 constituendam

2015 4583 2401 4656 privationem
2428 4582 2629 4657 gratiae
2667 4584 2731 4638 in
2763 4583 2986 4640 ratione
3025 4583 3371 4655 privationis

2013 4661 2273 4729 moralis,
2304 4677 2403 4719 sen
2431 4665 2688 4730 maculas,
2720 4668 2777 4720 et
2796 4662 3110 4719 habitualis
3137 4665 3365 4737 peccati.

2013 4743 2270 4801 Tandem
2291 4743 2341 4800 si
2364 4746 2513 4801 Deus
2539 4750 2855 4812 assumeret
2876 4749 3147 4802 naturam
3169 4746 3370 4803 huma-

2014 4839 2152 4881 nam
2175 4829 2396 4897 peecato
2416 4823 2689 4899 originali
2715 4824 3007 4892 infectam,
3031 4840 3101 4882 eo
3121 4825 3247 4899 ipso
3270 4840 3372 4899 per

2014 4906 2293 4962 unionem
2332 4906 2749 4981 hypostaticam
2786 4906 3109 4964 destrueret
3134 4922 3369 4965 omnem

2016 4984 2427 5056 privationem·
2468 4985 2650 5057 ipsius
2715 4986 2947 5044 unionis
3005 4986 3371 5061 hypostaticas

2014 5069 2208 5138 (quam
2248 5065 2421 5122 etiam
2465 5065 2850 5137 privationem
2878 5071 3133 5123 meretur
3174 5082 3367 5139 peeca-

3248 5154 3367 5204 tum
