3647 5753
490 315 603 371 678
1545 315 1636 370 DE
1677 314 1980 370 NATURA
2017 314 2296 371 MERITI.

490 490 733 558 sumptae
782 501 899 543 non
944 491 1090 544 esset
1135 485 1372 544 omissio
1407 484 1715 561 privativa,
1757 483 1856 542 sed

489 569 678 625 solum
705 568 987 642 negativa.

264 643 452 713 Consec-
565 652 647 705 Ex
694 667 806 723 quo
856 652 1032 707 etiam
1075 649 1158 718 fit,
1208 650 1359 724 quod
1402 650 1535 708 licet
1597 649 1858 706 Christus

291 706 441 749 ’ΨΜ
492 746 792 805 nunquam
840 733 1089 803 potuerit
1128 731 1380 798 obedire,
1405 737 1461 787 et
1512 730 1852 799 inobedire;

487 828 725 869 servare
753 819 1115 886 praeceptum,
1148 819 1203 869 et
1245 813 1392 869 illud
1420 813 1689 886 frangere
1715 833 1728 868 ε
1753 829 1856 887 po-

486 894 597 951 tuit
650 894 1038 950 nihilominus
1085 894 1337 961 obedire,
1368 901 1426 952 et
1466 909 1583 950 non
1622 893 1856 952 obedire

485 992 627 1052 nega
638 978 836 1044 tive,et
858 978 937 1032 ita
962 976 1264 1034 liberrime
1284 976 1559 1035 obedivit.
1578 979 1700 1035 Imo
1720 978 1855 1051 quia

486 1061 667 1133 potuit
691 1074 904 1134 ponere
931 1058 1258 1125 materiam,
1282 1064 1341 1115 et
1363 1075 1486 1116 rem
1517 1066 1854 1133 praeceptam

483 1148 779 1214 sumptam
801 1139 1115 1197 secundum
1136 1156 1216 1208 se,
1249 1146 1306 1196 et
1332 1155 1450 1197 non
1480 1155 1725 1213 ponere;
1751 1157 1855 1213 po-

485 1223 596 1278 tuit
640 1237 873 1279 servare
916 1226 1283 1294 praeceptum,
1338 1226 1396 1278 et
1429 1221 1690 1293 negative
1737 1238 1855 1279 non

482 1319 735 1372 servare,
762 1309 928 1376 atque
954 1304 1083 1362 ideo
1123 1303 1423 1361 liberrime
1463 1301 1612 1359 illud
1653 1301 1856 1361 obser-

267 1468 461 1523 nepnoe.
487 1392 663 1516 vam:
700 1463 813 1516 Nec
849 1458 1082 1516 tandem
1128 1458 1306 1526 obest,
1350 1459 1399 1516 si
1452 1475 1673 1533 urgeas,
1704 1457 1852 1532 quod

487 1543 795 1615 acceptatio
842 1542 1046 1600 mortis
1097 1557 1169 1598 ex
1210 1540 1554 1609 obedientia,
1588 1556 1687 1614 per
1712 1557 1774 1598 se
1798 1548 1855 1599 et

485 1623 557 1681 ab
597 1623 911 1680 intrinseco
955 1623 1093 1680 dicit
1139 1623 1508 1680 essentialem
1536 1623 1854 1680 connexio-

486 1721 620 1763 nem
648 1723 776 1762 cum
807 1709 1116 1779 praecept0;
1141 1721 1258 1762 non
1279 1705 1439 1762 enim
1468 1710 1648 1777 potest
1675 1707 1853 1763 intel-

487 1788 588 1862 ligi
612 1793 765 1844 actus
788 1787 1126 1844 obedientiae
1149 1786 1359 1860 absque
1382 1792 1659 1860 praecepto
1680 1808 1692 1844 ε
1713 1803 1852 1862 ergo

488 1871 624 1926 talis
646 1868 952 1942 acceptatio
975 1884 1074 1942 per
1096 1885 1174 1935 se,
1201 1874 1258 1925 et
1292 1866 1364 1924 ab
1400 1869 1718 1927 intrinseco
1745 1870 1852 1927 ha—

487 1949 582 2007 bet
618 1950 902 2006 rationem
949 1948 1176 2017 debitae,
1209 1957 1376 2023 atque
1416 1949 1557 2007 adeo
1582 1950 1850 2024 quaelibet

488 2030 649 2088 illius
677 2031 912 2087 omissio
958 2031 1070 2086 erit
1110 2046 1211 2104 per
1249 2048 1326 2100 se,
1351 2037 1407 2089 et
1433 2031 1503 2088 ab
1534 2030 1849 2089 intrinseco

486 2113 794 2185 privativa.

558 2190 628 2242 Et
648 2186 1043 2253 confirmatur,
1070 2186 1206 2259 quia
1224 2186 1273 2242 si
1290 2186 1596 2260 acceptatio
1614 2202 1685 2243 ex
1712 2186 1850 2244 obe-

484 2268 706 2326 dientia
729 2285 828 2342 per
856 2284 935 2331 se,
960 2273 1018 2323 et
1043 2266 1112 2322 ab
1141 2268 1456 2324 intrinseco
1503 2266 1672 2323 habet
1708 2282 1848 2324 con-

483 2351 793 2405 nexionem
841 2364 972 2405 cum
1032 2352 1337 2420 praeceptO,
1390 2347 1628 2405 omissio
1679 2346 1849 2420 huJ'us

481 2430 883 2503 acceptationis
912 2427 1171 2499 nequibit
1194 2427 1461 2503 intelligi,
1497 2426 1608 2482 nisi
1633 2432 1694 2481 ut
1720 2443 1850 2483 con·

483 2528 651 2579 nexa,
679 2518 734 2568 et
755 2513 1066 2584 composita
1112 2527 1243 2567 cum
1284 2510 1486 2568 eodem
1523 2516 1798 2582 praecepto
1830 2534 1844 2577 ;

483 2591 583 2648 sed
604 2590 840 2649 omissio
866 2592 948 2646 sic
968 2591 1280 2664 composita
1300 2595 1384 2645 est
1405 2589 1641 2647 omissio
1659 2591 1849 2661 priva·

487 2673 626 2739 tiva,
655 2679 711 2729 et
740 2689 856 2728 non
886 2672 1151 2745 negativa
1186 2691 1199 2727 z
1229 2686 1383 2744 erg0,
1416 2675 1523 2727 etc.

264 2771 469 2817 Dtmttur.
561 2756 687 2810 Non
718 2752 895 2827 igitur
922 2752 1024 2808 hoc
1050 2749 1226 2808 obest.
1253 2749 1648 2823 Respondetur
1686 2749 1846 2806 enim

484 2833 890 2913 distinguendo
914 2833 1285 2901 antecedens;
1310 2832 1617 2906 acceptatio
1643 2833 1847 2890 mortis

480 2934 554 2976 ex
581 2918 909 2978 obedientia
953 2916 1091 2971 dicit
1130 2915 1495 2972 essentialem
1532 2916 1847 2972 connexio-

480 3019 616 3060 nem
657 3017 788 3059 cum
833 3004 1129 3074 praeceptO,
1164 3015 1275 3071 quo
1322 2999 1684 3072 praecipiatur
1724 3000 1847 3072 ipsa

478 3083 786 3157 acceptatio
833 3098 905 3138 ex
950 3079 1297 3150 obedientia,
1358 3096 1632 3154 negamus
1650 3106 1666 3149 ;
1713 3098 1844 3138 cum

477 3171 777 3240 praecepto,
822 3178 933 3237 quo
969 3162 1334 3236 praecipiatur
1380 3178 1557 3229 morS,
1607 3180 1705 3220 seu
1754 3179 1846 3219 res

474 3246 836 3322 acceptanda,
864 3244 1291 3302 concedendum
1332 3251 1434 3303 est.
1483 3248 1551 3300 Et
1583 3246 1846 3321 neganda

468 3340 558 3389 est
581 3332 833 3389 absolute
875 3335 1116 3402 utraque
1156 3329 1578 3403 consequentia.
1613 3330 1843 3386 Etenim

474 3414 603 3470 licet
645 3419 799 3469 actus
826 3410 1166 3467 obedientiae
1194 3426 1296 3483 per
1323 3426 1401 3477 se,
1434 3417 1487 3466 et
1517 3410 1586 3466 ab
1617 3410 1843 3466 intrin-

466 3510 599 3552 seco
626 3494 775 3550 dicat
797 3492 1064 3550 ordinem
1094 3492 1164 3549 ad
1193 3492 1426 3565 aliquod
1456 3503 1798 3567 praeceptum
1823 3536 1838 3562 ,

474 3582 533 3633 at
558 3577 661 3632 hoc
691 3581 1037 3649 praeceptum
1080 3591 1197 3632 non
1240 3577 1559 3632 necessario
1588 3575 1843 3648 praeeipit

473 3659 663 3732 ipsum
699 3663 886 3714 actum
914 3656 1272 3721 obedientiae,
1305 3656 1403 3713 sed
1432 3658 1620 3714 solum
1650 3656 1843 3729 praeci·

472 3742 560 3814 pit
581 3740 881 3814 objectum,
913 3744 969 3795 et
991 3738 1298 3794 materiam
1326 3740 1477 3794 circa
1502 3755 1673 3811 quam
1692 3755 1841 3812 prae-

469 3824 656 3880 dictus
672 3812 833 3879 ”actus
858 3823 1043 3878 valeat
1065 3821 1344 3878 exerceri.
1377 3824 1444 3876 Et
1467 3822 1594 3880 ideo
1618 3824 1841 3879 ratione

476 3906 648 3980 hujus
678 3904 938 3978 praecepti
985 3904 1172 3960 solum
1219 3909 1303 3959 est
1360 3902 1550 3960 debita
1596 3904 1840 3959 materia

472 3988 598 4054 illa,
620 3995 676 4044 et
702 3987 1004 4061 objectum,
1023 3984 1171 4057 quod
1194 3984 1541 4057 praecipitur,
1564 4001 1680 4041 non
1702 4002 1839 4042 vero

472 4070 596 4143 ipse
618 4076 789 4125 actus.
822 4069 1009 4130 Quare
1040 4072 1099 4121 ut
1139 4073 1295 4123 actus
1336 4066 1456 4137 ipse
1494 4064 1838 4123 obedientiae

469 4150 696 4207 debitus
747 4149 837 4217 sit,
895 4148 1146 4222 exigitur
1213 4163 1430 4203 novum
1493 4153 1837 4219 praeceptum

470 4234 632 4308 quasi
685 4232 981 4299 reflexum,
1012 4246 1123 4303 quo
1164 4230 1529 4304 praecipiatur
1563 4250 1576 4285 ε
1611 4237 1668 4286 et
1704 4230 1838 4303 quia

472 4316 578 4373 hoc
602 4316 881 4390 posterius
905 4321 1245 4388 praeceptum
1270 4312 1339 4369 ad
1363 4318 1550 4368 actum
1573 4311 1838 4370 obedien·

473 4399 569 4455 tiae
599 4414 698 4472 per
722 4399 978 4455 accidens
1005 4414 1065 4455 se
1093 4395 1261 4453 habet
1287 4395 1492 4468 (potuit
1518 4395 1677 4451 enim
1705 4397 1838 4452 talis

472 4488 629 4538 actus
667 4481 794 4537 sine
820 4496 887 4538 eo
914 4480 1258 4550 consentire)
1288 4493 1403 4535 non
1432 4478 1583 4534 tollit
1606 4478 1838 4550 quomi-

474 4577 584 4617 nus
607 4560 906 4634 praedictus
928 4566 1082 4618 actus
1108 4558 1500 4617 consideratus
1521 4559 1837 4615 secundum

471 4658 534 4699 se
557 4643 731 4714 possit
750 4643 812 4699 in
834 4658 1004 4699 sensu
1027 4640 1213 4697 diviso
1234 4640 1366 4696 talis
1390 4642 1654 4713 praecepti
1670 4641 1838 4698 omit-

469 4724 535 4792 ti,
563 4730 728 4796 atque
751 4722 891 4780 adeo
912 4722 1225 4779 omissione
1249 4720 1536 4795 negativa.

271 4824 438 4882 renoda-
548 4807 658 4862 Per
680 4805 829 4878 quod
859 4809 1009 4880 patet
1044 4802 1115 4860 ad
1147 4802 1667 4867 confirmationem,
1698 4802 1836 4875 quia

264 4876 435 4917 ‘'⁰⁰⁰¹''
470 4888 603 4945 licet
644 4889 878 4946 omissio
932 4887 1332 4960 acceptationis
1386 4903 1456 4943 ex
1508 4885 1836 4943 obedien-tia

254 4920 453 5015 affluo·
470 4975 714 5044 nequeat
758 4968 1009 5043 intelligi
1065 4968 1178 5025 nisi
1233 4974 1294 5024 ut
1340 4967 1652 5040 composita
1702 4983 1834 5024 cum

1988 485 2172 558 priori
2196 486 2298 542 illo
2323 492 2596 559 praecepto
2617 489 2699 556 (ut
2718 486 2800 543 sic
2820 485 3100 556 dicamus)
3114 485 3356 554 directo;

1986 568 2202 641 optime
2228 574 2421 627 tamen
2451 573 2631 642 potest
2660 568 2928 642 intelligi,
2957 574 3020 625 ut
3049 585 3166 626 non
3192 585 3358 626 com-

1988 652 2170 723 posita
2229 668 2360 708 cum
2433 652 2755 725 posteriori,
2806 656 2862 706 et
2900 651 3061 724 quasi
3115 649 3352 710 reflexo.

1989 732 2267 789 Praedicta
2315 738 2506 789 autem
2541 731 2778 791 omissio
2806 746 2924 789 non
2955 739 3015 786 ut
3040 731 3359 804 composita

1986 830 2116 871 cum
2135 815 2336 887 priori,
2358 815 2453 872 sed
2480 820 2539 872 ut
2559 816 2868 888 composita
2890 830 3020 870 cum
3045 815 3353 887 posteriori

1985 897 2298 965 dumtaxat,
2330 897 2500 955 habet
2531 896 2814 953 rationem
2843 895 3178 952 omissionis
3224 896 3353 970 pri—

1987 984 2219 1110 vafxldffe
2247 1054 2455 1125 primo,
2486 1050 2635 1126 quod
2662 1052 2768 1107 etsi
2809 1057 2963 1107 actus
3010 1049 3354 1110 obedientiae

1988 1151 2088 1207 per
2125 1152 2185 1193 se
2210 1135 2359 1193 dicat
2384 1134 2645 1192 ordinem
2678 1132 2748 1191 ad
2779 1141 3121 1206 praeceptum
3146 1136 3354 1208 praeci-

1987 1215 2152 1289 piens
2199 1232 2323 1273 rem
2365 1214 2767 1288 acceptandam
2815 1214 2986 1271 modo
3029 1217 3347 1288 explicato3

1984 1298 2106 1371 ejus
2134 1303 2327 1354 tamen
2348 1297 2601 1361 omissio,
2627 1297 2675 1353 si
2698 1298 2772 1353 sit
2794 1296 3039 1353 omnino
3059 1297 3343 1371 negativa,

1985 1380 2196 1454 absque
2224 1385 2504 1454 praecepto
2524 1379 2717 1450 aliquo
2746 1378 3016 1451 imposito
3040 1379 3347 1436 omittendi

1986 1468 2165 1535 potest
2188 1462 2434 1536 intelligi
2463 1461 2634 1533 ;quia
2667 1476 2797 1516 cum
2844 1459 3084 1516 omissio
3130 1459 3246 1517 haec
3271 1462 3348 1517 sit

1983 1544 2171 1601 solum
2196 1543 2439 1618 negati0,
2471 1541 2683 1598 dicitur
2713 1546 2830 1597 tam
2858 1541 2928 1598 de
2965 1556 3035 1597 eo
3061 1540 3213 1613 quod
3238 1547 3343 1610 est,

1984 1642 2156 1698 quam
2203 1624 2274 1681 de
2312 1623 2566 1697 eoquod
2610 1641 2726 1682 non
2767 1630 2851 1681 est
2884 1645 2896 1681 ε
2932 1630 2988 1680 et
3033 1624 3137 1681 hoc
3179 1624 3350 1682 modo

1982 1708 2156 1764 etiam
2198 1705 2268 1763 de
2313 1707 2434 1771 illo,
2478 1707 2569 1762 cui
2619 1706 2848 1762 nullum
2890 1710 2974 1762 est
3008 1705 3347 1778 impositum

1984 1790 2325 1859 praeceptum
2374 1785 2639 1853 dicimus,
2682 1784 2829 1857 quod
2875 1801 2990 1841 non
3036 1784 3244 1854 obedit,
3291 1790 3349 1843 et

1982 1863 2131 1940 quod
2155 1868 2370 1924 omittit
2395 1865 2627 1923 obedire
2645 1865 2927 1939 negative.

2056 1947 2214 2005 Adde
2239 1947 2504 2015 secundo,
2536 1946 2687 2021 quod
2714 1948 2940 2004 etiamsi
2971 1948 3210 2005 daretur
3246 1965 3346 2006 ac·
3385 1958 3498 2002 ποι

1981 2036 2073 2087 tus
2110 2029 2326 2087 habens
2370 2030 2787 2087 connexionem
2815 2033 3180 2088 essentialem
3209 2046 3344 2088 cum

1984 2118 2258 2184 praecepto
2294 2111 2659 2185 praecipiente
2708 2112 2898 2183 ipsum
2936 2121 3144 2179 actum,
3177 2118 3349 2185 atque

1981 2191 2120 2248 adeo
2142 2198 2297 2248 actus
2322 2189 2638 2250 secundum
2657 2206 2736 2258 se,
2757 2197 2813 2246 et
2832 2192 3216 2248 essentialiter
3243 2191 3352 2248 de-

1982 2272 2134 2328 bitus
2160 2272 2331 2346 (quod
2359 2273 2505 2329 forte
2530 2279 2614 2329 est
2654 2271 3027 2344 impossibiie,
3059 2271 3354 2344 siquidem

1981 2354 2214 2426 ipsimet
2256 2355 2404 2411 actui
2446 2353 2786 2410 obedientias
2827 2351 3046 2417 accidit,
3071 2353 3223 2426 quod
3253 2370 3353 2411 re-

1981 2434 2145 2504 flexe,
2177 2443 2275 2493 aut
2314 2436 2378 2492 in
2416 2436 2605 2507 seipso
2647 2433 3030 2507 praecipiatur)
3057 2432 3244 2491 adhuc
3280 2434 3350 2491 in

1980 2517 2102 2590 ejus
2124 2517 2375 2574 carentia
2403 2515 2901 2590 distinguerentur
2930 2515 3350 2574 formalissime

1981 2598 2264 2672 loquendo
2285 2600 2521 2656 omissio
2551 2598 2834 2672 negativa,
2857 2604 2912 2655 et
2935 2597 3241 2671 privativa.
3275 2600 3350 2653 Et

1979 2679 2059 2736 ita
2087 2696 2203 2738 non
2226 2679 2492 2753 quaslibet
2521 2679 2680 2734 illius
2702 2678 2938 2736 omissio
2963 2684 3109 2734 esset
3131 2678 3348 2735 forma·

1980 2760 2200 2817 lissime
2224 2761 2467 2832 privata,
2499 2762 2931 2833 salvereturque
2953 2760 3015 2814 in
3040 2759 3144 2815 illo
3170 2757 3346 2815 liber-

1979 2849 2064 2899 tas
2110 2840 2578 2899 contradictionis
2626 2857 2726 2915 per
2785 2842 2907 2906 hoc,
2961 2838 3111 2913 quod
3166 2840 3347 2913 possit

1977 2926 2165 2983 omitti
2191 2926 2371 2998 priori
2397 2927 2501 2982 illa
2522 2925 2848 2988 omissione,
2866 2924 3133 2996 quamvis
3145 2924 3341 2981 omitti

1978 3023 2095 3064 non
2113 3013 2296 3081 posset
2324 3007 2428 3063 hac
2455 3006 2777 3080 posteriori.
2800 3008 2867 3062 Et
2891 3007 3037 3063 ratio
3059 3004 3344 3079 praedictae

1977 3089 2363 3146 distinctionis
2403 3093 2584 3159 potest
2632 3087 2876 3152 desumi,
2910 3092 3033 3143 tum
3074 3102 3106 3142 a
3149 3087 3340 3161 signe,

1975 3174 2110 3246 quia
2153 3172 2202 3227 si
2232 3171 2440 3243 aliquis
2481 3185 2580 3243 per
2613 3169 2964 3226 oblivionem
3012 3169 3341 3225 naturalem

1976 3253 2264 3310 omitteret
2285 3252 2455 3307 illum
2485 3257 2691 3316 actum,
2715 3250 2846 3306 talis
2867 3249 3119 3313 omissio,
3141 3264 3343 3322 quam·

1975 3334 2063 3390 vis
2085 3339 2230 3390 esset
2258 3339 2412 3390 actus
2438 3332 2635 3397 debiti,
2669 3347 2788 3389 non
2833 3336 2977 3387 esset
3024 3330 3336 3402 privativa,

1974 3432 2104 3473 cum
2136 3433 2253 3473 non
2281 3423 2427 3474 esset
2450 3416 2864 3488 peccaminosa;
2893 3412 2991 3469 sed
3016 3414 3205 3469 solum
3231 3428 3340 3469 ne-

1972 3499 2182 3572 gativa.
2209 3499 2357 3554 Tum
2384 3499 2560 3554 etiam
2608 3513 2641 3553 a
2687 3496 2868 3569 priori
2896 3519 2908 3561 ;
2942 3510 3079 3550 nam
3107 3500 3342 3551 contra-

1974 3579 2165 3644 dictio,
2191 3595 2315 3651 quae
2336 3579 2398 3633 in
2441 3577 2596 3634 nuda
2649 3576 3048 3639 affirmatione,
3079 3580 3136 3631 et
3162 3588 3343 3646 nega-

1974 3660 2129 3715 tione
2187 3660 2464 3723 consistit,
2535 3665 2618 3714 est
2680 3659 2902 3730 prima,
2966 3662 3023 3713 et
3078 3655 3340 3711 maxima

1972 3741 2238 3797 omnium
2280 3740 2725 3813 oppositionum,
2750 3746 2804 3794 et
2834 3739 2895 3793 in
2924 3735 3175 3810 qualibet
3218 3734 3338 3789 alia

1970 3825 2327 3896 oppositione
2353 3823 2732 3881 essentialiter
2767 3818 3083 3876 includitur
3113 3839 3126 3873 :
3157 3832 3340 3890 quare

1972 3913 2253 3981 repugnat
2286 3908 2476 3978 aliqua
2504 3904 2714 3977 opponi
2754 3902 3062 3966 contrarie,
3087 3899 3182 3955 vel
3207 3900 3337 3972 pri-

1971 3989 2180 4057 vative,
2212 3996 2267 4045 et
2291 4004 2406 4045 non
2433 3987 2642 4061 opponi
2665 3985 2840 4040 simul
2868 3980 3334 4047 contradictorie;

1971 4075 2137 4142 atque
2177 4069 2316 4126 adeo
2361 4069 2534 4125 etiam
2580 4071 2876 4140 repugnat,
2921 4060 3071 4134 quod
3119 4063 3181 4117 in
3229 4061 3334 4117 illa

1969 4152 2241 4218 carentia,
2285 4166 2409 4224 quae
2453 4155 2536 4206 est
2575 4155 2904 4205 extremum
2951 4142 3338 4215 oppositionis

1970 4234 2288 4305 privativae,
2315 4248 2441 4304 quae
2461 4238 2545 4289 est
2565 4229 2820 4288 carentia
2845 4226 3134 4299 privativa
3162 4230 3335 4290 actus,

1969 4330 2087 4370 non
2125 4312 2452 4369 includatur
2485 4310 2738 4367 carentia
2765 4306 3020 4381 ejusdem
3046 4310 3203 4361 actus
3230 4319 3340 4361 ne-

1967 4396 2177 4469 gativa‚
2204 4410 2328 4467 quae
2352 4400 2436 4450 est
2455 4399 2780 4448 extremum
2805 4386 3186 4460 oppositionis
3208 4401 3340 4441 con·

1968 4475 2332 4533 tradictoriae.
2381 4476 2540 4529 Patet
2581 4474 2776 4547 igitur,
2803 4468 2954 4541 quod
2985 4469 3048 4523 in
3077 4464 3340 4539 qualibet

1966 4559 2301 4624 omissione,
2330 4559 2419 4614 vel
2459 4558 2715 4614 carentia
2757 4560 2932 4619 actus,
2957 4549 3336 4624 quantumvis

1966 4639 2349 4697 essentialiter
2394 4637 2592 4702 debiti,
2644 4634 2899 4692 inveniri
2952 4630 3151 4688 debeat
3213 4645 3334 4686 non

1965 4721 2088 4778 sola
2131 4722 2407 4787 carentia,
2455 4725 2512 4775 et
2563 4717 2800 4776 omissio
2865 4712 3176 4787 privativa,
3231 4709 3334 4767 sed

1965 4803 2139 4860 etiam
2163 4801 2418 4866 omissio,
2449 4806 2505 4856 et
2523 4798 2780 4855 carentia
2802 4796 3102 4869 negativa;
3142 4797 3202 4847 et
3227 4807 3333 4864 per

1965 4883 2230 4942 ordinem
2254 4882 2323 4939 ad
2352 4882 2495 4937 hanc
2516 4880 2853 4941 carentiam,
2882 4882 2945 4932 ut
2969 4873 3200 4948 praecise
3223 4888 3331 4930 ne·

1963 4966 2155 5041 gativa
2199 4969 2302 5028 est,
2339 4963 2596 5018 salvatur
2635 4974 2862 5032 semper
2915 4956 2981 5012 in
3032 4955 3333 5085 volutgstate

3081 5044 3151 5103 po
3264 5044 3331 5085 as
