3647 5753
1342 437 1520 493 DISP.
1565 437 1680 504 VII,
1726 434 1894 492 DUB.
1940 436 2030 489 111.
3001 429 3076 485 63

183 605 312 661 leat
346 606 539 663 illum
570 609 808 678 inferre,
856 615 1001 669 Deus
1027 629 1141 671 non
1177 616 1290 673 erit
1315 617 1585 689 omnipo-

185 694 349 745 tens.
385 691 564 755 Quod
617 696 976 767 praesensisse
1001 699 1283 770 (quamvis
1321 698 1585 756 inconse-

185 774 488 843 quenter)
517 772 751 831 videtur
776 775 977 833 citatus
1003 779 1223 836 Author
1245 781 1365 836 loco
1391 779 1579 848 citat0,

181 858 325 909 sect.
359 855 424 910 2.
461 872 626 911 num.
659 858 739 922 15,
766 857 863 915 ubi
894 861 1086 917 relatis
1110 860 1373 934 pluribus
1394 862 1587 936 Scrip-

185 940 372 1003 turae,
388 942 454 992 et
471 939 715 994 Patrum
738 941 1081 998 testimoniis
1094 943 1402 999 concludit:
1429 946 1586 1000 «Haec

190 1039 218 1067 ι(
266 1017 423 1073 satis
479 1019 704 1092 liquido
747 1024 1051 1090 evincunt,
1095 1032 1310 1082 temere
1361 1026 1580 1100 negari,

188 1118 215 1145 c«
263 1111 447 1168 posse
481 1100 664 1155 Deum
693 1117 796 1172 pro
822 1101 1080 1169 arbitrio,
1101 1103 1349 1177 quand0,
1368 1112 1423 1162 et
1443 1122 1588 1178 quo-

192 1201 220 1231 α
267 1178 459 1236 modo
485 1182 752 1249 voluerit,
770 1182 1028 1242 obtinere
1046 1193 1251 1244 nostrae
1276 1188 1588 1245 voluntatis

196 1285 224 1313 «
269 1278 661 1320 consensum
692 1266 773 1321 Ex
795 1266 1003 1339 quibus
1023 1270 1198 1326 etiam
1225 1269 1588 1344 praecludun-

198 1347 375 1399 «tur
405 1341 545 1400 duae
571 1345 905 1414 solutiones,
938 1364 1063 1420 quae
1098 1350 1386 1422 superiori
1415 1366 1588 1423 argu-

202 1446 228 1473 «
275 1428 495 1480 mento
540 1424 807 1483 adhiberi
859 1433 1141 1500 poterant.
1197 1430 1425 1493 Prima,
1477 1431 1589 1487 Deo

202 1503 469 1560 «talem
525 1511 856 1576 potestatem
906 1509 1216 1566 convenire
1257 1526 1372 1567 non
1419 1526 1487 1567 ex
1529 1509 1587 1565 vi

202 1608 228 1634 a
278 1583 620 1640 intrinseca
646 1587 859 1660 gratiae,
889 1586 986 1643 sed
1012 1604 1083 1645 ex
1108 1588 1452 1647 certitudine
1485 1605 1589 1645 ex-

203 1688 228 1715 «
275 1665 552 1721 trinseca
597 1668 857 1724 scientiae
903 1669 1309 1728 conditionatae
1334 1686 1589 1743 praesen-

203 1770 229 1797 ιι
273 1745 498 1802 tientis
527 1765 870 1806 consensum
901 1759 1110 1808 nostrae
1131 1753 1443 1809 voluntatis
1484 1752 1588 1807 sub

204 1852 229 1877 a
276 1827 526 1883 auxilio
545 1829 722 1884 etiam
744 1831 1045 1888 moraliter
1069 1831 1422 1906 refragabili.
1443 1834 1590 1888 Nam

203 1930 230 1958 «ι
274 1908 428 1963 satis
459 1906 679 1965 diserte
704 1911 1042 1982 exprimunt
1069 1915 1286 1978 Patres,
1325 1930 1454 1970 eam
1486 1929 1590 1985 po·

206 2012 230 2037 «
279 1992 563 2043 testatem
588 1989 649 2043 in
674 1990 945 2047 virtutem
976 1992 1348 2049 intrinsecam
1372 1993 1589 2049 divinae

206 2093 232 2119 «
274 2070 500 2143 gratiae
520 2070 902 2138 referendam
917 2074 1053 2129 item
1070 2090 1199 2130 eam
1215 2091 1335 2132 esse
1350 2075 1590 2131 omniuo

208 2172 236 2202 κ
299 2149 749 2207 antecedentem
798 2155 1180 2210 necessarium
1218 2171 1584 2221 consensum,

208 2250 234 2279 «a
277 2229 433 2285 sicut
451 2235 545 2285 est
565 2229 681 2285 alia
700 2230 913 2302 quaevis
935 2240 1193 2305 potestaS‚
1219 2250 1343 2308 quae
1363 2235 1591 2291 incom-

209 2330 234 2357 ι
280 2309 732 2365 mendationem
755 2309 968 2367 divinae
983 2314 1412 2386 omnipotentiae
1429 2332 1461 2371 a
1481 2318 1591 2371 Pa-

212 2414 236 2441 «
284 2389 487 2446 tribus
519 2390 877 2463 praedicatur.
912 2415 937 2445 ι)
971 2397 1199 2451 Constat
1227 2402 1437 2462 autem,
1481 2399 1591 2453 Pa-

208 2474 327 2526 tres
368 2470 790 2528 commendare
817 2472 1077 2531 divinam
1107 2477 1588 2549 omnipotentiam

206 2557 391 2608 etiam
427 2553 496 2608 in
522 2552 727 2610 ordine
753 2554 822 2611 ad
845 2562 999 2612 actus
1022 2556 1249 2625 liherOS,
1276 2559 1420 2614 alias
1447 2560 1590 2614 Deus

211 2635 276 2690 in
296 2633 699 2690 conversione
721 2636 974 2692 hominis
997 2636 1177 2695 libera
1201 2655 1315 2695 non
1337 2655 1395 2694 se
1423 2638 1592 2695 habe-

212 2717 302 2771 ret
328 2719 394 2770 ut
439 2714 832 2786 omnipotens,
865 2717 1013 2790 quod
1041 2724 1124 2775 est
1164 2723 1357 2790 aperte
1393 2725 1589 2775 contra

209 2795 619 2869 Augustinum
645 2795 778 2851 locis
794 2798 977 2853 citatis
999 2820 1010 2854 ε
1035 2814 1167 2872 ergo
1188 2800 1282 2854 vel
1305 2800 1450 2855 Deus
1474 2816 1590 2856 non

209 2881 295 2933 est
326 2875 728 2947 omnipotens,
756 2880 846 2934 vel
870 2880 927 2935 vi
957 2880 1266 2935 intrinseca
1295 2881 1510 2954 gratiae,
1536 2887 1592 2937 et

213 2954 691 3029 independenter
718 2974 751 3013 a
776 2959 1014 3015 scientia
1039 2958 1428 3015 conditionata
1451 2977 1592 3032 prze-

210 3043 515 3098 sentiente
559 3036 815 3096 futurum
843 3057 1202 3106 consensum,
1247 3047 1428 3114 potest
1453 3058 1592 3099 con-

211 3138 456 3179 sensum
482 3122 738 3179 liberum
775 3122 1188 3188 infallibiliter,
1213 3128 1268 3178 et
1295 3122 1591 3180 efficaciter

213 3202 484 3259 inferre:
520 3201 672 3276 quod
700 3201 1072 3268 intendimuS‚
1114 3208 1169 3257 et
1195 3200 1517 3258 doctrinam
1559 3218 1592 3258 a

214 3284 428 3342 Suario
457 3283 739 3341 traditam
767 3283 1025 3339 funditus
1045 3283 1274 3339 evertit.

109 3373 166 3422 ior
276 3369 372 3422 91.
394 3369 625 3431 Quarto
644 3364 832 3422 deficit
847 3363 1438 3437 praedictaresponsio
1457 3362 1592 3436 quia

110 3434 166 3516 '⁸0³
151 3444 379 3522 juxta
416 3450 591 3504 illam
631 3447 873 3503 efficacia
905 3445 1105 3521 gratiae
1132 3462 1165 3500 a
1205 3444 1471 3501 Patribus
1498 3461 1592 3501 as-

218 3536 376 3587 serta
402 3530 731 3586 destrueret
765 3528 821 3583 id
846 3526 997 3601 quod
1026 3527 1388 3600 potissimum
1416 3526 1592 3584 dehe-

223 3615 306 3667 ret
330 3609 633 3683 perficere,
662 3624 868 3680 nempe
889 3606 1214 3664 libertatem
1243 3606 1492 3671 arbitrii,
1521 3605 1591 3663 ad

221 3707 395 3762 quam
415 3688 763 3765 juvandam,
789 3693 844 3744 et
866 3686 1271 3759 perficiendam
1300 3687 1360 3742 in
1388 3685 1592 3743 ordine

223 3770 292 3828 ad
340 3771 852 3844 supernaturalem
900 3768 1075 3826 finem
1106 3769 1386 3842 praecipue
1432 3785 1592 3825 com-

225 3853 563 3908 municatur
583 3875 598 3918 ;
622 3849 1082 3923 quandoquidem
1109 3850 1156 3903 si
1187 3865 1390 3905 verum
1417 3848 1593 3905 conti·

228 3940 326 3989 net
364 3931 524 3987 dicta
550 3931 777 3995 solutio,
811 3932 901 3986 vel
942 3932 1089 3986 Deus
1117 3946 1232 3987 non
1275 3929 1593 4002 assequitur

224 4029 293 4068 ex
315 4013 375 4067 vi
400 4012 609 4086 gratiae
633 4010 1039 4078 infallibiliter,
1066 4015 1123 4065 et
1147 4008 1443 4066 efficaciter
1463 4023 1594 4065 con-

226 4108 501 4159 sensum;
550 4093 639 4148 vel
665 4091 714 4147 si
741 4108 813 4147 ex
852 4091 909 4147 vi
938 4090 1248 4146 intrinseca
1273 4089 1474 4164 gratiae
1498 4090 1587 4144 in-

229 4173 582 4239 fallibiliter,
630 4179 685 4230 et
723 4171 1020 4229 efficaciter
1064 4185 1404 4226 consensum
1436 4186 1594 4227 asse—

233 4255 456 4328 quitur,
483 4261 543 4311 ut
571 4257 771 4310 Patres
797 4252 1053 4309 docuisse
1079 4257 1366 4308 asseverat
1391 4252 1594 4308 citatus

232 4336 478 4402 Author,
505 4338 626 4409 jam
654 4350 960 4391 consensus
982 4348 1100 4389 non
1118 4336 1204 4388 est
1229 4330 1397 4399 liber,
1429 4338 1595 4405 atque

238 4415 366 4474 ideo
393 4433 502 4474 nec
526 4416 881 4474 meritorius.

117 4515 219 4556 mur
304 4499 489 4554 Porro
534 4497 591 4553 id
637 4495 787 4570 quod
835 4495 1080 4568 Ripalda
1107 4495 1169 4551 in
1210 4494 1595 4553 confirmatio-

116 4563 204 4654 ἔξω
235 4595 365 4637 nem
406 4596 526 4637 suae
546 4579 819 4636 doctrinae
839 4578 1082 4644 adducit,
1129 4578 1351 4634 nullius
1373 4577 1595 4636 roboris

116 4668 209 4715 ΨΦ
233 4666 333 4724 est,
383 4663 523 4734 quia
570 4662 837 4733 quamvis
886 4662 1213 4729 illustratio,
1268 4664 1326 4717 et
1375 4659 1596 4717 affectio

157 4721 632 4801 indeliberatae
651 4743 768 4799 sint
790 4743 952 4800 valde
982 4745 1267 4810 intensae3
1299 4741 1596 4798 nihilomi-

239 4839 344 4879 nus
370 4839 491 4880 non
532 4820 814 4879 inducunt
857 4821 1174 4880 absolutam
1202 4821 1594 4879 necessitatem

238 4902 307 4959 ad
349 4909 509 4960 actus
558 4901 980 4975 subsequentes,
1029 4902 1127 4960 sed
1180 4901 1252 4959 ad
1301 4917 1594 4958 summum

239 5001 508 5060 magnam
535 4984 923 5041 difficultatem
949 4985 1098 5041 circa
1126 4983 1470 5042 dissensum.
1529 4986 1597 5040 Et

243 5066 385 5124 ratio
409 5072 516 5134 est,
552 5066 832 5138 quoniam
857 5067 1071 5122 auxilia
1105 5066 1352 5124 moralia
1377 5065 1598 5123 consis-

1718 615 1898 672 tentia
1928 615 1988 670 in
2019 613 2234 670 actibus
2282 611 2678 669 indeliberatis
2706 627 2821 667 non
2846 615 3079 667 movent

1721 696 1949 769 physice
1977 696 2126 766 (ticet
2154 710 2258 750 nec
2283 695 2474 750 omnis
2497 693 2673 749 motio
2703 690 2933 765 physica
2962 691 3069 746 im-

1721 775 1908 848 pediat
1963 773 2305 839 libertatem,
2359 774 2509 829 utin
2550 772 2652 827 hac
2694 770 3079 844 disputatione

1718 855 2017 921 constabit)
2050 880 2062 923 ;
2111 855 2208 911 sed
2230 860 2454 911 tantum
2476 852 2769 927 objective,
2800 860 2855 908 et
2882 867 3080 908 mora-

1719 939 1870 1002 liter,
1922 937 2226 994 alliciendo
2256 936 2516 992 videlicet
2541 952 2610 991 ex
2640 939 2797 1007 parte
2828 932 2980 998 boni,
3015 933 3078 988 in

1718 1019 1865 1094 quod
1890 1019 2151 1076 tendunt:
2176 1019 2454 1092 objectum
2477 1015 2787 1089 vero,quod
2814 1031 2930 1071 non
2954 1029 3080 1086 pro-

1721 1101 1954 1174 ponitur
1972 1107 2029 1155 ut
2046 1099 2344 1172 adaequans
2364 1098 2673 1154 voluntatis
2687 1095 3073 1168 capacitatem,

1722 1182 2003 1255 permittit
2029 1188 2294 1255 appetere
2317 1180 2531 1236 bonum
2554 1178 2876 1252 oppositum
2898 1200 2910 1243 ;
2933 1174 3082 1231 unde

1723 1263 1999 1335 relinquit
2023 1261 2477 1318 indifferentiam
2506 1259 2863 1332 objectivam,
2891 1262 2952 1311 ut
2973 1271 3078 1311 vo-

1722 1345 1915 1399 luntas
1944 1340 2277 1398 utramlibet
2312 1347 2530 1413 partem
2561 1357 2663 1414 pro
2692 1338 2856 1394 libito
2884 1351 3079 1409 prose·

1720 1429 1947 1496 quatur.
1973 1423 2136 1478 Solus
2164 1428 2351 1477 autem
2402 1423 2546 1477 Deus
2568 1422 2718 1476 clare
2750 1417 2902 1472 visus
2945 1430 3082 1487 pro-

1723 1504 1955 1577 ponitur
2004 1508 2062 1558 ut
2109 1501 2323 1559 bonum
2371 1501 2673 1575 adaequans
2726 1497 3037 1555 voluntatis
3063 1518 3075 1551 :

1721 1585 1981 1657 quocirca
2020 1585 2174 1640 solus
2215 1584 2315 1639 ille
2362 1583 2658 1638 necessitat
2685 1579 2941 1636 absolute
2978 1594 3082 1633 vo-

1722 1668 2002 1723 luntatem
2052 1665 2120 1722 ad
2167 1667 2253 1722 sui
2299 1681 2574 1729 amorem,
2610 1669 2669 1719 ut
2695 1659 3082 1718 communiter

1721 1745 1924 1813 docent
1951 1746 2219 1819 Theologi
2247 1746 2305 1800 in
2331 1751 2490 1801 tract.
2516 1745 2585 1801 de
2611 1744 2846 1799 Visione
2878 1740 2993 1807 Dei,
3026 1744 3081 1795 et

1721 1825 1789 1882 de
1815 1825 2192 1881 Beatitudine.
2246 1825 2486 1897 Reliqua
2511 1840 2648 1881 vero
2678 1822 2843 1886 bona,
2894 1834 3083 1893 quan-
3115 1880 3133 1899 ο

1723 1908 1937 1963 tumvis
1984 1908 2226 1972 intensa,
2273 1913 2326 1963 et
2354 1907 2504 1962 clare
2546 1905 2848 1978 proposim‚
2899 1902 3082 1957 relin-

1721 1995 1903 2062 quunt
1957 1989 2019 2043 iu
2070 1986 2372 2045 'voluntate
2436 1988 2760 2043 facultatem
2827 1982 3082 2039 absolute

1721 2071 2094 2127 sufficientem
2124 2069 2192 2126 ad
2221 2070 2561 2142 oppositum,
2609 2085 2670 2124 ac
2698 2066 2938 2140 proinde
2967 2082 3081 2122 non

1723 2153 1984 2208 inierunt
2007 2165 2261 2208 amorem
2284 2151 2372 2206 sui
2397 2149 2651 2206 absolute
2675 2148 3077 2205 necessarium.

1800 2237 1866 2288 Et
1896 2235 2101 2290 minus*
2122 2239 2268 2289 rect-e
2295 2233 2496 2288 citatus
2525 2232 2744 2287 Author
2772 2231 2987 2305 colligit
3013 2246 3085 2287 ex

1725 2313 2008 2377 Patribus,
2036 2321 2092 2369 et
2119 2306 2421 2386 ‘l'heologis
2443 2312 2715 2385 mysticis,
2744 2311 2900 2366 viros
2926 2326 3081 2366 sanc-

1723 2400 1807 2450 tos
1865 2396 1928 2450 in
1987 2394 2267 2448 altissima
2326 2391 2805 2465 contemplatione
2842 2390 3084 2463 diligere

1723 2478 1902 2533 Deum
1934 2492 2047 2532 non
2073 2474 2271 2538 libere,
2298 2472 2396 2530 sed
2425 2473 2758 2530 necessario.
2794 2472 2851 2527 ld
2874 2472 3084 2545 quippe

1721 2560 1769 2614 si
1794 2574 1997 2616 verum
2025 2557 2186 2621 foret,
2222 2557 2340 2629 jam
2371 2555 2651 2612 altissima
2679 2554 3084 2626 contemplatio

1724 2643 1927 2715 ingens
1967 2639 2246 2695 damnum
2302 2637 2532 2694 afferret
2582 2636 3041 2710 contemplativis
3066 2659 3081 2703 3

1724 2722 2029 2794 impediret
2070 2719 2229 2775 enim
2284 2719 2577 2782 meritum,
2609 2724 2667 2774 et
2711 2722 3084 2791 augmentum

1721 2802 1941 2878 gratiae,
1966 2806 2021 2857 et
2045 2800 2242 2873 gloriae
2267 2820 2276 2851 ε
2306 2798 2453 2874 quod
2475 2806 2558 2856 est
2584 2799 2824 2857 omniuo
2847 2798 3079 2863 falsum,

1723 2891 1778 2941 et
1803 2883 2031 2940 videtur
2063 2899 2227 2939 error
2276 2881 2539 2954 proprius
2585 2880 2992 2955 Regardorum,
3025 2885 3081 2935 et

1724 2964 2131 3038 Beguinarum,
2176 2961 2479 3018 damnatus
2509 2963 2569 3017 in
2609 2963 2861 3018 Concilio
2901 2961 3082 3016 Vien-

1725 3046 1971 3111 nensi,et
1989 3044 2235 3101 refertur
2252 3044 2313 3100 in
2329 3045 2689 3100 clementina
2708 3043 2796 3099 Ad
2810 3051 3077 3108 nostrum,

1723 3127 1793 3183 de
1815 3126 2110 3182 haereticis.
2138 3128 2279 3181 Cum
2307 3141 2441 3199 ergo
2465 3125 2554 3180 illi
2587 3127 2802 3188 Patres,
2829 3131 2883 3180 et
2903 3124 3082 3180 Theo-

1724 3209 1836 3282 logi
1864 3208 2082 3271 docent,
2110 3208 2406 3265 hominem
2438 3208 2498 3262 in
2527 3207 2807 3262 altissima
2835 3215 3083 3263 contem·

1726 3292 1976 3364 platione
2000 3305 2115 3346 non
2137 3306 2324 3364 agere,
2353 3289 2448 3345 sed
2473 3289 2588 3361 pati
2610 3288 2873 3345 divinam
2906 3288 3085 3346 dilec-

1726 3372 1959 3438 tionem,
1997 3385 2111 3444 non
2125 3370 2435 3427 excludunt
2452 3368 2776 3426 libertatem
2808 3368 3080 3437 absolut-e,

1722 3453 1820 3510 sed
1870 3459 2091 3508 tantum
2140 3451 2415 3516 studium,
2482 3457 2541 3505 ut
2590 3451 2668 3507 sic
2707 3450 2983 3516 dicamus,
3034 3456 3089 3506 et

1726 3533 2168 3607 negotiationem
2243 3532 2556 3604 propriam,
2620 3530 2827 3602 quibus
2885 3545 3088 3586 eorum

1724 3612 2014 3670 discursus
2056 3612 2275 3668 laboret
2304 3611 2568 3669 venando
2596 3613 2812 3666 motiva
2835 3609 2904 3666 ad
2932 3608 3091 3665 divi-

1725 3708 1862 3748 nam
1890 3690 2295 3757 dilectionem;
2349 3707 2483 3746 nam
2529 3689 2737 3762 absque
2778 3689 3086 3753 anxietate,

1723 3771 1822 3828 sed
1847 3771 2031 3844 potius
2050 3787 2177 3827 cum
2197 3786 2406 3844 magna
2426 3771 2632 3842 quiete,
2655 3776 2707 3825 et
2722 3768 3092 3841 simplicitate

1726 3851 2034 3907 advertunt
2055 3850 2125 3906 ad
2149 3850 2363 3906 bonum
2379 3849 2489 3905 sibi
2506 3849 2806 3922 objectum,
2834 3847 3093 3921 illudque

1726 3946 1845 3987 non
1868 3930 2046 3986 variis
2085 3928 2353 3994 motibuS,
2400 3929 2497 3986 sed
2519 3929 2769 4001 simplici
2818 3927 3084 4001 quodam,

1725 4019 1781 4069 et
1810 4012 2087 4069 uniformi
2116 4011 2439 4078 dilectione,
2495 4010 2674 4068 libera
2704 4017 2915 4074 tamen,
2952 4026 3088 4082 pro—

1725 4098 2061 4166 sequuntur.
2123 4095 2187 4148 ln
2232 4107 2343 4165 quo
2396 4092 2576 4165 magis
2629 4090 2897 4147 videntur
2947 4091 3083 4162 pati,

1725 4190 1899 4246 quam
1948 4189 2114 4248 agere
2140 4196 2153 4230 ε
2209 4177 2387 4247 agunt
2431 4179 2622 4230 tamen
2674 4178 2791 4228 tam
2837 4170 3085 4245 physice,

1724 4270 1897 4327 quam
1928 4255 2245 4325 mraliter,
2296 4260 2352 4310 et
2381 4253 2631 4311 retinent
2659 4259 2793 4309 tunc
2820 4256 2943 4309 actu
2974 4257 3091 4307 tam

1728 4336 2199 4403 indifferentiam,
2240 4352 2412 4408 quam
2456 4340 2783 4408 potestatem
2812 4332 2885 4388 ad
2913 4349 3093 4405 oppo-

1726 4419 1922 4473 situm.
1976 4416 2251 4473 Videatur
2293 4420 2362 4473 N.
2392 4419 2642 4473 Joannes
2669 4431 2701 4471 a
2747 4417 2876 4472 Jesu
2907 4413 3090 4471 Maria
3130 4440 3282 4485 Noster

1728 4499 1789 4555 in
1813 4498 2015 4556 Schola
2038 4499 2346 4565 Orationis,
2374 4504 2534 4554 tract.
2559 4500 2614 4563 7,
2635 4497 2761 4553 dub.
2780 4498 2834 4562 6,
2853 4503 2901 4551 et
2924 4503 3085 4553 tract.
3105 4490 3293 4584 Jgssfgff

1727 4581 1780 4645 8,
1811 4579 1938 4636 dub.
1975 4581 2056 4634 17.
3128 4589 3276 4633 Maria.

1801 4661 1895 4717 92.
1947 4658 2125 4716 Tertio
2152 4657 2400 4731 denique
2426 4659 2526 4715 alii
2559 4657 2919 4730 respondent,
2941 4656 3090 4730 quod
3130 4689 3273 4731 Ten„

1728 4741 1896 4799 licet
1881 4756 1943 4796 tn
1967 4742 2128 4800 nullo
2151 4741 2484 4813 particulari
2510 4740 2726 4797 auxilio
2754 4740 3089 4797 inveniatur
3106 4747 3175 4781 res
3155 4747 3276 4832 59οῠ-

1726 4821 2007 4878 connexio
2026 4820 2416 4895 metaphysica
2435 4836 2564 4876 cum
2592 4836 2888 4886 consensu,
2924 4825 2985 4875 ut
3005 4837 3090 4877 as·

1727 4899 1951 4958 serebat
1988 4898 2270 4973 Ripalda;
2296 4900 2717 4957 nihilominus
2702 4917 2764 4956 in
2786 4907 2901 4958 tota
2929 4902 3089 4957 auxi·

1730 4984 1945 5039 liorum
1995 4982 2326 5039 collectione
2355 4982 2639 5054 reperitur
2684 4983 2961 5040 connexio
2990 4984 3088 5037 in-

1730 5065 1991 5123 fallibilis
2009 5081 2138 5121 cum
2159 5079 2457 5131 consensu,
2479 5080 2595 5122 non
2616 5066 2803 5122 solum
2826 5064 3079 5130 moralis,
