3647 5753
1494 415 1671 472 DISP.
1716 418 1786 483 11,
1832 418 1996 475 DUB.
2040 422 2161 480 VII.
3097 438 3210 494 509

350 571 754 633 tisfaciendum
797 595 898 651 per
930 584 1337 641 contritionem
1366 590 1714 658 supernatu-

355 652 537 710 ralem
568 699 581 723 ,
643 664 701 712 ut
743 669 1153 734 argumentum
1208 663 1440 736 probat;
1484 671 1538 722 et
1578 665 1713 745 ideo

347 734 668 793 omittendo
705 744 1208 812 supernaturalem
1238 744 1705 815 satisfactionem,

345 823 631 888 quatenus
669 821 846 878 talem
871 866 884 890 ,
933 840 1050 881 non
1079 827 1462 885 committeret
1492 844 1709 884 novum

280 941 294 954 .
351 906 663 969 peccatum.
690 902 885 959 Posset
930 911 1123 962 tamen
1151 908 1358 965 elicere
1406 909 1712 966 contritio-

350 995 485 1037 nem
511 1023 524 1046 ,
556 986 612 1038 et
656 986 1095 1043 conversionem
1144 990 1471 1046 naturalem
1519 988 1710 1046 medio

349 1067 472 1119 actu
500 1063 825 1122 dilectionis
851 1071 1135 1126 naturalis
1166 1071 1263 1127 Dei
1293 1088 1463 1144 super
1485 1072 1705 1137 omnia;

344 1145 482 1216 quia
509 1145 694 1203 adhuc
720 1149 997 1206 retineret
1025 1153 1342 1223 potentiam
1364 1152 1710 1210 anteceden-

347 1230 462 1282 tem
499 1225 569 1282 ad
600 1227 933 1300 praedictum
959 1239 1166 1288 actum.
1197 1232 1361 1289 Unde
1384 1234 1709 1291 mortaliter

348 1314 601 1378 peccaret
620 1309 936 1367 omittendo
960 1313 1209 1369 illumin
1226 1315 1309 1370 eis
1327 1313 1701 1387 temporibus,

344 1395 405 1445 et
442 1390 848 1459 occasionibus,
885 1394 947 1450 in
973 1395 1179 1466 quibus
1203 1404 1542 1469 praeceptum
1587 1413 1708 1469 poe-

350 1471 627 1538 nitentiae,
655 1478 751 1529 aut
771 1474 1067 1531 charitatis
1087 1474 1320 1549 obligat.
1348 1479 1414 1532 In
1437 1477 1707 1533 omnibus

350 1559 546 1609 tamen
574 1558 629 1608 et
657 1555 965 1621 omitteret,
997 1562 1053 1612 et
1092 1563 1380 1629 peccaret;
1407 1558 1542 1630 quia
1570 1559 1707 1614 tali-

350 1639 437 1689 ter
457 1631 691 1689 haberet
718 1637 1029 1707 potentiam
1053 1637 1121 1693 ad
1146 1639 1476 1711 praedictum
1493 1645 1701 1706 actum,

350 1721 412 1770 ut
460 1716 845 1772 nihilominus
886 1718 1172 1776 laboraret
1197 1722 1537 1795 impotentia
1565 1736 1706 1777 con-

343 1797 607 1869 sequenti
638 1797 706 1852 ad
734 1814 867 1854 eum
890 1800 1236 1858 eliciendum
1254 1827 1268 1868 ;
1299 1819 1423 1876 quae
1451 1807 1644 1859 tamen
1673 1819 1705 1858 a

346 1885 569 1949 peccato
593 1894 709 1934 non
731 1887 975 1947 excusat,
1010 1887 1071 1936 ut
1104 1890 1272 1941 tract.
1296 1885 1521 1957 praeced.
1557 1880 1702 1956 disp.

342 1963 398 2027 2,
424 1962 551 2018 dub.
578 1963 632 2027 4,
665 1963 1054 2033 exposuimus.
1088 1967 1169 2020 Ex
1196 1983 1308 2038 quo
1330 1966 1572 2024 ulterius
1601 1964 1705 2021 fie-

348 2046 452 2106 ret,
494 2043 646 2097 utin
674 2042 891 2099 eisdem
919 2045 1327 2113 occasionibus,
1384 2053 1440 2104 et
1478 2051 1703 2118 ternpo-

349 2123 506 2180 ribus
529 2126 709 2181 Deum
737 2129 1238 2198 supernaturalem
1264 2128 1438 2185 finem
1462 2128 1530 2184 de
1555 2144 1703 2185 novo

344 2205 694 2286 offendereto:
721 2223 838 2264 non
864 2210 1003 2280 quia
1030 2210 1273 2267 violaret
1319 2211 1562 2284 speciale
1591 2210 1703 2267 ali-

342 2287 492 2359 quod
539 2296 881 2361 praeceptum
911 2291 1262 2363 poenitentiae
1287 2298 1703 2365 supernatura-

342 2368 415 2423 lis
442 2413 455 2433 ,
487 2369 637 2424 istud
666 2370 923 2445 quippe,
971 2377 1034 2426 ut
1080 2370 1337 2428 diximus
1362 2418 1375 2439 ,
1420 2378 1556 2428 tunc
1583 2387 1701 2428 non

342 2448 650 2524 obligaret;
680 2451 776 2508 sed
804 2452 875 2508 ob
918 2455 1200 2510 rationem
1242 2456 1576 2529 generalem
1600 2471 1701 2509 su-

347 2545 451 2601 pra
504 2532 847 2605 assignatam
874 2575 885 2597 ,
938 2548 1146 2606 nempe
1189 2551 1362 2591 omne
1410 2540 1699 2607 peccatum

345 2628 522 2684 grave
548 2613 832 2670 offendere
860 2615 1038 2671 Deum
1082 2617 1384 2673 authorem
1412 2633 1699 2688 superna-

347 2695 631 2760 turalem,
674 2699 731 2750 et
769 2700 1026 2752 avertere
1049 2712 1083 2751 a
1111 2699 1222 2753 Deo
1267 2697 1696 2769 supernaturali

342 2774 478 2833 fine.

117 2865 310 2910 Diluitur
413 2850 498 2907 Ad
515 2848 1012 2909 confirmationem
1040 2854 1414 2927 respondetur
1437 2853 1697 2928 negando

142 2918 297 3009 ‘32¹3ss
337 2933 625 3006 sequelam
652 2933 1002 2989 intellectam
1031 2933 1099 2990 de
1124 2936 1465 2992 remissione
1501 2951 1697 3007 pecca-

338 3021 526 3073 torum
557 3016 875 3071 venialium
906 3017 1045 3090 ejuS,
1076 3018 1172 3089 qui
1206 3034 1506 3091 nunquam
1535 3034 1696 3074 mor-

334 3098 528 3154 taliter
553 3098 613 3153 in
643 3097 907 3169 praedicto
925 3104 1073 3155 statu
1101 3108 1395 3172 peccasset.
1428 3101 1513 3156 Ad
1535 3102 1695 3175 cujus

330 3181 732 3260 probationem
760 3179 1065 3238 dicendum
1100 3188 1202 3248 est,
1235 3183 1385 3256 quod
1415 3185 1545 3241 licet
1575 3200 1696 3256 pec-

326 3267 516 3318 catum
564 3262 792 3319 veniale
836 3261 1105 3336 disponat
1127 3263 1196 3320 ad
1226 3266 1510 3332 mortale3
1543 3264 1692 3321 illud

326 3348 521 3399 tamen
551 3360 654 3401 nec
682 3343 956 3415 adaequat,
1010 3361 1113 3402 nec
1160 3345 1559 3402 infallibiliter
1606 3347 1695 3402 in-

328 3425 464 3489 fert;
494 3425 629 3498 quia
675 3440 792 3481 non
834 3426 1046 3480 avertit
1092 3425 1162 3481 ab
1191 3427 1399 3483 ultimo
1426 3426 1559 3491 fine,
1591 3426 1689 3484 sed

328 3508 514 3564 solum
551 3513 637 3564 est
654 3512 869 3580 ,praeter
899 3505 1095 3564 finem.
1129 3507 1294 3572 Unde
1323 3526 1451 3565 cum
1474 3509 1691 3567 offensa

334 3589 432 3645 Dei
462 3591 733 3655 authoriS,
767 3595 821 3645 et
850 3588 986 3645 finis
1007 3592 1469 3663 supernaturalis
1497 3592 1688 3649 solum

319 3675 764 3743 'consequeretur
811 3669 883 3726 ad
924 3677 1210 3743 peccatum
1255 3676 1333 3726 ut.
1365 3687 1580 3745 grave,
1632 3677 1691 3729 et

327 3758 495 3825 prout
541 3752 879 3824 importaret
930 3754 1294 3810 aversionem
1345 3769 1378 3809 a
1420 3756 1556 3821 Deo;
1596 3754 1689 3811 id-

322 3834 474 3891 circo
525 3840 810 3907 peccatum
882 3837 1112 3893 veniale
1189 3835 1444 3909 praedicti
1507 3841 1689 3894 status

326 3915 489 3970 nullo
517 3914 686 3971 modo
715 3916 893 3971 Deum
937 3921 998 3971 ut
1033 3916 1336 3973 authorem
1364 3959 1376 3981 ,
1410 3920 1465 3972 et
1508 3916 1684 3974 finem

325 3996 826 4067 supernaturalem
873 3996 1224 4063 offenderet,
1256 4002 1377 4054 esto
1422 3998 1572 4069 quod
1614 4000 1686 4056 ad

328 4075 656 4150 praedictam
684 4079 1043 4135 aversionem
1073 4077 1420 4150 disponeret.
1458 4081 1525 4134 Et
1558 4080 1685 4139 ideo

326 4158 401 4215 ad
428 4158 825 4216 remissionem
866 4161 1187 4217 venialium
1222 4161 1286 4216 in
1313 4166 1461 4217 statu
1504 4179 1684 4234 puro-

327 4256 499 4303 rum,
556 4229 882 4311 supposita,
933 4246 989 4298 et
1035 4245 1305 4297 manente
1351 4241 1685 4301 innocentia

250 4327 285 4374 .“
325 4318 580 4394 praedicti
625 4325 841 4386 statuS,
894 4337 1011 4378 non
1064 4320 1452 4394 requireretur
1496 4324 1682 4397 gratia

317 4420 385 4459 su
396 4404 811 4476 pernaturalis;
840 4403 937 4459 sed
981 4403 1261 4461 sufficeret
1290 4409 1444 4466 actus
1473 4406 1683 4478 aliquis

324 4483 607 4540 naturalis
633 4483 933 4539 moraliter
962 4481 1163 4548 bonus,
1207 4489 1264 4539 et
1290 4483 1681 4542 inordinatio-

321 4582 459 4624 nem
490 4565 936 4639 praecedentium
972 4564 1292 4622 venialium
1336 4565 1676 4635 formaliter,

320 4651 422 4704 aut
462 4646 788 4703 virtualiter
814 4644 1119 4701 detestans.
1164 4646 1445 4712 Diximus,
1476 4664 1681 4721 suppo—

318 4733 454 4798 sita,
478 4738 528 4786 et
553 4735 805 4784 manente
831 4728 1143 4782 innocentia
1176 4729 1424 4800 praedicti
1460 4736 1641 4787 status
1660 4751 1681 4801 ,-

317 4813 456 4887 quia
482 4813 532 4867 si
561 4810 816 4868 venialia
845 4815 1132 4881 nequeunt
1159 4810 1395 4877 remitti,
1427 4811 1569 4882 quin
1594 4830 1680 4872 re—

320 4893 627 4952 mittantur
672 4892 976 4959 mortalia,
1029 4898 1084 4949 et
1112 4890 1284 4948 homo
1321 4900 1679 4963 supponatur

320 4988 576 5053 peccasse
594 4973 868 5048 graviter,
886 4973 1244 5046 impossibile
1256 4973 1367 5029 erit
1385 4974 1679 5036 remittere

322 5055 576 5117 venialia
604 5053 828 5111 homini
857 5054 1087 5112 condito
1125 5056 1187 5112 in
1231 5055 1408 5126 puriS,
1439 5059 1495 5110 et
1519 5058 1677 5116 exis-

1846 591 1987 646 tenti
2033 592 2096 648 in
2138 602 2359 666 peccato
2405 602 2658 669 mortali,
2691 604 2834 676 quin
2863 606 3210 666 infundatur

1843 673 2031 744 gratia
2057 682 2534 749 supernaturalis
2553 700 2677 755 quae
2699 685 2768 741 ad
2792 689 3206 748 remittendum

1846 761 2134 824 peccatum
2164 762 2407 817 mortale
2427 762 2803 834 desideratur,
2832 774 2893 824 ut
2919 770 3207 845 hucusque

1843 832 2118 894 diximus,
2164 839 2271 915 Sed
2298 840 2367 898 de
2401 843 2506 899 hoc
2535 845 2703 901 latius
2744 846 3001 906 dicemus
3029 851 3209 911 dubio

1843 918 2120 986 sequenti,
2169 916 2265 974 ubi
2301 923 2718 993 explicabimus
2743 931 2931 1000 qualis
2962 935 3208 991 mutatio

1843 996 2171 1066 requiratur
2227 1000 2298 1055 ad
2343 1000 2786 1065 destructionem
2845 1018 3203 1082 peccatorum

1842 1078 2186 1137 venialium.

2411 1259 2442 1326 g
2482 1259 2630 1314 vm.

2008 1400 2323 1462 Corollaria
2367 1412 2713 1481 precedentis
2755 1416 3030 1474 doctrinas.

1911 1558 2041 1614 294.
2087 1562 2169 1616 Ex
2197 1562 2362 1619 dictis
2383 1566 2445 1622 in
2474 1574 2718 1640 quatuor
2759 1572 2949 1629 dubiis
2993 1591 3197 1647 praece-
3226 1602 3416 1648 Primum

1838 1636 2104 1696 dentibus
2132 1644 2380 1704 infertur
2411 1651 2617 1721 primo,
2665 1655 3022 1728 impossibile
3048 1672 3190 1726 esse,
3224 1661 3396 1711 ⁰⁰¹³⁵⁰⁶·

1836 1719 1986 1790 quod
2013 1721 2236 1781 homini
2262 1728 2493 1786 habenti
2525 1734 2691 1805 plura
2721 1743 2940 1807 peccata
2983 1744 3197 1796 morta·
3378 1734 3394 1746 ⁶

1839 1800 1916 1856 lia
1969 1804 2296 1862 remittatur
2349 1826 2549 1878 unum,
2583 1819 2638 1870 et
2664 1831 2781 1872 non
2824 1819 3197 1877 remittantur

1837 1880 1969 1936 alia.
2015 1885 2130 1940 Hoc
2174 1893 2588 1949 consectarium
2638 1897 2944 1952 statuimus
2994 1904 3197 1958 contra

1836 1962 2065 2030 Suarez,
2098 1971 2152 2023 et
2179 1969 2321 2026 alios
2362 1973 2688 2042 modernos,
2721 1979 2819 2051 qui
2866 1981 3194 2051 oppositum

1837 2042 2144 2103 affirmant.
2176 2050 2283 2106 Sed
2317 2055 2570 2112 continet
2614 2072 2944 2129 expressam
2986 2060 3197 2119 doctri-

1837 2139 1973 2179 nam
2023 2128 2088 2182 D.
2112 2130 2156 2181 T
2161 2130 2315 2188 hom.
2349 2135 2383 2187 3
2403 2144 2558 2207 part.
2613 2146 2795 2215 quoest.
2847 2143 2938 2205 86.
2989 2151 3098 2199 art.
3132 2145 3188 2211 3,
3206 2180 3259 2222 D.
3284 2180 3392 2224 Tuo.

1834 2221 2008 2276 quam
2033 2218 2349 2282 sequuntur
2376 2218 2733 2275 unanimiter
2755 2220 2874 2294 ejus
2897 2220 3186 2294 discipuli.

1836 2286 2133 2359 cajetanus
2163 2292 2376 2351 ibidem
2396 2339 2409 2363 ,
2460 2300 2627 2356 Joan.
2658 2317 2691 2356 a
2717 2302 2771 2357 S.
2817 2303 3023 2359 Thom.
3053 2312 3187 2361 tom.
3217 2325 3388 2369 suana

1833 2374 1887 2437 2,
1914 2374 1974 2427 in
1994 2373 2029 2427 3
2043 2391 2101 2445 p.
2129 2376 2271 2448 disp.
2296 2378 2387 2442 35,
2413 2387 2523 2436 art.
2565 2383 2609 2446 l,
2637 2384 2783 2437 circa
2802 2384 2986 2454 finem,
3007 2387 3190 2443 Gonet
3209 2374 3381 2468 {gfff
3411 2416 3414 2417 ⁷

1832 2453 1973 2526 disp.
2006 2456 2055 2522 3,
2087 2456 2151 2511 de
2173 2460 2512 2529 paenitentia,
2544 2469 2656 2517 art.
2685 2464 2739 2527 2,
2785 2464 2958 2519 concl.
2999 2466 3054 2530 4,
3087 2467 3188 2522 La·
3224 2472 3376 2517 Labat.

1833 2532 1928 2588 bat
1953 2535 2093 2607 disp.
2127 2538 2181 2602 2,
2212 2538 2336 2594 dub.
2364 2539 2417 2603 3,
2443 2542 2544 2608 52,
2576 2548 2633 2598 et
2654 2543 2753 2598 alii
2777 2544 3183 2602 communiter.

1833 2614 2296 2673 Fundamentum
2327 2618 2569 2677 habetur
2588 2626 2658 2678 ex
2681 2622 2846 2679 dictis
2874 2645 2886 2680 :
2910 2625 3189 2696 quoniam

1832 2694 2189 2767 impossibile
2236 2703 2320 2753 est
2357 2700 2588 2773 aliquod
2626 2707 2914 2774 peccatum
2943 2706 3190 2763 mortale

1832 2778 2070 2845 remitti,
2100 2780 2211 2835 nisi
2234 2780 2579 2839 infundatur
2599 2786 2784 2857 gratia
2805 2786 3186 2854 sanctificam,

1831 2864 1892 2915 ut
1918 2860 2270 2918 ostendimus
2294 2863 2354 2919 in
2383 2863 2486 2921 hoc
2506 2863 2700 2932 dubio,
2727 2873 2783 2923 et
2812 2867 3185 2941 praecedenti:

1828 2940 1926 2996 sed
1955 2941 2311 3014 impossibile
2336 2949 2439 3010 est,
2465 2946 2711 3020 gratiam
2734 2950 3185 3008 sanctificantem

1827 3025 2095 3098 conjungi
2124 3042 2253 3081 cum
2284 3027 2474 3099 aliquo
2503 3035 2722 3101 peccato
2750 3033 2981 3088 mortali
3012 3033 3074 3087 in
3095 3049 3188 3089 eo-

1827 3102 1957 3161 dem
1980 3105 2244 3178 subjecto,
2278 3113 2340 3163 ut
2369 3108 2741 3181 probavimus
2768 3111 2941 3169 dubio
2967 3115 3026 3180 4,
3048 3129 3186 3188 ergo

1827 3186 2180 3259 impossibile
2206 3194 2307 3253 est,
2333 3190 2481 3262 quod
2505 3193 2729 3250 homini
2758 3194 2989 3251 habenti
3014 3196 3182 3266 plura

1828 3272 2046 3337 peccata
2076 3269 2346 3325 mortalia
2376 3271 2705 3327 remittatur
2747 3289 2947 3341 unum,
2976 3280 3030 3331 et
3061 3290 3178 3331 non

1827 3346 2198 3403 remittantur
2224 3349 2441 3405 omnia.
2468 3352 2724 3409 Eandem
2750 3354 3031 3410 rationem
3056 3371 3183 3427 pro·

1826 3428 1987 3500 ponit
2004 3433 2069 3484 D.
2084 3431 2286 3487 Thom.
2304 3433 2424 3488 loco
2440 3433 2624 3501 citato,
2654 3435 2743 3490 his
2765 3434 2986 3492 verbis:
3007 3459 3032 3490 α
3052 3439 3183 3494 Pec-

1830 3531 1856 3564 α
1898 3517 2086 3566 catum
2138 3513 2488 3582 remittitur,
2520 3516 2583 3572 in
2627 3523 2906 3589 quantum
2953 3519 3179 3577 tollitur

1829 3614 1856 3646 «
1899 3593 1997 3648 Dei
2026 3592 2242 3649 ofi'ensa
2265 3611 2364 3667 per
2385 3597 2652 3670 gratiam.
2674 3597 2838 3656 Unde
2854 3601 2915 3656 in
2931 3600 3180 3658 secunda

1829 3696 1855 3727 α
1898 3680 2056 3747 parte
2082 3678 2287 3748 (nempe
2321 3679 2380 3732 in
2411 3687 2519 3734 art.
2547 3681 2584 3733 2
2621 3681 2787 3752 liujus
2825 3689 3006 3759 quest.
3055 3685 3180 3756 113)

1828 3776 1854 3808 α
1896 3754 2159 3811 habitum
2188 3762 2285 3822 est,
2315 3757 2463 3828 quod
2493 3761 2722 3816 nullum
2764 3768 3052 3835 peccatum
3076 3780 3180 3836 po-

1827 3859 1853 3890 «
1895 3841 2002 3892 test
2043 3836 2261 3892 remitti
2308 3837 2439 3894 sine
2490 3841 2693 3913 gratia.
2749 3846 2932 3901 Omne
2985 3850 3175 3903 autem

1823 3938 1850 3970 α
1896 3923 2185 3990 peccatum
2209 3919 2453 3975 mortale
2480 3923 2867 3980 contrariatur
2891 3927 3171 3999 gratiae‚et

1825 4019 1850 4050 α
1892 3996 2144 4053 excludit
2164 4014 2315 4054 eam.
2341 4000 2506 4058 Unde
2528 4002 2882 4075 impossibile
2903 4011 3004 4072 est,
3025 4007 3173 4079 quod

1823 4101 1850 4132 α
1893 4097 2074 4136 unum
2104 4085 2393 4153 peccatum
2422 4083 2549 4141 sine
2589 4087 2705 4143 alio
2748 4089 3094 4147 remittatur.
3143 4111 3184 4145 n.

1816 4161 1903 4216 Ex
1927 4160 2133 4233 quibus
2160 4162 2341 4236 magis
2367 4171 2602 4232 constat,
2635 4182 2807 4239 quam
2830 4185 3080 4227 consona
3099 4171 3175 4226 sit

1814 4240 2075 4298 doctrina
2105 4242 2166 4298 in
2195 4243 2299 4299 hoc
2337 4243 2511 4302 dubio
2540 4246 2748 4305 tradita
2771 4250 2951 4307 menti
2983 4252 3176 4325 Ange-

1814 4321 1911 4377 lici
1942 4324 2223 4389 Doctoris;
2242 4325 2526 4397 siquidem
2555 4327 2624 4383 ad
2655 4331 3057 4389 remissionem
3077 4349 3171 4389 cu-

1808 4401 2145 4474 juscumque
2172 4406 2400 4475 peccati,
2442 4408 2604 4463 nulla
2649 4408 2907 4467 adhibita
2937 4413 3170 4471 restric-

1812 4485 1970 4541 tione
2022 4484 2093 4541 ad
2140 4485 2592 4545 determinatum
2643 4496 2873 4562 statum,
2918 4497 3170 4569 exposcit

1810 4567 2077 4641 gratiam,
2110 4572 2165 4621 et
2192 4568 2363 4624 talem
2393 4571 2659 4643 gratiam,
2692 4589 2815 4644 quae
2843 4593 2969 4632 cum
3001 4580 3163 4635 nullo

1812 4653 2037 4722 peccato
2060 4649 2224 4723 gravi
2252 4650 2437 4707 valeat
2462 4654 2786 4711 consistere.

1885 4730 2017 4784 295.
2059 4730 2171 4784 Nec
2202 4729 2403 4794 refert,
2448 4731 2498 4785 si
2526 4732 2659 4788 huic
2683 4737 3032 4794 consectario
3058 4754 3166 4812 op-
3204 4756 3362 4809 Ohjcc-

1811 4825 1989 4884 ponas
2027 4811 2239 4882 primm
2275 4826 2411 4867 nam
2464 4827 2566 4878 ea,
2615 4830 2741 4885 quae
2779 4831 2904 4874 non
2951 4817 3166 4878 habent
3195 4807 3352 4853 ²³⁰⁰&

1808 4891 2224 4950 connexionem
2250 4897 2529 4965 quantum
2553 4892 2623 4949 ad
2643 4909 2781 4962 esse,
2809 4914 2926 4954 non
2949 4898 3164 4958 habent

1810 4974 2188 5032 necessariam
2210 4974 2626 5033 connexionem
2648 4985 2924 5050 quantum
2950 4982 3019 5039 ad
3044 4999 3162 5042 non

1805 5070 1930 5115 esse
1963 5074 1975 5108 :
2004 5052 2099 5110 sed
2130 5059 2351 5126 peccata
2385 5057 2654 5114 mortalia
2682 5059 2906 5117 nullam
2949 5061 3162 5122 habent
