3647 5753
306 2719 463 2762 conflr-

307 2771 452 2811 matur.

308 3273 453 3327 Obiec-

300 3331 453 3371 nones.

488 398 601 454 674
1528 397 1622 452 DE
1656 397 1964 453 NATURA
2000 357 2280 453 Mssm‘ri.

491 571 938 638 contrarietatis,
981 572 1106 629 sive
1151 573 1338 646 quoad
1373 570 1853 646 specificationem

490 652 648 721 boni,
699 659 755 710 et
808 655 987 723 mali;
1054 657 1155 714 sed
1207 656 1466 713 sufficere
1525 654 1854 712 libertatem

490 734 674 807 quoad
695 737 1057 804 exercitium,
1082 754 1207 811 quae
1233 744 1317 795 est
1360 737 1595 795 libertas
1621 741 1854 794 contra-

491 816 780 874 dictionis,
810 821 1064 877 Assertio
1092 821 1211 878 haec
1239 828 1323 878 est
1350 819 1677 878 communis
1698 819 1854 875 inter

492 899 825 974 Theologos,
859 903 938 958 ita
978 908 1040 958 ut
1083 918 1578 976 supervacaneum
1615 901 1692 957 sit
1735 901 1855 956 sin-

280 985 334 1028 D·
359 984 462 1029 'rho-
492 980 655 1054 gulos
677 999 992 1041 recensere.
1018 985 1216 1041 Docuit
1235 1001 1365 1042 eam
1388 986 1451 1040 D.
1478 984 1684 1040 Thom.
1714 981 1854 1039 locis

495 1063 558 1119 in
580 1066 918 1136 praecedenti
949 1066 1164 1133 relatis,
1189 1072 1247 1124 et
1272 1068 1344 1122 in
1360 1068 1416 1130 2,
1439 1065 1638 1128 distff,
1665 1071 1847 1141 qamt.

502 1147 548 1211 1,
573 1153 682 1202 art.
725 1149 743 1203 l
778 1149 854 1203 ad
878 1150 932 1214 4,
967 1164 1191 1206 necnon
1242 1155 1426 1225 quaest.
1456 1149 1549 1212 24,
1576 1146 1641 1201 de
1682 1144 1846 1204 Ver-it.

296 1243 463 1288 runda-
492 1227 753 1283 art.9ad
784 1231 838 1286 5.
874 1228 1159 1285 Probatur
1210 1230 1435 1286 ratione
1481 1243 1553 1284 ex
1595 1227 1687 1283 his
1715 1227 1853 1284 locis

283 1299 476 1338 “mm
492 1306 821 1382 desumpta;
850 1311 1126 1383 quoniam
1149 1311 1255 1368 illa
1292 1309 1526 1368 libertas
1548 1308 1755 1382 sufficit
1780 1308 1853 1365 ad

493 1390 790 1454 meritum,
815 1407 941 1463 quae
987 1393 1125 1448 satis
1167 1397 1270 1456 est,
1319 1397 1378 1447 ut
1431 1391 1602 1448 homo
1647 1390 1854 1449 habeat

493 1469 730 1542 plenum
760 1470 1107 1538 dominium,
1141 1477 1198 1529 et
1216 1472 1290 1528 sit
1313 1472 1556 1545 perfecte
1583 1471 1853 1530 dominus

490 1551 581 1606 sui
611 1557 766 1608 actus
791 1574 804 1609 ε
835 1552 931 1609 sed
961 1551 1031 1609 ad
1058 1553 1164 1610 hoc
1182 1553 1388 1610 sufficit
1412 1552 1648 1611 libertas
1666 1553 1852 1625 quoad

489 1635 827 1692 exercitium
856 1658 869 1692 ε
912 1652 1046 1709 ergo
1075 1636 1195 1693 haec
1219 1636 1424 1693 sufficit
1452 1636 1522 1693 ad
1548 1637 1872 1694 meritum.-

489 1716 695 1790 Maj0r,
752 1723 809 1774 et
857 1718 1260 1789 consequentia
1320 1723 1600 1775 constant.
1656 1719 1852 1777 Minor

490 1812 629 1854 vero
657 1797 951 1869 probatur,
983 1799 1118 1872 quia
1162 1804 1223 1854 ut
1270 1798 1443 1857 homo
1483 1800 1559 1857 sit
1605 1800 1853 1874 perfecte

490 1879 763 1937 dominus
787 1883 878 1937 sui
908 1887 1082 1942 actus,
1112 1882 1251 1937 satis
1270 1887 1373 1945 est.
1418 1882 1468 1937 si
1516 1883 1692 1954 possit
1717 1898 1850 1938 cum

492 1962 760 2030 voluerit,
795 1962 981 2021 facere
1002 1965 1193 2028 illum,
1223 1969 1282 2021 et
1320 1980 1439 2021 non
1469 1964 1682 2031 facere;
1713 1979 1851 2020 nam

489 2059 557 2102 eo
584 2045 707 2117 ipso
730 2051 910 2118 potest
932 2061 1034 2118 pro
1062 2044 1249 2113 libito,
1291 2052 1346 2103 et
1389 2046 1689 2104 liberrime
1728 2045 1852 2102 dis-

491 2143 704 2200 ponere
731 2127 802 2185 de
828 2129 931 2185 tali
960 2135 1104 2191 actu.
1130 2129 1278 2185 sicut
1319 2135 1469 2202 patet
1495 2131 1559 2186 in
1588 2133 1719 2195 De0,
1750 2128 1848 2201 qui

491 2209 973 2282 perfectissimum
1022 2209 1190 2267 habet
1218 2210 1547 2268 dominium
1576 2211 1665 2268 sui
1695 2216 1852 2267 actus

492 2290 681 2360 liberi,
711 2309 824 2365 quo
860 2293 1054 2367 diligit
1092 2293 1309 2350 bonum
1352 2293 1655 2350 honestum
1697 2308 1852 2349 crea-

490 2380 633 2441 tum,
653 2392 724 2431 ex
750 2392 817 2432 eo
837 2374 983 2446 quod
1008 2380 1185 2447 potest
1206 2374 1355 2431 illud
1377 2374 1639 2450 diligere,
1655 2380 1711 2431 et
1733 2390 1851 2432 non

492 2457 753 2532 diligere,
785 2458 1051 2529 quamvis
1080 2473 1196 2515 non
1222 2457 1655 2533 possitdiligere
1681 2459 1850 2531 oppo-

492 2541 669 2597 situm
683 2541 904 2597 malum
924 2560 936 2594 :
960 2541 1079 2597 haec
1097 2546 1180 2596 est
1202 2547 1394 2598 autem
1409 2541 1645 2598 libertas
1664 2538 1850 2612 quoad

492 2621 831 2677 exercitium
860 2643 872 2676 ε
903 2636 1057 2695 ergo,
1083 2625 1187 2678 etc.

566 2693 991 2751 Confirmatur:
1038 2696 1314 2768 quoniam
1355 2695 1614 2751 Christus
1659 2694 1852 2750 Domi-

493 2793 602 2834 nus
627 2778 816 2833 solum
844 2778 1046 2834 habuit
1074 2777 1401 2834 libertatem
1443 2775 1851 2834 contradictio-

493 2857 586 2915 nis
613 2858 676 2914 in
703 2857 909 2915 ordine
931 2857 1000 2915 ad
1042 2857 1275 2927 bonum,
1309 2875 1427 2916 non
1453 2859 1613 2915 enim
1644 2857 1845 2931 potuit,

492 2945 589 2996 aut
616 2940 797 2996 voluit
821 2940 1007 2996 facere
1029 2942 1284 3009 malum;
1314 2946 1369 2997 et
1400 2947 1592 2997 tamen
1635 2941 1851 2997 meruit

492 3022 903 3096 perfectissime
953 3022 1084 3087 sibi,
1147 3029 1205 3080 et
1265 3022 1449 3090 nobis,
1524 3028 1586 3078 ut
1647 3022 1853 3080 docent

491 3096 765 3177 Theologi
821 3103 855 3157 3
891 3112 1044 3177 part.
1093 3112 1279 3181 quar-st.
1330 3106 1414 3173 19,
1458 3112 1568 3162 art.
1619 3105 1655 3160 3
1692 3108 1848 3174 et-13

490 3199 627 3259 ergo
655 3185 771 3240 haec
792 3183 1028 3241 libertas
1048 3185 1255 3242 sufficit
1274 3184 1345 3242 ad
1372 3186 1673 3242 meritum.

574 3268 657 3322 ll.
689 3269 803 3323 Nec
829 3265 1021 3333 refert,
1043 3266 1095 3323 si
1120 3265 1528 3340 objicias,quod
1554 3267 1853 3340 Scriptura

491 3362 623 3404 eum
679 3347 889 3417 laudat,
934 3353 991 3403 et
1043 3352 1264 3419 reputat
1306 3349 1543 3419 praemio
1582 3348 1846 3422 dignum,

491 3430 589 3504 qui
619 3430 803 3502 potuit
831 3429 1170 3503 transgredi,
1214 3435 1271 3486 et
1298 3429 1482 3487 facere
1520 3431 1763 3497 malum,
1795 3436 1854 3489 et

493 3529 611 3570 non
633 3512 780 3578 fecit,
808 3518 869 3569 ut
897 3512 1139 3570 habetur
1166 3512 1317 3569 Eccl.
1344 3513 1438 3581 31,
1467 3529 1602 3588 ergo
1625 3513 1695 3570 ad
1724 3530 1852 3571 me—

492 3596 672 3652 ritum
702 3596 1036 3669 requiritur,
1071 3601 1132 3652 ut
1156 3596 1205 3650 is
1232 3595 1329 3668 qui
1358 3595 1493 3653 facit
1533 3595 1770 3664 bonum,
1796 3604 1853 3655 et

490 3684 765 3743 meretur,
812 3678 986 3750 possit
1011 3678 1185 3735 etiam
1227 3677 1412 3734 facere
1452 3677 1697 3744 malum,
1724 3694 1855 3752 quae

491 3765 575 3817 est
640 3758 876 3816 libertas
927 3758 1369 3815 contrarietatis.
1452 3760 1600 3814 Tum
1670 3760 1850 3817 etiam

491 3840 641 3913 quod
661 3839 731 3896 ad
761 3838 1188 3912 peccandum,et
1214 3837 1630 3895 demerendum
1670 3840 1852 3898 etiam

494 3922 810 3994 requiritur
866 3920 1101 3979 libertas
1149 3919 1333 3994 quoad
1372 3920 1854 3994 specificationem

492 4004 654 4071 mali,
687 4010 739 4061 et
769 4002 942 4060 boni:
991 4021 1126 4079 ergo
1167 4004 1236 4061 ad
1283 4005 1623 4061 merendum
1655 4022 1854 4064 neces-

492 4085 648 4142 saria
685 4085 798 4141 erit
849 4085 1034 4159 maJ'or
1088 4085 1341 4152 libertas,
1395 4102 1568 4158 quam
1616 4086 1855 4145 libertas

492 4165 674 4241 quoad
697 4168 1035 4224 exercitium
1060 4167 1198 4225 boni
1224 4186 1237 4232 ;
1268 4172 1434 4240 atque
1454 4168 1596 4227 adeo
1617 4169 1855 4226 libertas

491 4247 678 4322 quoad
705 4249 1181 4322 specificationem
1225 4249 1382 4315 boni,
1413 4255 1471 4307 et
1498 4250 1661 4308 mali.
1691 4254 1856 4310 Patet

492 4333 917 4403 consequentia,
945 4333 1080 4405 quia
1127 4347 1243 4388 non
1290 4332 1484 4388 minus
1537 4333 1855 4404 requiritur

496 4413 566 4469 ad
593 4410 830 4478 bonum,
857 4430 1029 4487 quam
1053 4413 1122 4470 ad
1145 4414 1386 4470 malum.
1413 4416 1560 4469 Tum
1583 4413 1850 4488 denique,

495 4494 644 4567 quod
673 4497 970 4561 meritum,
1006 4502 1276 4569 tanquam
1326 4494 1395 4553 de
1441 4512 1652 4572 genere
1692 4497 1849 4564 boni,

494 4572 662 4632 debet
687 4593 810 4635 esse
835 4593 904 4635 ex
933 4577 1156 4652 integra
1183 4593 1369 4642 causa,
1401 4582 1457 4634 et
1495 4576 1577 4632 sic
1608 4578 1858 4651 requirit

495 4660 743 4731 plenam,
774 4666 830 4717 et
859 4659 1164 4733 perfectam
1187 4659 1512 4716 libertatem
1542 4682 1556 4725 ;
1589 4659 1720 4717 talis
1748 4677 1855 4717 au-

495 4745 610 4797 tem
641 4758 758 4799 non
786 4742 1013 4799 videtur
1040 4758 1161 4799 esse
1189 4740 1426 4798 libertas
1451 4740 1640 4797 solum
1669 4741 1856 4814 quoad

495 4822 853 4887 exercitium,
879 4839 1008 4879 cum
1052 4825 1220 4897 longe
1263 4823 1339 4879 sit
1383 4821 1569 4895 major
1618 4821 1857 4879 libertas

495 4902 680 4974 quoad
699 4902 1174 4975 specificationem
1200 4924 1213 4958 ε
1237 4919 1373 4978 ergo
1395 4903 1512 4958 haec
1537 4902 1859 4975 requiritur

497 4983 567 5039 ad
594 4985 889 5050 meritum,
914 4990 971 5041 et
998 4985 1101 5040 illa
1124 5000 1240 5041 non
1260 4983 1481 5040 sufficit.

572 5067 701 5123 Non
740 5065 930 5137 itaque
966 5065 1083 5121 haec
1111 5065 1371 5123 referunt
1405 5086 1419 5122 ε
1462 5081 1601 5121 nam
1631 5064 1699 5123 ad
1731 5066 1860 5139 pri-

1985 584 2147 625 mum
2193 569 2396 644 negari
2445 567 2610 626 debet
2654 567 3075 641 consequentia,
3106 565 3244 638 quia
3287 569 3544 634 utsolyim

1983 650 2198 721 optime
2219 652 2443 708 notavit
2470 653 2533 708 D.
2565 651 2771 707 Thom.
2797 650 2968 706 citato
2991 650 3110 704 loco
3137 646 3209 704 de
3229 649 3348 704 Ve-
3384 639 3542 725 ssfffl

1986 731 2174 797 ritate,
2204 753 2229 783 «
2257 748 2419 804 posse
2464 747 2694 806 peccare
2735 746 2853 788 non
2895 729 3026 787 facit
3054 729 3123 785 ad
3162 729 3349 786 meri·

1990 834 2016 866 α
2045 818 2189 880 tum,
2219 813 2320 870 sed
2358 813 2430 870 ad
2469 814 2665 871 meriti
2706 812 3256 878 manifestationem,
3284 812 3352 868 in

1990 915 2016 946 α
2042 897 2321 967 quantum
2370 893 2621 951 ostendit
2666 909 2809 966 opus
2846 892 3063 951 bonum
3089 907 3213 950 esse
3241 907 3353 948 vo-

1987 996 2013 1028 «
2047 975 2367 1031 luntarium
2399 994 2412 1030 ε
2455 975 2690 1048 ponitur
2718 981 2911 1032 autem
2951 974 3107 1030 inter
3149 970 3352 1029 laudes

1990 1077 2015 1108 α
2046 1056 2160 1111 viri
2182 1056 2342 1131 Justi,
2375 1057 2510 1130 quia
2534 1057 2657 1113 laus
2676 1062 2762 1114 est
2800 1056 3035 1134 virtutis
3063 1053 3351 1110 manifes-

1990 1157 2016 1190 α
2045 1139 2206 1196 tatio.
2237 1159 2264 1190 ι
2297 1137 2459 1203 Quod
2481 1139 2662 1213 magis
2683 1137 2936 1195 declarat
2954 1140 3016 1192 in
3036 1139 3092 1202 2,
3122 1136 3254 1191 dist.
3285 1138 3344 1204 7,

1982 1226 2167 1295 quast.
2199 1222 2245 1288 l,
2277 1228 2387 1276 art.
2422 1222 2440 1275 l
2475 1222 2550 1275 ad
2576 1222 2630 1287 4,
2654 1219 2896 1277 ubicum
2920 1219 3030 1275 sibi
3054 1216 3352 1291 opposuis-

1982 1306 2067 1358 set
2094 1300 2429 1373 praedictum
2453 1301 2826 1359 Ecclesiastici
2849 1301 3249 1357 testimonium
3273 1297 3347 1354 ad

1985 1380 2347 1454 probandum
2386 1384 2633 1456 Angelos
2674 1380 2853 1439 bonos
2901 1398 3061 1455 posse
3090 1395 3345 1454 peccare,

1982 1463 2117 1535 quia
2145 1461 2250 1518 hoc
2281 1462 2509 1519 videtur
2536 1463 2604 1522 ad
2637 1461 2866 1520 laudem
2912 1463 3033 1536 ejus
3084 1462 3184 1535 qui
3222 1475 3350 1517 non

1983 1550 2188 1617 peccat,
2210 1547 2518 1618 pertinere,
2542 1545 2879 1619 respondet:
2906 1567 2932 1599 α
2963 1544 3048 1601 Ad
3070 1550 3347 1617 quartum

1989 1647 2014 1679 α
2044 1625 2370 1694 dicendum,
2403 1628 2553 1701 quod
2583 1626 2951 1684 laudabilitas
2979 1644 3097 1684 non
3124 1626 3348 1699 depen-

1987 1732 2012 1762 «
2043 1707 2137 1766 det
2155 1711 2542 1768 essentialiter
2570 1727 2604 1767 a
2631 1715 2905 1783 potestate
2927 1709 3214 1784 peccandi,
3245 1708 3350 1766 sed

1987 1808 2013 1841 α
2044 1805 2078 1846 a
2099 1791 2392 1848 voluntate
2419 1791 2750 1849 adhaerente
2798 1790 2980 1857 bono;
3029 1790 3175 1847 alias
3215 1791 3351 1862 yir-

1986 1890 2012 1922 «
2046 1875 2257 1937 tuosus,
2304 1871 2367 1926 in
2406 1888 2518 1945 quo
2562 1879 2648 1928 est
2687 1871 2886 1928 minor
2933 1870 3227 1927 mobilitas
3275 1870 3351 1928 ad

1985 1973 2013 2004 α
2046 1953 2412 2026 peccandum,
2438 1961 2584 2012 esset
2606 1955 2803 2011 minus
2831 1953 3141 2012 laudabilis
3166 1954 3231 2009 in
3261 1969 3351 2010 ac·

1988 2055 2013 2087 α
2044 2042 2104 2091 tu
2149 2053 2271 2099 suo,
2322 2054 2494 2109 quam
2544 2053 2745 2095 carens
2791 2039 3021 2102 virtute,
3047 2043 3102 2093 et
3124 2036 3350 2106 bonum

1985 2139 2012 2171 α
2042 2134 2304 2191 operans.
2326 2120 2432 2178 Sed
2457 2126 2699 2193 potestas
2716 2120 2981 2195 peccandi
3003 2125 3089 2177 est
3107 2121 3348 2193 signum

1987 2223 2014 2255 α
2046 2201 2459 2259 laudabilitatis
2521 2210 2774 2277 respectu
2839 2202 3221 2266 laudantium,
3285 2202 3352 2258 in

1985 2303 2010 2334 α
2042 2289 2324 2355 quantum
2353 2284 2599 2341 ostendit
2630 2301 2748 2342 non
2776 2291 2961 2342 coacte
2983 2286 3349 2341 voluntatem

1988 2388 2013 2418 α
2044 2365 2195 2423 bono
2246 2367 2660 2425 adhaerentem.
2691 2390 2715 2420 n
2741 2369 2826 2425 Ex
2853 2384 2965 2441 quo
2994 2372 3161 2440 patet,
3193 2364 3352 2442 quod

1981 2448 2277 2521 Scriptura
2306 2466 2422 2506 non
2464 2456 2764 2523 propterea
2808 2466 2941 2507 eum
2985 2448 3199 2513 laudat,
3244 2447 3349 2520 qui

1984 2532 2165 2602 potuit
2213 2530 2399 2588 facere
2450 2533 2693 2597 malum,
2724 2532 2886 2604 quasi
2923 2532 3039 2587 haec
3065 2530 3346 2602 potentia,

1979 2616 2034 2668 et
2056 2611 2292 2670 libertas
2319 2614 2640 2671 necessaria
2678 2614 2752 2670 sit
2792 2613 2863 2670 ad
2903 2616 3179 2671 meritum
3201 2637 3215 2680 ;
3246 2610 3352 2668 sed

1979 2695 2116 2767 quia
2142 2695 2224 2752 sic
2252 2696 2462 2752 melius
2504 2696 2908 2753 manifestatur
2939 2697 3085 2753 ratio
3131 2696 3351 2753 volun-

1979 2779 2138 2844 tarii,
2171 2784 2226 2836 et
2272 2779 2512 2836 libertas
2547 2780 3034 2845 contradictioniS‚
3065 2796 3191 2852 quae
3217 2779 3350 2836 exi-

1979 2859 2137 2934 gitur
2165 2861 2234 2918 ad
2263 2861 2558 2927 meritum,
2589 2860 2729 2918 dum
2758 2860 3078 2919 adstruitur
3105 2860 3169 2917 in
3206 2876 3349 2934 ope-

1984 2947 2150 2997 rante
2179 2941 2417 2999 libertas
2442 2942 2883 3010 contrarietatis,
2909 2959 3033 3017 quae
3049 2944 3228 3000 aliam
3260 2943 3351 3000 in-

1982 3021 2180 3080 cludit.

2056 3103 2143 3160 Ad
2167 3104 2482 3162 secundum
2512 3113 2756 3180 negatur
2784 3104 3125 3163 antecedens
3153 3127 3166 3161 ε
3205 3119 3550 3215 aarum

1983 3202 2086 3259 per
2135 3202 2197 3242 se
2243 3187 2525 3259 loquendo
2576 3189 2793 3261 optime
2836 3187 3162 3244 salvaretur
3198 3188 3348 3245 ratio

1983 3268 2216 3340 peccati,
2263 3274 2320 3325 et
2383 3268 2653 3326 demeriti
2713 3286 2843 3327 cum
2909 3270 3030 3327 sola
3084 3267 3351 3325 libertate

1981 3350 2169 3422 quoad
2215 3351 2555 3407 exercitium
2602 3352 2766 3418 mali,
2817 3351 2868 3408 si
2908 3350 3027 3407 haec
3067 3349 3347 3416 daretur;

1980 3432 2116 3504 quia
2138 3447 2238 3505 per
2261 3432 2382 3504 boc.
2414 3431 2565 3505 quod
2595 3433 2807 3506 aliquis
2856 3431 3032 3505 possit
3077 3429 3349 3488 cohibere

1981 3530 2060 3581 se,
2102 3521 2157 3571 et
2199 3514 2530 3572 nonfacere
2569 3518 2816 3580 malum,
2843 3512 3228 3588 imputabitur
3257 3514 3350 3570 illi

1984 3597 2227 3662 malum,
2258 3596 2408 3669 quod
2438 3596 2653 3654 fecerit.
2685 3596 2844 3662 Quod
2872 3603 3063 3653 autem
3106 3594 3178 3650 de
3204 3593 3356 3651 facto

1985 3693 2282 3751 nunquam
2324 3678 2515 3746 homo,
2542 3678 2682 3734 dum
2711 3684 2907 3735 manet
2950 3678 3013 3734 in
3041 3679 3192 3732 statu
3222 3675 3353 3731 via-

1985 3761 2144 3827 toris,
2197 3760 2273 3815 sit
2317 3759 2466 3817 liber
2504 3759 2576 3816 ad
2627 3761 2968 3817 exercitium
3012 3759 3173 3824 mali,
3207 3758 3353 3829 quin

1983 3841 2158 3899 etiam
2205 3841 2281 3896 sit
2326 3841 2477 3897 liber
2522 3840 2594 3897 ad
2638 3841 3038 3914 exequendum
3089 3840 3350 3905 bonum;

1983 3927 2214 3979 econtra
2258 3937 2397 3979 vero
2432 3920 2744 3994 aliquando
2791 3924 3087 3997 contingat
3111 3936 3244 3978 eum
3274 3919 3357 3975 ita

1986 4002 2314 4060 necessitari
2345 4001 2415 4057 ad
2442 4001 2923 4075 specificationem
2953 4003 3112 4070 honi,
3142 4006 3204 4057 ut
3231 4014 3354 4056 non

1986 4085 2159 4159 possit
2189 4084 2452 4157 prosequi
2480 4084 2724 4149 malum,
2777 4085 3014 4142 aliunde
3061 4082 3351 4157 provenit,

1983 4182 2141 4223 exeo
2169 4166 2476 4232 nimirum,
2519 4167 2669 4240 quod
2709 4167 2960 4235 firmari,
2990 4172 3047 4225 et
3096 4163 3354 4222 stabiliri

1985 4249 2340 4305 voluntatem
2383 4246 2463 4303 ita
2491 4247 2554 4303 in
2585 4246 2754 4314 bono,
2790 4254 2851 4304 ut
2879 4265 2997 4306 non
3026 4247 3201 4322 possit
3246 4243 3354 4301 de-

1986 4329 2133 4387 flecti
2174 4330 2245 4387 ad
2290 4329 2534 4396 malum,
2568 4329 2739 4388 habet
2767 4332 3052 4388 rationem
3102 4326 3352 4386 maximi

1986 4410 2144 4477 boni,
2195 4415 2259 4467 ut
2301 4409 2596 4467 cernimus
2644 4412 2709 4468 in
2759 4411 2962 4469 divina
3008 4412 3347 4469 voluntate:

1987 4493 2139 4550 unde
2168 4496 2348 4566 potest
2388 4507 2422 4546 a
2450 4493 2563 4548 Deo
2611 4508 2713 4565 per
2756 4494 3026 4568 gratiam.
3074 4498 3351 4564 tanquam

1985 4574 2231 4646 speciale
2255 4571 2613 4638 beneficium,
2640 4574 2912 4632 rationali
2936 4579 3358 4637 creaturaecon·

1985 4653 2128 4713 cedi.
2160 4658 2234 4709 At
2258 4652 2506 4721 firmari,
2538 4670 2637 4711 seu
2661 4654 2911 4712 stabiliri
2936 4656 2999 4711 in
3022 4655 3195 4721 malo,
3231 4670 3358 4712 nou

1986 4741 2071 4794 est
2097 4734 2249 4792 unde
2293 4735 2613 4807 proveniat,
2648 4736 2764 4792 nisi
2792 4735 2863 4794 ab
2890 4736 3137 4808 ipsamet
3162 4742 3358 4792 creata

1988 4820 2285 4877 voluntate
2310 4840 2325 4884 ς
2358 4816 2475 4874 haec
2505 4824 2695 4875 autem
2725 4835 2843 4877 non
2864 4824 3046 4891 potest
3089 4836 3121 4876 a
3146 4825 3356 4876 semet·

1989 4903 2111 4976 ipsa
2163 4899 2518 4967 necessitari,
2549 4902 2686 4975 quia
2725 4901 2996 4974 potentia,
3029 4907 3085 4959 et
3115 4901 3358 4958 indiffe-

1990 4983 2180 5040 rentia
2207 4980 2279 5039 ad
2320 4982 2663 5039 utrumlibet
2699 4988 2783 5040 est
2810 4982 2901 5039 illi
2929 4982 3267 5047 intrinseca,
3294 4988 3358 5039 et

1988 5065 2150 5139 quasi
2170 5064 2494 5139 congenita,
2520 5064 2635 5122 nisi
2660 5064 2883 5121 ratione
2899 5069 3080 5120 status
3103 5062 3356 5194 {chamini

3073 5154 3102 5194 r
3213 5153 3247 5193 a
3282 5152 3358 5193 ur
