3647 5753
246 1459 404 1502 Confir-

250 1508 397 1552 matio.

229 1657 250 1697 l
268 1654 321 1698 ad
333 1656 428 1699 Cor.

299 1707 361 1747 18.

227 2600 282 2643 ad
297 2601 407 2692 Plhil.

440 396 554 450 450

440 564 589 639 quod
618 566 794 638 prius.
828 569 975 623 Tum
1021 568 1285 642 denique,
1320 585 1457 626 nam
1499 569 1804 627 inclinatio

438 645 768 703 manifestat
796 648 937 715 vim,
963 654 1018 705 et
1043 648 1433 707 conditionem
1460 650 1551 706 sui
1580 651 1804 722 princi-

441 733 541 806 pii,
568 733 660 789 vel
684 738 922 800 naturae,
954 749 988 788 a
1014 749 1125 805 qua
1148 732 1420 805 procedit,
1445 739 1502 790 et
1525 734 1632 806 ipsi
1655 749 1805 791 com·

437 817 809 871 mensuratur
838 836 852 868 z
885 810 984 868 sed
1011 811 1279 884 quaelibet
1306 818 1515 870 natura
1538 811 1805 887 adaequa-

438 897 534 950 tur
577 910 706 950 cum
736 892 887 949 bono
914 891 1025 948 sibi
1067 892 1322 965 proprio,
1372 899 1646 966 tanquam
1674 910 1804 949 cum

438 974 574 1041 fine,
617 990 686 1031 eo
724 973 872 1046 quod
915 973 1068 1030 idem
1109 979 1195 1030 est
1237 972 1377 1030 ordo
1403 974 1719 1048 agentium,
1750 980 1808 1030 et

440 1054 684 1120 finium;
726 1059 782 1111 et
820 1054 1106 1109 terminus
1132 1053 1536 1126 correspondet
1583 1053 1806 1127 princi-

441 1136 535 1208 pio
567 1150 738 1207 :ergo
764 1132 834 1189 de
875 1133 1094 1190 ratione
1122 1132 1425 1206 cujuslibet
1462 1135 1803 1191 inclinatio-

441 1214 534 1271 nis
561 1214 818 1287 perfectae
843 1217 927 1269 est
954 1214 1312 1286 propendere
1333 1214 1404 1270 ad
1433 1213 1648 1273 bonum
1682 1230 1809 1288 pro-

442 1294 825 1369 priumillius
869 1299 1103 1361 naturae,
1135 1311 1168 1352 a
1200 1310 1313 1366 qua
1353 1294 1626 1367 procedit,
1657 1294 1808 1351 etin

441 1392 552 1450 qua
592 1373 885 1430 fundatur.

521 1453 911 1511 confirmatur
944 1475 955 1509 :
986 1469 1123 1510 nam
1159 1453 1295 1527 quia
1335 1454 1520 1527 justus
1547 1451 1718 1510 habet
1744 1454 1807 1510 in

444 1552 503 1593 se
528 1541 796 1591 naturam
824 1534 1090 1592 divinam
1121 1536 1521 1609 participatam
1551 1553 1650 1610 per
1671 1552 1808 1611 gra-

447 1622 586 1674 tiam
627 1618 1000 1686 habitualem,
1038 1624 1094 1675 et
1120 1618 1519 1675 dominantem
1562 1618 1808 1692 propriae

448 1691 706 1754 homin‘is
753 1705 997 1764 naturae,
1040 1704 1339 1771 propterea
1384 1715 1503 1756 non
1551 1705 1706 1755 amat
1750 1703 1811 1753 ut

444 1779 720 1835 ultimum
742 1777 918 1835 finem
942 1779 1158 1836 honum
1182 1781 1504 1853 proprium,
1523 1780 1648 1836 sive
1672 1795 1809 1852 pro-

442 1861 585 1932 priae
612 1866 831 1917 naturae
850 1860 1222 1928 conveniens,
1281 1860 1379 1917 sed
1416 1860 1633 1917 bonum
1672 1876 1810 1933 pro-

445 1941 638 2012 prium
665 1946 884 1997 naturae
909 1939 1146 2008 divinas,
1170 1942 1334 2014 juxta
1360 1939 1507 1996 illud
1535 1944 1722 2012 Apost.
1748 1941 1806 2005 2,

446 2021 515 2078 ad
544 2022 804 2078 Corinth.
846 2022 932 2077 13:
953 2021 1219 2080 Charitas
1233 2042 1341 2079 non
1357 2026 1546 2100 quem-it
1569 2040 1683 2100 quta
1708 2040 1811 2077 sua

441 2110 588 2158 sunt.
617 2105 859 2159 Econtra
884 2119 1040 2170 vere,
1067 2104 1203 2177 quia
1223 2104 1474 2161 existens
1498 2105 1561 2159 in
1590 2107 1811 2176 peccato

442 2185 676 2241 mortali
711 2185 900 2240 solum
956 2182 1124 2240 habet
1171 2189 1439 2240 naturam
1489 2184 1806 2256 propriam,

443 2279 560 2320 non
612 2263 1050 2321 subordinatum
1096 2270 1317 2320 naturae
1360 2265 1668 2338 superiori,
1720 2263 1812 2319 id-

439 2344 590 2401 circo
639 2361 754 2400 non
783 2351 937 2402 amat
965 2350 1027 2400 ut
1075 2345 1347 2405 ultimum
1378 2345 1555 2402 finem
1597 2344 1811 2402 bonum

443 2426 743 2498 proprium
786 2432 1024 2482 naturae-
1046 2425 1285 2494 divinae,
1309 2425 1408 2483 sed
1450 2426 1723 2498 seipsum,
1757 2429 1816 2481 et

445 2520 618 2561 omne
658 2505 894 2572 bonum,
941 2511 1003 2562 ut
1044 2507 1288 2579 propriae
1330 2511 1551 2562 naturai
1596 2520 1812 2562 conve-

448 2587 635 2652 nienS,
662 2588 825 2660 juxta
852 2587 1001 2643 illud
1026 2588 1278 2662 ejusdem
1320 2590 1514 2660 Apost.
1559 2585 1629 2642 ad
1670 2586 1814 2641 Phi-

450 2669 590 2739 lipp.
630 2670 647 2722 1
683 2689 696 2723 ε
728 2669 924 2725 Omnes
963 2688 1076 2747 quta
1113 2688 1217 2725 sua
1243 2677 1370 2725 sunt
1412 2675 1675 2745 quan-unt,
1705 2685 1815 2722 non

448 2766 562 2825 quae
580 2747 711 2803 Jcsu
740 2748 969 2805 Christi.
990 2750 1231 2821 Signum
1263 2749 1553 2822 igiturest,
1580 2762 1813 2803 omnem

446 2830 891 2888 inclinationem
947 2831 1276 2905 perfectam,
1323 2830 1447 2886 sive
1500 2830 1814 2904 respicien-

444 2917 560 2969 tem
592 2912 862 2969 ultimum
883 2911 1081 2978 finem,
1099 2912 1331 2969 tendere
1350 2912 1418 2968 ad
1440 2911 1655 2969 bonum
1680 2928 1815 2984 pro-

449 2996 640 3069 prium
671 2996 832 3051 illius
872 3001 1117 3060 naturae,
1161 3011 1195 3050 a
1232 3010 1341 3067 qua
1374 2994 1643 3067 procedit,
1669 2993 1816 3050 etin

442 3093 554 3149 qua
595 3076 892 3134 fundatur.
937 3078 1086 3149 Ergo
1135 3080 1433 3150 repugnat,
1460 3074 1610 3147 quod
1641 3075 1816 3131 homo

449 3173 565 3215 non
612 3157 830 3214 habens
877 3158 940 3213 in
986 3157 1171 3228 seipso
1222 3161 1493 3214 naturam
1547 3155 1812 3212 divinam

448 3239 850 3312 participatam
875 3254 975 3311 per
995 3238 1244 3311 gratiam
1265 3236 1641 3305 habitualem,
1664 3241 1817 3293 amet

444 3336 617 3391 super
645 3319 843 3376 omnia
873 3318 1088 3374 bonum
1135 3317 1433 3391 proprium
1474 3323 1695 3374 naturae
1723 3315 1816 3371 di-

448 3400 634 3467 vinae;
666 3405 833 3471 atque
872 3398 1001 3456 ideo
1029 3398 1351 3471 implicabit
1379 3413 1543 3454 amor
1563 3397 1816 3453 charita-

446 3481 536 3548 tis,
563 3481 660 3553 qui
691 3497 723 3536 a
749 3480 935 3554 gratia
955 3479 1346 3537 sanctificante
1380 3478 1662 3544 habituali
1697 3492 1816 3533 non

446 3561 726 3634 procedat,
759 3567 815 3618 et
853 3562 954 3634 qui
984 3578 1102 3619 non
1125 3559 1412 3618 radicetur
1447 3559 1509 3616 in
1550 3559 1671 3614 illa.
1704 3559 1817 3614 Nec

445 3643 538 3700 hic
564 3648 787 3716 oportet
820 3644 1054 3701 auferre
1083 3659 1378 3701 recursum
1403 3641 1472 3699 ad
1503 3640 1816 3714 participa-

448 3724 662 3781 tionem
692 3733 915 3781 naturae
955 3725 1174 3781 divinae
1210 3723 1316 3779 sub
1343 3728 1614 3794 conceptu
1643 3726 1816 3777 natu-

449 3822 544 3874 rae,
602 3806 794 3863 media
845 3807 1121 3879 qualitate
1167 3805 1400 3872 fluente,
1456 3809 1513 3861 et
1564 3804 1812 3862 actuali:

446 3903 582 3944 nam
610 3887 714 3943 hoc
728 3886 1002 3961 effugium
1024 3887 1162 3943 satis
1185 3885 1635 3959 praeclusimus§
1678 3899 1816 3957 prae-
1840 3950 1846 3958 ,

443 3966 683 4026 cedenti.
716 3970 1064 4025 Recolantur
1090 3983 1216 4040 quae
1254 3966 1512 4023 diximus
1555 3967 1677 4022 loco
1711 3981 1813 4020 su-

450 4066 553 4124 pra
580 4053 770 4117 citat0,
801 4066 871 4107 ex
913 4049 1120 4124 quibus
1148 4051 1357 4123 poterit
1394 4050 1489 4106 hic
1528 4047 1817 4104 discursus

449 4133 700 4206 amplius
724 4130 941 4187 fulciri.

231 4233 438 4286 objectio-
521 4217 652 4272 217.
685 4214 792 4272 Sed
821 4214 1128 4272 adversum
1157 4215 1327 4270 illum
1355 4217 1665 4271 occurrunt
1702 4211 1817 4268 ali-

282 4293 371 4328 nes.

254 4334 408 4377 Prima.

449 4314 576 4371 quae
598 4297 972 4366 difficultates
1003 4313 1074 4354 ex
1101 4313 1347 4369 quarum
1383 4295 1669 4352 solutione
1695 4294 1817 4368 ejus

449 4379 693 4437 efficacia
720 4379 902 4454 magis
933 4378 1249 4452 apparebit.
1284 4377 1475 4435 Primo
1506 4376 1681 4450 igitur
1708 4392 1816 4449 op-

450 4477 657 4534 pones;
686 4477 823 4518 nam
849 4462 898 4517 si
921 4477 1007 4528 ea,
1032 4475 1157 4533 quae
1194 4458 1470 4526 diximus,
1496 4474 1633 4515 vera
1658 4463 1812 4525 sunt,

446 4545 706 4616 sequitur
745 4544 1046 4601 hominem
1097 4543 1159 4599 in
1198 4546 1346 4599 statu
1378 4555 1655 4613 purorum
1696 4555 1817 4596 non

448 4641 608 4700 posse
634 4624 878 4699 diligere
898 4628 1079 4682 Deum
1096 4622 1276 4681 finem
1298 4621 1624 4679 naturalem
1646 4637 1819 4693 super

445 4710 685 4767 omnia:
723 4709 885 4782 cujus
929 4708 1258 4781 oppositum
1306 4706 1615 4763 statuimus
1648 4710 1812 4760 tract.

441 4791 666 4865 praeced.
697 4791 842 4863 disp.
873 4791 929 4856 2,
960 4788 1090 4845 dub.
1119 4789 1176 4846 4.
1207 4787 1449 4860 Sequela
1468 4784 1811 4852 ostenditur,

446 4873 583 4945 quia
626 4872 798 4930 homo
839 4871 903 4927 in
943 4874 1092 4927 statu
1122 4884 1401 4943 purorum
1442 4882 1561 4923 non
1578 4865 1818 4944 haberet

449 4953 568 5009 nisi
595 4959 865 5011 naturam
897 4950 1191 5025 propriam
1215 4949 1377 5006 omni
1399 4948 1605 5023 gratia,
1630 4952 1688 5003 et
1710 4963 1818 5004 na-

451 5039 648 5103 turali,
679 5041 736 5094 et
773 5034 1203 5109 supernaturali
1231 5033 1562 5091 destitutam
1596 5053 1609 5087 ε
1652 5037 1819 5105 atque

1375 398 1468 452 DE
1497 399 2082 454 JUSTIFICATIONE
2125 402 2326 458 IMPII.

1937 570 2064 629 ideo
2104 572 2292 629 omnis
2318 574 2576 630 hominis
2615 572 2919 632 inclinatio
2946 571 3308 633 radicaretur

1938 653 2170 725 praecise
2208 653 2273 709 in
2298 654 2423 727 ejus
2462 659 2670 711 natura
2697 676 2711 711 ε
2734 670 2870 729 ergo
2908 655 2957 711 si
2999 655 3309 712 inclinatio

1939 735 2004 790 in
2030 735 2224 808 aliqua
2272 741 2482 794 natura
2522 737 2774 795 radicata
2799 738 2986 794 solum
3016 737 3204 795 tendit
3230 738 3307 795 ad

1939 815 2156 873 bonum
2185 818 2487 892 proprium
2525 819 2804 892 praedictae
2831 823 3074 887 naturas,
3105 819 3304 893 sequi-

1939 903 2036 955 tur
2062 899 2361 957 hominem
2390 902 2455 958 in
2475 905 2623 958 statu
2668 917 2946 975 purorum
2988 917 3106 958 non
3139 917 3304 975 posse

1938 979 2181 1055 diligere
2207 985 2388 1039 Deum
2410 981 2590 1040 finem
2618 984 2943 1042 naturalem
2970 999 3143 1057 super
3170 1000 3303 1041 om-

1940 1063 2060 1130 nia,
2101 1063 2199 1120 sed
2228 1069 2452 1121 tantum
2478 1066 2749 1139 seipsum.

2011 1142 2279 1212 Secundo,
2308 1146 2359 1201 si
2383 1146 2528 1203 ratio
2552 1163 2728 1219 supra
2749 1146 2894 1203 facta
2921 1145 3139 1221 aliquid
3162 1162 3300 1219 pro·
3312 1169 3533 1214 semum.

1940 1226 2054 1292 bat,
2078 1226 2293 1283 evincit
2312 1227 2518 1300 potius,
2551 1234 2820 1285 naturam
2847 1229 2912 1285 in
2937 1246 3049 1302 qua
3068 1228 3306 1287 deberet

1941 1305 2195 1374 fundari,
2241 1313 2297 1386 et
2336 1324 2508 1380 aqua
2533 1307 2767 1366 deberet
2806 1309 3111 1383 procedere
3138 1326 3306 1367 amor

1940 1387 2256 1455 charitatis,
2295 1404 2419 1445 esse
2445 1389 2630 1462 ipsam
2659 1391 2975 1447 increatam
3004 1391 3104 1447 Dei
3132 1397 3304 1446 natu-

1944 1483 2090 1534 ram,
2118 1474 2287 1541 prout
2305 1475 2390 1526 est
2419 1469 2484 1526 in
2510 1487 2590 1537 se,
2622 1487 2795 1544 quam
2838 1476 3108 1528 naturam
3149 1470 3310 1527 divi-

1942 1562 2077 1604 nam
2104 1563 2205 1620 per
2245 1549 2765 1622 participationem,
2810 1552 2933 1608 sive
2959 1556 3023 1605 ut
3046 1549 3312 1623 splendet

1942 1626 2006 1683 in
2031 1628 2245 1701 gratia;
2272 1645 2409 1685 nam
2442 1646 2607 1687 amor
2634 1629 2931 1687 charitatis
2956 1637 3042 1688 est
3067 1631 3313 1688 inclina-

1943 1708 2023 1767 tio
2049 1708 2119 1763 ad
2159 1708 2374 1765 bonum
2416 1716 2639 1769 naturae
2683 1710 2898 1768 divinae
2941 1712 3224 1780 increatae,
3254 1718 3314 1768 et

1945 1793 2113 1861 prout
2137 1788 2303 1845 estin
2331 1805 2411 1857 se,
2444 1807 2562 1848 non
2598 1808 2736 1848 vero
2775 1791 2846 1848 ad
2886 1791 3102 1848 bonum
3130 1793 3315 1865 ipsius

1943 1870 2139 1943 gratias
2164 1868 2606 1939 sanctificantis;
2636 1877 2802 1945 atque
2829 1871 2958 1929 ideo
2992 1874 3042 1929 si
3068 1873 3312 1928 ultimus

1944 1951 2230 2008 terminus
2271 1953 2673 2026 cujuscumque
2714 1955 3113 2012 inclinationis
3140 1953 3311 2012 debet

1943 2048 2065 2089 esse
2089 2030 2288 2088 eadem
2317 2038 2542 2100 natura,
2574 2051 2699 2107 quae
2723 2041 2808 2091 est
2835 2034 3304 2101 fundamentum,

1943 2118 2000 2169 et
2040 2112 2204 2169 radix
2250 2114 2425 2181 illius,
2479 2115 2647 2187 plane
2704 2116 2977 2187 sequitur,
3035 2120 3307 2171 naturam

1946 2194 2258 2250 increatam
2289 2195 2388 2250 Dei
2410 2193 2614 2251 debere
2638 2194 2802 2252 nobis
2829 2195 3009 2262 uniri,
3039 2201 3098 2251 ut
3120 2195 3310 2268 possi-

1946 2290 2075 2331 mus
2099 2274 2305 2331 elicere
2332 2290 2592 2332 amorem
2620 2276 2938 2332 charitatis.
2966 2277 3080 2333 Hoc
3114 2282 3311 2332 autem

1945 2360 2029 2411 est
2078 2355 2318 2411 omnino
2358 2354 2690 2420 absurdum,
2734 2361 2789 2413 et
2831 2355 3202 2428 impossibile,
3245 2363 3314 2411 ut

1944 2435 2330 2492 communiter
2354 2434 2556 2492 docent
2594 2436 2896 2503 Authores,
2928 2442 2984 2492 et
3025 2437 3313 2508 praecipue

1947 2516 2257 2572 Thomistze
2305 2520 2501 2572 contra
2548 2516 2888 2589 Magistrum
2928 2522 3305 2583 asserentem,

1947 2596 2225 2668 Spiritum
2263 2602 2522 2652 sanctum
2571 2597 2736 2653 nobis
2784 2598 2940 2653 uniri
2983 2598 3045 2653 in
3082 2598 3311 2654 ratione

1949 2678 2219 2750 principii
2249 2675 2529 2750 praedictae
2556 2677 2901 2734 dilectioniS.

2029 2756 2228 2823 Tertio,
2254 2772 2391 2812 nam
2415 2756 2463 2811 si
2489 2757 2805 2823 inclinatio,
2824 2758 2916 2814 vel
2938 2773 3101 2814 amor
3121 2756 3313 2814 chari·
3333 2774 3520 2817 *rei-tia.

1947 2839 2098 2905 tatis,
2129 2839 2225 2912 qui
2265 2842 2352 2896 est
2391 2838 2750 2912 participatio
2797 2838 3058 2896 formalis
3095 2838 3312 2895 amoris

1949 2921 2209 2986 increati,
2235 2919 2582 2992 dependeret
2606 2921 3009 2986 essentialiter,
3035 2926 3092 2977 et
3121 2937 3223 2993 per
3249 2937 3316 2978 se

1949 3019 1981 3058 a
2005 3002 2192 3077 gratia
2215 3000 2517 3069 habituali,
2543 3017 2668 3072 quae
2693 3007 2777 3058 est
2817 3001 3173 3075 participatio
3202 3001 3321 3058 for-

1949 3086 2121 3141 malis
2152 3089 2375 3140 naturae
2423 3083 2658 3150 divinae,
2692 3083 2855 3140 fieret
2880 3083 3035 3150 inde,
3065 3083 3325 3140 inclina·

1950 3166 2189 3230 tionem,
2219 3164 2344 3220 sive
2366 3179 2623 3219 amorem
2647 3164 2967 3220 increatum
2990 3162 3320 3237 dependere

1949 3245 2281 3301 virtualiter
2331 3244 2716 3301 essentialiter
2763 3260 2794 3300 a
2857 3251 3066 3300 natura
3114 3243 3325 3300 divina

1950 3328 2204 3384 increata
2235 3349 2250 3393 3
2290 3330 2348 3382 et
2372 3330 2781 3398 consequenter
2821 3331 2954 3382 non·
2986 3340 3146 3398 posse
3171 3341 3328 3383 com-

1949 3407 2241 3464 municari
2283 3421 2382 3479 per
2427 3422 2487 3462 se
2533 3421 2791 3462 amorem
2838 3404 3125 3472 divinum,
3176 3405 3325 3479 quin

1948 3488 2478 3545 communicaretur
2546 3502 2646 3558 per
2685 3501 2746 3542 se
2811 3490 3018 3541 natura
3066 3486 3326 3542 increata

1949 3569 2082 3636 Dei;
2108 3568 2253 3623 sicut
2290 3568 2354 3624 in
2400 3571 2597 3624 nostra
2621 3566 2906 3622 sententia
2947 3566 3146 3638 nequit
3171 3567 3325 3621 Deus

1948 3664 2290 3706 concurrere
2317 3647 2387 3704 ad
2423 3660 2681 3703 amorem
2708 3645 3021 3712 charitatiS,
3048 3644 3190 3717 quin
3217 3660 3323 3716 per

1948 3745 2008 3785 se
2037 3728 2201 3801 prius
2227 3731 2528 3784 concurrat
2557 3724 2627 3781 ad
2656 3723 3088 3797 productionem
3114 3724 3322 3797 gratiae

1947 3808 2378 3866 sanctificantis
2406 3811 2770 3878 Consequens
2817 3811 3006 3862 autem
3032 3821 3103 3861 ex
3130 3820 3198 3861 eo
3225 3821 3323 3878 ap·

1950 3895 2111 3964 paret
2162 3889 2391 3956 falsum,
2422 3889 2557 3961 quia
2597 3886 2839 3959 Spiritui
2886 3889 3079 3941 sancto
3107 3900 3207 3957 per
3233 3899 3314 3951 se,

1947 3972 2070 4028 sive
2123 3987 2194 4027 ex
2243 3971 2300 4028 vi
2347 3985 2465 4026 suae
2537 3966 2929 4043 productionis
2987 3963 3318 4022 communi-

1947 4058 2109 4111 catur
2137 4069 2315 4122 amor,
2360 4057 2417 4111 et
2457 4057 2651 4110 tamen
2692 4065 2810 4106 non
2846 4048 3304 4106 communicatur

1950 4151 2051 4208 per
2077 4150 2156 4200 se,
2203 4134 2329 4190 sive
2355 4149 2427 4191 ex
2455 4134 2513 4189 vi
2559 4147 2677 4188 suae
2705 4128 3081 4203 processionis
3108 4132 3318 4185 natura

1948 4215 2172 4272 divina.

2025 4295 2422 4369 Quarto„quia
2468 4299 2623 4351 actus
2663 4292 2792 4365 Spei
2834 4288 3187 4364 Theologicae
3230 4291 3319 4344 est
3357 4316 3530 4366 omna.

1949 4376 2254 4434 inclinatio
2277 4376 2524 4449 perfecta
2550 4373 2620 4430 ad
2647 4372 2867 4431 bonum
2891 4369 3192 4443 proprium
3222 4368 3318 4425 di-

1948 4460 2101 4517 vinae
2140 4463 2380 4523 naturae,
2411 4455 2693 4530 siquidem
2749 4452 2999 4528 procedit
3024 4467 3057 4508 a
3103 4451 3319 4507 virtute

1949 4540 2291 4615 Theologica
2337 4537 2620 4603 affectiva,
2650 4534 2721 4591 de
2765 4535 2927 4608 cujus
2967 4532 3189 4589 ratione
3232 4534 3320 4587 est

1950 4624 2232 4697 attingere
2258 4624 2440 4679 Deum
2466 4621 2532 4677 in
2577 4619 2801 4692 seipso;
2829 4622 2887 4674 et
2927 4612 3320 4673 nihilominus

1951 4704 2257 4778 praedictus
2297 4708 2454 4760 actus
2480 4717 2600 4760 non
2626 4699 2907 4773 dependet
2931 4695 3322 4755 essentialiter

1950 4802 1981 4843 a
2002 4785 2192 4860 gratia
2211 4781 2513 4851 habituali,
2545 4786 2610 4837 ut
2630 4785 2781 4855 patet
2803 4780 2868 4837 in
2893 4776 3158 4852 pluribus
3185 4791 3323 4848 pec-

1949 4864 2257 4932 catoribus,
2287 4863 2387 4937 qui
2415 4862 2585 4918 illum
2635 4860 2844 4933 absque
2882 4858 2983 4916 tali
3010 4856 3198 4932 gratia
3216 4855 3326 4912 eli-

1948 4949 2109 5006 ciunt
2137 4970 2150 5005 2
2203 4964 2341 5022 ergo
2389 4946 2598 5002 falsum
2660 4949 2763 5009 est,
2813 4940 2962 5016 quod
3012 4938 3324 4997 inclinatio

1952 5030 2196 5104 perfecta
2225 5028 2295 5087 ad
2343 5027 2559 5085 bonum
2607 5024 2848 5100 alicujus
2873 5027 3093 5079 naturae
3119 5018 3328 5076 debeat

2877 5109 3323 5171 praesupponere
