3647 5753
317 4641 443 4741 {iffi
488 4688 552 4746 in
599 4696 745 4746 statu
796 4707 1091 4763 purorum,
1123 4698 1180 4750 et
1213 4693 1501 4749 maculam
1548 4693 1845 4765 praesentis

474 380 586 434 430
1402 384 1494 437 DE
1532 384 1561 436 J
1566 384 2064 447 USTIFICATION
2069 385 2114 439 E
2155 384 2356 440 IMPII.

477 548 878 615 antecedentiS,
910 566 1036 622 quae
1057 552 1287 623 respicit
1307 559 1494 610 actum
1522 555 1836 612 secundum

474 645 568 696 se3
608 631 705 685 sed
745 630 819 687 ob
857 630 1340 704 impedimentum
1388 638 1596 709 peccati
1639 643 1838 695 contra

478 710 653 768 finem
683 716 1205 784 supernaturalem,
1238 717 1386 790 quod
1416 734 1517 774 nec
1560 722 1709 777 valet
1740 735 1837 792 per

479 809 735 850 amorem
760 797 1082 880 naturalem
1112 800 1346 871 expelli,
1376 816 1477 857 nec
1515 819 1646 857 cum
1690 820 1839 876 11103-

478 872 627 929 dicto
655 889 852 932 amore
877 879 1141 949 componi
1170 902 1183 944 ;
1214 895 1338 950 quae
1364 883 1447 936 est
1500 881 1841 954 impotentia

481 971 847 1028 consequens,
879 961 937 1012 et
973 960 1288 1016 secundum
1335 960 1490 1033 quid.
1540 964 1600 1018 Si
1647 970 1840 1021 autem

479 1034 716 1110 objectio
740 1037 1020 1095 referatur
1036 1039 1103 1097 ad
1131 1048 1436 1115 peccatum,
1457 1042 1519 1097 in
1535 1061 1645 1116 quo
1668 1044 1841 1101 homo

480 1118 574 1184 sit,
605 1122 660 1173 et
685 1116 907 1174 dicatur
931 1121 1122 1193 lapsus
1151 1138 1182 1178 a
1209 1123 1330 1179 5010
1357 1128 1505 1178 510111
1534 1141 1836 1196 purorum,

482 1198 605 1255 sive
625 1214 657 1254 a
675 1200 797 1254 sola
828 1202 1166 1259 rectitudine
1195 1207 1415 1259 naturae
1443 1220 1559 1261 non
1608 1207 1843 1262 etevatae

486 1278 557 1335 ad
584 1284 1081 1351 supernaturalem
1128 1282 1325 1349 finem,
1360 1284 1569 1341 falsum
1609 1286 1842 1359 quidem

484 1361 771 1432 supponit,
804 1378 939 1418 nam
964 1364 1233 1421 hactenus
1257 1365 1467 1420 nullibi
1491 1383 1561 1423 ex
1590 1368 1845 1439 professo

485 1441 819 1509 decidimus,
858 1448 1209 1511 utrum-talis
1256 1449 1480 1504 macula
1521 1451 1696 1521 possit
1737 1467 1844 1506 au-

486 1523 630 1582 ferri
679 1540 779 1597 per
823 1543 1078 1584 amorem
1137 1531 1461 1587 naturalem
1522 1532 1621 1588 Dei
1672 1549 1845 1605 super

487 1606 704 1673 omnia,
738 1623 812 1663 an
840 1624 977 1664 vero
1004 1606 1073 1664 ad
1102 1608 1161 1664 id
1186 1611 1514 1683 requiratur
1534 1613 1719 1686 gratia
1745 1631 1847 1669 su-

492 1686 873 1758 pernaturalis
907 1687 1046 1753 :sed
1078 1690 1226 1747 hanc
1251 1690 1642 1749 difficultatem
1671 1692 1848 1751 dubio

489 1767 749 1839 sequenti
779 1769 1164 1826 tractabimus,
1198 1775 1268 1829 Et
1304 1773 1539 1846 quidem
1568 1775 1615 1830 si
1661 1790 1848 1847 pecca-

492 1857 614 1904 tum
643 1849 706 1904 in
728 1866 1080 1924 quocumque
1102 1859 1248 1910 statu
1274 1861 1494 1912 avertat
1516 1872 1631 1913 non
1658 1858 1846 1914 solum

491 1947 525 1987 a
551 1934 664 1988 Deo
710 1930 826 1988 fine
852 1935 1128 2004 naturali,
1160 1936 1257 1993 sed
1298 1939 1473 1994 etiam
1508 1936 1577 1994 ab
1623 1938 1843 2005 eodem,

490 2013 694 2070 saltem
761 2012 1058 2082 indirecte,
1117 2021 1178 2071 ut
1227 2016 1344 2074 fine
1394 2019 1860 2090 supernaturali,

493 2107 842 2164 consequens
868 2094 997 2163 erit,
1027 2096 1176 2167 quod
1206 2097 1268 2153 in
1298 2098 1460 2154 nullo
1486 2102 1634 2154 statu
1663 2101 1850 2170 valeat

495 2171 711 2263 auferri
740 2173 950 2247 absque
968 2179 1392 2249 supernaturali
1434 2179 1638 2252 gratia.
1683 2182 1852 2236 Caete-

499 2268 626 2308 rum
644 2269 690 2307 51
718 2260 1003 2326 peccatum
1028 2256 1090 2312 in
1112 2262 1258 2313 statu
1279 2274 1556 2330 purorum
1577 2260 1852 2315 commis-

493 2349 623 2389 sum
653 2335 813 2392 nullo
841 2336 1011 2393 modo
1037 2341 1259 2394 avertat
1312 2354 1345 2394 a
1385 2341 1497 2395 Deo
1529 2345 1590 2394 ut
1617 2339 1732 2396 fine
1753 2357 1853 2395 su-

496 2416 873 2487 pernaturali,
898 2415 996 2473 sed
1020 2423 1082 2472 ut
1123 2434 1262 2488 pure
1292 2419 1564 2485 naturali,
1599 2421 1853 2494 legitime

497 2494 764 2569 infertur,
794 2510 954 2566 posse
976 2496 1307 2567 praedictum
1333 2505 1619 2570 peccatum
1642 2500 1854 2572 absque

495 2575 814 2631 mutatione
840 2579 1264 2648 supernaturali
1295 2579 1511 2636 auferri
1542 2597 1642 2652 per
1667 2583 1850 2638 solam

493 2654 857 2711 dilectionem
902 2658 1225 2714 naturalem
1268 2659 1366 2713 Dei
1414 2675 1585 2731 super
1630 2662 1847 2718 omnia.

493 2736 564 2789 Et
590 2736 692 2791 hoc
716 2736 1015 2806 posteriori
1039 2735 1208 2792 modo
1229 2735 1563 2794 discurrunt
1583 2742 1847 2809 Gonetus,

493 2816 665 2888 etqui
708 2823 988 2884 asserunt,
1042 2820 1752 2890 peccatumcommissum
1788 2821 1852 2878 in

494 2905 638 2955 statu
684 2913 960 2970 purorum
1008 2916 1171 2972 posse
1217 2899 1474 2958 absolute
1504 2904 1722 2960 auferri
1752 2921 1853 2976 per

497 2982 819 3038 naturalem
859 2997 987 3037 eam
1039 2981 1425 3040 dilectionem.
1477 2987 1687 3043 Contra
1712 3003 1854 3059 quos

495 3065 604 3145 stat
631 3067 1036 3134 argumentum
1064 3080 1237 3136 supra
1279 3064 1508 3131 factum,
1560 3067 1694 3139 quia
1735 3084 1853 3124 non

497 3151 784 3192 minorem
832 3137 952 3193 vim
1007 3138 1176 3194 habet
1202 3155 1367 3195 amor
1394 3143 1853 3212 supernaturalis

496 3218 595 3274 Dei
621 3234 794 3290 super
820 3221 1017 3278 omnia
1040 3220 1110 3276 ad
1148 3220 1553 3278 destruendam
1595 3225 1853 3281 aversio-

498 3314 629 3355 nem
659 3316 691 3354 a
720 3302 830 3356 Deo
856 3303 1285 3373 supernaturali
1315 3300 1449 3368 fine,
1480 3320 1653 3376 quam
1687 3321 1851 3361 amor

496 3382 777 3437 naturalis
817 3386 884 3438 ad
939 3384 1346 3462 destruendam
1402 3385 1763 3442 aversionem
1818 3402 1851 3442 a

494 3465 607 3518 Deo
629 3461 744 3519 fine
773 3466 1025 3522 naturali
1052 3483 1064 3517 ε
1092 3464 1189 3521 sed
1222 3483 1385 3522 amor
1413 3468 1694 3524 naturalis
1719 3466 1851 3523 des-

495 3545 636 3600 truit
686 3546 1033 3605 sufficienter
1078 3549 1440 3605 aversionem
1494 3566 1528 3606 a
1575 3550 1688 3606 Deo
1735 3548 1852 3606 fine

493 3628 768 3695 naturali,
815 3635 870 3684 et
897 3629 1002 3686 hoc
1042 3628 1211 3687 modo
1241 3637 1527 3701 peccatum
1557 3630 1806 3687 excludit
1835 3653 1847 3687 :

491 3721 626 3780 ergo
648 3723 810 3764 amor
847 3710 1303 3781 supernaturalis
1342 3710 1689 3776 sufficienter
1729 3710 1853 3767 des-

494 3792 642 3843 truet
663 3790 1025 3848 aversionem
1055 3808 1087 3847 a
1113 3793 1223 3849 Deo
1250 3790 1366 3848 fine
1394 3793 1845 3865 supernaturali,

490 3873 545 3925 et
584 3869 690 3926 hoc
735 3871 905 3929 modo
953 3878 1240 3946 peccatum
1280 3875 1544 3946 expellet.
1592 3875 1756 3932 Unde
1799 3875 1850 3930 si

494 3951 792 4023 praedictus
828 3960 981 4011 actus
1027 3972 1143 4013 non
1195 3955 1477 4028 dependet
1522 3957 1851 4013 essentiali-

490 4039 578 4090 ter
631 4051 664 4091 a
704 4037 890 4109 gratia
933 4038 1322 4094 sanctificante
1373 4037 1672 4105 habituali,
1731 4039 1850 4094 mi-

489 4116 650 4173 nime
709 4119 1070 4193 repugnabit,
1133 4119 1283 4191 quod
1338 4125 1625 4191 peecatum
1677 4118 1849 4175 habi-

488 4200 643 4256 tuale
682 4200 852 4275 hujus
902 4207 1081 4258 status
1126 4197 1701 4266 destruatur,'saltem
1751 4201 1848 4256 in-

486 4281 720 4350 directe,
754 4282 1210 4356 independenter
1251 4301 1284 4340 a
1329 4285 1517 4358 gratia
1565 4283 1846 4342 habituali

487 4363 876 4422 sanctificante
905 4382 1004 4439 per
1033 4366 1216 4423 solam
1245 4366 1621 4423 mutationem
1651 4371 1847 4422 actua-

491 4443 605 4499 lem
633 4466 646 4500 :
674 4451 730 4502 et
749 4447 846 4519 qui
870 4446 1030 4520 prius
1051 4445 1198 4502 illud
1220 4445 1551 4515 admittunt,
1579 4447 1847 4503 inconse-

488 4529 729 4595 quenter
757 4531 965 4601 negant
991 4527 1095 4583 hoc
1116 4526 1415 4598 posterius,

570 4607 690 4664 189.
734 4611 848 4666 Nec
869 4610 1080 4666 iterum
1097 4610 1290 4678 refert,
1307 4609 1355 4665 si
1378 4608 1532 4666 dicas
1555 4611 1845 4668 maculam

482 4776 664 4828 status
691 4771 902 4830 habere
936 4775 1189 4832 rationes
1217 4775 1385 4849 longe
1411 4773 1670 4830 diversas
1696 4797 1709 4841 ;
1742 4774 1846 4831 illa

484 4853 643 4910 enim
676 4871 791 4912 non
812 4862 957 4913 esset
978 4857 1225 4930 privatio
1254 4858 1493 4932 alicujus
1516 4857 1716 4914 formae
1736 4857 1844 4912 ha-

485 4932 719 4990 bitualis
739 4934 960 5004 debitae,
992 4954 1122 4994 eum
1145 4939 1307 4994 nulla
1333 4939 1408 4993 sit
1435 4936 1801 5011 assignabilis
1825 4959 1840 5004 ;

483 5012 582 5070 sed
613 5014 679 5070 ad
710 5033 1003 5073 summum
1033 5026 1178 5076 esset
1220 5019 1465 5092 privatio
1492 5018 1709 5075 amoris
1748 5033 1845 5074 00-

502 5299 565 5340 'k

1968 557 2142 612 tualis
2169 556 2240 612 ad
2268 559 2446 613 Deum
2475 554 2800 611 naturalem
2841 551 3016 609 finem
3044 575 3059 618 ;
3101 548 3331 605 macula

1972 652 2107 697 vero
2147 637 2316 710 hujus
2338 643 2515 692 status
2541 640 2625 692 est
2669 633 3050 690 determinate
3081 628 3336 703 privatio

1971 716 2172 774 10111101
2199 716 2528 784 habitualiS,
2577 730 2785 786 nempe
2829 712 3029 787 gratim
3072 706 3331 765 sanetifi-

1970 798 2170 854 cantis.
2198 800 2339 853 Cum
2362 804 2552 854 autem
2575 795 2842 870 quaelibet
2864 792 3117 866 privatio
3130 789 3331 846 debeat

1970 878 2194 935 excludi
2247 894 2346 951 per
2394 877 2664 944 sormam,
2713 893 2825 949 qua
2867 874 3075 947 privat,
3132 884 3335 927 conse-

1972 977 2151 1034 quens
2193 965 2296 1028 est,
2348 959 2497 1033 quod
2544 960 2768 1015 macula
2820 954 3116 1030 praesentis
3153 957 3334 1007 status

1974 1040 2191 1099 auferri
2210 1057 2326 1097 non
2346 1041 2519 1112 possit
2536 1055 2636 1112 per
2650 1039 2903 1111 aliquam
2916 1033 3327 1108 operationem,

1976 1124 2106 1180 licet
2134 1121 2358 1178 macula
2385 1121 2450 1176 in
2470 1126 2618 1176 statu
2647 1134 2925 1192 purorum
2954 1114 3202 1189 potuerit
3230 1128 3332 1185 per

1974 1205 2366 1279 operationem
2394 1202 2638 1259 excludi.

2050 1289 2185 1351 Hoc,
2219 1286 2476 1357 inquam,
2505 1299 2708 1355 parum
2728 1281 2922 1347 refert,
2947 1284 3002 1336 et
3029 1277 3193 1334 facile
3216 1276 3330 1331 im·
3346 1287 3543 1382 00ιὶ11113-

1979 1374 2264 1441 pugnatur
2284 1383 2353 1423 ex
2404 1364 2586 1420 dictis.
2614 1365 2761 1418 Tum
2805 1362 2939 1434 quia
2986 1357 3183 1432 negari
3215 1372 3332 1413 non

1979 1455 2177 1523 potest,
2214 1447 2364 1521 quod
2405 1448 2576 1503 homo
2604 1446 2667 1502 in
2706 1451 2853 1501 statu
2892 1456 3170 1517 purorum
3213 1442 3337 1512 post

1979 1538 2165 1588 actum
2191 1530 2396 1603 peccati
2419 1533 2681 1585 maneret
2707 1526 3094 1591 habitualiter,
3120 1528 3177 1580 et
3203 1538 3335 1596 per-

1979 1618 2282 1670 manenter
2305 1628 2538 1669 aversus
2554 1627 2586 1666 a
2609 1613 2721 1666 Deo
2750 1609 2955 1664 ultimo
2983 1607 3125 1672 fine;
3149 1605 3334 1677 siqui-

1979 1696 2111 1753 dem
2166 1695 2554 1759 habitualiter,
2625 1709 2688 1748 ac
2735 1695 3141 1766 permanenter
3188 1688 3338 1743 10101

1982 1787 2253 1854 peccator,
2285 1785 2340 1836 et
2365 1779 2636 1836 existeret
2670 1776 2733 1833 in
2758 1780 2906 1831 statu
2936 1771 3144 1846 peccati
3175 1785 3336 1825 mor-

1982 1862 2112 1917 talis
2138 1885 2151 1928 ;
2175 1867 2230 1918 et
2252 1859 2636 1917 nihilominus
2658 1857 2775 1912 haec
2796 1852 3105 1911 habitualis
3125 1856 3180 1907 et
3202 1865 3337 1923 per-

1981 1959 2223 1999 manens
2254 1942 2550 2015 dispositio
2577 1938 2920 1995 sufficienter
2953 1935 3339 2007 expelleretur

1985 2041 2086 2098 per
2130 2029 2315 2081 actum
2376 2024 2700 2079 naturalem
2748 2018 2964 2076 amoris
3017 2017 3114 2073 Dei
3165 2030 3342 2087 super

1984 2107 2201 2172 omnia,
2233 2111 2296 2161 111
2316 2103 2649 2161 Α11νο150111
2670 2098 2986 2159 concedunt
3019 2119 3031 2154 :
3061 2112 3195 2170 ergo
3234 2110 3340 2167 pa·-

1987 2189 2128 2245 riter
2168 2188 2391 2243 aversio
2419 2183 2729 2241 habitualis
2758 2199 2789 2239 a
2838 2183 2950 2236 Deo
2997 2178 3200 2235 ultimo
3226 2174 3345 2231 fine

1986 2268 2431 2341 supernaturali,
2494 2282 2667 2339 quam
2726 2265 2897 2320 homo
2949 2262 3012 2316 in
3078 2256 3341 2331 praesenti

1986 2358 2134 2407 statu
2159 2367 2257 2424 per
2279 2355 2467 2406 actum
2490 2347 2696 2421 peccati
2717 2343 3021 2409 contrahit,
3053 2339 3339 2396 sufficien-

1989 2438 2074 2489 ter
2097 2431 2418 2488 excluditur
2435 2446 2533 2502 per
2556 2442 2813 2484 amorem
2841 2421 3341 2496 supernaturalem

1989 2516 2088 2571 Dei
2109 2531 2278 2588 super
2306 2514 2504 2571 omnia
2535 2537 2547 2579 ;
2574 2511 2632 2567 111
2658 2511 2868 2585 quippe
2903 2508 3161 2582 paritatis
3198 2505 3349 2561 ratio

1988 2596 2296 2653 convincit.
2329 2595 2569 2650 Exclusa
2596 2608 2733 2650 vero
2780 2591 3078 2647 aversione
3108 2588 3207 2643 illa
3234 2586 3342 2641 ha-

1991 2675 2194 2734 bituali
2229 2695 2261 2734 a
2299 2680 2413 2732 Deo
2438 2666 2866 2748 supernaturali
2894 2671 3024 2737 fine,
3075 2666 3346 2739 impossi-

1989 2759 2105 2817 hile
2118 2765 2220 2825 est,
2239 2757 2388 2831 quod
2411 2760 3002 2827 remaneatpeccatum
3026 2749 3343 2813 habituale,

1989 2857 2118 2897 cum
2140 2838 2210 2896 de
2235 2840 2356 2914 ejus
2381 2837 2626 2896 essentia
2653 2835 2726 2890 sit
2752 2839 3012 2891 avertere
3039 2848 3071 2888 a
3117 2832 3228 2887 Deo
3252 2829 3348 2885 ul-

1990 2923 2131 2978 timo
2156 2920 2294 2977 fine.
2318 2923 2464 2975 Tum
2486 2918 2679 2982 etiam,
2707 2916 2842 2988 quia
2880 2915 3054 2971 etiam
3085 2913 3147 2967 in
3193 2917 3346 2966 statu

1991 3018 2268 3076 purorum
2298 3000 2532 3056 daretur
2554 2998 2745 3069 aliqua
2769 2993 3044 3052 rectitudo
3077 2992 3346 3048 habitua-

1990 3086 2083 3152 lis,
2114 3101 2147 3140 a
2174 3099 2284 3155 qua
2311 3082 2482 3137 homo
2496 3077 2782 3135 diceretur
2811 3080 2871 3133 in
2893 3093 2959 3133 eo
2979 3081 3125 3131 statu
3137 3076 3343 3149 justuS,

1987 3171 2043 3222 et
2105 3181 2231 3238 quae
2306 3179 2404 3235 per
2451 3168 2639 3217 actum
2699 3160 2908 3233 peccati
2958 3159 3352 3231 expelleretur

1987 3247 2270 3320 (quamvis
2292 3261 2410 3302 non
2454 3245 2592 3301 satis
2637 3248 2872 3309 constet,
2900 3243 2961 3297 in
2988 3256 3098 3313 quo
3124 3239 3344 3295 consis-

1988 3333 2131 3385 teret
2173 3324 2438 3398 praedicta
2461 3321 2756 3390 rectitud0,
2793 3328 2856 3377 ut
2882 3320 3057 3378 dubio
3083 3320 3345 3392 sequenti

1987 3410 2159 3466 latius
2184 3408 2543 3479 videbimus),
2575 3412 2630 3462 et
2667 3410 3075 3478 consequenter
3117 3402 3343 3457 macula

1989 3488 2242 3564 praedicti
2303 3495 2483 3547 status
2553 3489 2891 3559 importaret
2956 3483 3339 3558 privationem

1988 3572 2227 3645 alicujus
2269 3570 2467 3626 10111110
2512 3567 2822 3625 habitualis
2873 3588 2885 3621 ε
2934 3564 3030 3621 5011
3079 3565 3183 3620 1100
3223 3579 3342 3619 11011

1985 3652 2261 3718 obstante,
2290 3648 2614 3724 hujusmodi
2638 3649 2860 3705 macula
2881 3646 3223 3702 sufficienter
3236 3660 3346 3701 ex·-

1988 3737 2317 3808 pelleretur‚
2357 3734 2560 3789 saltem
2591 3732 2884 3796 indirecte,
2937 3745 3036 3802 per
3083 3743 3339 3784 amorem

1986 3816 2309 3871 naturalem
2338 3815 2436 3871 Dei
2459 3829 2629 3886 super
2656 3811 2852 3868 omnia
2886 3832 2898 3866 ε
2922 3826 3057 3883 ergo
3076 3808 3345 3881 quamvis

1986 3898 2211 3954 macula
2238 3896 2405 3970 hujus
2432 3900 2608 3951 status
2628 3894 2701 3949 sit
2732 3892 2975 3965 privatio
3014 3890 3212 3946 formae
3233 3889 3344 3945 hn-

1985 3978 2238 4044 bitualis,
2281 3982 2459 4049 potest
2487 3975 2872 4032 nihilominus
2914 3971 3191 4027 indirecte
3234 3985 3338 4025 ex-

1986 4058 2124 4130 pelli
2152 4074 2254 4131 per
2286 4072 2541 4113 amorem
2571 4052 3070 4127 supernaturalem
3099 4050 3197 4106 Dei
3238 4067 3337 4106 su·

1986 4154 2088 4211 per
2108 4138 2324 4205 omnia,
2352 4138 2401 4193 si
2429 4137 2606 4193 semel
2630 4135 2720 4191 hic
2742 4140 2895 4189 actus
2924 4148 3039 4188 non
3060 4130 3346 4204 dependet

1983 4218 2363 4275 essentialiter
2387 4234 2419 4273 a
2445 4217 2633 4291 gratia
2659 4213 2957 4282 habituali,
3006 4219 3276 4284 tanquam
3306 4229 3338 4268 a

1984 4299 2270 4374 principio
2297 4297 2574 4355 effectivo.
2627 4298 2772 4350 Tum
2801 4294 3066 4367 denique,
3103 4309 3238 4349 nam
3266 4308 3341 4348 ex

1982 4397 2067 4446 eo,
2099 4379 2248 4453 quod
2288 4379 2516 4435 macula
2545 4377 2712 4451 hujus
2756 4380 2933 4431 status
2971 4374 3046 4428 sit
3093 4373 3344 4445 privatio

1983 4463 2183 4518 10111103
2204 4458 2534 4524 habitualiS,
2562 4471 2768 4528 nempe
2788 4455 3003 4529 gratiae,
3028 4455 3215 4509 solum
3242 4468 3337 4509 se-

1980 4540 2196 4614 quitur,
2226 4538 2374 4612 quod
2403 4553 2521 4594 non
2578 4536 2750 4609 possit
2776 4534 3008 4599 directe,
3058 4537 3113 4588 et
3158 4537 3220 4587 ut
3256 4532 3342 4587 sic

1980 4619 2256 4684 dicamus,
2290 4617 2522 4691 physice
2564 4615 2774 4687 expelli
2808 4613 3018 4686 absque
3045 4613 3340 4670 infusione

1978 4700 2177 4774 gratiae
2198 4698 2509 4756 habitualis
2534 4721 2552 4764 ς
2575 4713 2708 4752 110111
2736 4696 2878 4751 utin
2901 4694 3090 4767 prima
3114 4693 3342 4750 ratione

1978 4779 2378 4853 expendimuS,
2456 4778 2757 4833 moraliter
2832 4775 3114 4849 loquendo
3159 4783 3336 4831 cessat

1980 4860 2240 4924 omnino.
2264 4865 2322 4916 et
2343 4857 2618 4915 indirecte
2643 4855 2966 4913 excluditur
2997 4871 3096 4927 per
3118 4860 3334 4912 retrac-

1979 4941 2255 4997 tationem
2276 4939 2555 4996 efficacem
2583 4942 2735 4994 actus
2775 4934 3152 5009 peccaminosi
3183 4949 3335 5006 prae-

1978 5021 2154 5088 teriti,
2182 5036 2212 5076 a
2233 5035 2345 5091 quo
2373 5024 2488 5074 tam
2515 5019 2574 5073 in
2621 5016 2767 5080 fieri,
2797 5032 2969 5089 quam
3013 5016 3074 5071 in
3101 5030 3334 5100 consen·

3206 5105 3333 5144 vari
