3647 5753
1478 386 1653 444 mse.
1699 390 1768 455 11,
1814 390 1978 449 DUB.
2027 392 2120 448 v1.
2676 463 2682 468 ⁸
3063 393 3175 448 463

318 558 461 629 spei,
490 558 655 616 toties
678 561 878 634 recipit
894 538 1110 635 aliquid
1123 565 1334 620 animae
1349 564 1685 621 immediate
1746 560 1756 580 ⁸

320 639 690 713 impressum,
737 659 945 717 nempe
969 647 1238 719 gratiam,
1283 663 1400 703 non
1450 646 1681 720 quidem

320 728 778 794 permanentem,
830 730 928 781 aut
955 732 1362 799 permanenter
1387 750 1399 795 ;
1421 727 1521 783 sed
1548 727 1682 783 ssui-

316 802 454 860 dam
495 805 747 879 praecise,
790 810 848 863 et
874 810 1261 876 transeunter,
1292 824 1416 881 quaa
1440 809 1682 882 proinde

319 902 439 944 non
467 889 777 963 opponitur
820 891 993 948 statui
1023 892 1251 965 peccati,
1304 907 1487 965 neque
1533 892 1679 948 illud

314 971 575 1043 expellit.

389 1049 501 1107 Sed
527 1050 675 1108 hanc
696 1053 1559 1128 responsionem,cujuscumque
1579 1053 1673 1121 sit,

316 1149 614 1192 censemus
641 1134 1107 1208 improbabilem.
1138 1139 1286 1193 Tum
1314 1136 1384 1194 ob
1412 1136 1679 1209 superius

316 1216 484 1283 dicta,
516 1218 651 1291 quia
693 1225 971 1296 repugnat
1014 1222 1261 1297 gratiam
1283 1219 1387 1276 sub
1407 1226 1677 1293 conceptu

318 1304 541 1357 naturas
566 1317 687 1358 esse
725 1304 1060 1376 qualitatem
1086 1307 1500 1361 transeuntem.
1527 1304 1677 1358 Tum

315 1382 512 1451 etiam,
537 1384 672 1458 quia
717 1384 845 1443 ideo
872 1387 1106 1458 ponitur
1134 1385 1400 1467 praedicta
1432 1384 1677 1458 qualitas

318 1464 623 1534 translens,
644 1470 706 1521 ut
730 1473 1031 1524 concurrat
1062 1484 1160 1541 per
1187 1466 1424 1524 modurn
1457 1471 1678 1522 naturae

318 1546 389 1604 ad
434 1552 623 1604 actum
650 1546 803 1614 fidei,
867 1555 923 1606 et
949 1552 1069 1625 spei
1103 1573 1116 1607 ε
1167 1550 1265 1608 sed
1319 1554 1530 1606 natura
1578 1563 1677 1620 per

320 1628 480 1701 prius
502 1628 716 1687 radicat
742 1630 983 1688 virtutes
1007 1632 1316 1705 proximas»,
1343 1645 1516 1703 quam
1539 1644 1676 1700 ope-

322 1709 570 1768 rationes
599 1711 737 1785 ipsis
763 1712 1268 1785 correspondentes
1300 1734 1312 1768 :
1364 1726 1499 1784 ergo
1523 1725 1676 1781 prae-

321 1790 466 1848 dicta
508 1793 754 1865 qualitas
796 1811 895 1868 per
949 1795 1107 1867 prius
1147 1793 1378 1851 deberet
1418 1791 1676 1847 radicare

323 1871 543 1928 habitus
564 1872 721 1940 fidei,
744 1880 802 1931 et
820 1874 964 1947 spei.
986 1877 1067 1931 Ex
1082 1892 1193 1947 quo
1216 1873 1462 1931 ulterius
1488 1871 1670 1934 fieret,

321 1968 439 2009 esse
462 1954 794 2026 qualitatem
826 1962 1280 2027 permanentem,
1332 1954 1478 2010 sicut
1506 1951 1674 2008 habi-

321 2040 569 2109 tu5,quos
591 2036 804 2094 radicat
831 2037 1009 2110 ;quod
1031 2045 1221 2094 tamen
1242 2037 1358 2093 haec
1382 2034 1674 2108 responsio

322 2132 434 2173 non
462 2117 728 2181 admittit,
773 2123 827 2175 et
861 2119 941 2175 ita
991 2119 1252 2192 implicat
1292 2119 1353 2174 in
1383 2116 1668 2173 terminis.

321 2198 462 2253 Tum
492 2204 781 2272 praeterea,
808 2200 943 2272 quia
963 2217 1033 2256 ex
1055 2199 1313 2272 opposita
1336 2197 1515 2263 fieret,
1544 2214 1675 2268 pec·

321 2284 561 2336 catorem
613 2298 735 2337 esse
773 2282 1010 2354 justum,
1068 2287 1122 2337 et
1167 2286 1419 2354 gratum,
1469 2280 1672 2335 saltem

322 2365 701 2428 transeunter,
745 2363 996 2435 quandiu
1021 2362 1234 2419 durant
1264 2368 1416 2418 actus
1440 2361 1591 2423 fidei,
1620 2366 1674 2417 et

322 2439 442 2510 spei
473 2464 485 2506 3
516 2457 651 2496 nam
679 2442 819 2497 sicut
839 2442 1020 2516 gratIa
1055 2447 1460 2515 permanenter
1489 2440 1673 2496 inbae-

330 2533 460 2574 rens
478 2522 768 2576 constituit
794 2522 1084 2578 hominem
1118 2527 1526 2595 permanenter
1546 2522 1674 2594 jus-

328 2603 451 2655 tum
475 2607 529 2656 et
553 2607 779 2675 gratum
801 2627 814 2669 ;
834 2604 912 2659 ita
934 2604 1115 2676 gratia
1138 2608 1503 2660 transeunter
1524 2619 1674 2659 com-

327 2681 616 2738 municata
642 2681 871 2740 deberet
914 2684 1099 2755 ipsum
1139 2685 1484 2741 constituere
1508 2688 1672 2739 tran-

320 2767 549 2818 seunter
570 2768 816 2835 gratum,
843 2764 1149 2838 etjustuin.
1178 2767 1263 2820 Ex
1290 2782 1399 2838 quo
1429 2764 1672 2819 ulterius

314 2849 660 2914 sequeretur,
684 2843 869 2916 ipsum
898 2861 1018 2901 esse
1040 2845 1278 2919 justum,
1299 2847 1666 2919 etinjustum,

311 2928 367 2980 et
416 2925 625 2984 habere
669 2928 844 2982 simul
887 2926 1026 2984 duos
1056 2928 1290 2985 ultimos
1318 2928 1507 2996 fines3
1557 2929 1672 2984 haec

310 3005 534 3078 quippe,
566 3017 622 3064 et
642 3009 863 3065 similia
893 3008 1139 3067 absurda
1181 3011 1504 3067 necessario
1531 3026 1672 3067 con-

306 3094 621 3160 sequuntur
646 3091 1105 3164 conjunctionem
1126 3093 1354 3168 peccati,
1371 3097 1427 3148 et
1444 3091 1664 3165 gratias,

313 3171 370 3222 ut
394 3184 570 3241 supra
608 3170 732 3226 dub.
765 3172 821 3237 4,
868 3172 1040 3228 latius
1091 3171 1492 3244 expendimus,
1519 3175 1668 3228 Tum

307 3246 573 3321 denique,
622 3251 757 3323 quia
803 3250 1013 3325 absque
1066 3253 1395 3309 necessitate
1437 3253 1670 3325 ponitur

307 3329 437 3385 talis
456 3331 648 3404 gratia
689 3332 997 3401 transiens,
1035 3338 1093 3388 ut
1133 3334 1327 3389 statim
1351 3332 1670 3405 explicabi-

111 3423 264 3479 oodoy.
305 3425 458 3465 mua.
506 3409 781 3467 Videatur
820 3410 1014 3486 Godoy
1066 3411 1162 3467 ubi
1210 3429 1401 3485 supra,
1449 3433 1485 3469 a
1513 3431 1665 3470 num.

301 3491 395 3557 44,
431 3490 531 3546 ubi
557 3491 729 3547 latius
751 3492 1082 3565 praedictam
1101 3494 1532 3567 responsionem
1564 3496 1671 3551 im-

302 3575 542 3644 pugnat

94 3648 287 3701 Legitima
377 3655 516 3710 234.
566 3652 650 3707 Ad
698 3661 1103 3727 argumentum
1132 3671 1267 3728 ergo
1297 3655 1669 3726 respondetur

95 3706 286 3809 ωῗὲἔῗὲο-
304 3734 572 3808 negando
610 3735 899 3807 sequelam
956 3735 1359 3792 universaliter
1407 3736 1670 3793 intellec—

132 3797 243 3844 '¹¹¹¹⁰·
301 3820 462 3882 tam;
507 3820 567 3871 et
595 3815 663 3871 ad
704 3817 1099 3888 probationem
1147 3817 1358 3872 iterum
1409 3816 1669 3889 neganda

297 3899 383 3950 est
406 3896 617 3969 major,
643 3901 923 3967 quatenus
947 3897 1090 3953 ratio
1114 3896 1201 3952 illi
1234 3897 1453 3952 inserta
1480 3897 1669 3968 appli-

295 3982 459 4032 catur
532 3974 770 4032 cuilibet
826 3978 1250 4049 supernaturali
1299 3977 1617 4049 operationi
1652 4020 1664 4032 .

295 4059 446 4113 Nam
493 4073 586 4122 ea,
615 4057 822 4129 quibus
859 4058 1229 4131 probavimus
1276 4059 1666 4115 necessitatem

294 4138 501 4212 gratia}
553 4136 865 4195 habitualis
906 4139 977 4196 ad
1028 4139 1376 4197 eliciendum
1406 4155 1664 4196 amorem

294 4219 809 4292 supernaturalem
863 4220 965 4276 Dei
1021 4237 1193 4294 super
1245 4221 1444 4277 omnia
1471 4264 1484 4286 ,
1547 4236 1664 4276 non

295 4300 643 4357 innituntur
680 4299 1110 4358 conditionibus
1165 4301 1538 4377 generalibus
1563 4320 1664 4358 su-

292 4383 819 4456 pernaturalitatiS,
877 4385 972 4440 vel
1001 4385 1301 4442 vitalitatis
1356 4386 1419 4442 in
1456 4385 1663 4442 ordine

291 4463 499 4522 divino
525 4509 537 4531 ,
585 4463 685 4520 sed
734 4465 970 4538 speciali
1035 4465 1352 4523 conditioni
1407 4466 1661 4539 praedicti

291 4547 516 4604 amoris
548 4569 566 4613 ;
595 4545 734 4618 quia
774 4546 1039 4603 videlicet
1065 4547 1295 4622 attingit
1330 4547 1663 4606 immediate

290 4628 578 4684 ultimum
607 4626 783 4685 finem
826 4628 986 4684 illius
1014 4627 1238 4685 ordinis
1270 4654 1284 4697 ;
1326 4628 1664 4686 subordinat

290 4708 402 4782 ipsi
433 4712 624 4766 totum
652 4708 972 4775 hominem,
1002 4714 1059 4766 et
1080 4725 1281 4766 omnes
1309 4710 1431 4784 ejus
1460 4715 1662 4782 poten-

288 4792 400 4849 tias
420 4813 435 4855 ;
459 4789 710 4847 inclinat
730 4790 814 4847 'ex
835 4807 894 4847 se
917 4791 1162 4865 perfecte
1191 4791 1261 4849 ad
1284 4790 1500 4849 bonum
1525 4810 1662 4865 pro-

289 4870 490 4946 prium
521 4875 746 4926 naturae
772 4869 1021 4936 divinae;
1051 4871 1264 4928 format
1291 4873 1433 4928 alios
1472 4873 1660 4930 virtu-

286 4961 413 5011 tum
467 4955 628 5008 actus
658 4994 673 5019 ,
724 4956 780 5007 et
831 4952 1010 5009 trahit
1054 4968 1247 5010 secum
1303 4952 1474 5008 totius
1521 4955 1662 5030 legis

284 5030 791 5105 adimpletionem.
837 5031 1178 5108 Hujusmodi
1208 5037 1397 5089 autem
1445 5035 1663 5093 motiva

139 1049 288 1102 Rejici-

163 1104 236 1145 tur.

1818 578 1935 619 non
1958 563 2215 622 militant
2242 567 2651 625 universaliter
2676 569 2737 624 in
2757 565 3011 640 qualibet
3037 579 3174 638 ope-

1819 645 2040 705 ratione
2060 653 2501 721 supernaturali,
2531 657 2590 708 ut
2616 668 2684 708 ex
2712 669 2772 708 se
2795 651 3003 723 liquet;
3035 664 3174 704 nam

1814 733 1879 783 ut
1898 729 2011 785 alia
2038 734 2560 803 praetermittamuS,
2603 740 2756 790 actus
2786 732 2938 797 fidei,
2969 736 3025 787 et
3050 729 3172 802 spei

1816 826 1935 868 non
1963 812 2252 887 attingunt
2268 832 2369 887 per
2382 817 2596 890 seipsos
2616 820 2794 874 Deum
2815 813 2921 870 sub
2950 812 3173 868 ratione

1812 891 2006 947 ultimi
2026 892 2178 963 finis,
2205 895 2304 952 sed
2350 896 2721 954 subordinari
2773 897 2970 952 valent
2998 890 3170 949 habi-

1814 974 2046 1030 tualiter
2069 975 2272 1032 ultimo
2313 975 2418 1034 fini
2467 978 2701 1050 proprio
2730 974 3055 1049 peccatoriS,
3110 977 3174 1026 ut

1811 1052 2193 1125 explicuimus
2229 1063 2396 1113 tract.
2424 1059 2478 1124 8,
2525 1057 2667 1129 disp.
2711 1059 2766 1122 4,
2820 1054 2949 1109 dub.
2975 1054 3028 1108 3.
3061 1055 3176 1108 Nec

1810 1134 2194 1193 subordinant
2214 1139 2531 1205 hominem,
2575 1138 2674 1195 sed
2696 1138 2881 1211 potius
2904 1135 3014 1207 ipsi
3045 1148 3175 1206 pec-

1809 1219 1988 1275 catori
2033 1218 2492 1277 subordinantur
2525 1241 2537 1275 z
2587 1236 2694 1277 nec
2763 1218 3052 1275 inclinant
3103 1214 3173 1271 ad

1810 1297 2027 1355 bonum
2076 1302 2373 1374 proprium
2427 1306 2649 1359 natura}
2700 1300 2932 1363 divinae,
2988 1297 3174 1370 respi-

1810 1378 2012 1436 ciendo
2033 1379 2217 1452 ipsam
2263 1388 2323 1438 ut
2349 1381 2526 1439 finem
2548 1383 2657 1447 cui,
2676 1380 2774 1438 sed
2799 1382 3033 1453 possunt
3060 1378 3175 1434 sis-

1809 1463 1931 1517 tere
1959 1464 2324 1535 tanquamin
2353 1462 2469 1521 fine
2512 1466 2604 1521 cui
2625 1463 2688 1519 in
2718 1462 2840 1535 ipso
2858 1463 3168 1534 peccatore.

1809 1542 1923 1597 Nec
1942 1540 2191 1615 denique
2219 1543 2475 1600 formant
2516 1544 2660 1600 alios
2707 1549 2880 1607 actuS,
2907 1546 3005 1597 aut
3033 1539 3174 1597 affe-

1811 1629 1947 1678 runt
1972 1640 2163 1682 secum
2206 1625 2601 1685 infallibiliter
2648 1626 2927 1682 actualem
2974 1622 3173 1679 obser-

1808 1705 2069 1761 vantiam
2112 1707 2293 1780 legis;
2342 1707 2439 1764 sed
2487 1708 2670 1781 magis
2718 1707 3043 1762 formantur
3073 1720 3172 1777 per

1809 1789 1994 1841 actum
2049 1787 2365 1856 charitatis„
2401 1793 2457 1844 et
2503 1788 2949 1860 compatiuntur,
2982 1801 3202 1857 quan-v

1809 1872 1931 1923 tum
1976 1874 2060 1924 est
2099 1868 2168 1926 de
2206 1886 2286 1938 se,
2332 1887 2462 1926 cum
2505 1869 2712 1925 actuali
2754 1868 2970 1925 divinae
3026 1867 3170 1941 legis

1810 1950 2280 2023 transgressione.
2340 1953 2452 2007 Pro
2480 1950 2570 2006 his
2597 1966 2749 2024 ergo,
2782 1955 2837 2005 et
2877 1948 3171 2004 similibus

1808 2032 2024 2088 actibus
2080 2032 2615 2104 supernaturalibus
2669 2049 2786 2089 non
2853 2030 3169 2103 requiritur

1805 2113 1990 2186 gratia
2029 2112 2405 2180 sanctificans,
2452 2116 2543 2170 vel
2579 2113 2695 2169 alia
2735 2111 3169 2185 qualitastran-
3258 2176 3264 2183 .

1806 2192 1979 2258 sienS,
2031 2197 2128 2248 aut
2177 2191 2351 2248 fluida
2405 2194 2616 2249 animai
2658 2191 2993 2248 immediate
3048 2192 3164 2246 im-

1808 2291 2035 2346 pressa;
2086 2273 2184 2330 sed
2229 2276 2365 2329 satis
2413 2280 2516 2340 est,
2549 2274 2697 2349 quod
2747 2274 2879 2346 ipsa}
2903 2274 3169 2344 potentiae

1807 2356 2070 2426 proxime
2104 2355 2412 2427 operativae
2434 2357 2734 2412 eleventur
2778 2370 2877 2425 per
2906 2354 3162 2425 aliquam

1804 2437 2138 2507 qualitatem
2201 2437 2698 2507 supernaturalem
2728 2453 2739 2493 z
2781 2435 2897 2490 haec
2960 2434 3169 2506 quippe

1804 2517 1947 2571 sicut
1974 2518 2158 2572 elevat
2199 2515 2531 2573 immediate
2568 2515 2901 2589 potentiam,
2939 2514 3017 2569 ita
3040 2529 3166 2570 me-

1805 2598 1955 2655 diate
1982 2600 2166 2656 elevat
2197 2600 2511 2670 potentiam
2560 2597 3004 2655 obedientialem
3031 2597 3164 2652 ani-

1805 2696 1931 2744 mae,
1962 2685 2021 2735 ut
2045 2680 2217 2752 possit
2260 2678 2588 2735 radicaliter
2617 2678 2684 2734 ad
2717 2677 3011 2750 praedictas
3038 2693 3165 2748 ope-

1806 2762 2055 2819 rationes
2076 2760 2600 2825 concurrere.Quod
2623 2760 2693 2817 de
2710 2759 2926 2816 actibus
2949 2765 3167 2816 remote

1804 2844 2238 2918 disponentibus
2283 2843 2356 2901 ad
2398 2842 2884 2917 justificationem,
2926 2841 2996 2900 de
3028 2857 3164 2916 pro-

1805 2926 2077 2998 phetia.et
2104 2927 2232 2981 aliis
2253 2926 2455 3000 gratiis
2470 2926 2649 2998 gratis
2672 2925 2901 2989 datiS,et
2918 2924 3168 2996 denique

1803 3006 1873 3064 de
1888 3006 2142 3080 qualibet
2169 3007 2501 3081 operatione
2531 3006 3053 3063 instrumentaliter
3066 3007 3169 3061 eli-

1802 3090 1914 3144 cita
1942 3088 2143 3145 docent
2164 3089 2549 3145 communiter
2576 3087 2871 3160 Theologi.
2907 3086 3071 3141 Unde
3099 3086 3161 3141 in

1804 3171 1908 3226 hoc
1933 3169 2373 3243 oequiparandus
2414 3186 2531 3227 non
2574 3175 2657 3225 est
2707 3168 3168 3241 supernaturalis

1804 3249 1943 3307 ordo
1971 3250 2162 3307 ordini
2190 3252 2443 3307 naturali
2472 3274 2486 3316 ;
2519 3266 2654 3306 nam
2676 3251 2724 3306 si
2751 3249 2820 3307 ab
2848 3249 2955 3304 isto
2976 3248 3162 3303 seclu—

1802 3330 2007 3386 damus
2055 3334 2343 3396 naturam,
2372 3330 2523 3386 nihil
2555 3334 2829 3395 remanet,
2855 3327 3002 3401 quod
3033 3344 3165 3400 pos-

1802 3412 1877 3466 sit
1904 3411 1966 3466 in
1993 3411 2385 3483 operationem
2417 3410 2647 3482 prodire
2676 3432 2687 3465 ι
2719 3415 2773 3465 at
2798 3410 2928 3465 licet
2963 3406 3032 3464 ab
3061 3408 3165 3465 illo

1804 3490 2202 3548 abstrahamus
2282 3496 2551 3547 naturam
2625 3490 2888 3563 ejusdem
2940 3488 3162 3545 ordinis

1804 3573 2121 3647 propriam,
2179 3590 2386 3646 nempe
2430 3572 2696 3646 gratiam,
2731 3572 2911 3628 adhuc
2940 3586 3162 3643 perma-

1803 3661 1943 3712 nent
1972 3654 2255 3727 principia
2295 3654 2637 3710 sufficientia
2664 3652 2734 3709 ad
2775 3651 3156 3727 operandum,

1800 3741 2004 3794 saltem
2029 3735 2378 3808 imperfecte,
2404 3737 2465 3793 in
2489 3736 2757 3808 praedicto
2778 3736 3002 3802 ordine;
3028 3735 3162 3808 quia

1804 3825 2106 3876 remanent
2127 3818 2378 3892 potentia
2407 3818 2808 3876 obedientialis
2827 3817 3162 3873 substantiae

1801 3900 2014 3956 animae
2053 3898 2371 3973 congenita,
2402 3904 2456 3954 et
2484 3899 2668 3955 virtus
2702 3899 3160 3970 supernaturalis

1801 3981 2063 4053 proxime
2092 3980 2294 4044 activa,
2316 3996 2440 4051 quae
2468 3980 2782 4052 potentiam
2803 3978 3152 4048 immediate,

1798 4067 1855 4119 et
1881 4062 2137 4118 animam
2167 4060 2414 4116 mediate
2435 4062 2621 4117 elevat
2649 4059 2719 4115 ad
2742 4067 3157 4133 supernatura-

1799 4143 1932 4199 liter
1953 4138 2331 4214 operandum.
2363 4143 2544 4205 Quam
2576 4140 2964 4197 differentiam
2999 4141 3152 4199 inter

1797 4222 2218 4279 charitatem.et
2238 4222 2382 4277 alias
2401 4222 2642 4278 virtutes
2663 4221 2853 4279 docuit
2875 4222 3223 4292 D.'1'hom.1>,
3241 4245 3349 4293 1110.

1798 4310 1977 4381 quaest.
2011 4305 2093 4369 14,
2123 4303 2187 4357 de
2223 4300 2387 4359 Verit.
2418 4310 2526 4359 art.
2553 4306 2606 4368 5,
2640 4306 2698 4357 in
2719 4321 2855 4375 resp.
2883 4305 2958 4358 ad
2983 4305 3036 4371 3,
3065 4304 3157 4362 his

1800 4383 1990 4441 verbis
2016 4409 2029 4442 :
2054 4384 2373 4451 Dicendum,
2399 4386 2542 4461 quod
2560 4385 2767 4451 modus,
2789 4403 2891 4460 qao
2911 4387 3157 4444 charitas

1794 4467 2000 4524 dicitur
2029 4468 2232 4540 forma,
2281 4469 2685 4544 appropinquat
2731 4468 2806 4521 ad
2830 4470 3051 4526 modum
3079 4473 3154 4527 il-

1797 4548 1930 4615 lum,
1963 4566 2068 4625 quo
2100 4547 2383 4620 eoeemplar
2421 4548 2662 4619 sormam
2707 4549 2942 4606 dicimus
2967 4570 2987 4619 ,·
3021 4556 3154 4630 quia

1795 4630 1871 4694 id,
1905 4628 2047 4707 quod
2070 4636 2146 4684 est
2185 4629 2541 4701 perfectionis
2568 4630 2628 4682 in
2664 4628 2787 4695 fide,
2819 4649 2854 4685 a
2883 4633 3156 4689 charitate

1793 4709 2123 4776 deducitur,·
2175 4711 2257 4763 ita
2302 4709 2444 4786 quod
2493 4709 2738 4764 charitas
2786 4711 2980 4767 habeat
3015 4715 3158 4770 iilud

1793 4789 2168 4854 essentialiter,
2210 4789 2342 4860 fides
2368 4806 2512 4855 vere,
2567 4795 2616 4842 et
2659 4790 2874 4868 reliquae
2924 4793 3155 4851 virtutes

1791 4869 2198 4944 participative.
2253 4869 2323 4923 Et
2367 4867 2438 4924 ad
2458 4869 2513 4932 6,
2553 4866 2781 4941 inquit:
2823 4868 2909 4926 Ab
2957 4873 3151 4949 aliqua

1796 4952 1998 5006 virtute
2022 4949 2295 5021 superiori
2314 4948 2459 5003 debet
2480 4965 2590 5003 esse
2611 4949 2939 5021 inferiorum
2965 4954 3150 5011 virta-

1794 5042 1914 5092 tum
1939 5031 2219 5104 formatio,
2241 5048 2350 5087 non
2369 5049 2405 5086 a
2423 5033 2611 5103 qratia
2632 5033 2960 5091 immediate.
2999 5034 3153 5095 Unde
