<?xml version="1.0" encoding="UTF-8"?>
<!DOCTYPE html PUBLIC "-//W3C//DTD XHTML 1.0 Transitional//EN"
    "http://www.w3.org/TR/xhtml1/DTD/xhtml1-transitional.dtd">
<html xmlns="http://www.w3.org/1999/xhtml" xml:lang="en" lang="en">
 <head>
  <title>
</title>
<meta http-equiv="Content-Type" content="text/html;charset=utf-8" />
  <meta name='ocr-system' content='tesseract 3.04.00' />
  <meta name='ocr-capabilities' content='ocr_page ocr_carea ocr_par ocr_line ocrx_word'/>
</head>
<body>
  <div class='ocr_page' id='page_1' title='image "./collegiisalmant00carmgoog_0891.png"; bbox 0 0 3647 5753; ppageno 0'>
   <div class='ocr_carea' id='block_1_1' title="bbox 86 1097 226 1141">
    <p class='ocr_par' dir='ltr' id='par_1_1' title="bbox 86 1097 226 1141">
     <span class='ocr_line' id='line_1_1' title="bbox 86 1097 226 1141; baseline 0.007 -1"><span class='ocrx_word' id='word_1_1' title='bbox 86 1097 226 1141; x_wconf 61' lang='lat' dir='ltr'>Alias</span> 
     </span>
    </p>
   </div>
   <div class='ocr_carea' id='block_1_2' title="bbox 67 1147 251 1241">
    <p class='ocr_par' dir='ltr' id='par_1_2' title="bbox 67 1147 251 1241">
     <span class='ocr_line' id='line_1_2' title="bbox 100 1147 209 1205; baseline -0.055 0"><span class='ocrx_word' id='word_1_2' title='bbox 100 1147 209 1205; x_wconf 73' lang='lat'>991-</span> 
     </span>
     <span class='ocr_line' id='line_1_3' title="bbox 67 1205 251 1241; baseline 0 0"><span class='ocrx_word' id='word_1_3' title='bbox 67 1205 251 1241; x_wconf 52' lang='lat' dir='ltr'>mon&amp;</span> 
     </span>
    </p>
   </div>
   <div class='ocr_carea' id='block_1_3' title="bbox 66 1246 1658 1340">
    <p class='ocr_par' dir='ltr' id='par_1_3' title="bbox 66 1246 1658 1340">
     <span class='ocr_line' id='line_1_4' title="bbox 66 1246 1658 1340; baseline -0.003 -30"><span class='ocrx_word' id='word_1_4' title='bbox 66 1246 246 1340; x_wconf 32' lang='grc' dir='ltr'>ἔξω·</span> <span class='ocrx_word' id='word_1_5' title='bbox 290 1255 444 1306; x_wconf 89' lang='lat' dir='ltr'>trum</span> <span class='ocrx_word' id='word_1_6' title='bbox 461 1251 809 1316; x_wconf 79' lang='lat' dir='ltr'>testimonia,</span> <span class='ocrx_word' id='word_1_7' title='bbox 831 1250 894 1306; x_wconf 91' lang='lat' dir='ltr'>in</span> <span class='ocrx_word' id='word_1_8' title='bbox 909 1248 1118 1322; x_wconf 89' lang='lat' dir='ltr'>quibus</span> <span class='ocrx_word' id='word_1_9' title='bbox 1142 1248 1432 1306; x_wconf 83' lang='lat' dir='ltr'>affirmant</span> <span class='ocrx_word' id='word_1_10' title='bbox 1441 1251 1658 1324; x_wconf 77' lang='lat' dir='ltr'>Justum</span> 
     </span>
    </p>
   </div>
   <div class='ocr_carea' id='block_1_4' title="bbox 55 4872 1647 5014">
    <p class='ocr_par' dir='ltr' id='par_1_4' title="bbox 55 4872 1647 5014">
     <span class='ocr_line' id='line_1_5' title="bbox 55 4872 1647 5014; baseline -0.007 -41"><span class='ocrx_word' id='word_1_11' title='bbox 55 4872 250 5014; x_wconf 56' lang='grc' dir='ltr'>Ξέἒῑὲἶ</span> <span class='ocrx_word' id='word_1_12' title='bbox 279 4914 475 4973; x_wconf 90' lang='lat' dir='ltr'>meriti</span> <span class='ocrx_word' id='word_1_13' title='bbox 515 4913 880 4986; x_wconf 85' lang='lat' dir='ltr'><strong>consequitur</strong></span> <span class='ocrx_word' id='word_1_14' title='bbox 909 4912 979 4992; x_wconf 86' lang='lat' dir='ltr'>ad</span> <span class='ocrx_word' id='word_1_15' title='bbox 1008 4911 1321 4967; x_wconf 88' lang='lat' dir='ltr'>bonitatem</span> <span class='ocrx_word' id='word_1_16' title='bbox 1365 4908 1647 4963; x_wconf 84' lang='lat' dir='ltr'>moralem</span> 
     </span>
    </p>
   </div>
   <div class='ocr_carea' id='block_1_5' title="bbox 1460 430 3170 496">
    <p class='ocr_par' dir='ltr' id='par_1_5' title="bbox 1460 430 3170 496">
     <span class='ocr_line' id='line_1_6' title="bbox 1460 430 3170 496; baseline 0.002 -11"><span class='ocrx_word' id='word_1_17' title='bbox 1460 430 1641 486; x_wconf 88' lang='lat' dir='ltr'>DISP.</span> <span class='ocrx_word' id='word_1_18' title='bbox 1682 431 1778 496; x_wconf 87' lang='lat' dir='ltr'>VI,</span> <span class='ocrx_word' id='word_1_19' title='bbox 1825 430 1988 485; x_wconf 90' lang='lat' dir='ltr'>DUB.</span> <span class='ocrx_word' id='word_1_20' title='bbox 2032 430 2127 488; x_wconf 91' lang='lat' dir='ltr'>VI.</span> <span class='ocrx_word' id='word_1_21' title='bbox 3057 435 3170 491; x_wconf 79' lang='lat'>869</span> 
     </span>
    </p>
   </div>
   <div class='ocr_carea' id='block_1_6' title="bbox 292 604 1664 1242">
    <p class='ocr_par' dir='ltr' id='par_1_6' title="bbox 296 604 1664 1083">
     <span class='ocr_line' id='line_1_7' title="bbox 300 604 1664 678; baseline 0.001 -21"><span class='ocrx_word' id='word_1_22' title='bbox 300 629 326 657; x_wconf 74' lang='grc' dir='ltr'><em>α</em></span> <span class='ocrx_word' id='word_1_23' title='bbox 369 605 497 663; x_wconf 88' lang='lat' dir='ltr'>ideo</span> <span class='ocrx_word' id='word_1_24' title='bbox 535 605 874 678; x_wconf 88' lang='lat' dir='ltr'>quandoque</span> <span class='ocrx_word' id='word_1_25' title='bbox 911 604 1228 661; x_wconf 83' lang='lat' dir='ltr'>secundum</span> <span class='ocrx_word' id='word_1_26' title='bbox 1257 605 1535 661; x_wconf 79' lang='lat' dir='ltr'>occultam</span> <span class='ocrx_word' id='word_1_27' title='bbox 1565 619 1664 659; x_wconf 91' lang='lat' dir='ltr'>ra-</span> 
     </span>
     <span class='ocr_line' id='line_1_8' title="bbox 296 684 1664 758; baseline 0 -20"><span class='ocrx_word' id='word_1_28' title='bbox 296 708 322 738; x_wconf 76' lang='lat'>«</span> <span class='ocrx_word' id='word_1_29' title='bbox 367 687 582 743; x_wconf 90' lang='lat' dir='ltr'>tionem</span> <span class='ocrx_word' id='word_1_30' title='bbox 612 685 951 741; x_wconf 81' lang='lat' dir='ltr'>divinorum</span> <span class='ocrx_word' id='word_1_31' title='bbox 976 684 1351 757; x_wconf 87' lang='lat' dir='ltr'>judiciorum,</span> <span class='ocrx_word' id='word_1_32' title='bbox 1384 701 1508 758; x_wconf 79' lang='lat' dir='ltr'>quae</span> <span class='ocrx_word' id='word_1_33' title='bbox 1535 698 1664 740; x_wconf 89' lang='lat' dir='ltr'>ma-</span> 
     </span>
     <span class='ocr_line' id='line_1_9' title="bbox 299 763 1664 836; baseline -0.001 -17"><span class='ocrx_word' id='word_1_34' title='bbox 299 788 324 819; x_wconf 81' lang='grc' dir='ltr'><strong>α</strong></span> <span class='ocrx_word' id='word_1_35' title='bbox 366 766 524 823; x_wconf 84' lang='lat' dir='ltr'>xime</span> <span class='ocrx_word' id='word_1_36' title='bbox 574 767 831 822; x_wconf 78' lang='lat' dir='ltr'>suturam</span> <span class='ocrx_word' id='word_1_37' title='bbox 889 766 1419 823; x_wconf 84' lang='lat' dir='ltr'>remunerationem</span> <span class='ocrx_word' id='word_1_38' title='bbox 1479 763 1664 836; x_wconf 88' lang='lat' dir='ltr'>respi-</span> 
     </span>
     <span class='ocr_line' id='line_1_10' title="bbox 297 846 1657 921; baseline 0 -22"><span class='ocrx_word' id='word_1_39' title='bbox 297 869 324 899; x_wconf 82' lang='lat'>«</span> <span class='ocrx_word' id='word_1_40' title='bbox 368 847 545 914; x_wconf 90' lang='lat' dir='ltr'>ciunt,</span> <span class='ocrx_word' id='word_1_41' title='bbox 591 847 769 921; x_wconf 84' lang='lat' dir='ltr'>aliqui</span> <span class='ocrx_word' id='word_1_42' title='bbox 815 846 911 918; x_wconf 88' lang='lat' dir='ltr'>qui</span> <span class='ocrx_word' id='word_1_43' title='bbox 959 850 1095 901; x_wconf 90' lang='lat' dir='ltr'>sunt</span> <span class='ocrx_word' id='word_1_44' title='bbox 1138 846 1219 919; x_wconf 90' lang='lat' dir='ltr'>pii</span> <span class='ocrx_word' id='word_1_45' title='bbox 1267 846 1330 902; x_wconf 92' lang='lat' dir='ltr'>in</span> <span class='ocrx_word' id='word_1_46' title='bbox 1373 849 1657 920; x_wconf 87' lang='lat' dir='ltr'>parentes,</span> 
     </span>
     <span class='ocr_line' id='line_1_11' title="bbox 298 928 1663 1001; baseline -0.001 -20"><span class='ocrx_word' id='word_1_47' title='bbox 298 951 323 981; x_wconf 87' lang='lat'>«</span> <span class='ocrx_word' id='word_1_48' title='bbox 367 929 534 985; x_wconf 90' lang='lat' dir='ltr'>citius</span> <span class='ocrx_word' id='word_1_49' title='bbox 563 930 681 984; x_wconf 87' lang='lat' dir='ltr'>vita</span> <span class='ocrx_word' id='word_1_50' title='bbox 710 930 1048 1001; x_wconf 79' lang='lat' dir='ltr'>privantur3</span> <span class='ocrx_word' id='word_1_51' title='bbox 1092 928 1193 983; x_wconf 89' lang='lat' dir='ltr'>alii</span> <span class='ocrx_word' id='word_1_52' title='bbox 1226 944 1362 985; x_wconf 81' lang='lat' dir='ltr'>vero</span> <span class='ocrx_word' id='word_1_53' title='bbox 1388 928 1486 1000; x_wconf 92' lang='lat' dir='ltr'>qui</span> <span class='ocrx_word' id='word_1_54' title='bbox 1529 931 1663 981; x_wconf 87' lang='lat' dir='ltr'>sunt</span> 
     </span>
     <span class='ocr_line' id='line_1_12' title="bbox 297 1008 1510 1083; baseline -0.002 -22"><span class='ocrx_word' id='word_1_55' title='bbox 297 1030 323 1061; x_wconf 74' lang='lat' dir='ltr'>(t</span> <span class='ocrx_word' id='word_1_56' title='bbox 367 1010 533 1083; x_wconf 90' lang='lat' dir='ltr'>impii</span> <span class='ocrx_word' id='word_1_57' title='bbox 565 1011 626 1066; x_wconf 91' lang='lat' dir='ltr'>in</span> <span class='ocrx_word' id='word_1_58' title='bbox 657 1015 938 1082; x_wconf 78' lang='lat' dir='ltr'>parenteS,</span> <span class='ocrx_word' id='word_1_59' title='bbox 965 1008 1181 1063; x_wconf 88' lang='lat' dir='ltr'>diutius</span> <span class='ocrx_word' id='word_1_60' title='bbox 1212 1009 1435 1065; x_wconf 83' lang='lat' dir='ltr'>vivunt.</span> <span class='ocrx_word' id='word_1_61' title='bbox 1485 1029 1510 1059; x_wconf 71' lang='grc' dir='ltr'>ι»</span> 
     </span>
    </p>

    <p class='ocr_par' dir='ltr' id='par_1_7' title="bbox 292 1087 1662 1242">
     <span class='ocr_line' id='line_1_13' title="bbox 375 1087 1661 1146; baseline 0.001 -2"><span class='ocrx_word' id='word_1_62' title='bbox 375 1091 495 1145; x_wconf 90' lang='lat'>117.</span> <span class='ocrx_word' id='word_1_63' title='bbox 528 1092 737 1146; x_wconf 79' lang='lat' dir='ltr'>Contra</span> <span class='ocrx_word' id='word_1_64' title='bbox 757 1087 1065 1145; x_wconf 88' lang='lat' dir='ltr'>secundam</span> <span class='ocrx_word' id='word_1_65' title='bbox 1103 1094 1359 1145; x_wconf 89' lang='lat' dir='ltr'>nostram</span> <span class='ocrx_word' id='word_1_66' title='bbox 1390 1088 1661 1146; x_wconf 88' lang='lat' dir='ltr'>assertio-</span> 
     </span>
     <span class='ocr_line' id='line_1_14' title="bbox 292 1168 1662 1242; baseline 0.001 -19"><span class='ocrx_word' id='word_1_67' title='bbox 292 1183 424 1225; x_wconf 88' lang='lat' dir='ltr'>nem</span> <span class='ocrx_word' id='word_1_68' title='bbox 456 1176 684 1242; x_wconf 82' lang='lat' dir='ltr'>possent</span> <span class='ocrx_word' id='word_1_69' title='bbox 708 1168 956 1241; x_wconf 86' lang='lat' dir='ltr'>expendi</span> <span class='ocrx_word' id='word_1_70' title='bbox 984 1169 1147 1239; x_wconf 78' lang='lat' dir='ltr'>plura</span> <span class='ocrx_word' id='word_1_71' title='bbox 1177 1170 1518 1226; x_wconf 90' lang='lat' dir='ltr'>Sanctorum</span> <span class='ocrx_word' id='word_1_72' title='bbox 1549 1170 1662 1225; x_wconf 89' lang='lat' dir='ltr'>Pa-</span> 
     </span>
    </p>
   </div>
   <div class='ocr_carea' id='block_1_7' title="bbox 206 1328 1661 4907">
    <p class='ocr_par' dir='ltr' id='par_1_8' title="bbox 206 1328 1661 4823">
     <span class='ocr_line' id='line_1_15' title="bbox 291 1328 1653 1404; baseline 0.001 -19"><span class='ocrx_word' id='word_1_73' title='bbox 291 1345 392 1403; x_wconf 85' lang='lat' dir='ltr'>per</span> <span class='ocrx_word' id='word_1_74' title='bbox 438 1328 587 1388; x_wconf 87' lang='lat' dir='ltr'>bona</span> <span class='ocrx_word' id='word_1_75' title='bbox 626 1348 800 1404; x_wconf 87' lang='lat' dir='ltr'>opera</span> <span class='ocrx_word' id='word_1_76' title='bbox 845 1331 1060 1387; x_wconf 89' lang='lat' dir='ltr'>mereri</span> <span class='ocrx_word' id='word_1_77' title='bbox 1106 1329 1255 1387; x_wconf 89' lang='lat' dir='ltr'>bona</span> <span class='ocrx_word' id='word_1_78' title='bbox 1294 1332 1653 1403; x_wconf 87' lang='lat' dir='ltr'>temporalia,</span> 
     </span>
     <span class='ocr_line' id='line_1_16' title="bbox 288 1411 1661 1477; baseline 0 -9"><span class='ocrx_word' id='word_1_79' title='bbox 288 1413 453 1469; x_wconf 90' lang='lat' dir='ltr'>nulla</span> <span class='ocrx_word' id='word_1_80' title='bbox 481 1413 625 1470; x_wconf 85' lang='lat' dir='ltr'>facta</span> <span class='ocrx_word' id='word_1_81' title='bbox 654 1415 948 1471; x_wconf 82' lang='lat' dir='ltr'>mentione</span> <span class='ocrx_word' id='word_1_82' title='bbox 977 1411 1381 1477; x_wconf 81' lang='lat' dir='ltr'>conducentiae,</span> <span class='ocrx_word' id='word_1_83' title='bbox 1415 1419 1470 1470; x_wconf 92' lang='lat' dir='ltr'>et</span> <span class='ocrx_word' id='word_1_84' title='bbox 1498 1412 1661 1471; x_wconf 90' lang='lat' dir='ltr'>ordi-</span> 
     </span>
     <span class='ocr_line' id='line_1_17' title="bbox 288 1494 1661 1568; baseline -0.001 -17"><span class='ocrx_word' id='word_1_85' title='bbox 288 1495 381 1551; x_wconf 86' lang='lat' dir='ltr'>nis</span> <span class='ocrx_word' id='word_1_86' title='bbox 422 1495 491 1550; x_wconf 90' lang='lat' dir='ltr'>ad</span> <span class='ocrx_word' id='word_1_87' title='bbox 540 1494 714 1551; x_wconf 88' lang='lat' dir='ltr'>finem</span> <span class='ocrx_word' id='word_1_88' title='bbox 761 1495 964 1551; x_wconf 89' lang='lat' dir='ltr'>salutis</span> <span class='ocrx_word' id='word_1_89' title='bbox 1016 1500 1243 1551; x_wconf 83' lang='lat' dir='ltr'>aeternae</span> <span class='ocrx_word' id='word_1_90' title='bbox 1283 1516 1296 1550; x_wconf 90' lang='lat'>:</span> <span class='ocrx_word' id='word_1_91' title='bbox 1338 1511 1408 1551; x_wconf 83' lang='lat' dir='ltr'>ex</span> <span class='ocrx_word' id='word_1_92' title='bbox 1454 1494 1661 1568; x_wconf 90' lang='lat' dir='ltr'>quibus</span> 
     </span>
     <span class='ocr_line' id='line_1_18' title="bbox 287 1575 1661 1648; baseline -0.001 -15"><span class='ocrx_word' id='word_1_93' title='bbox 287 1575 516 1633; x_wconf 85' lang='lat' dir='ltr'>videtur</span> <span class='ocrx_word' id='word_1_94' title='bbox 546 1577 826 1642; x_wconf 90' lang='lat' dir='ltr'>concludi,</span> <span class='ocrx_word' id='word_1_95' title='bbox 867 1575 1019 1648; x_wconf 87' lang='lat' dir='ltr'>quod</span> <span class='ocrx_word' id='word_1_96' title='bbox 1065 1580 1355 1633; x_wconf 88' lang='lat' dir='ltr'>mereatur</span> <span class='ocrx_word' id='word_1_97' title='bbox 1394 1576 1661 1648; x_wconf 83' lang='lat' dir='ltr'>praedicta</span> 
     </span>
     <span class='ocr_line' id='line_1_19' title="bbox 285 1658 1659 1717; baseline -0.001 -3"><span class='ocrx_word' id='word_1_98' title='bbox 285 1658 436 1716; x_wconf 87' lang='lat' dir='ltr'>bona</span> <span class='ocrx_word' id='word_1_99' title='bbox 488 1658 849 1717; x_wconf 89' lang='lat' dir='ltr'>considerata</span> <span class='ocrx_word' id='word_1_100' title='bbox 892 1658 1206 1716; x_wconf 89' lang='lat' dir='ltr'>secundum</span> <span class='ocrx_word' id='word_1_101' title='bbox 1255 1675 1336 1716; x_wconf 89' lang='lat' dir='ltr'>sc.</span> <span class='ocrx_word' id='word_1_102' title='bbox 1381 1660 1659 1713; x_wconf 69' lang='lat' dir='ltr'>Caeterum</span> 
     </span>
     <span class='ocr_line' id='line_1_20' title="bbox 293 1741 1660 1808; baseline 0.001 -13"><span class='ocrx_word' id='word_1_103' title='bbox 293 1741 426 1797; x_wconf 85' lang='lat' dir='ltr'>licet</span> <span class='ocrx_word' id='word_1_104' title='bbox 454 1743 652 1798; x_wconf 87' lang='lat' dir='ltr'>Patres</span> <span class='ocrx_word' id='word_1_105' title='bbox 694 1743 1083 1799; x_wconf 88' lang='lat' dir='ltr'>conditionem</span> <span class='ocrx_word' id='word_1_106' title='bbox 1112 1741 1403 1808; x_wconf 81' lang='lat' dir='ltr'>utilitatis,</span> <span class='ocrx_word' id='word_1_107' title='bbox 1432 1748 1487 1797; x_wconf 90' lang='lat' dir='ltr'>et</span> <span class='ocrx_word' id='word_1_108' title='bbox 1520 1756 1660 1798; x_wconf 89' lang='lat' dir='ltr'>con-</span> 
     </span>
     <span class='ocr_line' id='line_1_21' title="bbox 284 1822 1659 1897; baseline 0.001 -19"><span class='ocrx_word' id='word_1_109' title='bbox 284 1822 565 1883; x_wconf 79' lang='lat' dir='ltr'>ducentiae</span> <span class='ocrx_word' id='word_1_110' title='bbox 604 1824 675 1882; x_wconf 91' lang='lat' dir='ltr'>ad</span> <span class='ocrx_word' id='word_1_111' title='bbox 715 1824 892 1882; x_wconf 90' lang='lat' dir='ltr'>finem</span> <span class='ocrx_word' id='word_1_112' title='bbox 922 1827 1124 1883; x_wconf 88' lang='lat' dir='ltr'>salutis</span> <span class='ocrx_word' id='word_1_113' title='bbox 1152 1840 1268 1881; x_wconf 91' lang='lat' dir='ltr'>non</span> <span class='ocrx_word' id='word_1_114' title='bbox 1296 1839 1523 1897; x_wconf 84' lang='lat' dir='ltr'>semper</span> <span class='ocrx_word' id='word_1_115' title='bbox 1554 1839 1659 1881; x_wconf 84' lang='lat' dir='ltr'>ex-</span> 
     </span>
     <span class='ocr_line' id='line_1_22' title="bbox 286 1911 1660 1982; baseline -0.003 -17"><span class='ocrx_word' id='word_1_116' title='bbox 286 1911 638 1982; x_wconf 90' lang='lat' dir='ltr'>presserint,</span> <span class='ocrx_word' id='word_1_117' title='bbox 696 1912 863 1966; x_wconf 90' lang='lat' dir='ltr'>illam</span> <span class='ocrx_word' id='word_1_118' title='bbox 924 1915 1118 1966; x_wconf 89' lang='lat' dir='ltr'>tamen</span> <span class='ocrx_word' id='word_1_119' title='bbox 1178 1912 1547 1981; x_wconf 90' lang='lat' dir='ltr'>supponunt,</span> <span class='ocrx_word' id='word_1_120' title='bbox 1604 1911 1660 1963; x_wconf 88' lang='lat' dir='ltr'>et</span> 
     </span>
     <span class='ocr_line' id='line_1_23' title="bbox 284 1987 1658 2066; baseline -0.003 -19"><span class='ocrx_word' id='word_1_121' title='bbox 284 1991 623 2066; x_wconf 89' lang='lat' dir='ltr'>quandoque</span> <span class='ocrx_word' id='word_1_122' title='bbox 667 1993 972 2065; x_wconf 84' lang='lat' dir='ltr'>explicant,</span> <span class='ocrx_word' id='word_1_123' title='bbox 1016 1996 1078 2047; x_wconf 89' lang='lat' dir='ltr'>ut</span> <span class='ocrx_word' id='word_1_124' title='bbox 1116 1995 1332 2048; x_wconf 87' lang='lat' dir='ltr'>constat</span> <span class='ocrx_word' id='word_1_125' title='bbox 1378 2004 1449 2046; x_wconf 83' lang='lat' dir='ltr'>ex</span> <span class='ocrx_word' id='word_1_126' title='bbox 1495 1987 1658 2044; x_wconf 89' lang='lat' dir='ltr'>testi-</span> 
     </span>
     <span class='ocr_line' id='line_1_24' title="bbox 284 2069 1658 2145; baseline -0.004 -15"><span class='ocrx_word' id='word_1_127' title='bbox 284 2075 482 2131; x_wconf 91' lang='lat' dir='ltr'>monio</span> <span class='ocrx_word' id='word_1_128' title='bbox 529 2077 595 2130; x_wconf 93' lang='lat' dir='ltr'>D.</span> <span class='ocrx_word' id='word_1_129' title='bbox 638 2074 844 2130; x_wconf 89' lang='lat' dir='ltr'>Thom.</span> <span class='ocrx_word' id='word_1_130' title='bbox 901 2072 1162 2145; x_wconf 86' lang='lat' dir='ltr'>proxime</span> <span class='ocrx_word' id='word_1_131' title='bbox 1210 2072 1388 2128; x_wconf 87' lang='lat' dir='ltr'>relato</span> <span class='ocrx_word' id='word_1_132' title='bbox 1423 2092 1436 2127; x_wconf 74' lang='grc' dir='ltr'><strong><em>ε</em></strong></span> <span class='ocrx_word' id='word_1_133' title='bbox 1477 2074 1534 2127; x_wconf 90' lang='lat' dir='ltr'>et</span> <span class='ocrx_word' id='word_1_134' title='bbox 1578 2069 1658 2125; x_wconf 87' lang='lat' dir='ltr'>ita</span> 
     </span>
     <span class='ocr_line' id='line_1_25' title="bbox 283 2152 1657 2227; baseline -0.004 -16"><span class='ocrx_word' id='word_1_135' title='bbox 283 2156 493 2227; x_wconf 84' lang='lat' dir='ltr'>exponi</span> <span class='ocrx_word' id='word_1_136' title='bbox 521 2153 729 2211; x_wconf 89' lang='lat' dir='ltr'>debent</span> <span class='ocrx_word' id='word_1_137' title='bbox 751 2152 821 2210; x_wconf 91' lang='lat' dir='ltr'>ob</span> <span class='ocrx_word' id='word_1_138' title='bbox 842 2169 909 2210; x_wconf 91' lang='lat' dir='ltr'>ea</span> <span class='ocrx_word' id='word_1_139' title='bbox 930 2154 1168 2217; x_wconf 85' lang='lat' dir='ltr'>motiva,</span> <span class='ocrx_word' id='word_1_140' title='bbox 1194 2170 1320 2227; x_wconf 81' lang='lat' dir='ltr'>quae</span> <span class='ocrx_word' id='word_1_141' title='bbox 1346 2169 1447 2224; x_wconf 90' lang='lat' dir='ltr'>pro</span> <span class='ocrx_word' id='word_1_142' title='bbox 1468 2166 1657 2207; x_wconf 90' lang='lat' dir='ltr'>asser-</span> 
     </span>
     <span class='ocr_line' id='line_1_26' title="bbox 285 2233 1656 2306; baseline -0.001 -17"><span class='ocrx_word' id='word_1_143' title='bbox 285 2234 443 2291; x_wconf 83' lang='lat' dir='ltr'>tione</span> <span class='ocrx_word' id='word_1_144' title='bbox 481 2233 885 2306; x_wconf 85' lang='lat' dir='ltr'>expendimus.</span> <span class='ocrx_word' id='word_1_145' title='bbox 919 2233 1081 2288; x_wconf 88' lang='lat' dir='ltr'>Unde</span> <span class='ocrx_word' id='word_1_146' title='bbox 1122 2250 1263 2305; x_wconf 91' lang='lat' dir='ltr'>opus</span> <span class='ocrx_word' id='word_1_147' title='bbox 1292 2248 1408 2289; x_wconf 93' lang='lat' dir='ltr'>non</span> <span class='ocrx_word' id='word_1_148' title='bbox 1434 2237 1518 2287; x_wconf 88' lang='lat' dir='ltr'>est</span> <span class='ocrx_word' id='word_1_149' title='bbox 1562 2246 1656 2287; x_wconf 91' lang='lat' dir='ltr'>re-</span> 
     </span>
     <span class='ocr_line' id='line_1_27' title="bbox 286 2313 1655 2388; baseline -0.003 -17"><span class='ocrx_word' id='word_1_150' title='bbox 286 2316 456 2384; x_wconf 84' lang='lat' dir='ltr'>ferre,</span> <span class='ocrx_word' id='word_1_151' title='bbox 474 2323 529 2372; x_wconf 93' lang='lat' dir='ltr'>et</span> <span class='ocrx_word' id='word_1_152' title='bbox 542 2317 829 2388; x_wconf 88' lang='lat' dir='ltr'>explicare</span> <span class='ocrx_word' id='word_1_153' title='bbox 843 2315 1073 2388; x_wconf 83' lang='lat' dir='ltr'>singula</span> <span class='ocrx_word' id='word_1_154' title='bbox 1088 2315 1439 2371; x_wconf 86' lang='lat' dir='ltr'>testimonia.</span> <span class='ocrx_word' id='word_1_155' title='bbox 1453 2313 1655 2368; x_wconf 87' lang='lat' dir='ltr'>Eidem</span> 
     </span>
     <span class='ocr_line' id='line_1_28' title="bbox 285 2397 1657 2456; baseline -0.003 -1"><span class='ocrx_word' id='word_1_156' title='bbox 285 2400 589 2456; x_wconf 84' lang='lat' dir='ltr'>assertioni</span> <span class='ocrx_word' id='word_1_157' title='bbox 631 2415 664 2454; x_wconf 91' lang='lat' dir='ltr'>a</span> <span class='ocrx_word' id='word_1_158' title='bbox 692 2398 919 2454; x_wconf 82' lang='lat' dir='ltr'>fortiori</span> <span class='ocrx_word' id='word_1_159' title='bbox 961 2398 1345 2455; x_wconf 84' lang='lat' dir='ltr'>adversantur</span> <span class='ocrx_word' id='word_1_160' title='bbox 1372 2397 1657 2452; x_wconf 87' lang='lat' dir='ltr'>Authores</span> 
     </span>
     <span class='ocr_line' id='line_1_29' title="bbox 289 2480 1656 2554; baseline -0.001 -16"><span class='ocrx_word' id='word_1_161' title='bbox 289 2481 575 2538; x_wconf 82' lang='lat' dir='ltr'>referendi</span> <span class='ocrx_word' id='word_1_162' title='bbox 601 2497 702 2553; x_wconf 92' lang='lat' dir='ltr'>pro</span> <span class='ocrx_word' id='word_1_163' title='bbox 726 2480 984 2552; x_wconf 90' lang='lat' dir='ltr'>sequenti</span> <span class='ocrx_word' id='word_1_164' title='bbox 1008 2480 1302 2552; x_wconf 85' lang='lat' dir='ltr'>opinione.</span> <span class='ocrx_word' id='word_1_165' title='bbox 1331 2483 1463 2544; x_wconf 77' lang='lat' dir='ltr'>Quae</span> <span class='ocrx_word' id='word_1_166' title='bbox 1488 2495 1656 2554; x_wconf 83' lang='lat' dir='ltr'>gene-</span> 
     </span>
     <span class='ocr_line' id='line_1_30' title="bbox 288 2559 1656 2633; baseline -0.002 -15"><span class='ocrx_word' id='word_1_167' title='bbox 288 2564 488 2620; x_wconf 89' lang='lat' dir='ltr'>raliter</span> <span class='ocrx_word' id='word_1_168' title='bbox 535 2561 712 2626; x_wconf 90' lang='lat' dir='ltr'>docet,</span> <span class='ocrx_word' id='word_1_169' title='bbox 762 2560 1059 2616; x_wconf 90' lang='lat' dir='ltr'>hominem</span> <span class='ocrx_word' id='word_1_170' title='bbox 1116 2577 1216 2633; x_wconf 88' lang='lat' dir='ltr'>per</span> <span class='ocrx_word' id='word_1_171' title='bbox 1267 2560 1467 2615; x_wconf 91' lang='lat' dir='ltr'>omnia</span> <span class='ocrx_word' id='word_1_172' title='bbox 1505 2559 1656 2615; x_wconf 88' lang='lat' dir='ltr'>bona</span> 
     </span>
     <span class='ocr_line' id='line_1_31' title="bbox 287 2640 1654 2718; baseline -0.004 -15"><span class='ocrx_word' id='word_1_173' title='bbox 287 2662 462 2718; x_wconf 89' lang='lat' dir='ltr'>opera</span> <span class='ocrx_word' id='word_1_174' title='bbox 497 2644 711 2701; x_wconf 90' lang='lat' dir='ltr'>mereri</span> <span class='ocrx_word' id='word_1_175' title='bbox 750 2640 900 2698; x_wconf 89' lang='lat' dir='ltr'>bona</span> <span class='ocrx_word' id='word_1_176' title='bbox 940 2641 1302 2715; x_wconf 87' lang='lat' dir='ltr'>temporalia,</span> <span class='ocrx_word' id='word_1_177' title='bbox 1334 2643 1539 2698; x_wconf 86' lang='lat' dir='ltr'>saltem</span> <span class='ocrx_word' id='word_1_178' title='bbox 1561 2656 1654 2699; x_wconf 89' lang='lat' dir='ltr'>se-</span> 
     </span>
     <span class='ocr_line' id='line_1_32' title="bbox 282 2722 1648 2796; baseline -0.003 -13"><span class='ocrx_word' id='word_1_179' title='bbox 282 2727 534 2784; x_wconf 90' lang='lat' dir='ltr'>cundum</span> <span class='ocrx_word' id='word_1_180' title='bbox 556 2742 616 2781; x_wconf 89' lang='lat' dir='ltr'>se</span> <span class='ocrx_word' id='word_1_181' title='bbox 629 2722 1005 2790; x_wconf 84' lang='lat' dir='ltr'>considerata,</span> <span class='ocrx_word' id='word_1_182' title='bbox 1026 2724 1151 2780; x_wconf 83' lang='lat' dir='ltr'>sive</span> <span class='ocrx_word' id='word_1_183' title='bbox 1168 2725 1338 2779; x_wconf 91' lang='lat' dir='ltr'>homo</span> <span class='ocrx_word' id='word_1_184' title='bbox 1351 2723 1427 2779; x_wconf 92' lang='lat' dir='ltr'>sit</span> <span class='ocrx_word' id='word_1_185' title='bbox 1442 2724 1648 2796; x_wconf 89' lang='lat' dir='ltr'>justus,</span> 
     </span>
     <span class='ocr_line' id='line_1_33' title="bbox 279 2803 1652 2881; baseline -0.003 -18"><span class='ocrx_word' id='word_1_186' title='bbox 279 2809 405 2865; x_wconf 84' lang='lat' dir='ltr'>sive</span> <span class='ocrx_word' id='word_1_187' title='bbox 427 2812 700 2881; x_wconf 90' lang='lat' dir='ltr'>peccator.</span> <span class='ocrx_word' id='word_1_188' title='bbox 729 2803 974 2868; x_wconf 86' lang='lat' dir='ltr'>Quidam</span> <span class='ocrx_word' id='word_1_189' title='bbox 1003 2811 1195 2861; x_wconf 90' lang='lat' dir='ltr'>autem</span> <span class='ocrx_word' id='word_1_190' title='bbox 1225 2803 1395 2878; x_wconf 83' lang='lat' dir='ltr'>hujus</span> <span class='ocrx_word' id='word_1_191' title='bbox 1420 2804 1652 2876; x_wconf 86' lang='lat' dir='ltr'>opinio-</span> 
     </span>
     <span class='ocr_line' id='line_1_34' title="bbox 282 2885 1652 2963; baseline -0.002 -19"><span class='ocrx_word' id='word_1_192' title='bbox 282 2889 375 2944; x_wconf 90' lang='lat' dir='ltr'>nis</span> <span class='ocrx_word' id='word_1_193' title='bbox 404 2888 631 2963; x_wconf 88' lang='lat' dir='ltr'>patroni</span> <span class='ocrx_word' id='word_1_194' title='bbox 659 2902 788 2943; x_wconf 89' lang='lat' dir='ltr'>eam</span> <span class='ocrx_word' id='word_1_195' title='bbox 817 2887 1175 2960; x_wconf 86' lang='lat' dir='ltr'>restringunt</span> <span class='ocrx_word' id='word_1_196' title='bbox 1208 2885 1278 2942; x_wconf 91' lang='lat' dir='ltr'>ad</span> <span class='ocrx_word' id='word_1_197' title='bbox 1309 2901 1481 2957; x_wconf 88' lang='lat' dir='ltr'>opera</span> <span class='ocrx_word' id='word_1_198' title='bbox 1522 2901 1652 2941; x_wconf 90' lang='lat' dir='ltr'>mo-</span> 
     </span>
     <span class='ocr_line' id='line_1_35' title="bbox 284 2967 1654 3040; baseline -0.001 -16"><span class='ocrx_word' id='word_1_199' title='bbox 284 2971 483 3027; x_wconf 78' lang='lat' dir='ltr'>raliter</span> <span class='ocrx_word' id='word_1_200' title='bbox 511 2969 676 3032; x_wconf 88' lang='lat' dir='ltr'>bona,</span> <span class='ocrx_word' id='word_1_201' title='bbox 707 2983 830 3040; x_wconf 81' lang='lat' dir='ltr'>quae</span> <span class='ocrx_word' id='word_1_202' title='bbox 854 2969 1016 3023; x_wconf 90' lang='lat' dir='ltr'>nulla</span> <span class='ocrx_word' id='word_1_203' title='bbox 1043 2967 1474 3024; x_wconf 85' lang='lat' dir='ltr'>circumstantia</span> <span class='ocrx_word' id='word_1_204' title='bbox 1497 2968 1654 3022; x_wconf 83' lang='lat' dir='ltr'>mala</span> 
     </span>
     <span class='ocr_line' id='line_1_36' title="bbox 281 3046 1647 3118; baseline -0.004 -13"><span class='ocrx_word' id='word_1_205' title='bbox 281 3049 561 3106; x_wconf 85' lang='lat' dir='ltr'>vitientur</span> <span class='ocrx_word' id='word_1_206' title='bbox 582 3073 594 3114; x_wconf 90' lang='lat'>;</span> <span class='ocrx_word' id='word_1_207' title='bbox 612 3048 764 3104; x_wconf 86' lang='lat' dir='ltr'>etita</span> <span class='ocrx_word' id='word_1_208' title='bbox 784 3046 988 3103; x_wconf 90' lang='lat' dir='ltr'>docent</span> <span class='ocrx_word' id='word_1_209' title='bbox 1002 3048 1259 3118; x_wconf 85' lang='lat' dir='ltr'>Capreol.</span> <span class='ocrx_word' id='word_1_210' title='bbox 1281 3049 1342 3101; x_wconf 80' lang='lat' dir='ltr'>in</span> <span class='ocrx_word' id='word_1_211' title='bbox 1356 3047 1647 3112; x_wconf 75' lang='lat' dir='ltr'>2,dist.28‚</span> 
     </span>
     <span class='ocr_line' id='line_1_37' title="bbox 278 3125 1655 3202; baseline -0.004 -17"><span class='ocrx_word' id='word_1_212' title='bbox 278 3138 463 3202; x_wconf 61' lang='lat' dir='ltr'>quest.</span> <span class='ocrx_word' id='word_1_213' title='bbox 491 3133 640 3185; x_wconf 79' lang='lat' dir='ltr'>unic.</span> <span class='ocrx_word' id='word_1_214' title='bbox 668 3128 743 3182; x_wconf 86' lang='lat' dir='ltr'>ad</span> <span class='ocrx_word' id='word_1_215' title='bbox 783 3129 838 3192; x_wconf 90' lang='lat'>8,</span> <span class='ocrx_word' id='word_1_216' title='bbox 870 3136 1060 3183; x_wconf 84' lang='lat' dir='ltr'>contra</span> <span class='ocrx_word' id='word_1_217' title='bbox 1108 3129 1161 3188; x_wconf 78' lang='lat'>2,</span> <span class='ocrx_word' id='word_1_218' title='bbox 1207 3125 1440 3181; x_wconf 86' lang='lat' dir='ltr'>Medina</span> <span class='ocrx_word' id='word_1_219' title='bbox 1481 3127 1655 3181; x_wconf 89' lang='lat' dir='ltr'>Com-</span> 
     </span>
     <span class='ocr_line' id='line_1_38' title="bbox 280 3206 1654 3282; baseline -0.005 -17"><span class='ocrx_word' id='word_1_220' title='bbox 280 3211 561 3281; x_wconf 88' lang='lat' dir='ltr'>plutensis</span> <span class='ocrx_word' id='word_1_221' title='bbox 624 3208 686 3262; x_wconf 83' lang='lat' dir='ltr'>de</span> <span class='ocrx_word' id='word_1_222' title='bbox 743 3210 1021 3279; x_wconf 57' lang='lat' dir='ltr'>satisfact.</span> <span class='ocrx_word' id='word_1_223' title='bbox 1075 3212 1258 3282; x_wconf 61' lang='lat' dir='ltr'>quaest.</span> <span class='ocrx_word' id='word_1_224' title='bbox 1321 3207 1376 3271; x_wconf 76' lang='lat'>2,</span> <span class='ocrx_word' id='word_1_225' title='bbox 1435 3206 1654 3259; x_wconf 87' lang='lat' dir='ltr'>Gerson</span> 
     </span>
     <span class='ocr_line' id='line_1_39' title="bbox 280 3284 1647 3357; baseline -0.007 -12"><span class='ocrx_word' id='word_1_226' title='bbox 280 3290 399 3345; x_wconf 84' lang='lat' dir='ltr'>lect.</span> <span class='ocrx_word' id='word_1_227' title='bbox 418 3292 473 3355; x_wconf 88' lang='lat'>4,</span> <span class='ocrx_word' id='word_1_228' title='bbox 494 3292 556 3344; x_wconf 87' lang='lat' dir='ltr'>de</span> <span class='ocrx_word' id='word_1_229' title='bbox 578 3290 695 3342; x_wconf 81' lang='lat' dir='ltr'>vita</span> <span class='ocrx_word' id='word_1_230' title='bbox 715 3287 1024 3357; x_wconf 78' lang='lat' dir='ltr'>spirituali,</span> <span class='ocrx_word' id='word_1_231' title='bbox 1051 3287 1281 3339; x_wconf 83' lang='lat' dir='ltr'>Arauxo</span> <span class='ocrx_word' id='word_1_232' title='bbox 1304 3285 1363 3338; x_wconf 80' lang='lat' dir='ltr'>in</span> <span class='ocrx_word' id='word_1_233' title='bbox 1382 3284 1647 3354; x_wconf 51' lang='lat' dir='ltr'>praesenti,</span> 
     </span>
     <span class='ocr_line' id='line_1_40' title="bbox 277 3361 1653 3435; baseline -0.004 -13"><span class='ocrx_word' id='word_1_234' title='bbox 277 3369 408 3422; x_wconf 82' lang='lat' dir='ltr'>dub.</span> <span class='ocrx_word' id='word_1_235' title='bbox 432 3372 614 3430; x_wconf 83' lang='lat' dir='ltr'>unico,</span> <span class='ocrx_word' id='word_1_236' title='bbox 646 3365 882 3419; x_wconf 73' lang='lat' dir='ltr'>conclus.</span> <span class='ocrx_word' id='word_1_237' title='bbox 929 3366 974 3428; x_wconf 90' lang='lat'>1,</span> <span class='ocrx_word' id='word_1_238' title='bbox 1017 3369 1073 3419; x_wconf 91' lang='lat' dir='ltr'>et</span> <span class='ocrx_word' id='word_1_239' title='bbox 1121 3363 1224 3418; x_wconf 90' lang='lat' dir='ltr'>alii</span> <span class='ocrx_word' id='word_1_240' title='bbox 1267 3363 1479 3435; x_wconf 89' lang='lat' dir='ltr'>plures.</span> <span class='ocrx_word' id='word_1_241' title='bbox 1511 3361 1653 3425; x_wconf 90' lang='lat' dir='ltr'>Qui-</span> 
     </span>
     <span class='ocr_line' id='line_1_41' title="bbox 279 3442 1654 3517; baseline -0.007 -9"><span class='ocrx_word' id='word_1_242' title='bbox 279 3450 415 3508; x_wconf 89' lang='lat' dir='ltr'>dam</span> <span class='ocrx_word' id='word_1_243' title='bbox 438 3465 576 3507; x_wconf 85' lang='lat' dir='ltr'>vero</span> <span class='ocrx_word' id='word_1_244' title='bbox 597 3464 723 3504; x_wconf 88' lang='lat' dir='ltr'>eam</span> <span class='ocrx_word' id='word_1_245' title='bbox 753 3446 1072 3504; x_wconf 87' lang='lat' dir='ltr'>extendunt</span> <span class='ocrx_word' id='word_1_246' title='bbox 1093 3444 1161 3501; x_wconf 90' lang='lat' dir='ltr'>ad</span> <span class='ocrx_word' id='word_1_247' title='bbox 1191 3460 1364 3517; x_wconf 89' lang='lat' dir='ltr'>opera</span> <span class='ocrx_word' id='word_1_248' title='bbox 1406 3442 1654 3499; x_wconf 87' lang='lat' dir='ltr'>moralia</span> 
     </span>
     <span class='ocr_line' id='line_1_42' title="bbox 284 3523 1654 3602; baseline -0.007 -12"><span class='ocrx_word' id='word_1_249' title='bbox 284 3549 401 3590; x_wconf 91' lang='lat' dir='ltr'>non</span> <span class='ocrx_word' id='word_1_250' title='bbox 452 3529 824 3602; x_wconf 88' lang='lat' dir='ltr'>undequaque</span> <span class='ocrx_word' id='word_1_251' title='bbox 872 3527 1042 3593; x_wconf 88' lang='lat' dir='ltr'>bona,</span> <span class='ocrx_word' id='word_1_252' title='bbox 1093 3525 1193 3583; x_wconf 90' lang='lat' dir='ltr'>sed</span> <span class='ocrx_word' id='word_1_253' title='bbox 1237 3526 1411 3582; x_wconf 88' lang='lat' dir='ltr'>etiam</span> <span class='ocrx_word' id='word_1_254' title='bbox 1462 3523 1654 3595; x_wconf 86' lang='lat' dir='ltr'>aliqua</span> 
     </span>
     <span class='ocr_line' id='line_1_43' title="bbox 285 3605 1654 3677; baseline -0.009 -6"><span class='ocrx_word' id='word_1_255' title='bbox 285 3609 720 3671; x_wconf 84' lang='lat' dir='ltr'>circumstantia</span> <span class='ocrx_word' id='word_1_256' title='bbox 741 3610 970 3677; x_wconf 87' lang='lat' dir='ltr'>vitiata;</span> <span class='ocrx_word' id='word_1_257' title='bbox 997 3607 1152 3664; x_wconf 88' lang='lat' dir='ltr'>etita</span> <span class='ocrx_word' id='word_1_258' title='bbox 1175 3605 1465 3662; x_wconf 87' lang='lat' dir='ltr'>affirmant</span> <span class='ocrx_word' id='word_1_259' title='bbox 1485 3605 1654 3659; x_wconf 84' lang='lat' dir='ltr'>Alen-</span> 
     </span>
     <span class='ocr_line' id='line_1_44' title="bbox 285 3689 1653 3770; baseline -0.009 -17"><span class='ocrx_word' id='word_1_260' title='bbox 285 3697 366 3752; x_wconf 86' lang='lat' dir='ltr'>sis</span> <span class='ocrx_word' id='word_1_261' title='bbox 399 3700 552 3768; x_wconf 85' lang='lat' dir='ltr'>part.</span> <span class='ocrx_word' id='word_1_262' title='bbox 599 3695 650 3757; x_wconf 76' lang='lat'>4,</span> <span class='ocrx_word' id='word_1_263' title='bbox 696 3699 875 3770; x_wconf 79' lang='lat' dir='ltr'>quaest.</span> <span class='ocrx_word' id='word_1_264' title='bbox 905 3693 997 3758; x_wconf 80' lang='lat'>45,</span> <span class='ocrx_word' id='word_1_265' title='bbox 1030 3689 1253 3745; x_wconf 84' lang='lat' dir='ltr'>membr.</span> <span class='ocrx_word' id='word_1_266' title='bbox 1296 3689 1341 3751; x_wconf 90' lang='lat' dir='ltr'>l,</span> <span class='ocrx_word' id='word_1_267' title='bbox 1374 3689 1438 3742; x_wconf 91' lang='lat' dir='ltr'>D.</span> <span class='ocrx_word' id='word_1_268' title='bbox 1471 3689 1653 3742; x_wconf 85' lang='lat' dir='ltr'>Anto-</span> 
     </span>
     <span class='ocr_line' id='line_1_45' title="bbox 288 3767 1646 3849; baseline -0.01 -15"><span class='ocrx_word' id='word_1_269' title='bbox 288 3777 412 3834; x_wconf 91' lang='lat' dir='ltr'>nin.</span> <span class='ocrx_word' id='word_1_270' title='bbox 446 3778 650 3849; x_wconf 86' lang='lat' dir='ltr'>4part.</span> <span class='ocrx_word' id='word_1_271' title='bbox 678 3777 764 3830; x_wconf 80' lang='lat' dir='ltr'>tit.</span> <span class='ocrx_word' id='word_1_272' title='bbox 791 3775 844 3842; x_wconf 87' lang='lat'>9,</span> <span class='ocrx_word' id='word_1_273' title='bbox 875 3792 997 3846; x_wconf 84' lang='lat' dir='ltr'>cap.</span> <span class='ocrx_word' id='word_1_274' title='bbox 1025 3776 1139 3841; x_wconf 57' lang='lat' dir='ltr'>7,ss</span> <span class='ocrx_word' id='word_1_275' title='bbox 1166 3773 1221 3836; x_wconf 83' lang='lat'>4,</span> <span class='ocrx_word' id='word_1_276' title='bbox 1256 3767 1486 3825; x_wconf 83' lang='lat' dir='ltr'>Gabriel</span> <span class='ocrx_word' id='word_1_277' title='bbox 1510 3770 1568 3823; x_wconf 85' lang='lat' dir='ltr'>in</span> <span class='ocrx_word' id='word_1_278' title='bbox 1592 3769 1646 3835; x_wconf 90' lang='grc'>4,</span> 
     </span>
     <span class='ocr_line' id='line_1_46' title="bbox 285 3851 1645 3935; baseline -0.007 -20"><span class='ocrx_word' id='word_1_279' title='bbox 285 3861 415 3916; x_wconf 75' lang='lat' dir='ltr'>dist.</span> <span class='ocrx_word' id='word_1_280' title='bbox 443 3861 524 3926; x_wconf 89' lang='grc'>16,</span> <span class='ocrx_word' id='word_1_281' title='bbox 545 3864 724 3935; x_wconf 72' lang='lat' dir='ltr'>quaest.</span> <span class='ocrx_word' id='word_1_282' title='bbox 746 3859 800 3922; x_wconf 80' lang='lat'>2,</span> <span class='ocrx_word' id='word_1_283' title='bbox 816 3857 945 3912; x_wconf 81' lang='lat' dir='ltr'>dub.</span> <span class='ocrx_word' id='word_1_284' title='bbox 961 3858 1016 3920; x_wconf 85' lang='lat'>4,</span> <span class='ocrx_word' id='word_1_285' title='bbox 1037 3854 1327 3909; x_wconf 85' lang='lat' dir='ltr'>Adrianus</span> <span class='ocrx_word' id='word_1_286' title='bbox 1349 3851 1645 3930; x_wconf 62' lang='lat' dir='ltr'>quodlib&amp;</span> 
     </span>
     <span class='ocr_line' id='line_1_47' title="bbox 284 3930 1652 4009; baseline -0.01 -10"><span class='ocrx_word' id='word_1_287' title='bbox 284 3948 342 3999; x_wconf 88' lang='lat' dir='ltr'>et</span> <span class='ocrx_word' id='word_1_288' title='bbox 379 3941 506 3998; x_wconf 93' lang='lat' dir='ltr'>alii.</span> <span class='ocrx_word' id='word_1_289' title='bbox 555 3938 662 3995; x_wconf 74' lang='lat' dir='ltr'>Sed</span> <span class='ocrx_word' id='word_1_290' title='bbox 709 3938 802 3994; x_wconf 89' lang='lat' dir='ltr'>hic</span> <span class='ocrx_word' id='word_1_291' title='bbox 851 3937 1130 4009; x_wconf 90' lang='lat' dir='ltr'>posterior</span> <span class='ocrx_word' id='word_1_292' title='bbox 1176 3934 1403 3991; x_wconf 88' lang='lat' dir='ltr'>dicendi</span> <span class='ocrx_word' id='word_1_293' title='bbox 1450 3930 1652 3988; x_wconf 86' lang='lat' dir='ltr'>modus</span> 
     </span>
     <span class='ocr_line' id='line_1_48' title="bbox 285 4014 1651 4093; baseline -0.01 -12"><span class='ocrx_word' id='word_1_294' title='bbox 285 4025 511 4081; x_wconf 89' lang='lat' dir='ltr'>nullam</span> <span class='ocrx_word' id='word_1_295' title='bbox 530 4022 647 4077; x_wconf 82' lang='lat' dir='ltr'>sere</span> <span class='ocrx_word' id='word_1_296' title='bbox 666 4018 1129 4093; x_wconf 88' lang='lat' dir='ltr'>probabilitatem</span> <span class='ocrx_word' id='word_1_297' title='bbox 1156 4016 1351 4082; x_wconf 86' lang='lat' dir='ltr'>habet;</span> <span class='ocrx_word' id='word_1_298' title='bbox 1377 4014 1651 4088; x_wconf 90' lang='lat' dir='ltr'>quoniam</span> 
     </span>
     <span class='ocr_line' id='line_1_49' title="bbox 206 4094 1653 4163; baseline -0.01 -1"><span class='ocrx_word' id='word_1_299' title='bbox 206 4153 209 4156; x_wconf 96' lang='lat'>.</span> <span class='ocrx_word' id='word_1_300' title='bbox 282 4105 558 4163; x_wconf 89' lang='lat' dir='ltr'>meritum</span> <span class='ocrx_word' id='word_1_301' title='bbox 600 4100 875 4157; x_wconf 83' lang='lat' dir='ltr'>fundatur</span> <span class='ocrx_word' id='word_1_302' title='bbox 926 4100 987 4154; x_wconf 91' lang='lat' dir='ltr'>in</span> <span class='ocrx_word' id='word_1_303' title='bbox 1031 4097 1284 4155; x_wconf 89' lang='lat' dir='ltr'>bonitate</span> <span class='ocrx_word' id='word_1_304' title='bbox 1330 4094 1557 4158; x_wconf 89' lang='lat' dir='ltr'>morali,</span> <span class='ocrx_word' id='word_1_305' title='bbox 1592 4097 1653 4149; x_wconf 85' lang='lat' dir='ltr'>ut</span> 
     </span>
     <span class='ocr_line' id='line_1_50' title="bbox 282 4177 1644 4253; baseline -0.011 -9"><span class='ocrx_word' id='word_1_306' title='bbox 282 4187 485 4244; x_wconf 88' lang='lat' dir='ltr'>docent</span> <span class='ocrx_word' id='word_1_307' title='bbox 526 4183 914 4242; x_wconf 90' lang='lat' dir='ltr'>communiter</span> <span class='ocrx_word' id='word_1_308' title='bbox 952 4180 1227 4253; x_wconf 83' lang='lat' dir='ltr'>‘sheologi</span> <span class='ocrx_word' id='word_1_309' title='bbox 1281 4200 1294 4233; x_wconf 76' lang='grc' dir='ltr'><strong>ε</strong></span> <span class='ocrx_word' id='word_1_310' title='bbox 1348 4177 1443 4234; x_wconf 88' lang='lat' dir='ltr'>sed</span> <span class='ocrx_word' id='word_1_311' title='bbox 1485 4192 1644 4249; x_wconf 79' lang='lat' dir='ltr'>opuS,</span> 
     </span>
     <span class='ocr_line' id='line_1_51' title="bbox 281 4260 1648 4342; baseline -0.009 -16"><span class='ocrx_word' id='word_1_312' title='bbox 281 4269 430 4342; x_wconf 91' lang='lat' dir='ltr'>quod</span> <span class='ocrx_word' id='word_1_313' title='bbox 460 4269 650 4340; x_wconf 85' lang='lat' dir='ltr'>aliqua</span> <span class='ocrx_word' id='word_1_314' title='bbox 672 4264 1102 4322; x_wconf 86' lang='lat' dir='ltr'>circumstantia</span> <span class='ocrx_word' id='word_1_315' title='bbox 1133 4261 1391 4325; x_wconf 79' lang='lat' dir='ltr'>vitiatur,</span> <span class='ocrx_word' id='word_1_316' title='bbox 1426 4260 1648 4316; x_wconf 88' lang='lat' dir='ltr'>nullam</span> 
     </span>
     <span class='ocr_line' id='line_1_52' title="bbox 283 4340 1650 4409; baseline -0.01 -1"><span class='ocrx_word' id='word_1_317' title='bbox 283 4351 451 4409; x_wconf 90' lang='lat' dir='ltr'>habet</span> <span class='ocrx_word' id='word_1_318' title='bbox 492 4349 806 4407; x_wconf 87' lang='lat' dir='ltr'>bonitatem</span> <span class='ocrx_word' id='word_1_319' title='bbox 858 4346 1159 4409; x_wconf 86' lang='lat' dir='ltr'>moralem,</span> <span class='ocrx_word' id='word_1_320' title='bbox 1192 4347 1255 4396; x_wconf 88' lang='lat' dir='ltr'>ut</span> <span class='ocrx_word' id='word_1_321' title='bbox 1295 4340 1650 4399; x_wconf 87' lang='lat' dir='ltr'>ostendimus</span> 
     </span>
     <span class='ocr_line' id='line_1_53' title="bbox 280 4419 1651 4501; baseline -0.01 -12"><span class='ocrx_word' id='word_1_322' title='bbox 280 4440 442 4489; x_wconf 78' lang='lat' dir='ltr'>tract.</span> <span class='ocrx_word' id='word_1_323' title='bbox 484 4433 568 4494; x_wconf 90' lang='lat' dir='ltr'>ll,</span> <span class='ocrx_word' id='word_1_324' title='bbox 599 4429 799 4501; x_wconf 77' lang='lat' dir='ltr'>disput.</span> <span class='ocrx_word' id='word_1_325' title='bbox 830 4428 881 4493; x_wconf 88' lang='grc'>6,</span> <span class='ocrx_word' id='word_1_326' title='bbox 912 4426 1039 4480; x_wconf 77' lang='lat' dir='ltr'>dub.</span> <span class='ocrx_word' id='word_1_327' title='bbox 1083 4428 1130 4492; x_wconf 88' lang='lat'>1;</span> <span class='ocrx_word' id='word_1_328' title='bbox 1154 4439 1290 4497; x_wconf 83' lang='lat' dir='ltr'>ergo</span> <span class='ocrx_word' id='word_1_329' title='bbox 1311 4438 1468 4495; x_wconf 79' lang='lat' dir='ltr'>opuS,</span> <span class='ocrx_word' id='word_1_330' title='bbox 1501 4419 1651 4493; x_wconf 86' lang='lat' dir='ltr'>quod</span> 
     </span>
     <span class='ocr_line' id='line_1_54' title="bbox 281 4502 1650 4586; baseline -0.011 -17"><span class='ocrx_word' id='word_1_331' title='bbox 281 4513 476 4586; x_wconf 90' lang='lat' dir='ltr'>aliqua</span> <span class='ocrx_word' id='word_1_332' title='bbox 503 4506 933 4565; x_wconf 82' lang='lat' dir='ltr'>circumstantia</span> <span class='ocrx_word' id='word_1_333' title='bbox 962 4505 1218 4568; x_wconf 81' lang='lat' dir='ltr'>vitiatur,</span> <span class='ocrx_word' id='word_1_334' title='bbox 1247 4502 1475 4558; x_wconf 91' lang='lat' dir='ltr'>nullum</span> <span class='ocrx_word' id='word_1_335' title='bbox 1502 4515 1650 4572; x_wconf 73' lang='lat' dir='ltr'>prae-</span> 
     </span>
     <span class='ocr_line' id='line_1_55' title="bbox 282 4580 1650 4659; baseline -0.01 -10"><span class='ocrx_word' id='word_1_336' title='bbox 282 4593 469 4649; x_wconf 91' lang='lat' dir='ltr'>mium</span> <span class='ocrx_word' id='word_1_337' title='bbox 511 4595 789 4645; x_wconf 87' lang='lat' dir='ltr'>meretur.</span> <span class='ocrx_word' id='word_1_338' title='bbox 820 4585 1198 4659; x_wconf 70' lang='lat' dir='ltr'>subjiciemus</span> <span class='ocrx_word' id='word_1_339' title='bbox 1243 4588 1433 4639; x_wconf 88' lang='lat' dir='ltr'>tamen</span> <span class='ocrx_word' id='word_1_340' title='bbox 1462 4580 1650 4637; x_wconf 90' lang='lat' dir='ltr'>indis-</span> 
     </span>
     <span class='ocr_line' id='line_1_56' title="bbox 280 4661 1648 4736; baseline -0.009 -7"><span class='ocrx_word' id='word_1_341' title='bbox 280 4671 641 4736; x_wconf 86' lang='lat' dir='ltr'>criminatim</span> <span class='ocrx_word' id='word_1_342' title='bbox 703 4667 1077 4723; x_wconf 85' lang='lat' dir='ltr'>fundamenta</span> <span class='ocrx_word' id='word_1_343' title='bbox 1137 4664 1432 4735; x_wconf 90' lang='lat' dir='ltr'>utriusque</span> <span class='ocrx_word' id='word_1_344' title='bbox 1488 4661 1648 4718; x_wconf 90' lang='lat' dir='ltr'>modi</span> 
     </span>
     <span class='ocr_line' id='line_1_57' title="bbox 280 4748 1324 4823; baseline -0.011 -11"><span class='ocrx_word' id='word_1_345' title='bbox 280 4752 528 4818; x_wconf 89' lang='lat' dir='ltr'>dicendi,</span> <span class='ocrx_word' id='word_1_346' title='bbox 560 4752 696 4823; x_wconf 87' lang='lat' dir='ltr'>quia</span> <span class='ocrx_word' id='word_1_347' title='bbox 723 4756 921 4807; x_wconf 89' lang='lat' dir='ltr'>mutuo</span> <span class='ocrx_word' id='word_1_348' title='bbox 942 4765 1003 4805; x_wconf 88' lang='lat' dir='ltr'>se</span> <span class='ocrx_word' id='word_1_349' title='bbox 1031 4748 1324 4822; x_wconf 82' lang='lat' dir='ltr'>adjuvant.</span> 
     </span>
    </p>

    <p class='ocr_par' dir='ltr' id='par_1_9' title="bbox 362 4826 1649 4907">
     <span class='ocr_line' id='line_1_58' title="bbox 362 4826 1649 4907; baseline -0.005 -17"><span class='ocrx_word' id='word_1_350' title='bbox 362 4836 482 4890; x_wconf 86' lang='lat'>118.</span> <span class='ocrx_word' id='word_1_351' title='bbox 505 4834 778 4907; x_wconf 83' lang='lat' dir='ltr'>Arguitur</span> <span class='ocrx_word' id='word_1_352' title='bbox 800 4847 934 4906; x_wconf 83' lang='lat' dir='ltr'>ergo</span> <span class='ocrx_word' id='word_1_353' title='bbox 956 4831 1178 4903; x_wconf 84' lang='lat' dir='ltr'>primo:</span> <span class='ocrx_word' id='word_1_354' title='bbox 1209 4826 1483 4901; x_wconf 87' lang='lat' dir='ltr'>quoniam</span> <span class='ocrx_word' id='word_1_355' title='bbox 1502 4826 1649 4883; x_wconf 89' lang='lat' dir='ltr'>ratio</span> 
     </span>
    </p>
   </div>
   <div class='ocr_carea' id='block_1_8' title="bbox 277 4987 1650 5155">
    <p class='ocr_par' dir='ltr' id='par_1_10' title="bbox 277 4987 1650 5155">
     <span class='ocr_line' id='line_1_59' title="bbox 280 4987 1649 5071; baseline -0.008 -17"><span class='ocrx_word' id='word_1_356' title='bbox 280 5013 379 5071; x_wconf 91' lang='lat' dir='ltr'>per</span> <span class='ocrx_word' id='word_1_357' title='bbox 408 4994 644 5052; x_wconf 89' lang='lat' dir='ltr'>modum</span> <span class='ocrx_word' id='word_1_358' title='bbox 670 4993 969 5067; x_wconf 76' lang='lat' dir='ltr'>passioniS‚</span> <span class='ocrx_word' id='word_1_359' title='bbox 1005 4997 1065 5047; x_wconf 90' lang='lat' dir='ltr'>ut</span> <span class='ocrx_word' id='word_1_360' title='bbox 1090 4992 1229 5047; x_wconf 87' lang='lat' dir='ltr'>satis</span> <span class='ocrx_word' id='word_1_361' title='bbox 1272 4993 1464 5061; x_wconf 88' lang='lat' dir='ltr'>aperte</span> <span class='ocrx_word' id='word_1_362' title='bbox 1491 4987 1649 5045; x_wconf 89' lang='lat' dir='ltr'>docet</span> 
     </span>
     <span class='ocr_line' id='line_1_60' title="bbox 277 5071 1650 5155; baseline -0.007 -19"><span class='ocrx_word' id='word_1_363' title='bbox 277 5084 344 5139; x_wconf 91' lang='lat' dir='ltr'>D.</span> <span class='ocrx_word' id='word_1_364' title='bbox 364 5080 569 5137; x_wconf 89' lang='lat' dir='ltr'>Thom.</span> <span class='ocrx_word' id='word_1_365' title='bbox 594 5078 697 5133; x_wconf 80' lang='lat' dir='ltr'>bac</span> <span class='ocrx_word' id='word_1_366' title='bbox 728 5076 1123 5155; x_wconf 75' lang='lat' dir='ltr'>l,2,qu:est.21,</span> <span class='ocrx_word' id='word_1_367' title='bbox 1141 5081 1251 5130; x_wconf 85' lang='lat' dir='ltr'>art.</span> <span class='ocrx_word' id='word_1_368' title='bbox 1269 5075 1324 5141; x_wconf 83' lang='lat'>43</span> <span class='ocrx_word' id='word_1_369' title='bbox 1344 5071 1439 5129; x_wconf 88' lang='lat' dir='ltr'>sed</span> <span class='ocrx_word' id='word_1_370' title='bbox 1464 5072 1650 5145; x_wconf 86' lang='lat' dir='ltr'>passio</span> 
     </span>
    </p>
   </div>
   <div class='ocr_carea' id='block_1_9' title="bbox 1785 601 3357 2959">
    <p class='ocr_par' dir='ltr' id='par_1_11' title="bbox 1795 601 3166 982">
     <span class='ocr_line' id='line_1_61' title="bbox 1797 601 3166 677; baseline 0.001 -19"><span class='ocrx_word' id='word_1_371' title='bbox 1797 601 2105 659; x_wconf 89' lang='lat' dir='ltr'>comitatur</span> <span class='ocrx_word' id='word_1_372' title='bbox 2142 603 2472 668; x_wconf 86' lang='lat' dir='ltr'>essentiam,</span> <span class='ocrx_word' id='word_1_373' title='bbox 2502 603 2847 677; x_wconf 89' lang='lat' dir='ltr'>ubicumque</span> <span class='ocrx_word' id='word_1_374' title='bbox 2881 604 2955 660; x_wconf 86' lang='lat' dir='ltr'>sit</span> <span class='ocrx_word' id='word_1_375' title='bbox 2990 625 3003 659; x_wconf 91' lang='lat'>:</span> <span class='ocrx_word' id='word_1_376' title='bbox 3031 620 3166 677; x_wconf 84' lang='lat' dir='ltr'>ergo</span> 
     </span>
     <span class='ocr_line' id='line_1_62' title="bbox 1798 684 3166 759; baseline 0.002 -21"><span class='ocrx_word' id='word_1_377' title='bbox 1798 689 1954 738; x_wconf 90' lang='lat' dir='ltr'>actus</span> <span class='ocrx_word' id='word_1_378' title='bbox 2019 684 2317 741; x_wconf 90' lang='lat' dir='ltr'>moraliter</span> <span class='ocrx_word' id='word_1_379' title='bbox 2376 684 2559 741; x_wconf 88' lang='lat' dir='ltr'>bonus</span> <span class='ocrx_word' id='word_1_380' title='bbox 2617 693 2874 742; x_wconf 89' lang='lat' dir='ltr'>meretur</span> <span class='ocrx_word' id='word_1_381' title='bbox 2935 685 3166 759; x_wconf 90' lang='lat' dir='ltr'>aliquod</span> 
     </span>
     <span class='ocr_line' id='line_1_63' title="bbox 1798 764 3161 840; baseline 0.004 -21"><span class='ocrx_word' id='word_1_382' title='bbox 1798 764 2105 836; x_wconf 84' lang='lat' dir='ltr'>praemium</span> <span class='ocrx_word' id='word_1_383' title='bbox 2134 787 2147 821; x_wconf 74' lang='grc' dir='ltr'><strong><em>ε</em></strong></span> <span class='ocrx_word' id='word_1_384' title='bbox 2176 781 2312 840; x_wconf 82' lang='lat' dir='ltr'>ergo</span> <span class='ocrx_word' id='word_1_385' title='bbox 2340 765 2470 823; x_wconf 88' lang='lat' dir='ltr'>licet</span> <span class='ocrx_word' id='word_1_386' title='bbox 2508 767 2771 824; x_wconf 90' lang='lat' dir='ltr'>eliciatur</span> <span class='ocrx_word' id='word_1_387' title='bbox 2800 784 2831 823; x_wconf 87' lang='lat' dir='ltr'>a</span> <span class='ocrx_word' id='word_1_388' title='bbox 2855 774 3161 840; x_wconf 86' lang='lat' dir='ltr'>peccatore,</span> 
     </span>
     <span class='ocr_line' id='line_1_64' title="bbox 1798 845 3164 921; baseline 0.004 -21"><span class='ocrx_word' id='word_1_389' title='bbox 1798 845 2116 902; x_wconf 89' lang='lat' dir='ltr'>merebitur</span> <span class='ocrx_word' id='word_1_390' title='bbox 2143 847 2348 903; x_wconf 87' lang='lat' dir='ltr'>saltem</span> <span class='ocrx_word' id='word_1_391' title='bbox 2396 847 2542 905; x_wconf 86' lang='lat' dir='ltr'>bona</span> <span class='ocrx_word' id='word_1_392' title='bbox 2592 850 2933 921; x_wconf 89' lang='lat' dir='ltr'>temporalia</span> <span class='ocrx_word' id='word_1_393' title='bbox 2960 866 3164 906; x_wconf 85' lang='lat' dir='ltr'>secun-</span> 
     </span>
     <span class='ocr_line' id='line_1_65' title="bbox 1795 923 2039 982; baseline 0.012 -4"><span class='ocrx_word' id='word_1_394' title='bbox 1795 923 1934 980; x_wconf 90' lang='lat' dir='ltr'>dum</span> <span class='ocrx_word' id='word_1_395' title='bbox 1961 942 2039 982; x_wconf 90' lang='lat' dir='ltr'>se.</span> 
     </span>
    </p>

    <p class='ocr_par' dir='ltr' id='par_1_12' title="bbox 1791 1004 3351 1797">
     <span class='ocr_line' id='line_1_66' title="bbox 1871 1004 3351 1079; baseline 0.005 -20"><span class='ocrx_word' id='word_1_396' title='bbox 1871 1004 2278 1072; x_wconf 78' lang='lat' dir='ltr'>confirmatur,</span> <span class='ocrx_word' id='word_1_397' title='bbox 2320 1006 2456 1079; x_wconf 88' lang='lat' dir='ltr'>quia</span> <span class='ocrx_word' id='word_1_398' title='bbox 2499 1011 2562 1061; x_wconf 88' lang='lat' dir='ltr'>ut</span> <span class='ocrx_word' id='word_1_399' title='bbox 2609 1005 2823 1064; x_wconf 88' lang='lat' dir='ltr'>ibidem</span> <span class='ocrx_word' id='word_1_400' title='bbox 2881 1006 3056 1064; x_wconf 90' lang='lat' dir='ltr'>tradit</span> <span class='ocrx_word' id='word_1_401' title='bbox 3104 1010 3158 1065; x_wconf 89' lang='lat' dir='ltr'>S.</span> <span class='ocrx_word' id='word_1_402' title='bbox 3194 1013 3351 1072; x_wconf 70' lang='lat' dir='ltr'>conar-</span> 
     </span>
     <span class='ocr_line' id='line_1_67' title="bbox 1794 1068 3348 1151; baseline 0.005 -11"><span class='ocrx_word' id='word_1_403' title='bbox 1794 1087 2017 1151; x_wconf 86' lang='lat' dir='ltr'>Doctor‚</span> <span class='ocrx_word' id='word_1_404' title='bbox 2049 1085 2241 1141; x_wconf 87' lang='lat' dir='ltr'>omnis</span> <span class='ocrx_word' id='word_1_405' title='bbox 2280 1093 2434 1143; x_wconf 91' lang='lat' dir='ltr'>actus</span> <span class='ocrx_word' id='word_1_406' title='bbox 2471 1088 2761 1144; x_wconf 87' lang='lat' dir='ltr'>humanus</span> <span class='ocrx_word' id='word_1_407' title='bbox 2800 1095 2886 1146; x_wconf 86' lang='lat' dir='ltr'>est</span> <span class='ocrx_word' id='word_1_408' title='bbox 2925 1088 3165 1146; x_wconf 88' lang='lat' dir='ltr'>merito·</span> <span class='ocrx_word' id='word_1_409' title='bbox 3204 1068 3348 1109; x_wconf 70' lang='lat'>¹¹¹³⁸¹⁰‘</span> 
     </span>
     <span class='ocr_line' id='line_1_68' title="bbox 1795 1166 3165 1230; baseline 0.005 -9"><span class='ocrx_word' id='word_1_410' title='bbox 1795 1166 1936 1230; x_wconf 85' lang='lat' dir='ltr'>rius,</span> <span class='ocrx_word' id='word_1_411' title='bbox 1974 1168 2064 1224; x_wconf 80' lang='lat' dir='ltr'>vel</span> <span class='ocrx_word' id='word_1_412' title='bbox 2090 1167 2500 1226; x_wconf 90' lang='lat' dir='ltr'>demeritorius</span> <span class='ocrx_word' id='word_1_413' title='bbox 2527 1193 2539 1227; x_wconf 92' lang='lat'>:</span> <span class='ocrx_word' id='word_1_414' title='bbox 2563 1170 2660 1228; x_wconf 90' lang='lat' dir='ltr'>sed</span> <span class='ocrx_word' id='word_1_415' title='bbox 2684 1176 2838 1228; x_wconf 85' lang='lat' dir='ltr'>actus</span> <span class='ocrx_word' id='word_1_416' title='bbox 2866 1172 3165 1228; x_wconf 87' lang='lat' dir='ltr'>moraliter</span> 
     </span>
     <span class='ocr_line' id='line_1_69' title="bbox 1794 1247 3166 1324; baseline 0.004 -20"><span class='ocrx_word' id='word_1_417' title='bbox 1794 1247 1979 1307; x_wconf 88' lang='lat' dir='ltr'>bonus</span> <span class='ocrx_word' id='word_1_418' title='bbox 2003 1250 2229 1308; x_wconf 88' lang='lat' dir='ltr'>elicitus</span> <span class='ocrx_word' id='word_1_419' title='bbox 2258 1269 2290 1308; x_wconf 87' lang='lat' dir='ltr'>a</span> <span class='ocrx_word' id='word_1_420' title='bbox 2319 1259 2607 1324; x_wconf 85' lang='lat' dir='ltr'>peccatore</span> <span class='ocrx_word' id='word_1_421' title='bbox 2634 1271 2750 1311; x_wconf 91' lang='lat' dir='ltr'>non</span> <span class='ocrx_word' id='word_1_422' title='bbox 2786 1259 2870 1311; x_wconf 86' lang='lat' dir='ltr'>est</span> <span class='ocrx_word' id='word_1_423' title='bbox 2909 1253 3166 1310; x_wconf 90' lang='lat' dir='ltr'>demeri-</span> 
     </span>
     <span class='ocr_line' id='line_1_70' title="bbox 1794 1328 3165 1408; baseline 0.004 -23"><span class='ocrx_word' id='word_1_424' title='bbox 1794 1331 1996 1397; x_wconf 88' lang='lat' dir='ltr'>torius,</span> <span class='ocrx_word' id='word_1_425' title='bbox 2029 1332 2290 1407; x_wconf 89' lang='lat' dir='ltr'>alioquin</span> <span class='ocrx_word' id='word_1_426' title='bbox 2336 1340 2590 1407; x_wconf 87' lang='lat' dir='ltr'>peccator</span> <span class='ocrx_word' id='word_1_427' title='bbox 2617 1328 2938 1394; x_wconf 81' lang='lat' dir='ltr'>mereretur</span> <span class='ocrx_word' id='word_1_428' title='bbox 2967 1335 3165 1408; x_wconf 88' lang='lat' dir='ltr'>puniri</span> 
     </span>
     <span class='ocr_line' id='line_1_71' title="bbox 1795 1416 3169 1491; baseline 0.004 -23"><span class='ocrx_word' id='word_1_429' title='bbox 1795 1418 2026 1486; x_wconf 92' lang='lat' dir='ltr'>propter</span> <span class='ocrx_word' id='word_1_430' title='bbox 2066 1431 2240 1488; x_wconf 86' lang='lat' dir='ltr'>opera</span> <span class='ocrx_word' id='word_1_431' title='bbox 2289 1416 2594 1473; x_wconf 85' lang='lat' dir='ltr'>moraliter</span> <span class='ocrx_word' id='word_1_432' title='bbox 2656 1417 2837 1486; x_wconf 87' lang='lat' dir='ltr'>bona,</span> <span class='ocrx_word' id='word_1_433' title='bbox 2888 1417 3037 1491; x_wconf 88' lang='lat' dir='ltr'>quod</span> <span class='ocrx_word' id='word_1_434' title='bbox 3083 1422 3169 1474; x_wconf 89' lang='lat' dir='ltr'>est</span> 
     </span>
     <span class='ocr_line' id='line_1_72' title="bbox 1793 1494 3166 1571; baseline 0.004 -22"><span class='ocrx_word' id='word_1_435' title='bbox 1793 1494 2035 1551; x_wconf 88' lang='lat' dir='ltr'>omnino</span> <span class='ocrx_word' id='word_1_436' title='bbox 2100 1496 2311 1552; x_wconf 89' lang='lat' dir='ltr'>falsum</span> <span class='ocrx_word' id='word_1_437' title='bbox 2370 1521 2383 1553; x_wconf 71' lang='grc' dir='ltr'><strong>ε</strong></span> <span class='ocrx_word' id='word_1_438' title='bbox 2438 1514 2576 1571; x_wconf 82' lang='lat' dir='ltr'>ergo</span> <span class='ocrx_word' id='word_1_439' title='bbox 2643 1506 2798 1555; x_wconf 89' lang='lat' dir='ltr'>actus</span> <span class='ocrx_word' id='word_1_440' title='bbox 2863 1498 3166 1556; x_wconf 90' lang='lat' dir='ltr'>moraliter</span> 
     </span>
     <span class='ocr_line' id='line_1_73' title="bbox 1793 1574 3163 1655; baseline 0.004 -25"><span class='ocrx_word' id='word_1_441' title='bbox 1793 1574 1975 1631; x_wconf 83' lang='lat' dir='ltr'>bonus</span> <span class='ocrx_word' id='word_1_442' title='bbox 2002 1594 2034 1633; x_wconf 89' lang='lat' dir='ltr'>a</span> <span class='ocrx_word' id='word_1_443' title='bbox 2062 1583 2350 1650; x_wconf 88' lang='lat' dir='ltr'>peccatore</span> <span class='ocrx_word' id='word_1_444' title='bbox 2389 1579 2615 1636; x_wconf 87' lang='lat' dir='ltr'>elicitus</span> <span class='ocrx_word' id='word_1_445' title='bbox 2642 1586 2899 1638; x_wconf 90' lang='lat' dir='ltr'>meretur</span> <span class='ocrx_word' id='word_1_446' title='bbox 2929 1579 3163 1655; x_wconf 91' lang='lat' dir='ltr'>aliquod</span> 
     </span>
     <span class='ocr_line' id='line_1_74' title="bbox 1794 1659 3161 1736; baseline 0.002 -22"><span class='ocrx_word' id='word_1_447' title='bbox 1794 1659 2119 1729; x_wconf 82' lang='lat' dir='ltr'>praemium,</span> <span class='ocrx_word' id='word_1_448' title='bbox 2150 1660 2354 1717; x_wconf 90' lang='lat' dir='ltr'>saltem</span> <span class='ocrx_word' id='word_1_449' title='bbox 2393 1660 2542 1719; x_wconf 89' lang='lat' dir='ltr'>bona</span> <span class='ocrx_word' id='word_1_450' title='bbox 2583 1662 2927 1736; x_wconf 86' lang='lat' dir='ltr'>temporalia</span> <span class='ocrx_word' id='word_1_451' title='bbox 2954 1678 3161 1721; x_wconf 90' lang='lat' dir='ltr'>secun-</span> 
     </span>
     <span class='ocr_line' id='line_1_75' title="bbox 1791 1739 2040 1797; baseline 0.008 -2"><span class='ocrx_word' id='word_1_452' title='bbox 1791 1739 2040 1797; x_wconf 86' lang='lat' dir='ltr'>dumse.</span> 
     </span>
    </p>

    <p class='ocr_par' dir='ltr' id='par_1_13' title="bbox 1785 1820 3357 2959">
     <span class='ocr_line' id='line_1_76' title="bbox 1865 1820 3357 1896; baseline 0.009 -21"><span class='ocrx_word' id='word_1_453' title='bbox 1865 1820 1954 1876; x_wconf 86' lang='lat' dir='ltr'>Ad</span> <span class='ocrx_word' id='word_1_454' title='bbox 2001 1827 2405 1896; x_wconf 82' lang='lat' dir='ltr'>argumentum</span> <span class='ocrx_word' id='word_1_455' title='bbox 2458 1825 2834 1896; x_wconf 89' lang='lat' dir='ltr'>respondetur</span> <span class='ocrx_word' id='word_1_456' title='bbox 2876 1828 3160 1885; x_wconf 90' lang='lat' dir='ltr'>rationem</span> <span class='ocrx_word' id='word_1_457' title='bbox 3191 1844 3357 1888; x_wconf 69' lang='lat' dir='ltr'>solutio</span> 
     </span>
     <span class='ocr_line' id='line_1_77' title="bbox 1790 1901 3346 1988; baseline 0.005 -31"><span class='ocrx_word' id='word_1_458' title='bbox 1790 1901 1989 1958; x_wconf 91' lang='lat' dir='ltr'>meriti</span> <span class='ocrx_word' id='word_1_459' title='bbox 2034 1918 2152 1959; x_wconf 91' lang='lat' dir='ltr'>non</span> <span class='ocrx_word' id='word_1_460' title='bbox 2180 1903 2447 1976; x_wconf 89' lang='lat' dir='ltr'>consequi</span> <span class='ocrx_word' id='word_1_461' title='bbox 2500 1904 2570 1960; x_wconf 90' lang='lat' dir='ltr'>ad</span> <span class='ocrx_word' id='word_1_462' title='bbox 2620 1905 2935 1963; x_wconf 87' lang='lat' dir='ltr'>bonitatem</span> <span class='ocrx_word' id='word_1_463' title='bbox 2963 1924 3160 1964; x_wconf 90' lang='lat' dir='ltr'>mora-</span> <span class='ocrx_word' id='word_1_464' title='bbox 3198 1905 3346 1988; x_wconf 49' lang='grc' dir='ltr'>ᾓξξξζὶ,</span> 
     </span>
     <span class='ocr_line' id='line_1_78' title="bbox 1792 1984 3160 2061; baseline 0.006 -22"><span class='ocrx_word' id='word_1_465' title='bbox 1792 1984 1929 2050; x_wconf 85' lang='lat' dir='ltr'>lem,</span> <span class='ocrx_word' id='word_1_466' title='bbox 1977 1985 2091 2041; x_wconf 90' lang='lat' dir='ltr'>nisi</span> <span class='ocrx_word' id='word_1_467' title='bbox 2119 1985 2426 2059; x_wconf 89' lang='lat' dir='ltr'>suppositis</span> <span class='ocrx_word' id='word_1_468' title='bbox 2473 1988 2760 2061; x_wconf 89' lang='lat' dir='ltr'>aliquibus</span> <span class='ocrx_word' id='word_1_469' title='bbox 2807 1989 3160 2047; x_wconf 91' lang='lat' dir='ltr'>conditioni-</span> 
     </span>
     <span class='ocr_line' id='line_1_79' title="bbox 1791 2065 3159 2139; baseline 0.007 -18"><span class='ocrx_word' id='word_1_470' title='bbox 1791 2065 1916 2131; x_wconf 89' lang='lat' dir='ltr'>bus,</span> <span class='ocrx_word' id='word_1_471' title='bbox 1955 2072 2151 2139; x_wconf 89' lang='lat' dir='ltr'>utputa</span> <span class='ocrx_word' id='word_1_472' title='bbox 2181 2073 2330 2125; x_wconf 87' lang='lat' dir='ltr'>statu</span> <span class='ocrx_word' id='word_1_473' title='bbox 2363 2069 2469 2125; x_wconf 79' lang='lat' dir='ltr'>viae</span> <span class='ocrx_word' id='word_1_474' title='bbox 2502 2091 2514 2125; x_wconf 92' lang='lat'><strong>:</strong></span> <span class='ocrx_word' id='word_1_475' title='bbox 2546 2072 2699 2127; x_wconf 89' lang='lat' dir='ltr'>inter</span> <span class='ocrx_word' id='word_1_476' title='bbox 2720 2088 2814 2128; x_wconf 90' lang='lat' dir='ltr'>eas</span> <span class='ocrx_word' id='word_1_477' title='bbox 2843 2078 3034 2128; x_wconf 87' lang='lat' dir='ltr'>autem</span> <span class='ocrx_word' id='word_1_478' title='bbox 3064 2089 3159 2131; x_wconf 87' lang='lat' dir='ltr'>re-</span> 
     </span>
     <span class='ocr_line' id='line_1_80' title="bbox 1790 2146 3160 2223; baseline 0.007 -22"><span class='ocrx_word' id='word_1_479' title='bbox 1790 2148 2015 2203; x_wconf 88' lang='lat' dir='ltr'>censeri</span> <span class='ocrx_word' id='word_1_480' title='bbox 2039 2146 2221 2215; x_wconf 89' lang='lat' dir='ltr'>debet,</span> <span class='ocrx_word' id='word_1_481' title='bbox 2242 2150 2391 2223; x_wconf 91' lang='lat' dir='ltr'>quod</span> <span class='ocrx_word' id='word_1_482' title='bbox 2407 2151 2644 2207; x_wconf 90' lang='lat' dir='ltr'>eliciens</span> <span class='ocrx_word' id='word_1_483' title='bbox 2658 2157 2845 2207; x_wconf 88' lang='lat' dir='ltr'>actum</span> <span class='ocrx_word' id='word_1_484' title='bbox 2859 2153 3160 2211; x_wconf 90' lang='lat' dir='ltr'>moraliter</span> 
     </span>
     <span class='ocr_line' id='line_1_81' title="bbox 1790 2224 3162 2301; baseline 0.007 -21"><span class='ocrx_word' id='word_1_485' title='bbox 1790 2224 2009 2282; x_wconf 90' lang='lat' dir='ltr'>bonum</span> <span class='ocrx_word' id='word_1_486' title='bbox 2054 2242 2170 2284; x_wconf 91' lang='lat' dir='ltr'>non</span> <span class='ocrx_word' id='word_1_487' title='bbox 2215 2230 2291 2284; x_wconf 91' lang='lat' dir='ltr'>sit</span> <span class='ocrx_word' id='word_1_488' title='bbox 2341 2229 2405 2285; x_wconf 90' lang='lat' dir='ltr'>in</span> <span class='ocrx_word' id='word_1_489' title='bbox 2441 2235 2684 2301; x_wconf 87' lang='lat' dir='ltr'>peccato.</span> <span class='ocrx_word' id='word_1_490' title='bbox 2714 2231 2878 2287; x_wconf 90' lang='lat' dir='ltr'>Unde</span> <span class='ocrx_word' id='word_1_491' title='bbox 2916 2234 3064 2291; x_wconf 86' lang='lat' dir='ltr'>sicut</span> <span class='ocrx_word' id='word_1_492' title='bbox 3090 2233 3162 2290; x_wconf 91' lang='lat' dir='ltr'>ob</span> 
     </span>
     <span class='ocr_line' id='line_1_82' title="bbox 1788 2306 3161 2374; baseline 0.007 -11"><span class='ocrx_word' id='word_1_493' title='bbox 1788 2306 2074 2365; x_wconf 80' lang='lat' dir='ltr'>defectum</span> <span class='ocrx_word' id='word_1_494' title='bbox 2095 2308 2447 2368; x_wconf 90' lang='lat' dir='ltr'>conditionis</span> <span class='ocrx_word' id='word_1_495' title='bbox 2460 2318 2639 2369; x_wconf 86' lang='lat' dir='ltr'>status</span> <span class='ocrx_word' id='word_1_496' title='bbox 2655 2313 2763 2369; x_wconf 83' lang='lat' dir='ltr'>viae</span> <span class='ocrx_word' id='word_1_497' title='bbox 2784 2315 2995 2373; x_wconf 80' lang='lat' dir='ltr'>animae</span> <span class='ocrx_word' id='word_1_498' title='bbox 3015 2318 3161 2374; x_wconf 86' lang='lat' dir='ltr'>exis·</span> 
     </span>
     <span class='ocr_line' id='line_1_83' title="bbox 1789 2391 3161 2467; baseline 0.007 -21"><span class='ocrx_word' id='word_1_499' title='bbox 1789 2396 1974 2449; x_wconf 87' lang='lat' dir='ltr'>tentes</span> <span class='ocrx_word' id='word_1_500' title='bbox 1996 2391 2057 2447; x_wconf 92' lang='lat' dir='ltr'>in</span> <span class='ocrx_word' id='word_1_501' title='bbox 2080 2395 2427 2467; x_wconf 85' lang='lat' dir='ltr'>purgatorio,</span> <span class='ocrx_word' id='word_1_502' title='bbox 2453 2398 2591 2453; x_wconf 91' lang='lat' dir='ltr'>etin</span> <span class='ocrx_word' id='word_1_503' title='bbox 2613 2398 2754 2454; x_wconf 88' lang='lat' dir='ltr'>coelo</span> <span class='ocrx_word' id='word_1_504' title='bbox 2778 2415 2895 2456; x_wconf 91' lang='lat' dir='ltr'>non</span> <span class='ocrx_word' id='word_1_505' title='bbox 2920 2416 3161 2457; x_wconf 89' lang='lat' dir='ltr'>meren-</span> 
     </span>
     <span class='ocr_line' id='line_1_84' title="bbox 1789 2476 3158 2551; baseline 0.009 -26"><span class='ocrx_word' id='word_1_506' title='bbox 1789 2476 1883 2526; x_wconf 88' lang='lat' dir='ltr'>tur</span> <span class='ocrx_word' id='word_1_507' title='bbox 1906 2486 2006 2543; x_wconf 91' lang='lat' dir='ltr'>per</span> <span class='ocrx_word' id='word_1_508' title='bbox 2028 2478 2181 2527; x_wconf 87' lang='lat' dir='ltr'>actus</span> <span class='ocrx_word' id='word_1_509' title='bbox 2210 2476 2509 2533; x_wconf 87' lang='lat' dir='ltr'>moraliter</span> <span class='ocrx_word' id='word_1_510' title='bbox 2544 2476 2742 2543; x_wconf 89' lang='lat' dir='ltr'>bonos,</span> <span class='ocrx_word' id='word_1_511' title='bbox 2769 2495 2912 2551; x_wconf 91' lang='lat' dir='ltr'>quos</span> <span class='ocrx_word' id='word_1_512' title='bbox 2940 2480 3021 2536; x_wconf 91' lang='lat' dir='ltr'>ibi</span> <span class='ocrx_word' id='word_1_513' title='bbox 3045 2481 3158 2537; x_wconf 87' lang='lat' dir='ltr'>eli-</span> 
     </span>
     <span class='ocr_line' id='line_1_85' title="bbox 1789 2553 3150 2630; baseline 0.007 -20"><span class='ocrx_word' id='word_1_514' title='bbox 1789 2553 1947 2610; x_wconf 87' lang='lat' dir='ltr'>ciunt</span> <span class='ocrx_word' id='word_1_515' title='bbox 1970 2553 2077 2610; x_wconf 89' lang='lat' dir='ltr'>:ita</span> <span class='ocrx_word' id='word_1_516' title='bbox 2098 2554 2347 2613; x_wconf 86' lang='lat' dir='ltr'>existens</span> <span class='ocrx_word' id='word_1_517' title='bbox 2373 2557 2435 2613; x_wconf 92' lang='lat' dir='ltr'>in</span> <span class='ocrx_word' id='word_1_518' title='bbox 2466 2564 2696 2630; x_wconf 87' lang='lat' dir='ltr'>peccato</span> <span class='ocrx_word' id='word_1_519' title='bbox 2723 2575 2841 2616; x_wconf 92' lang='lat' dir='ltr'>non</span> <span class='ocrx_word' id='word_1_520' title='bbox 2870 2569 3150 2629; x_wconf 88' lang='lat' dir='ltr'>meretur,</span> 
     </span>
     <span class='ocr_line' id='line_1_86' title="bbox 1789 2632 3158 2720; baseline 0.007 -31"><span class='ocrx_word' id='word_1_521' title='bbox 1789 2632 1924 2690; x_wconf 90' lang='lat' dir='ltr'>licet</span> <span class='ocrx_word' id='word_1_522' title='bbox 1945 2640 2213 2720; x_wconf 76' lang='lat' dir='ltr'>operetur</span> <span class='ocrx_word' id='word_1_523' title='bbox 2230 2634 2373 2695; x_wconf 87' lang='lat' dir='ltr'>bene</span> <span class='ocrx_word' id='word_1_524' title='bbox 2395 2638 2716 2705; x_wconf 88' lang='lat' dir='ltr'>moraliter,</span> <span class='ocrx_word' id='word_1_525' title='bbox 2737 2639 2808 2696; x_wconf 94' lang='lat' dir='ltr'>ob</span> <span class='ocrx_word' id='word_1_526' title='bbox 2836 2657 2902 2697; x_wconf 90' lang='lat' dir='ltr'>ea</span> <span class='ocrx_word' id='word_1_527' title='bbox 2928 2658 3051 2713; x_wconf 79' lang='lat' dir='ltr'>quoe</span> <span class='ocrx_word' id='word_1_528' title='bbox 3066 2660 3158 2699; x_wconf 86' lang='lat' dir='ltr'>su-</span> 
     </span>
     <span class='ocr_line' id='line_1_87' title="bbox 1789 2715 3159 2788; baseline 0.008 -17"><span class='ocrx_word' id='word_1_529' title='bbox 1789 2731 1891 2788; x_wconf 90' lang='lat' dir='ltr'>pra</span> <span class='ocrx_word' id='word_1_530' title='bbox 1903 2715 2156 2774; x_wconf 86' lang='lat' dir='ltr'>diximus</span> <span class='ocrx_word' id='word_1_531' title='bbox 2176 2737 2212 2773; x_wconf 88' lang='grc' dir='ltr'><em>α</em></span> <span class='ocrx_word' id='word_1_532' title='bbox 2229 2737 2382 2775; x_wconf 79' lang='lat' dir='ltr'>num.</span> <span class='ocrx_word' id='word_1_533' title='bbox 2399 2721 2484 2775; x_wconf 84' lang='lat'>12.</span> <span class='ocrx_word' id='word_1_534' title='bbox 2509 2723 2622 2777; x_wconf 90' lang='lat' dir='ltr'>Nec</span> <span class='ocrx_word' id='word_1_535' title='bbox 2643 2724 2704 2778; x_wconf 91' lang='lat' dir='ltr'>D.</span> <span class='ocrx_word' id='word_1_536' title='bbox 2731 2723 2935 2780; x_wconf 91' lang='lat' dir='ltr'>Thom.</span> <span class='ocrx_word' id='word_1_537' title='bbox 2956 2740 3024 2781; x_wconf 89' lang='lat' dir='ltr'>eo</span> <span class='ocrx_word' id='word_1_538' title='bbox 3039 2726 3159 2783; x_wconf 90' lang='lat' dir='ltr'>loco</span> 
     </span>
     <span class='ocr_line' id='line_1_88' title="bbox 1786 2794 3156 2871; baseline 0.008 -19"><span class='ocrx_word' id='word_1_539' title='bbox 1786 2794 1946 2854; x_wconf 89' lang='lat' dir='ltr'>docet</span> <span class='ocrx_word' id='word_1_540' title='bbox 1967 2798 2312 2871; x_wconf 89' lang='lat' dir='ltr'>oppositum,</span> <span class='ocrx_word' id='word_1_541' title='bbox 2345 2800 2444 2856; x_wconf 91' lang='lat' dir='ltr'>sed</span> <span class='ocrx_word' id='word_1_542' title='bbox 2473 2806 2698 2858; x_wconf 87' lang='lat' dir='ltr'>tantum</span> <span class='ocrx_word' id='word_1_543' title='bbox 2732 2807 2936 2861; x_wconf 88' lang='lat' dir='ltr'>asserit</span> <span class='ocrx_word' id='word_1_544' title='bbox 2969 2812 3156 2863; x_wconf 86' lang='lat' dir='ltr'>actum</span> 
     </span>
     <span class='ocr_line' id='line_1_89' title="bbox 1785 2879 3155 2959; baseline 0.007 -24"><span class='ocrx_word' id='word_1_545' title='bbox 1785 2880 2087 2936; x_wconf 87' lang='lat' dir='ltr'>moraliter</span> <span class='ocrx_word' id='word_1_546' title='bbox 2105 2879 2322 2938; x_wconf 91' lang='lat' dir='ltr'>bonum</span> <span class='ocrx_word' id='word_1_547' title='bbox 2342 2897 2463 2939; x_wconf 90' lang='lat' dir='ltr'>esse</span> <span class='ocrx_word' id='word_1_548' title='bbox 2481 2884 3155 2959; x_wconf 86' lang='lat' dir='ltr'>meritorium,quantum</span> 
     </span>
    </p>
   </div>
   <div class='ocr_carea' id='block_1_10' title="bbox 1778 2962 3350 4744">
    <p class='ocr_par' dir='ltr' id='par_1_14' title="bbox 1784 2962 3158 3684">
     <span class='ocr_line' id='line_1_90' title="bbox 1784 2962 3157 3041; baseline 0.006 -23"><span class='ocrx_word' id='word_1_549' title='bbox 1784 2966 1869 3018; x_wconf 88' lang='lat' dir='ltr'>est</span> <span class='ocrx_word' id='word_1_550' title='bbox 1899 2977 1970 3018; x_wconf 82' lang='lat' dir='ltr'>ex</span> <span class='ocrx_word' id='word_1_551' title='bbox 1991 2962 2171 3032; x_wconf 88' lang='lat' dir='ltr'>capite</span> <span class='ocrx_word' id='word_1_552' title='bbox 2194 2962 2469 3020; x_wconf 88' lang='lat' dir='ltr'>bonitatis</span> <span class='ocrx_word' id='word_1_553' title='bbox 2487 2966 2742 3032; x_wconf 90' lang='lat' dir='ltr'>moralis,</span> <span class='ocrx_word' id='word_1_554' title='bbox 2773 2973 2830 3022; x_wconf 91' lang='lat' dir='ltr'>et</span> <span class='ocrx_word' id='word_1_555' title='bbox 2850 2971 3157 3041; x_wconf 87' lang='lat' dir='ltr'>suppositis</span> 
     </span>
     <span class='ocr_line' id='line_1_91' title="bbox 1786 3038 3158 3118; baseline 0.008 -25"><span class='ocrx_word' id='word_1_556' title='bbox 1786 3039 1919 3094; x_wconf 81' lang='lat' dir='ltr'>aliis</span> <span class='ocrx_word' id='word_1_557' title='bbox 1945 3038 2391 3095; x_wconf 69' lang='lat' dir='ltr'>conditionibus</span> <span class='ocrx_word' id='word_1_558' title='bbox 2421 3042 2578 3104; x_wconf 91' lang='lat' dir='ltr'>Quod</span> <span class='ocrx_word' id='word_1_559' title='bbox 2621 3045 2759 3099; x_wconf 88' lang='lat' dir='ltr'>satis</span> <span class='ocrx_word' id='word_1_560' title='bbox 2789 3050 3070 3118; x_wconf 83' lang='lat' dir='ltr'>expressit</span> <span class='ocrx_word' id='word_1_561' title='bbox 3097 3053 3158 3103; x_wconf 82' lang='lat' dir='ltr'>in</span> 
     </span>
     <span class='ocr_line' id='line_1_92' title="bbox 1785 3119 3157 3189; baseline 0.009 -17"><span class='ocrx_word' id='word_1_562' title='bbox 1785 3135 2024 3189; x_wconf 77' lang='lat' dir='ltr'>respons.</span> <span class='ocrx_word' id='word_1_563' title='bbox 2050 3119 2125 3171; x_wconf 85' lang='lat' dir='ltr'>ad</span> <span class='ocrx_word' id='word_1_564' title='bbox 2153 3120 2205 3182; x_wconf 90' lang='grc'>3,</span> <span class='ocrx_word' id='word_1_565' title='bbox 2235 3119 2332 3174; x_wconf 91' lang='lat' dir='ltr'>ubi</span> <span class='ocrx_word' id='word_1_566' title='bbox 2357 3120 2438 3175; x_wconf 88' lang='lat' dir='ltr'>ait</span> <span class='ocrx_word' id='word_1_567' title='bbox 2472 3140 2484 3175; x_wconf 90' lang='lat'>:</span> <span class='ocrx_word' id='word_1_568' title='bbox 2515 3121 2709 3177; x_wconf 81' lang='lat' dir='ltr'>Omnis</span> <span class='ocrx_word' id='word_1_569' title='bbox 2734 3132 2890 3181; x_wconf 77' lang='lat' dir='ltr'>actus</span> <span class='ocrx_word' id='word_1_570' title='bbox 2916 3128 3157 3184; x_wconf 76' lang='lat' dir='ltr'>hominis</span> 
     </span>
     <span class='ocr_line' id='line_1_93' title="bbox 1786 3196 3158 3272; baseline 0.009 -20"><span class='ocrx_word' id='word_1_571' title='bbox 1786 3196 1977 3262; x_wconf 78' lang='lat' dir='ltr'>bonus,</span> <span class='ocrx_word' id='word_1_572' title='bbox 2009 3197 2097 3252; x_wconf 88' lang='lat' dir='ltr'>vel</span> <span class='ocrx_word' id='word_1_573' title='bbox 2116 3199 2300 3254; x_wconf 79' lang='lat' dir='ltr'>malus</span> <span class='ocrx_word' id='word_1_574' title='bbox 2325 3200 2482 3255; x_wconf 79' lang='lat' dir='ltr'>habet</span> <span class='ocrx_word' id='word_1_575' title='bbox 2526 3203 2797 3257; x_wconf 82' lang='lat' dir='ltr'>rationem</span> <span class='ocrx_word' id='word_1_576' title='bbox 2840 3210 3040 3272; x_wconf 81' lang='lat' dir='ltr'>meriti,</span> <span class='ocrx_word' id='word_1_577' title='bbox 3073 3212 3158 3266; x_wconf 80' lang='lat' dir='ltr'>vel</span> 
     </span>
     <span class='ocr_line' id='line_1_94' title="bbox 1784 3271 3156 3363; baseline 0.012 -33"><span class='ocrx_word' id='word_1_578' title='bbox 1784 3271 2036 3331; x_wconf 73' lang='lat' dir='ltr'>demeriti</span> <span class='ocrx_word' id='word_1_579' title='bbox 2081 3278 2233 3349; x_wconf 81' lang='lat' dir='ltr'>apud</span> <span class='ocrx_word' id='word_1_580' title='bbox 2258 3281 2455 3344; x_wconf 85' lang='lat' dir='ltr'>Deum,</span> <span class='ocrx_word' id='word_1_581' title='bbox 2507 3290 2777 3357; x_wconf 80' lang='lat' dir='ltr'>quantum</span> <span class='ocrx_word' id='word_1_582' title='bbox 2816 3293 2893 3340; x_wconf 84' lang='lat' dir='ltr'>est</span> <span class='ocrx_word' id='word_1_583' title='bbox 2936 3307 3009 3344; x_wconf 78' lang='lat' dir='ltr'>ex</span> <span class='ocrx_word' id='word_1_584' title='bbox 3035 3292 3156 3363; x_wconf 77' lang='lat' dir='ltr'>ipsa</span> 
     </span>
     <span class='ocr_line' id='line_1_95' title="bbox 1784 3359 3153 3440; baseline 0.011 -29"><span class='ocrx_word' id='word_1_585' title='bbox 1784 3359 1998 3412; x_wconf 78' lang='lat' dir='ltr'>ratione</span> <span class='ocrx_word' id='word_1_586' title='bbox 2033 3365 2207 3414; x_wconf 67' lang='lat' dir='ltr'>actae.</span> <span class='ocrx_word' id='word_1_587' title='bbox 2240 3361 2387 3416; x_wconf 87' lang='lat' dir='ltr'>Nam</span> <span class='ocrx_word' id='word_1_588' title='bbox 2436 3360 2554 3416; x_wconf 81' lang='lat' dir='ltr'>haec</span> <span class='ocrx_word' id='word_1_589' title='bbox 2584 3365 2863 3434; x_wconf 89' lang='lat' dir='ltr'>posterior</span> <span class='ocrx_word' id='word_1_590' title='bbox 2893 3370 3153 3440; x_wconf 87' lang='lat' dir='ltr'>proposi-</span> 
     </span>
     <span class='ocr_line' id='line_1_96' title="bbox 1786 3438 3153 3513; baseline 0.01 -19"><span class='ocrx_word' id='word_1_591' title='bbox 1786 3439 1867 3494; x_wconf 92' lang='lat' dir='ltr'>tio</span> <span class='ocrx_word' id='word_1_592' title='bbox 1895 3438 2108 3496; x_wconf 89' lang='lat' dir='ltr'>limitat</span> <span class='ocrx_word' id='word_1_593' title='bbox 2136 3442 2408 3513; x_wconf 87' lang='lat' dir='ltr'>priorem,</span> <span class='ocrx_word' id='word_1_594' title='bbox 2442 3451 2497 3499; x_wconf 92' lang='lat' dir='ltr'>et</span> <span class='ocrx_word' id='word_1_595' title='bbox 2520 3445 2780 3501; x_wconf 90' lang='lat' dir='ltr'>insinuat</span> <span class='ocrx_word' id='word_1_596' title='bbox 2805 3452 3153 3508; x_wconf 88' lang='lat' dir='ltr'>necessarias</span> 
     </span>
     <span class='ocr_line' id='line_1_97' title="bbox 1785 3521 3154 3591; baseline 0.01 -14"><span class='ocrx_word' id='word_1_597' title='bbox 1785 3534 1907 3577; x_wconf 92' lang='lat' dir='ltr'>esse</span> <span class='ocrx_word' id='word_1_598' title='bbox 1933 3521 2078 3578; x_wconf 90' lang='lat' dir='ltr'>alias</span> <span class='ocrx_word' id='word_1_599' title='bbox 2105 3523 2479 3590; x_wconf 78' lang='lat' dir='ltr'>conditioneS,</span> <span class='ocrx_word' id='word_1_600' title='bbox 2507 3531 2567 3581; x_wconf 88' lang='lat' dir='ltr'>ut</span> <span class='ocrx_word' id='word_1_601' title='bbox 2597 3534 2743 3585; x_wconf 89' lang='lat' dir='ltr'>recte</span> <span class='ocrx_word' id='word_1_602' title='bbox 2771 3528 3154 3591; x_wconf 83' lang='lat' dir='ltr'>observarunt</span> 
     </span>
     <span class='ocr_line' id='line_1_98' title="bbox 1786 3604 2750 3684; baseline 0.009 -26"><span class='ocrx_word' id='word_1_603' title='bbox 1786 3604 2042 3676; x_wconf 81' lang='lat' dir='ltr'>cajetan.</span> <span class='ocrx_word' id='word_1_604' title='bbox 2071 3611 2126 3662; x_wconf 89' lang='lat' dir='ltr'>et</span> <span class='ocrx_word' id='word_1_605' title='bbox 2155 3607 2402 3674; x_wconf 88' lang='lat' dir='ltr'>Bannez,</span> <span class='ocrx_word' id='word_1_606' title='bbox 2440 3608 2534 3664; x_wconf 91' lang='lat' dir='ltr'>ubi</span> <span class='ocrx_word' id='word_1_607' title='bbox 2556 3626 2750 3684; x_wconf 89' lang='lat' dir='ltr'>supra.</span> 
     </span>
    </p>

    <p class='ocr_par' dir='ltr' id='par_1_15' title="bbox 1778 3684 3350 4744">
     <span class='ocr_line' id='line_1_99' title="bbox 1863 3684 3350 3771; baseline 0.009 -32"><span class='ocrx_word' id='word_1_608' title='bbox 1863 3684 2026 3744; x_wconf 91' lang='lat' dir='ltr'>Unde</span> <span class='ocrx_word' id='word_1_609' title='bbox 2072 3685 2142 3742; x_wconf 89' lang='lat' dir='ltr'>ad</span> <span class='ocrx_word' id='word_1_610' title='bbox 2195 3687 2696 3748; x_wconf 89' lang='lat' dir='ltr'>confirmationem</span> <span class='ocrx_word' id='word_1_611' title='bbox 2764 3696 3022 3768; x_wconf 83' lang='lat' dir='ltr'>neganda</span> <span class='ocrx_word' id='word_1_612' title='bbox 3065 3701 3350 3771; x_wconf 50' lang='lat' dir='ltr'>‘estmpow</span> 
     </span>
     <span class='ocr_line' id='line_1_100' title="bbox 1785 3767 3340 3861; baseline 0.01 -38"><span class='ocrx_word' id='word_1_613' title='bbox 1785 3767 2002 3840; x_wconf 81' lang='lat' dir='ltr'>maj0r3</span> <span class='ocrx_word' id='word_1_614' title='bbox 2033 3770 2220 3825; x_wconf 87' lang='lat' dir='ltr'>solum</span> <span class='ocrx_word' id='word_1_615' title='bbox 2243 3770 2403 3826; x_wconf 91' lang='lat' dir='ltr'>enim</span> <span class='ocrx_word' id='word_1_616' title='bbox 2434 3773 2761 3831; x_wconf 82' lang='lat' dir='ltr'>verificatur</span> <span class='ocrx_word' id='word_1_617' title='bbox 2789 3776 2859 3833; x_wconf 87' lang='lat' dir='ltr'>de</span> <span class='ocrx_word' id='word_1_618' title='bbox 2886 3783 3009 3835; x_wconf 87' lang='lat' dir='ltr'>actu</span> <span class='ocrx_word' id='word_1_619' title='bbox 3040 3779 3150 3835; x_wconf 91' lang='lat' dir='ltr'>hu-</span> <span class='ocrx_word' id='word_1_620' title='bbox 3190 3768 3340 3861; x_wconf 47' lang='lat'>{2222</span> 
     </span>
     <span class='ocr_line' id='line_1_101' title="bbox 1784 3849 3339 3928; baseline 0.01 -24"><span class='ocrx_word' id='word_1_621' title='bbox 1784 3864 1962 3905; x_wconf 85' lang='lat' dir='ltr'>mano</span> <span class='ocrx_word' id='word_1_622' title='bbox 1983 3849 2266 3908; x_wconf 78' lang='lat' dir='ltr'>existente</span> <span class='ocrx_word' id='word_1_623' title='bbox 2293 3851 2356 3908; x_wconf 92' lang='lat' dir='ltr'>in</span> <span class='ocrx_word' id='word_1_624' title='bbox 2385 3852 2620 3911; x_wconf 88' lang='lat' dir='ltr'>homine</span> <span class='ocrx_word' id='word_1_625' title='bbox 2641 3856 2812 3928; x_wconf 85' lang='lat' dir='ltr'>justo,</span> <span class='ocrx_word' id='word_1_626' title='bbox 2834 3860 2924 3915; x_wconf 81' lang='lat' dir='ltr'>vel</span> <span class='ocrx_word' id='word_1_627' title='bbox 2947 3860 3150 3917; x_wconf 89' lang='lat' dir='ltr'>saltem</span> <span class='ocrx_word' id='word_1_628' title='bbox 3192 3868 3339 3912; x_wconf 77' lang='lat' dir='ltr'>mano-</span> 
     </span>
     <span class='ocr_line' id='line_1_102' title="bbox 1785 3926 3314 4001; baseline 0.01 -16"><span class='ocrx_word' id='word_1_629' title='bbox 1785 3945 1905 3986; x_wconf 90' lang='lat' dir='ltr'>non</span> <span class='ocrx_word' id='word_1_630' title='bbox 1935 3935 2256 4001; x_wconf 87' lang='lat' dir='ltr'>peccatore;</span> <span class='ocrx_word' id='word_1_631' title='bbox 2285 3948 2445 3989; x_wconf 90' lang='lat' dir='ltr'>secus</span> <span class='ocrx_word' id='word_1_632' title='bbox 2468 3951 2607 3993; x_wconf 84' lang='lat' dir='ltr'>vero</span> <span class='ocrx_word' id='word_1_633' title='bbox 2632 3937 2682 3992; x_wconf 92' lang='lat' dir='ltr'>si</span> <span class='ocrx_word' id='word_1_634' title='bbox 2706 3943 2861 3993; x_wconf 88' lang='lat' dir='ltr'>actus</span> <span class='ocrx_word' id='word_1_635' title='bbox 2906 3942 3150 3998; x_wconf 84' lang='lat' dir='ltr'>morali·</span> <span class='ocrx_word' id='word_1_636' title='bbox 3203 3926 3314 3961; x_wconf 49' lang='grc' dir='ltr'>ΜΨ</span> 
     </span>
     <span class='ocr_line' id='line_1_103' title="bbox 1784 4010 3153 4085; baseline 0.009 -19"><span class='ocrx_word' id='word_1_637' title='bbox 1784 4015 1872 4066; x_wconf 92' lang='lat' dir='ltr'>ter</span> <span class='ocrx_word' id='word_1_638' title='bbox 1902 4010 2085 4066; x_wconf 89' lang='lat' dir='ltr'>bonus</span> <span class='ocrx_word' id='word_1_639' title='bbox 2114 4028 2145 4067; x_wconf 88' lang='lat' dir='ltr'>a</span> <span class='ocrx_word' id='word_1_640' title='bbox 2173 4019 2463 4084; x_wconf 90' lang='lat' dir='ltr'>peccatore</span> <span class='ocrx_word' id='word_1_641' title='bbox 2509 4017 2805 4085; x_wconf 89' lang='lat' dir='ltr'>eliciatur;</span> <span class='ocrx_word' id='word_1_642' title='bbox 2839 4037 2975 4076; x_wconf 90' lang='lat' dir='ltr'>nam</span> <span class='ocrx_word' id='word_1_643' title='bbox 3023 4022 3153 4080; x_wconf 88' lang='lat' dir='ltr'>licet</span> 
     </span>
     <span class='ocr_line' id='line_1_104' title="bbox 1785 4090 3151 4169; baseline 0.01 -22"><span class='ocrx_word' id='word_1_644' title='bbox 1785 4090 2117 4163; x_wconf 87' lang='lat' dir='ltr'>hujusmodi</span> <span class='ocrx_word' id='word_1_645' title='bbox 2173 4098 2347 4159; x_wconf 86' lang='lat' dir='ltr'>actus,</span> <span class='ocrx_word' id='word_1_646' title='bbox 2388 4102 2666 4166; x_wconf 89' lang='lat' dir='ltr'>quantum</span> <span class='ocrx_word' id='word_1_647' title='bbox 2719 4105 2802 4155; x_wconf 89' lang='lat' dir='ltr'>est</span> <span class='ocrx_word' id='word_1_648' title='bbox 2846 4099 2917 4157; x_wconf 89' lang='lat' dir='ltr'>de</span> <span class='ocrx_word' id='word_1_649' title='bbox 2967 4118 3044 4169; x_wconf 89' lang='lat' dir='ltr'>se,</span> <span class='ocrx_word' id='word_1_650' title='bbox 3076 4104 3151 4160; x_wconf 90' lang='lat' dir='ltr'>sit</span> 
     </span>
     <span class='ocr_line' id='line_1_105' title="bbox 1784 4172 3143 4248; baseline 0.01 -19"><span class='ocrx_word' id='word_1_651' title='bbox 1784 4173 2126 4230; x_wconf 89' lang='lat' dir='ltr'>meritorius</span> <span class='ocrx_word' id='word_1_652' title='bbox 2168 4172 2337 4246; x_wconf 90' lang='lat' dir='ltr'>(quod</span> <span class='ocrx_word' id='word_1_653' title='bbox 2366 4178 2596 4248; x_wconf 85' lang='lat' dir='ltr'>praecise</span> <span class='ocrx_word' id='word_1_654' title='bbox 2625 4181 2798 4237; x_wconf 90' lang='lat' dir='ltr'>tradit</span> <span class='ocrx_word' id='word_1_655' title='bbox 2838 4182 3053 4241; x_wconf 91' lang='lat' dir='ltr'>ibidem</span> <span class='ocrx_word' id='word_1_656' title='bbox 3080 4189 3143 4243; x_wconf 91' lang='lat' dir='ltr'>D.</span> 
     </span>
     <span class='ocr_line' id='line_1_106' title="bbox 1783 4255 3146 4330; baseline 0.01 -20"><span class='ocrx_word' id='word_1_657' title='bbox 1783 4256 2016 4326; x_wconf 89' lang='lat' dir='ltr'>Thom.)</span> <span class='ocrx_word' id='word_1_658' title='bbox 2043 4255 2115 4311; x_wconf 91' lang='lat' dir='ltr'>ob</span> <span class='ocrx_word' id='word_1_659' title='bbox 2143 4257 2605 4330; x_wconf 88' lang='lat' dir='ltr'>conjunctionem</span> <span class='ocrx_word' id='word_1_660' title='bbox 2629 4266 2820 4320; x_wconf 90' lang='lat' dir='ltr'>tamen</span> <span class='ocrx_word' id='word_1_661' title='bbox 2844 4263 2913 4320; x_wconf 87' lang='lat' dir='ltr'>ad</span> <span class='ocrx_word' id='word_1_662' title='bbox 2934 4272 3146 4324; x_wconf 86' lang='lat' dir='ltr'>statum</span> 
     </span>
     <span class='ocr_line' id='line_1_107' title="bbox 1785 4336 3147 4411; baseline 0.011 -22"><span class='ocrx_word' id='word_1_663' title='bbox 1785 4336 1994 4407; x_wconf 91' lang='lat' dir='ltr'>peccati</span> <span class='ocrx_word' id='word_1_664' title='bbox 2019 4336 2352 4392; x_wconf 90' lang='lat' dir='ltr'>meritorius</span> <span class='ocrx_word' id='word_1_665' title='bbox 2391 4337 2645 4396; x_wconf 88' lang='lat' dir='ltr'>absolute</span> <span class='ocrx_word' id='word_1_666' title='bbox 2674 4359 2790 4399; x_wconf 90' lang='lat' dir='ltr'>non</span> <span class='ocrx_word' id='word_1_667' title='bbox 2817 4351 2917 4400; x_wconf 87' lang='lat' dir='ltr'>est.</span> <span class='ocrx_word' id='word_1_668' title='bbox 2964 4350 3147 4411; x_wconf 81' lang='lat' dir='ltr'>Quam</span> 
     </span>
     <span class='ocr_line' id='line_1_108' title="bbox 1784 4415 3143 4497; baseline 0.008 -26"><span class='ocrx_word' id='word_1_669' title='bbox 1784 4415 2108 4472; x_wconf 89' lang='lat' dir='ltr'>doctrinam</span> <span class='ocrx_word' id='word_1_670' title='bbox 2154 4416 2330 4472; x_wconf 89' lang='lat' dir='ltr'>tradit</span> <span class='ocrx_word' id='word_1_671' title='bbox 2352 4420 2603 4492; x_wconf 85' lang='lat' dir='ltr'>Angelic.</span> <span class='ocrx_word' id='word_1_672' title='bbox 2636 4423 2953 4497; x_wconf 57' lang='lat' dir='ltr'>Praeceptor</span> <span class='ocrx_word' id='word_1_673' title='bbox 2989 4431 3048 4484; x_wconf 81' lang='lat' dir='ltr'>in</span> <span class='ocrx_word' id='word_1_674' title='bbox 3089 4431 3143 4492; x_wconf 72' lang='grc' dir='ltr'><strong>Ξ,</strong></span> 
     </span>
     <span class='ocr_line' id='line_1_109' title="bbox 1782 4497 3198 4581; baseline 0.01 -30"><span class='ocrx_word' id='word_1_675' title='bbox 1782 4497 1916 4551; x_wconf 83' lang='lat' dir='ltr'>dist.</span> <span class='ocrx_word' id='word_1_676' title='bbox 1939 4497 2030 4561; x_wconf 87' lang='lat'>40,</span> <span class='ocrx_word' id='word_1_677' title='bbox 2069 4503 2248 4574; x_wconf 58' lang='lat' dir='ltr'>quaest.</span> <span class='ocrx_word' id='word_1_678' title='bbox 2289 4498 2335 4562; x_wconf 89' lang='lat' dir='ltr'>l,</span> <span class='ocrx_word' id='word_1_679' title='bbox 2366 4507 2476 4555; x_wconf 85' lang='lat' dir='ltr'>art.</span> <span class='ocrx_word' id='word_1_680' title='bbox 2509 4503 2563 4566; x_wconf 84' lang='lat'>5,</span> <span class='ocrx_word' id='word_1_681' title='bbox 2599 4500 2697 4556; x_wconf 89' lang='lat' dir='ltr'>ubi</span> <span class='ocrx_word' id='word_1_682' title='bbox 2733 4506 2855 4561; x_wconf 86' lang='lat' dir='ltr'>ait:</span> <span class='ocrx_word' id='word_1_683' title='bbox 2885 4506 3014 4562; x_wconf 88' lang='lat' dir='ltr'>Non</span> <span class='ocrx_word' id='word_1_684' title='bbox 3047 4526 3148 4581; x_wconf 86' lang='lat' dir='ltr'>po·</span> <span class='ocrx_word' id='word_1_685' title='bbox 3193 4565 3198 4570; x_wconf 78' lang='grc'><strong>,</strong></span> 
     </span>
     <span class='ocr_line' id='line_1_110' title="bbox 1783 4578 3152 4653; baseline 0.009 -21"><span class='ocrx_word' id='word_1_686' title='bbox 1783 4584 1883 4633; x_wconf 80' lang='lat' dir='ltr'>test</span> <span class='ocrx_word' id='word_1_687' title='bbox 1903 4594 2011 4632; x_wconf 79' lang='lat' dir='ltr'>esse</span> <span class='ocrx_word' id='word_1_688' title='bbox 2063 4578 2270 4653; x_wconf 73' lang='lat' dir='ltr'>aliquis</span> <span class='ocrx_word' id='word_1_689' title='bbox 2317 4587 2472 4635; x_wconf 74' lang='lat' dir='ltr'>actus</span> <span class='ocrx_word' id='word_1_690' title='bbox 2511 4599 2548 4636; x_wconf 83' lang='lat' dir='ltr'>a</span> <span class='ocrx_word' id='word_1_691' title='bbox 2596 4583 2892 4642; x_wconf 80' lang='lat' dir='ltr'>deliberata</span> <span class='ocrx_word' id='word_1_692' title='bbox 2947 4590 3152 4645; x_wconf 75' lang='lat' dir='ltr'>virtute</span> 
     </span>
     <span class='ocr_line' id='line_1_111' title="bbox 1778 4659 3151 4744; baseline 0.009 -30"><span class='ocrx_word' id='word_1_693' title='bbox 1778 4659 2070 4733; x_wconf 80' lang='lat' dir='ltr'>procedens</span> <span class='ocrx_word' id='word_1_694' title='bbox 2119 4661 2179 4713; x_wconf 80' lang='lat' dir='ltr'>in</span> <span class='ocrx_word' id='word_1_695' title='bbox 2221 4660 2447 4718; x_wconf 78' lang='lat' dir='ltr'>habente</span> <span class='ocrx_word' id='word_1_696' title='bbox 2487 4669 2752 4734; x_wconf 72' lang='lat' dir='ltr'>qratia-m,</span> <span class='ocrx_word' id='word_1_697' title='bbox 2786 4671 2882 4744; x_wconf 83' lang='lat' dir='ltr'>qui</span> <span class='ocrx_word' id='word_1_698' title='bbox 2929 4687 3037 4724; x_wconf 81' lang='lat' dir='ltr'>non</span> <span class='ocrx_word' id='word_1_699' title='bbox 3078 4674 3151 4727; x_wconf 80' lang='lat' dir='ltr'>sit</span> 
     </span>
    </p>
   </div>
   <div class='ocr_carea' id='block_1_11' title="bbox 1700 4740 3153 4826">
    <p class='ocr_par' dir='ltr' id='par_1_16' title="bbox 1700 4740 3153 4826">
     <span class='ocr_line' id='line_1_112' title="bbox 1700 4740 3153 4826; baseline 0.01 -32"><span class='ocrx_word' id='word_1_700' title='bbox 1700 4807 1703 4808; x_wconf 15' lang='lat'><em>⁷</em></span> <span class='ocrx_word' id='word_1_701' title='bbox 1782 4742 2100 4797; x_wconf 79' lang='lat' dir='ltr'>meritorius</span> <span class='ocrx_word' id='word_1_702' title='bbox 2123 4758 2141 4793; x_wconf 92' lang='lat'>.·</span> <span class='ocrx_word' id='word_1_703' title='bbox 2158 4740 2250 4795; x_wconf 68' lang='lat' dir='ltr'>sed</span> <span class='ocrx_word' id='word_1_704' title='bbox 2270 4744 2330 4796; x_wconf 75' lang='lat' dir='ltr'>in</span> <span class='ocrx_word' id='word_1_705' title='bbox 2377 4761 2486 4799; x_wconf 85' lang='lat' dir='ltr'>non</span> <span class='ocrx_word' id='word_1_706' title='bbox 2513 4746 2736 4802; x_wconf 77' lang='lat' dir='ltr'>habente</span> <span class='ocrx_word' id='word_1_707' title='bbox 2758 4753 3021 4818; x_wconf 68' lang='lat' dir='ltr'>qratiam,</span> <span class='ocrx_word' id='word_1_708' title='bbox 3055 4756 3153 4826; x_wconf 82' lang='lat' dir='ltr'>qui</span> 
     </span>
    </p>
   </div>
   <div class='ocr_carea' id='block_1_12' title="bbox 1781 4825 3153 5147">
    <p class='ocr_par' dir='ltr' id='par_1_17' title="bbox 1781 4825 3153 5147">
     <span class='ocr_line' id='line_1_113' title="bbox 1782 4825 3153 4890; baseline 0.009 -13"><span class='ocrx_word' id='word_1_709' title='bbox 1782 4841 1893 4878; x_wconf 89' lang='lat' dir='ltr'>non</span> <span class='ocrx_word' id='word_1_710' title='bbox 1956 4825 2031 4878; x_wconf 78' lang='lat' dir='ltr'>sit</span> <span class='ocrx_word' id='word_1_711' title='bbox 2091 4825 2425 4890; x_wconf 77' lang='lat' dir='ltr'>meritorius,</span> <span class='ocrx_word' id='word_1_712' title='bbox 2476 4845 2570 4882; x_wconf 88' lang='lat' dir='ltr'>nec</span> <span class='ocrx_word' id='word_1_713' title='bbox 2628 4828 3023 4888; x_wconf 72' lang='lat' dir='ltr'>demet-iterius.</span> <span class='ocrx_word' id='word_1_714' title='bbox 3081 4836 3153 4890; x_wconf 88' lang='lat' dir='ltr'>Et</span> 
     </span>
     <span class='ocr_line' id='line_1_114' title="bbox 1782 4905 3150 4987; baseline 0.008 -25"><span class='ocrx_word' id='word_1_715' title='bbox 1782 4912 1963 4983; x_wconf 72' lang='lat' dir='ltr'>quaest.</span> <span class='ocrx_word' id='word_1_716' title='bbox 1996 4908 2031 4961; x_wconf 81' lang='lat'>2</span> <span class='ocrx_word' id='word_1_717' title='bbox 2070 4905 2132 4961; x_wconf 87' lang='lat' dir='ltr'>de</span> <span class='ocrx_word' id='word_1_718' title='bbox 2153 4906 2325 4977; x_wconf 80' lang='lat' dir='ltr'>Male,</span> <span class='ocrx_word' id='word_1_719' title='bbox 2358 4917 2468 4965; x_wconf 85' lang='lat' dir='ltr'>art.</span> <span class='ocrx_word' id='word_1_720' title='bbox 2500 4912 2631 4966; x_wconf 80' lang='lat' dir='ltr'>5ad</span> <span class='ocrx_word' id='word_1_721' title='bbox 2664 4916 2718 4980; x_wconf 87' lang='lat'>7,</span> <span class='ocrx_word' id='word_1_722' title='bbox 2753 4913 2940 4987; x_wconf 86' lang='lat' dir='ltr'>inquit</span> <span class='ocrx_word' id='word_1_723' title='bbox 2981 4916 3150 4974; x_wconf 84' lang='lat' dir='ltr'>:Non</span> 
     </span>
     <span class='ocr_line' id='line_1_115' title="bbox 1781 4990 3152 5068; baseline 0.008 -25"><span class='ocrx_word' id='word_1_724' title='bbox 1781 4990 1962 5045; x_wconf 70' lang='lat' dir='ltr'>omnis</span> <span class='ocrx_word' id='word_1_725' title='bbox 2005 4994 2164 5044; x_wconf 77' lang='lat' dir='ltr'>actus</span> <span class='ocrx_word' id='word_1_726' title='bbox 2207 4990 2504 5057; x_wconf 79' lang='lat' dir='ltr'>humanus,</span> <span class='ocrx_word' id='word_1_727' title='bbox 2551 4997 2718 5051; x_wconf 79' lang='lat' dir='ltr'>etiam</span> <span class='ocrx_word' id='word_1_728' title='bbox 2771 4999 2832 5050; x_wconf 85' lang='lat' dir='ltr'>in</span> <span class='ocrx_word' id='word_1_729' title='bbox 2875 4999 3152 5068; x_wconf 76' lang='lat' dir='ltr'>sinqulari</span> 
     </span>
     <span class='ocr_line' id='line_1_116' title="bbox 1785 5069 3152 5147; baseline 0.005 -22"><span class='ocrx_word' id='word_1_730' title='bbox 1785 5069 2178 5139; x_wconf 78' lang='lat' dir='ltr'>consideratus,</span> <span class='ocrx_word' id='word_1_731' title='bbox 2199 5080 2278 5129; x_wconf 83' lang='lat' dir='ltr'>est</span> <span class='ocrx_word' id='word_1_732' title='bbox 2297 5076 2630 5143; x_wconf 72' lang='lat' dir='ltr'>meritoriuS,</span> <span class='ocrx_word' id='word_1_733' title='bbox 2647 5078 2731 5132; x_wconf 80' lang='lat' dir='ltr'>vel</span> <span class='ocrx_word' id='word_1_734' title='bbox 2750 5072 3152 5147; x_wconf 68' lang='lat' dir='ltr'>demeritoriu.};</span> 
     </span>
    </p>
   </div>
  </div>
 </body>
</html>
