3647 5753
410 861 587 906 solutio.

617 444 730 500 858

618 611 802 689 gratia
843 603 1283 665 consummata:
1331 609 1466 669 ergo
1520 593 1694 663 potest
1721 584 1791 641 de
1837 597 1975 639 con-

618 696 793 768 digno
830 686 1044 746 mereri
1076 681 1275 758 gratiae
1303 669 1819 751 perseverantiam,
1856 663 1978 720 sal-

618 782 735 833 tem
765 788 866 847 pro
887 774 1035 825 statu
1063 763 1279 841 glorias.

695 850 1123 926 Respondetur,
1179 840 1329 917 quod
1379 838 1525 893 sicut
1567 849 1640 889 ex
1700 844 1786 892 eo,
1829 822 1979 899 quod

621 938 750 1011 quis
777 936 957 1008 potest
1000 923 1214 985 mereri
1255 919 1505 993 primam
1547 910 1795 986 gratiam
1840 921 1980 963 con-

622 1021 990 1079 summatam,
1047 1010 1170 1065 sive
1227 1001 1504 1077 gloriam,
1557 1009 1675 1051 non
1724 987 1982 1064 sequitur

628 1262 801 1335 possit
841 1253 1055 1313 mereri
1095 1239 1585 1324 perseverantiam
1613 1235 1816 1313 gratiae
1854 1244 1985 1287 con-

624 1344 945 1400 summatze.
971 1351 1068 1393 seu
1096 1328 1316 1406 gloriae,
1351 1340 1466 1380 nou
1492 1317 1803 1392 colligitur,
1836 1307 1985 1384 quod

631 1421 844 1481 mereri
893 1417 1080 1474 valeat
1115 1410 1315 1486 gratiae
1358 1398 1868 1478 perseverantiam.
1918 1392 1987 1447 Et

632 1505 780 1562 ratio
831 1506 916 1559 est
967 1486 1537 1570 proportionabiliter
1587 1478 1808 1541 eadem,
1853 1473 1988 1546 quia

628 1587 935 1647 existentia
972 1578 1170 1656 gratiae
1198 1575 1277 1630 ita
1317 1570 1563 1643 pertinet
1601 1563 1671 1621 ad
1716 1558 1983 1635 gloriam,

630 1687 731 1728 seu
777 1665 978 1740 gratiae
1046 1658 1224 1732 ipsius
1274 1648 1864 1709 consummationem,
1929 1643 1990 1692 ut

628 1751 807 1809 etiam
829 1745 1029 1803 debeat
1048 1754 1228 1814 praesu
1239 1733 1409 1809 pponi
1432 1730 1499 1786 ad
1525 1728 1798 1785 meritum
1822 1750 1835 1788 ;
1858 1735 1993 1792 quo·

630 1832 783 1889 circa
811 1825 1007 1898 nequit
1045 1819 1151 1876 sub
1176 1818 1298 1891 ejus
1324 1813 1546 1871 influxu
1575 1806 1794 1864 cadere.
1826 1803 1895 1856 Et
1918 1800 1993 1855 si-

635 1912 854 1969 militer
880 1899 1306 1981 perseverantia
1331 1895 1532 1970 gratiae
1549 1891 1628 1946 ita
1655 1885 1904 1961 pertinet
1923 1881 1994 1938 ad

638 1988 1129 2069 perseverantiam
1182 1981 1398 2056 glorias,
1454 1982 1508 2034 et
1554 1972 1734 2046 ipsius
1792 1966 1994 2041 gratias

630 2075 1064 2134 consummatae,
1126 2061 1275 2137 quod
1314 2060 1489 2116 etiam
1538 2049 1996 2128 praesupponitur

638 2159 707 2216 ad
753 2149 1241 2232 perseverantiam
1270 2142 1612 2199 meritorum
1643 2140 1702 2190 ut
1723 2131 1998 2189 continuo

636 2238 1009 2299 influentium
1074 2233 1137 2287 in
1200 2225 1399 2301 gloriae
1465 2213 1994 2279 conservationem3

633 2327 803 2394 atque
855 2316 982 2373 ideo
1030 2327 1148 2369 non
1194 2309 1346 2364 valet
1401 2316 1523 2359 esse
1568 2298 1806 2355 illorum
1851 2308 2000 2365 prae-

636 2402 845 2457 mium.
885 2398 1028 2450 Sunt
1054 2390 1213 2448 enim
1243 2385 1435 2456 aliqua
1459 2395 1585 2453 quae
1628 2375 1708 2432 ita
1747 2371 1818 2428 ad
1861 2387 2002 2444 prae-

637 2482 824 2537 mium
866 2473 1286 2533 desiderantur,
1314 2469 1378 2520 ut
1400 2462 1576 2519 etiam
1603 2453 2002 2532 desiderentur

638 2561 708 2619 ad
738 2559 1013 2618 meritum
1035 2597 1048 2621 ‚
1075 2558 1131 2610 et
1158 2552 1276 2606 haec
1314 2547 1606 2617 nequeunt
1647 2535 1752 2593 sub
1794 2534 2004 2592 merito

632 2644 860 2706 cadere,
895 2646 954 2695 ut
981 2633 1363 2707 explicuimus
1385 2628 1505 2683 loco
1526 2624 1715 2679 citato.

716 2719 1054 2778 Addendum
1097 2718 1202 2776 est,
1259 2707 1506 2783 gratiam
1546 2702 2005 2757 consummatam

641 2820 801 2880 posse
823 2800 974 2856 sumi
1003 2792 1309 2866 dupliciter
1337 2808 1348 2843 :
1381 2801 1495 2842 uno
1528 2780 1697 2839 modo
1729 2778 2006 2834 materia-

641 2890 794 2951 liter,
821 2891 877 2942 et
900 2875 1297 2957 specificative,
1331 2887 1434 2944 pro
1456 2866 1742 2924 substrato
1769 2862 2001 2929 scilicet,

643 2988 741 3029 seu
774 2966 1129 3043 gratia‚.quae
1151 2975 1251 3032 per
1271 2953 1517 3031 gloriam
1542 2948 1863 3023 perficitur:
1894 2944 2010 3001 alio

648 3050 819 3109 modo
861 3040 1294 3118 reduplicative,
1320 3040 1376 3091 et
1404 3031 1726 3089 formaliter
1755 3042 1859 3100 pro
1884 3026 2011 3098 glo-

646 3135 756 3198 ria,
785 3147 911 3205 quae
939 3126 1189 3205 gratiam
1217 3115 1453 3194 perficit,
1486 3113 1579 3170 vel
1611 3127 1712 3185 pro
1751 3111 2013 3166 concreto

650 3215 964 3272 resultante
1005 3225 1078 3266 ex
1115 3201 1321 3278 gratia,
1371 3201 1427 3253 et
1471 3194 1677 3268 gloria.
1723 3191 1783 3246 Si
1832 3188 2014 3262 priori

652 3294 822 3354 modo
864 3290 1194 3365 accipiatur,
1228 3296 1333 3339 nec
1370 3276 1556 3352 gratia
1593 3275 2009 3335 consummata,

651 3396 755 3436 nec
780 3375 978 3452 gratiae
1016 3367 1427 3428 consummatae
1455 3353 1886 3433 perseverantia
1918 3367 2017 3408 ca-

648 3462 736 3518 dit
774 3459 879 3515 sub
922 3453 1150 3516 meritc,
1182 3453 1245 3503 ut
1271 3447 1493 3502 constat
1515 3456 1586 3497 ex
1614 3438 1780 3494 dictis
1808 3443 1926 3493 tam
1955 3434 2017 3489 in

652 3547 758 3602 hoc
777 3538 972 3601 dubio,
1004 3548 1179 3608 quam
1219 3530 1282 3586 in
1323 3526 1530 3598 primo.
1563 3523 1622 3578 Si
1664 3535 1802 3577 vero
1832 3522 2020 3591 poste-

657 3622 802 3683 riori
850 3616 1020 3676 modo
1066 3615 1394 3685 usurpetur,
1451 3601 1816 3661 concedimus
1870 3595 2021 3671 quod

656 3704 841 3781 gratia
881 3697 1295 3758 consummata,
1331 3693 1388 3745 et
1424 3686 1546 3760 ejus
1593 3679 2021 3757 perseverantia

655 3787 863 3846 cadant
888 3779 992 3837 sub
1020 3776 1229 3833 merito
1253 3796 1267 3840 3
1296 3769 1394 3827 sed
1437 3768 1573 3823 hinc
1598 3766 1789 3822 solum
1828 3760 2022 3833 sequi—

659 3880 772 3935 tur,
805 3863 954 3941 quod
975 3859 1178 3936 gloria,
1204 3860 1261 3913 et
1288 3852 1428 3909 unio
1457 3846 1875 3922 praeexistentis
1899 3859 2025 3918 gra-

660 3956 757 4011 tiae
804 3950 874 4007 ad
919 3943 1186 4020 gloriam,
1231 3948 1544 4007 earumque
1598 3928 2026 4003 perseverantia

664 4033 913 4091 habeant
955 4025 1239 4082 rationem
1281 4014 1548 4090 praemii;
1590 4011 1837 4066 minime
1864 4026 2021 4075 vero,

664 4110 894 4189 quodid
923 4107 1203 4177 competat
1221 4098 1439 4175 gratiae,
1472 4109 1595 4167 quae
1628 4091 1827 4166 gloriae
1861 4089 2029 4146 subs-

667 4194 938 4253 ternitur,
1005 4190 1061 4242 et
1116 4183 1238 4257 ejus
1285 4174 1748 4252 perseverantias.
1805 4172 1875 4226 Et
1927 4171 2032 4227 hoc

673 4272 953 4349 posterius
974 4268 1097 4323 erat
1136 4259 1539 4323 necessarium,
1571 4260 1633 4311 ut
1653 4254 1839 4328 justus
1876 4250 2031 4308 dice-

674 4362 832 4414 retur
871 4341 1383 4424 perseverantiam,
1429 4353 1527 4394 seu
1554 4334 1756 4409 gratiae
1796 4347 2033 4388 conser-

672 4437 961 4494 vationem
997 4423 1234 4482 mereri.
1260 4417 1497 4486 Quando
1519 4421 1709 4474 autem
1734 4415 1800 4469 D.
1825 4413 2029 4469 Thom.

671 4524 735 4578 in
787 4520 893 4575 hoc
937 4508 1179 4568 articulo
1245 4504 1494 4561 affirmat
1546 4496 2033 4573 perseverantiam

669 4603 871 4680 gloriae
893 4593 1095 4653 cadere
1119 4588 1226 4644 sub
1254 4586 1484 4650 merim,
1515 4582 1770 4654 loquitur
1794 4579 1866 4636 de
1887 4595 2036 4652 prae-

669 4687 820 4743 dicta
846 4670 1273 4754 perseverantia
1303 4664 1645 4731 formaliter,
1677 4667 1735 4719 et
1777 4659 2037 4732 redupli-

670 4766 872 4828 cative,
906 4759 1075 4831 prout
1095 4750 1289 4808 differt
1312 4765 1343 4805 a
1361 4743 1792 4820 perseverantia
1812 4741 2033 4817 gratiae,

669 4863 798 4925 quae
838 4846 923 4899 est
948 4831 1273 4894 communis
1299 4826 1540 4886 statibus
1567 4825 1785 4900 patriae,
1821 4830 1877 4880 et
1904 4823 2033 4889 viae,

674 4937 739 4988 ut
762 4925 902 4985 satis
927 4921 1149 4977 constat
1168 4929 1239 4970 ex
1259 4912 1380 4985 ejus
1403 4908 1595 4968 verbis
1619 4924 1683 4963 su
1693 4922 1796 4980 pra
1818 4903 2032 4971 relatiS,

674 5019 729 5072 et
750 5026 822 5067 ex
855 4997 1227 5074 responsione
1254 4991 1323 5049 ad
1351 4994 1405 5048 2.

756 5090 878 5149 100.
897 5080 1142 5158 objicies
1162 5080 1365 5151 quarto
1388 5095 1401 5131 ι
1419 5088 1556 5131 nam
1573 5086 1644 5128 ex
1660 5069 2040 5130 fundamento

1659 415 1749 471 DE
1791 409 2096 468 PRAEMIO
2133 404 2390 462 MERITI
2399 445 2413 462 .

2107 582 2307 635 nostro
2324 571 2634 648 colligitur,
2654 566 2873 640 justum
2890 573 2992 616 nec
3004 549 3259 611 divinitus
3274 558 3409 619 posse
3436 553 3511 610 cm

2107 656 2323 715 mereri
2369 654 2440 711 de
2470 649 2753 722 condigno
2793 639 3101 699 minimum
3143 603 3511 688 auxilium‚⁰¹‘”⁶³

2109 738 2201 796 vel
2247 734 2549 799 sufficiens,
2605 730 2698 787 vel
2750 723 2948 781 efficax
2997 714 3063 773 ad
3110 705 3412 771 eliciendum

2110 827 2297 879 actum
2325 833 2429 892 pro
2469 811 2727 875 instanti,
2764 810 2831 864 in
2870 819 2979 876 quo
3017 801 3172 872 urget
3201 805 3414 867 praecep-

2112 908 2235 960 tum
2260 918 2393 959 eum
2428 894 2697 956 eliciendi
2726 914 2739 949 :
2783 898 3121 958 consequens
3154 881 3231 935 est
3265 871 3416 930 nimis

2111 984 2344 1049 durum,
2370 987 2427 1039 et
2445 981 2696 1038 multum
2725 974 2961 1044 derogat
2980 959 3227 1039 dignitati
3262 953 3417 1011 meri-

2113 1072 2324 1130 torum,
2350 1069 2407 1121 et
2429 1060 2630 1137 gratiae
2655 1079 2669 1113 ε
2699 1070 2855 1128 ergo,
2888 1056 2991 1107 etc.
3020 1041 3240 1117 sequela
3256 1040 3420 1093 osten·
3509 1059 3510 1094 ;

2114 1147 2291 1211 ditur,
2323 1144 2462 1217 quia
2514 1138 2662 1198 illud
2709 1132 2993 1192 auxilium
3039 1119 3324 1196 requiritur
3360 1111 3418 1169 ad

2116 1244 2235 1286 non
2256 1222 2604 1301 peccandum
2634 1234 2735 1293 pro
2755 1231 2823 1274 eo
2852 1207 3105 1269 instanti,
3136 1209 3284 1273 atque
3315 1195 3420 1253 ideo

2117 1310 2186 1368 ad
2225 1304 2723 1366 conservationem
2760 1295 3115 1354 meritorum,
3143 1290 3195 1342 et
3234 1277 3415 1355 gratim,
3509 1307 3510 1350 ¹

2117 1410 2241 1468 quae
2282 1406 2385 1464 per
2432 1392 2723 1462 peccatum
2751 1373 3420 1444 interrumpereturzergo

2117 1478 2168 1533 si
2193 1492 2279 1540 ea,
2304 1488 2430 1547 quae
2454 1487 2515 1528 se
2531 1472 2731 1527 tenent
2755 1481 2829 1523 ex
2852 1463 3009 1534 parte
3029 1441 3419 1513 conservatIouis
3509 1457 3510 1500 4

2119 1558 2482 1618 meritorum,
2530 1558 2585 1608 et
2653 1547 2856 1623 gratias
2908 1554 3023 1598 non
3084 1530 3294 1606 possunt
3341 1537 3419 1577 ca-
3509 1533 3510 1582 4

2121 1641 2257 1698 dere
2275 1637 2380 1695 sub
2401 1634 2629 1698 merito,
2660 1624 3148 1703 sequiturjustum
3172 1625 3264 1668 nec
3295 1604 3419 1661 divi·
3509 1631 3510 1674 3

2123 1725 2278 1781 nitus
2300 1735 2460 1794 posse
2482 1715 2697 1774 mereri
2723 1709 2875 1769 illud
2901 1701 3190 1765 auxilium.
3509 1755 3510 1758 Ἴ

2198 1802 2593 1876 Respondetur
2642 1794 2795 1870 quod
2854 1791 2904 1848 si
2962 1782 3132 1842 semel
3184 1756 3511 1850 auxiliumffgff

2125 1884 2444 1944 necessario
2475 1878 2796 1954 requiritur
2836 1871 2908 1930 ad
2945 1859 3228 1924 vitandum
3263 1864 3418 1926 pecca-

2126 1975 2270 2033 tum,
2319 1973 2374 2025 et
2419 1964 2668 2040 gratiam
2722 1946 3182 2016 conservandam,
3233 1934 3421 1994 nullum

2095 2083 2098 2088 f
2126 2058 2211 2111 est
2229 2046 2643 2108 inconveniens
2666 2052 2944 2102 asserere,
2974 2027 3116 2106 quod
3130 2025 3294 2101 justus
3328 2026 3421 2070 non

2129 2133 2304 2208 possit
2322 2127 2468 2187 illud
2490 2126 2561 2183 de
2581 2123 2868 2197 condigno
2889 2111 3112 2175 mereri,
3132 2104 3249 2179 quia
3271 2099 3324 2156 in
3340 2091 3421 2150 tali

2128 2211 2525 2286 suppositione
2583 2203 2924 2280 praedictum
2983 2190 3242 2253 auxilium
3300 2175 3424 2234 volui

2132 2312 2264 2371 pars
2305 2290 2607 2364 integralis
2647 2283 2942 2357 componit
2968 2277 3168 2335 donum
3207 2271 3421 2338 perseve-

2134 2377 2355 2444 rantiae,
2386 2380 2443 2432 et
2494 2365 3007 2443 comprehenditur
3044 2359 3122 2413 in·
3148 2366 3207 2408 ea
3245 2341 3421 2402 ratione

2134 2463 2197 2516 D.
2238 2458 2514 2514 Thomas:
2572 2448 2999 2510 Per-severantia
3045 2440 3136 2496 vie
3181 2445 3273 2488 non
3307 2419 3420 2480 cadi!

2133 2540 2232 2596 sub
2257 2539 2468 2602 meritc,
2502 2538 2635 2612 quia
2662 2529 2922 2604 dependet
2960 2524 3125 2580 solum
3145 2530 3208 2570 em
3240 2504 3420 2562 motion?

2135 2622 2349 2684 divina,
2376 2634 2490 2695 quar
2512 2627 2591 2670 est
2612 2614 2961 2687 principium
2985 2601 3151 2659 omnis
3171 2587 3343 2649 meriti·

2212 2704 2404 2757 Potest
2426 2696 2672 2755 secundo
2715 2686 3052 2767 responderi
3094 2668 3320 2751 negando
3349 2674 3418 2750 st}-

2137 2785 2368 2857 quelam
2435 2778 2851 2836 universaliter
2918 2766 3262 2829 intellectam,
3316 2755 3418 2830 ‘13¹¹ss

2141 2866 2288 2923 ratio
2311 2869 2510 2923 nostra
2542 2864 2730 2920 solum
2758 2836 3416 2922 convincithominempon

2142 2964 2304 3023 posse
2325 2945 2541 3003 mereri
2569 2943 2639 3001 de
2663 2940 2955 3014 condigno
2994 2919 3416 3007 perseverantiam,

2141 3045 2241 3087 seu
2268 3026 2763 3085 conservationem
2802 3019 3026 3095 gratim,
3070 3015 3122 3068 et
3160 3019 3215 3061 ea
3240 3006 3338 3070 ‘1¹¹³'
3365 2999 3417 3041 ⁹¹

2145 3116 2306 3184 parte
2332 3110 2491 3166 illius
2533 3100 3068 3177 indispensabiliter
3105 3077 3414 3164 requiruntur·

2146 3193 2386 3251 Collatio
2414 3196 2606 3248 autem
2648 3185 2910 3261 praedicti
2948 3171 3140 3237 auxilii
3174 3177 3264 3222 non
3294 3149 3417 3240 md?-

2145 3282 2241 3332 tur
2307 3269 2842 3345 indispensabiliter
2913 3257 3120 3336 requiri
3163 3247 3216 3305 nd
3259 3237 3412 3312 §¹³¹¹ae

2149 3356 2651 3431 permanentiam
2683 3367 2821 3408 nam
2850 3350 2980 3406 haec
3022 3337 3185 3417 posset
3212 3325 3410 3388 imolen·

2149 3440 2351 3498 denter
2381 3439 2576 3496 abillo
2600 3451 2700 3510 per
2724 3434 2838 3491 alia
2870 3426 3059 3489 media
3081 3408 3275 3498 salvari.
3307 3398 3415 3477 Tum,

2148 3521 2283 3594 quia
2312 3524 2496 3594 posset
2517 3521 2666 3575 Deus
2685 3514 3012 3586 disponere,
3032 3502 3223 3561 utineo
3239 3476 3419 3543 imtantt

2152 3620 2272 3661 non
2297 3603 2582 3679 obligaret
2610 3601 2962 3673 praeceptum
2991 3614 3004 3648 :
3031 3595 3142 3646 tum
3165 3572 3275 3665 qui?
3304 3558 3422 3617 ΜΘ·

2154 3691 2241 3743 ret
2269 3688 2497 3744 auferre
2533 3683 2818 3759 judicium
2846 3675 3187 3736 indifferens,
3224 3661 3325 3710 ⁵1⁰0
3344 3649 3423 3713 ‘1¹¹⁰

2155 3769 2355 3842 nequit
2378 3783 2503 3824 esse
2528 3766 2697 3838 culpa
2729 3783 2743 3818 z
2773 3767 2902 3816 tum
2930 3756 3058 3832 quia
3084 3728 3425 3825 possetnnessare

2156 3867 2390 3910 omnem
2419 3861 2781 3912 concursum,
2813 3848 2936 3899 tam
2987 3834 3056 3894 ad
3093 3807 3339 3886 materiale
3358 3814 3425 3856 ac·

2157 3939 2246 3989 tus
2288 3929 2588 4003 prohibiti,
2658 3939 2833 4000 quam
2880 3921 2955 3979 ad
3016 3898 3294 3989 materiale·
3315 3886 3426 3977 {⁰¹9⁵

2158 4012 2456 4070 influentis
2496 4011 2559 4065 in
2598 4005 2977 4065 omissionem
3020 3998 3160 4052 actus
3193 3975 3347 4036 debiti,
3383 3970 3426 4012 11¹

2158 4111 2269 4168 quo
2306 4096 2514 4151 eventu
2561 4089 2792 4146 nullum
2841 4084 3119 4158 peccatum

2160 4173 2325 4232 Unde
2350 4173 2483 4229 licet
2509 4173 2682 4229 homo
2704 4171 2949 4240 nequeat
2974 4149 3169 4217 mereri
3193 4144 3293 4199 hoc,
3317 4140 3399 4208 qu.

2162 4262 2246 4314 est
2275 4272 2392 4313 non
2434 4267 2682 4326 peccare,
2714 4246 2863 4323 quod
2888 4230 3241 4303 essentialiter
3260 4200 3427 4305 clffflffl‘

2162 4347 2258 4397 tur
2304 4338 2368 4394 in
2411 4335 2615 4411 gratiae
2644 4322 3104 4408 perseverantia;
3140 4320 3239 4368 1¹0⁰
3261 4288 3427 4379 “¹⁶99'‘

2164 4429 2358 4479 tamen
2387 4431 2728 4493 repugnare,
2760 4411 2909 4487 quod
2950 4398 3215 4465 mereatur
3246 4367 3423 4466 au¹¹¹¹²j

2165 4521 2289 4579 quae
2317 4501 2726 4559 concurrerent
2760 4494 2832 4551 ad
2859 4484 3145 4549 vitandum
3170 4460 3424 4545 peecatum·

2167 4583 2314 4660 quod
2341 4581 2502 4639 enim
2528 4578 2598 4636 de
2638 4577 2783 4634 facto
2822 4561 3167 4632 concurrant,
3208 4555 3303 4604 ⁰⁰¹¹
3333 4538 3431 4603 ΡΨ
3509 4568 3510 4633 l

2167 4668 2265 4725 bat
2292 4665 2584 4739 pertinere
2612 4659 2925 4717 intrinsece
2955 4665 3052 4726 per
3090 4656 3146 4698 se
3185 4616 3437 4722 ad.‘¹⁰¹²¹¹¹¹{

2172 4745 2652 4824 perseverantiae3
2684 4743 2789 4798 hoc
2811 4738 2970 4797 enim
2994 4724 3166 4808 posset
3199 4700 3413 4803 gua—5⁰⁰¹?

2170 4829 2392 4895 sistere,
2440 4831 2508 4881 ut
2546 4820 2949 4898 explicuimus.
3001 4800 3148 4875 Quod
3183 4810 3227 4849 ⁵²
3258 4771 3437 4876 ⁰Plf³⁶¹¹⁰

2172 4909 2496 4977 contendat,
2525 4904 2862 4981 praedictum
2884 4892 3151 4957 auxilium
3171 4875 3350 4958 12unss
3367 4859 3440 4964 9²¹:

2173 5009 2252 5063 se,
2286 4997 2342 5051 et
2370 4987 2693 5048 necessario
2720 4984 2791 5043 ad
2812 4943 3440 5081 perseverandun}1‘13101133n

3171 5049 3270 5100 oms
3323 5083 3332 5093 ·

2174 5074 2274 5144 tia,
2303 5070 2575 5131 standum
2596 5067 2710 5129 erit
2734 5062 2918 5141 priori
2934 5061 3167 5129 respon-‘³¹
3308 5094 3440 5168 qnam
