3647 5753
1386 363 1597 419 ‚msa
1641 364 1761 430 vn,
1807 365 1971 422 nun.
2017 369 2118 424 1v.
2382 399 2393 410 ·
2928 439 2931 442 ,
3055 374 3161 429 187

303 537 532 590 tantum
554 532 624 590 ad
643 533 1042 601 substantiam,
1074 533 1172 592 sed
1210 534 1386 593 etiam
1423 531 1494 590 ad
1536 549 1667 591 mo-

303 614 444 673 dum
482 615 784 685 libertatis,
814 622 872 674 et
925 623 1232 689 utrumque
1271 615 1669 676 infallibiliter

309 695 505 754 infert.
532 698 601 752 Et
620 698 755 771 quia
796 713 912 755 non
939 703 1049 755 stat
1071 697 1310 755 libertas
1337 696 1575 755 actualis
1603 695 1668 753 in

301 777 598 835 elicientia
649 779 890 855 alicujus
934 787 1089 836 actus
1134 780 1346 854 absque
1398 778 1668 853 proxima

308 864 580 934 potestate
601 858 671 915 ad
687 861 1030 933 oppositum,
1060 868 1361 934 propterea
1376 860 1667 918 auxilium

301 940 500 998 efficax
528 938 598 996 ad
620 956 962 998 consensum
990 941 1242 998 liberum
1272 941 1464 999 taliter
1492 940 1668 996 illum

303 1021 501 1089 infert,
532 1027 587 1078 et
616 1022 810 1078 taliter
847 1023 1163 1080 carentiam
1211 1038 1521 1081 consensus
1563 1037 1670 1078 ex-

299 1104 499 1169 cludit,
531 1103 682 1176 quod
708 1103 885 1160 simul
908 1109 1032 1162 actu
1064 1105 1354 1178 relinquat
1378 1105 1669 1162 involun-

305 1192 418 1244 tate
481 1190 811 1259 potestatem
855 1185 924 1242 ad
983 1188 1328 1260 oppositum,
1381 1187 1444 1243 in
1494 1202 1666 1244 sensu

299 1266 508 1324 diviso.
540 1268 682 1326 Tota
699 1283 837 1341 ergo
860 1269 1161 1324 necessitas
1188 1267 1268 1324 ibi
1300 1273 1525 1341 reperta
1550 1283 1668 1325 non

299 1353 389 1405 est
428 1346 783 1414 antecedens,
816 1348 908 1404 vel
937 1347 1216 1416 absoluta,
1270 1350 1366 1405 vel
1407 1363 1479 1404 ex
1507 1353 1669 1421 parte

304 1432 462 1488 actus
484 1427 657 1501 primi
679 1451 693 1493 ;
716 1427 814 1484 sed
835 1434 920 1484 est
943 1429 1246 1487 necessitas
1269 1426 1666 1486 infallibilita-

302 1511 400 1575 tis‚
430 1514 485 1565 et
510 1509 852 1582 simpliciter
891 1524 1241 1582 consequens
1284 1514 1541 1566 nostram
1566 1507 1669 1566 de-

304 1588 777 1646 terminationem
803 1594 863 1644 ut
891 1589 1286 1662 praehabitam,
1319 1594 1436 1646 tam
1466 1589 1528 1645 in
1564 1587 1668 1646 de-

304 1674 463 1726 creto
482 1669 581 1724 Dei
603 1668 830 1735 efficaci,
855 1685 1030 1741 quam
1075 1670 1137 1726 in
1169 1670 1387 1726 auxilio
1421 1668 1629 1726 efficaci
1649 1692 1663 1737 ;

301 1751 450 1807 sicut
487 1750 791 1807 necessitas
830 1767 953 1824 quae
992 1752 1362 1824 consequitur
1407 1756 1667 1808 nostram

303 1831 552 1888 liberam
617 1829 1165 1889 determinationem
1217 1838 1281 1888 ut
1323 1832 1667 1890 existentem

303 1911 630 1968 formaliter
657 1911 721 1967 in
759 1912 966 1985 seipsa.
1014 1914 1322 1970 Anselmus
1364 1919 1555 1970 autem
1604 1914 1668 1970 iu

303 1994 427 2050 loco
448 1992 545 2065 qui
575 1991 743 2050 nobis
787 1992 1074 2067 objicitur,
1126 2009 1243 2051 non
1290 1994 1548 2067 loquitur
1599 1994 1670 2053 de

300 2075 407 2131 hac
457 2073 811 2141 necessitate,
866 2073 965 2130 sed
1011 2074 1081 2132 de
1120 2076 1224 2132 illa
1273 2092 1397 2149 quae
1449 2075 1671 2133 inducit

300 2154 665 2219 violentiam,
686 2155 776 2210 vel
803 2154 1205 2227 impotentiam
1229 2155 1301 2212 ad
1316 2156 1665 2228 oppositum,

300 2242 363 2290 ut
386 2239 613 2292 constat
637 2250 710 2290 ex
737 2234 859 2289 illis
878 2235 1072 2291 verbis
1099 2257 1113 2291 ε
1150 2235 1418 2294 Violencia
1440 2242 1693 2292 namma

297 2318 370 2373 lis
419 2315 756 2371 conditionis
801 2318 940 2385 cepit
986 2317 1181 2374 coelum
1214 2318 1363 2373 volvi
1378 2335 1398 2385 ,·
1440 2324 1488 2372 te
1539 2335 1667 2373 vero

295 2398 466 2454 nulla
529 2398 820 2452 necessitas
869 2396 1148 2467 (absoluta
1197 2399 1430 2465 scilicet,
1484 2399 1671 2472 qualis

298 2481 452 2537 inest
481 2480 644 2550 coelo)
671 2481 811 2549 coqit
841 2480 1007 2556 loqui.
1037 2481 1203 2535 Illam
1231 2479 1390 2536 enim
1417 2482 1669 2552 priorem

300 2559 702 2617 necessitatem
726 2559 1012 2616 cohaerere
1026 2576 1154 2616 cum
1173 2567 1366 2617 nostra
1385 2562 1666 2628 libertate,

142 2639 496 2696 Ansetdoeuit
543 2639 868 2695 clarissime
921 2639 1072 2695 idern
1126 2643 1188 2694 D.
1250 2641 1556 2697 Anselmus
1608 2642 1671 2697 in

292 2721 502 2778 eodem
529 2719 701 2786 libro,
728 2738 848 2792 cap.
875 2722 930 2785 2,
958 2720 1077 2776 illis
1119 2720 1310 2777 verbis
1344 2743 1356 2777 ε
1396 2721 1672 2794 Quoniam

287 2804 439 2883 quod
463 2805 616 2859 Deus
661 2803 799 2870 vult,
847 2820 957 2857 non
994 2810 1161 2875 potest
1206 2820 1317 2858 non
1361 2821 1469 2860 esse
1488 2823 1508 2872 ,·
1549 2824 1674 2862 cum

288 2886 411 2940 vult
434 2886 687 2940 hominis
707 2884 1046 2940 voluntatem
1083 2884 1240 2940 nulla
1262 2887 1398 2956 coyi,
1429 2887 1515 2942 vel
1534 2904 1674 2959 pro-

283 2966 470 3022 hiberi
509 2967 831 3023 necessitate
869 2965 944 3020 ad
989 2966 1294 3031 volendum,
1339 2967 1423 3022 vel
1464 2968 1539 3022 ad
1567 2986 1670 3024 non

286 3047 627 3114 volendum;
651 3052 700 3100 et
723 3046 840 3101 vult
867 3047 1112 3118 effectum
1134 3048 1286 3121 sequi
1306 3048 1664 3115 voluntatem,

287 3136 423 3185 tunc
443 3144 664 3185 neeesse
681 3134 759 3182 est
779 3144 887 3181 esse
908 3127 1155 3191 liberam,
1180 3134 1228 3182 et
1249 3144 1358 3182 esse
1374 3127 1517 3205 quod
1531 3129 1667 3185 vult.

76 3214 479 3276 numm-Quam
509 3209 849 3267 doctrinam
892 3209 1066 3265 tradit
1110 3210 1287 3266 etiam
1340 3213 1403 3266 D.
1464 3211 1668 3268 Thom.

284 3299 477 3369 quaest.
503 3292 606 3356 23,
639 3290 708 3345 de
749 3287 1000 3355 Vei-itate,
1027 3297 1136 3345 art.
1170 3291 1205 3343 5
1228 3290 1301 3344 ad
1331 3291 1386 3351 4.
1419 3297 1467 3345 et
1491 3290 1584 3346 lib.
1612 3292 1667 3357 3,

277 3380 483 3427 contra
527 3376 738 3441 yeme-9,
789 3386 910 3440 cap.
961 3371 1051 3436 94,
1097 3385 1274 3442 eaque
1320 3370 1406 3426 usi
1456 3370 1676 3427 fuimus

278 3457 522 3526 supra§
546 3454 606 3519 3,
647 3449 722 3507 ad
758 3450 1119 3523 probandum
1155 3452 1439 3508 auxilium
1481 3451 1703 3510 efficax·

276 3550 409 3592 esse
436 3534 559 3590 tale
586 3548 664 3589 ex
686 3546 768 3595 se,
800 3536 856 3587 et
884 3529 955 3586 ab
983 3532 1314 3589 intrinseco.

91 3627 233 3678 objec—
353 3616 499 3671 266.
535 3615 644 3667 Est
667 3616 861 3667 autem
894 3611 1008 3667 haec
1032 3611 1293 3668 doctrina
1315 3611 1453 3669 adeo
1480 3610 1669 3679 firma,

89 3676 229 3772 ἑζζῖξξ
276 3700 340 3750 ut
367 3709 443 3751 ea
485 3693 676 3750 facile
716 3689 1098 3747 devincantur
1143 3691 1504 3767 objectioneS,
1535 3710 1678 3766 quas

87 3777 220 3822 daiam
268 3780 486 3831 contra
527 3770 982 3843 responsionem
1025 3787 1209 3843 nuper
1255 3771 1527 3827 traditam
1558 3773 1682 3828 sor-

77 3836 240 3921 ffls
270 3858 446 3910 mant
477 3850 788 3907 Authores
816 3850 1121 3906 contrariis
1148 3850 1460 3922 opinionis
1491 3853 1680 3924 Oppo-

272 3939 429 3991 nunt
506 3933 734 4006 primo,
785 3929 921 4000 quia
987 3929 1320 4001 praedictum
1368 3930 1674 3998 auxilium,

271 4020 451 4086 prout
495 4030 533 4070 a
579 4009 762 4067 nobis
803 4009 1164 4078 describitur,
1199 4026 1316 4066 non
1361 4016 1446 4066 est
1483 4010 1680 4066 minus

267 4093 476 4150 efficax
490 4091 568 4149 ad
584 4088 1110 4146 determinandum
1124 4091 1477 4146 voluntatem
1495 4088 1679 4163 quoad

263 4174 665 4236 exercitium,
696 4187 871 4242 quam
914 4168 1126 4228 bouum
1169 4171 1232 4227 in
1271 4172 1568 4228 communi
1609 4170 1680 4227 ad

265 4251 823 4316 determinandum
855 4253 1019 4308 illam
1047 4253 1229 4325 quoad
1257 4255 1503 4327 speciem
1538 4274 1552 4309 ε
1582 4252 1680 4308 sed

63 3908 82 3915 ..r

265 4338 639 4414 praedictum
695 4333 915 4390 bouum
964 4334 1042 4390 ita
1095 4334 1448 4391 voluntatem
1490 4334 1681 4392 deter-

263 4421 484 4484 minat,
514 4417 689 4491 quod
712 4415 980 4471 voluntas
999 4414 1073 4468 sit
1100 4414 1355 4473 absolute
1382 4416 1682 4472 ncessitata

261 4502 459 4578 quoad
489 4498 777 4574 speciem
805 4493 875 4550 ad
907 4495 1218 4551 amandum
1249 4494 1414 4563 illud,
1455 4501 1514 4550 ut
1534 4512 1684 4553 com-

263 4584 546 4641 muniter
567 4579 801 4635 docent
829 4575 1101 4648 Theologi
1129 4591 1259 4632 cum
1292 4578 1351 4631 D.
1386 4577 1592 4632 Thom.
1620 4576 1682 4632 in

264 4668 374 4725 hac
409 4667 462 4730 1,
510 4665 573 4728 ·2,
609 4663 817 4739 quaest.
853 4658 937 4720 10,
969 4664 1080 4711 art.
1120 4660 1136 4713 1
1171 4663 1227 4714 et
1253 4659 1319 4723 ·2;
1350 4674 1485 4732 ergo
1513 4658 1683 4715 auxi-

266 4750 419 4805 lium
432 4745 653 4802 efficax
669 4740 759 4794 ita
775 4735 1121 4793 determinat
1134 4739 1483 4794 voluntatem
1499 4738 1684 4811 quoad

261 4824 659 4886 exercitium,
697 4824 767 4874 ut
801 4817 917 4872 haec
956 4821 1184 4872 maneat
1206 4816 1462 4874 absolute
1489 4833 1687 4875 neces-

264 4910 446 4967 sitata
475 4904 553 4963 ad
587 4903 810 4975 ipsum
853 4894 1217 4953 eliciendum.
1255 4894 1521 4965 Secundo,
1552 4898 1688 4970 quia

264 4991 404 5049 ideo
431 4990 606 5045 actus
637 4974 1170 5048 correspondentes
1184 4977 1380 5051 gratiae
1401 4977 1683 5051 operanti,

1799 534 1926 593 sive
1952 538 2170 596 auxilio
2206 540 2517 614 applicanti
2546 540 2615 598 ad
2665 541 2923 615 primum
2951 541 3165 600 volun-

1801 618 1933 675 tatis
1986 627 2193 686 actum,
2253 638 2370 680 non
2416 630 2550 680 sunt
2598 626 2762 683 nobis
2790 626 2979 693 liberi,
3026 626 3164 698 quia

1801 699 1950 755 Deus
1976 701 2259 773 perillam
2285 703 2534 777 gratiam
2558 720 2661 761 nos
2681 705 2927 779 applicat
2954 704 3165 778 absque

1802 784 1999 836 nostra
2046 781 2494 852 deliberatione;
2535 784 2633 842 sed
2672 786 2848 842 etiam
2876 785 3165 842 auxilium

1800 874 1873 915 ex
1899 875 1959 917 se
1983 859 2178 919 efficax
2218 863 2462 937 applicat
2490 881 2593 923 nos
2618 864 2688 921 ad
2719 864 3003 938 agendum
3033 871 3168 923 ante
3267 884 3270 887 ·

1802 945 2058 997 nostram
2098 941 2590 1013 deliberationem,
2614 945 2898 1018 siquidem
2927 952 3059 1003 ante
3086 946 3167 1002 il-

1803 1022 1921 1077 lam
1950 1021 2115 1080 nobis
2143 1024 2537 1099 imprimitur:
2560 1043 2696 1102 ergo
2717 1033 2872 1084 actus
2900 1027 3165 1102 praedicto

1802 1101 2021 1160 auxilio
2047 1106 2498 1178 correspondens
2521 1123 2637 1165 non
2657 1113 2743 1165 est
2771 1107 2939 1173 liber,
2965 1107 3060 1165 sed
3088 1108 3165 1164 sit

1801 1197 1931 1238 cum
1966 1182 2223 1242 absoluta
2270 1188 2617 1246 necessitate.
2669 1188 2866 1254 Tertia,
2908 1189 3043 1261 quia
3084 1188 3167 1244 ita

1800 1278 1862 1320 se
1895 1262 2064 1320 babet
2089 1264 2262 1323 homo
2304 1274 2633 1339 praeventus
2671 1268 2892 1326 auxilio
2930 1267 3160 1335 efficaci,

1801 1347 1866 1399 ut
1893 1360 2010 1401 non
2037 1343 2357 1412 dissentiat,
2389 1349 2534 1405 sicut
2561 1349 2733 1406 homo
2780 1349 2987 1424 ligatus
3027 1349 3162 1406 forti

1801 1429 2019 1489 catena,
2053 1429 2115 1480 ut
2141 1441 2259 1483 non
2287 1427 2541 1485 ambulet·
2580 1450 2593 1483 :
2620 1445 2745 1501 qnae
2771 1429 2928 1485 enim
2961 1429 3166 1487 sortior

1801 1510 2000 1561 catena
2034 1503 2103 1560 ad
2144 1506 2444 1581 ligandum
2486 1509 2804 1575 hominem,
2838 1525 2911 1566 ne
2938 1508 3167 1566 dissen-

1803 1585 1923 1652 tiat,
1953 1600 2123 1657 quam
2161 1588 2445 1645 auxilium
2486 1588 2699 1655 efficax,
2744 1590 2835 1646 cui
2863 1589 3168 1646 essentiale

1801 1669 1888 1721 est
1912 1664 2214 1723 excludere
2233 1667 2557 1725 dissensum
2574 1672 2601 1724 Ρ
2627 1669 2734 1725 Sed
2758 1670 2929 1726 homo
2959 1668 3169 1744 ligatus

1804 1746 1938 1804 forti
1965 1752 2163 1820 catena
2192 1747 2450 1806 redditur
2487 1750 2742 1807 absolute
2782 1751 3068 1823 impotens
3096 1749 3169 1807 ad

1803 1825 2255 1895 ambulandum;
2286 1833 2341 1885 et
2386 1830 2464 1886 ita
2510 1846 2628 1888 non
2668 1829 3040 1888 deambulare
3083 1835 3169 1889 est

1803 1909 1914 1982 ipsi
1944 1908 2198 1967 absolute
2239 1912 2643 1979 necessarium,
2677 1928 2778 1970 nec
2817 1913 2870 1970 ei
2912 1914 3168 1987 imputa-

1802 1993 1908 2045 tur
1926 1987 1998 2045 ad
2016 1991 2244 2063 culpam
2262 2011 2275 2046 :
2292 2007 2427 2067 ergo
2454 1992 2626 2050 homo
2654 1999 2975 2065 praeventus
2996 1994 3169 2049 auxi-

1803 2070 1885 2127 lio
1927 2087 1999 2129 ex
2037 2088 2098 2129 se
2148 2072 2356 2130 efficaci
2405 2072 2474 2130 ad
2523 2089 2639 2131 non
2684 2074 3166 2144 dissentiendum,

1806 2149 2066 2208 redditur
2092 2152 2346 2210 absolute
2385 2153 2669 2226 impotens
2709 2153 2778 2210 ad
2819 2153 3170 2212 dissentien-

1804 2230 1965 2298 dum,
2009 2237 2065 2288 et
2108 2237 2304 2288 manet
2353 2233 2721 2290 necessitatus
2767 2233 3043 2299 absolute,
3100 2239 3167 2290 ut

1804 2313 2168 2370 assentiatur.
2190 2315 2258 2367 Et
2281 2319 2511 2386 urgetur
2534 2314 2649 2370 haec
2663 2313 3003 2380 similitudo,
3022 2331 3168 2389 quo-

1805 2394 1966 2450 niam
2019 2393 2161 2450 sicut
2208 2394 2492 2449 auxilium
2533 2394 2726 2450 efficax
2763 2411 2878 2451 nou
2923 2393 3167 2453 destruit

1803 2473 2101 2532 entitatem
2144 2474 2476 2539 voluntatiS,
2508 2475 2588 2530 ita
2615 2480 2813 2533 catena
2842 2474 3007 2532 sortis
3048 2491 3169 2534 non

1804 2553 2045 2611 destruit
2072 2558 2369 2611 entitatem
2394 2555 2660 2627 potentiae
2686 2555 3167 2624 deambulativae;

1803 2641 1863 2694 et
1888 2636 2273 2693 nihilominus
2300 2635 2435 2691 sorti
2465 2642 2663 2693 catena
2691 2637 2897 2712 ligatus
2927 2654 3045 2694 non
3073 2637 3171 2694 di-

1804 2718 1954 2775 citur
1975 2717 2245 2784 absolute,
2264 2722 2320 2775 et
2341 2717 2640 2775 moraliter
2663 2734 2821 2790 posse
2842 2718 3165 2788 ambulare;

1805 2797 1903 2857 sed
1930 2805 2231 2857 excusatur
2277 2815 2309 2856 a
2335 2800 2590 2856 carentia
2633 2799 3116 2860 deambulationis
3147 2822 3162 2858 ε

1805 2902 1941 2960 ergo
1967 2883 2174 2940 efficaci
2203 2883 2421 2939 auxilio
2450 2887 2772 2956 praeventus
2802 2900 2918 2941 non
2957 2890 3042 2942 est
3062 2884 3169 2941 ab-

1806 2969 2007 3032 solute,
2050 2972 2108 3022 et
2134 2964 2431 3022 moraliter
2459 2971 2656 3038 potens
2702 2963 2772 3022 ad
2817 2969 3167 3040 oppositum,
3230 2965 3234 2968 ⁴

1806 3047 1905 3106 sed
1943 3052 2137 3103 manet
2167 3047 2530 3103 necessitatus
2559 3045 2628 3102 ad
2666 3049 3160 3106 consentiendum.

1881 3132 2010 3187 267.
2044 3127 2431 3185 confirmatur
2452 3116 2775 3186 ¹refellendo
2802 3130 3013 3188 directe
3043 3147 3166 3188 res-
3194 3160 3364 3205 coufir-

1809 3209 2146 3282 ponsionem
2192 3224 2365 3281 supra
2413 3207 2684 3265 traditam
2718 3231 2730 3265 ε
2772 3211 3044 3283 quoniam
3074 3226 3168 3268 se-
3206 3210 3353 3255 matio.

1807 3288 2060 3345 cundum
2102 3289 2443 3344 Anselmnm
2473 3289 2593 3345 loco
2617 3304 2794 3361 supra
2826 3290 3015 3356 citato,
3045 3291 3172 3348 sola

1810 3368 1914 3425 illa
1955 3368 2257 3425 necessitas
2294 3373 2380 3424 est
2422 3368 2764 3440 simpliciter
2800 3385 3170 3443 consequens,

1808 3455 1864 3505 et
1905 3464 2024 3505 non
2067 3446 2443 3522 praejudicans
2485 3446 2735 3505 libertati
2781 3449 3018 3522 agentis,
3049 3465 3176 3522 quae

1808 3530 2175 3604 consequitur
2220 3528 2290 3585 ad
2337 3528 2884 3586 determinationem
2927 3529 3175 3587 liberam

1809 3609 2065 3684 ejusdem
2118 3610 2355 3683 agentiS,
2415 3607 2673 3665 habitam
2730 3609 3058 3667 formaliter
3109 3610 3175 3666 iu

1810 3692 2027 3765 seipsa;
2077 3706 2109 3747 e
2147 3695 2347 3747 contra
2387 3705 2544 3757 vere,
2576 3706 2702 3762 quas
2740 3690 3177 3749 determinatio-

1813 3790 1947 3830 nem
1971 3771 2273 3829 formalem
2298 3771 2477 3844 ipsius
2498 3773 2717 3846 agentis
2738 3775 3065 3840 antevertit,
3090 3779 3177 3832 est

1814 3853 2114 3910 necessitas
2154 3851 2494 3924 simpliciter
2535 3852 2891 3919 antecedens,
2920 3859 2977 3911 et
3003 3871 3175 3912 ever-

1814 3938 1940 3989 tens
1987 3931 2355 3987 libertatem:
2389 3931 2544 4004 atqui
2593 3933 2893 3990 necessitas
2937 3940 3063 3991 orta
3102 3951 3176 3992 ex
3218 3988 3223 3993 .

1813 4011 2203 4085 suppositione
2251 4011 2457 4067 auxilii
2487 4010 2557 4067 ab
2584 4012 2899 4069 intrinseco
2936 4013 3178 4071 efficacis

1813 4110 1934 4151 nou
1977 4093 2344 4165 consequitur
2390 4089 2936 4152 determinationem
2968 4101 3179 4153 nostrae

1815 4172 2128 4232 voluntatis
2175 4172 2430 4228 habitam
2479 4173 2803 4230 formaliter
2856 4174 2918 4230 in
2963 4176 3173 4248 seipsa,

1813 4256 1913 4312 sed
1958 4270 2086 4312 eam
2134 4254 2477 4327 simpliciter
2522 4254 2825 4322 antecedit,
2858 4262 2919 4310 ut
2957 4262 3181 4315 constat

1813 4352 1885 4393 ex
1912 4351 1974 4390 su
1986 4351 2085 4407 pra
2111 4334 2276 4390 dictis
2303 4349 2472 4408 :ergo
2502 4335 2801 4392 necessitas
2816 4341 2940 4391 orta
2956 4352 3026 4393 ex
3046 4353 3181 4411 sup·

1817 4416 2098 4489 positione
2126 4414 2339 4470 auxilii
2360 4413 2430 4469 ab
2456 4414 2767 4472 intrinseco
2807 4415 3060 4482 efficaciS,
3090 4422 3180 4474 est

1815 4495 2157 4568 simpliciter
2186 4493 2539 4559 antecedam,
2589 4500 2644 4551 et
2674 4494 3050 4568 praejudicans
3097 4498 3178 4553 li-

1818 4575 2044 4631 bertati.
2077 4574 2446 4651 blajoremin
2489 4591 2600 4647 qua
2626 4580 2711 4630 est
2737 4574 3053 4642 difficultaS,
3084 4578 3178 4634 la-

1817 4655 2038 4711 tissime
2056 4653 2254 4726 proba*
2272 4654 2299 4667 ⁷
2366 4670 2477 4710 irez
2491 4655 2784 4726 proloyom.
2801 4657 2847 4721 1,
2862 4673 2984 4728 cap.
3001 4657 3056 4720 6,
3079 4656 3178 4713 ubi

1820 4737 1989 4809 plura
2016 4748 2109 4792 ezr
2112 4764 2285 4790 ......
2294 4749 2387 4790 ino
2415 4734 2581 4791 affert
2620 4733 2689 4791 ad
2717 4737 2838 4809 ejus
2864 4736 3179 4796 confirma-

1819 4817 2057 4882 tionem,
2088 4831 2159 4871 ex
2179 4812 2386 4886 quibus
2410 4814 2545 4887 quia
2584 4831 2700 4872 non
2730 4832 2905 4887 pauca
2931 4816 3184 4877 difficul-
3220 4816 3235 4829 '

1820 4904 1935 4956 tate
1955 4902 2167 4961 carent,
2203 4900 2259 4951 et
2296 4911 2367 4951 ex
2393 4894 2559 4951 dictis
2598 4897 2764 4954 facile
2789 4898 3177 4971 explicantur,

1822 4978 2120 5036 selectiora
2149 4981 2374 5032 tantum
2406 4975 2739 5034 referemus,
2786 4978 2994 5036 Probat
3041 4998 3185 5057 ergo
