3647 5753
62 3757 100 3791 >n
106 3742 220 3788 ‘ut‘-

61 3808 77 3842 π
103 3805 201 3838 am-

61 3845 182 3890 dius.

1340 382 1519 440 DISP.
1561 380 1660 448 vl,
1701 381 1868 438 DUB.
1913 383 2010 439 111.
2957 387 3069 443 839

197 569 314 611 seu
341 554 777 627 suspensionem
813 575 826 610 :
853 553 953 612 sed
982 553 1271 628 reparatio
1298 558 1422 628 post
1448 555 1579 626 lap-

196 650 341 692 sum
367 635 635 708 explicite
663 635 938 708 importat
963 635 1280 694 carentiam
1321 635 1581 693 efficacias

210 718 276 774 in
298 717 531 783 merito,
554 721 610 774 et
622 716 878 792 ejusdem
895 719 1091 776 meriti
1113 717 1575 785 destructionem,

196 815 311 857 seu
341 800 774 873 suspensionem
804 820 818 857 t
859 816 995 875 ergo
1031 802 1308 859 meritum
1339 802 1402 857 in
1429 804 1578 856 statu

192 882 448 957 justitiae
481 881 741 938 habitum
771 883 970 955 nequit
995 899 1160 940 suam
1186 881 1581 940 causalitatem

214 977 483 1020 exercere
528 963 592 1018 in
628 961 831 1020 ordine
873 962 944 1019 ad
986 963 1411 1036 reparationem
1458 964 1583 1035 post

218 1045 469 1118 lapsum.
491 1044 686 1101 Minor
706 1049 791 1102 est
811 1050 981 1111 certa,
1002 1045 1136 1118 quia
1153 1045 1442 1118 reparatio
1460 1048 1583 1117 post

218 1129 445 1200 lapsum
467 1127 868 1194 essentialiter,
887 1133 941 1185 et
964 1127 1297 1185 immediate
1311 1125 1583 1200 supponit

204 1213 430 1266 ‚statum
461 1211 670 1282 peccati
699 1232 711 1266 :
753 1209 852 1267 sed
893 1210 985 1265 hic
1010 1216 1190 1267 status
1216 1210 1361 1267 sicut
1386 1225 1583 1267 essen-

212 1293 435 1351 tialiter
452 1292 696 1349 includit
716 1291 1032 1350 carentiam
1053 1294 1267 1367 gratim,
1295 1295 1375 1350 ita
1393 1307 1586 1350 essen-

197 1375 432 1433 ·tialiter
470 1376 865 1449 complectitur
891 1376 1207 1450 carentiam
1234 1375 1493 1434 efficaciae
1519 1374 1584 1430 in

213 1457 444 1523 merito,
476 1462 533 1514 et
571 1455 827 1530 ejusdem
869 1456 1066 1513 meriti
1106 1456 1580 1522 destructionem,

200 1554 313 1596 seu
342 1538 777 1611 suspensionem
801 1553 973 1611 :ergo
997 1538 1286 1611 reparatio
1315 1541 1436 1610 post
1457 1536 1588 1609 lap—

200 1636 345 1677 ..sum
371 1620 638 1692 explicite
665 1620 938 1694 importat
966 1620 1280 1677 carentiam
1319 1617 1582 1675 efficaciae

215 1703 282 1759 in
298 1702 527 1766 merito,
549 1707 605 1758 et
618 1700 879 1774 ejusdem
903 1700 1098 1757 meriti
1114 1698 1582 1766 destructionem,

208 1798 315 1839 ,seu
336 1781 793 1853 suspensionem.
821 1782 1007 1856 Major
1027 1780 1205 1838 etiam
1234 1778 1583 1845 ostenditur,

202 1863 354 1937 ¹quia
380 1862 611 1920 effectus
639 1861 703 1918 in
730 1878 852 1918 esee
879 1861 1012 1917 talis
1039 1861 1239 1935 nequit
1270 1861 1589 1934 importare

218 1941 541 1998 carentiam
583 1940 839 1999 efficaciae
879 1942 943 1997 in
981 1957 1169 2007 causa,
1202 1956 1305 1997 nec
1330 1940 1588 2014 ejusdem

206 2041 403 2081 -causae
454 2023 900 2081 destructionem
926 2049 941 2091 ;
996 2038 1127 2081 cum
1180 2022 1370 2096 potius
1421 2034 1591 2079 causa

208 2106 467 2180 explicet
511 2121 675 2161 suam
718 2104 1021 2162 efficaciam
1068 2104 1133 2159 in
1175 2104 1383 2161 actuali
1413 2103 1592 2161 attin—

208 2188 418 2263 gentia
461 2186 706 2254 effectus,
738 2192 796 2245 et
819 2186 1023 2244 debeat
1051 2187 1158 2260 ipsi
1187 2187 1381 2260 aliquo
1421 2186 1593 2245 modo

209 2267 579 2325 coexistere:
621 2267 721 2325 sed
763 2267 1069 2341 praemium
1098 2266 1162 2322 in
1186 2282 1309 2324 esse
1335 2267 1469 2323 talis
1507 2271 1593 2324 est

225 2349 422 2407 meriti
462 2348 693 2407 effectus
721 2371 733 2405 ε
763 2365 901 2424 ergo
940 2354 1241 2424 repugnat,
1284 2349 1435 2423 quod
1463 2365 1592 2407 me-

227 2429 407 2488 ritum
430 2435 690 2486 exerceat
709 2446 874 2485 suam
891 2429 1285 2486 causalitatem
1308 2430 1372 2486 in
1388 2428 1594 2487 ordine

218 2510 300 2568 ad
329 2511 650 2583 praemium,
677 2510 825 2584 quod
848 2511 911 2567 in
935 2526 1055 2568 esse
1077 2510 1211 2567 talis
1231 2511 1517 2585 explicite.
1539 2516 1596 2568 et

230 2591 554 2648 necessario
592 2592 865 2663 importat
902 2591 1218 2649 carentiam
1246 2591 1503 2649 efficaciae
1530 2590 1594 2646 in

228 2673 457 2741 merito,
499 2678 556 2730 et
592 2672 846 2747 ejusdem
883 2673 1079 2731 meriti
1121 2671 1589 2738 destructionem,

220 2768 324 2810 seu
352 2753 807 2826 suspensionem.
840 2755 910 2810 Et
935 2753 1071 2809 hinc
1099 2757 1252 2825 patet
1278 2752 1347 2809 ad
1390 2768 1596 2811 exem-

227 2833 389 2907 plum
418 2832 480 2889 in
507 2832 863 2892 contrarium
906 2831 1215 2891 adductum
1249 2853 1262 2889 :
1292 2847 1428 2889 nam
1462 2832 1597 2889 licet

220 2917 488 2991 genitum
512 2914 823 2990 aliquando
851 2914 1197 2990 producatur
1218 2915 1283 2971 in
1309 2919 1588 2987 tempore,

230 2999 293 3055 in
314 3015 426 3072 quo
452 3013 736 3073 generans
757 2998 882 3072 Jam
915 3012 1032 3054 non
1059 2997 1256 3055 existit
1284 2996 1345 3052 in
1370 2996 1556 3068 seipso
1580 3018 1595 3062 ς

226 3084 424 3137 tamen
463 3078 727 3152 genitum
758 3079 821 3133 in
848 3093 970 3134 esse
996 3078 1131 3134 talis
1171 3090 1290 3132 non
1324 3073 1600 3145 importat

230 3160 551 3220 necessario
573 3159 891 3217 carentiam
914 3159 1177 3216 efficaciae
1197 3157 1262 3211 in
1282 3171 1386 3212 sua
1408 3170 1594 3219 causa,

229 3258 335 3301 nec
371 3240 626 3316 ejusdem
665 3255 847 3296 causae
885 3238 1372 3296 destructionem:
1402 3233 1499 3291 sed
1537 3232 1600 3287 hi

229 3323 479 3381 defectus
506 3320 761 3383 aliunde,
793 3324 849 3374 et
875 3334 979 3390 per
1001 3316 1259 3374 accidens
1286 3316 1603 3388 importan-

234 3409 350 3460 tur.
383 3400 752 3458 Contrarium
794 3403 986 3454 autem
1028 3396 1231 3454 accidit
1256 3396 1321 3453 in
1363 3409 1604 3467 repara-

233 3485 394 3542 tione
434 3486 560 3555 post
609 3482 858 3553 lapsum,
914 3495 1041 3552 quaa
1095 3478 1417 3536 necessario
1466 3474 1604 3530 dicit

235 3564 553 3625 carentiam
594 3562 851 3619 efficaciae
890 3561 955 3619 in
981 3561 1211 3631 merito,
1255 3564 1312 3617 et
1347 3557 1603 3634 ejusdem

237 3647 435 3706 meriti
456 3643 912 3717 suspensionem.

312 3728 581 3794 Secundo,
600 3732 655 3783 et
670 3725 972 3799 praecipue,
988 3724 1122 3798 quia
1138 3724 1347 3794 salsum
1361 3721 1605 3780 omnino

237 3816 342 3877 est,
372 3808 520 3884 quod
544 3809 818 3864 meritum
841 3810 1103 3863 exerceat
1129 3804 1418 3877 adaequate
1437 3817 1602 3859 suam

238 3893 632 3951 causalitatem
657 3888 963 3946 alliciendo
990 3886 1390 3960 praemiantem
1421 3883 1491 3941 ad
1512 3881 1606 3939 de-

237 3972 592 4033 cernendum
625 3971 963 4043 praemium3
989 3973 1046 4025 et
1070 3965 1218 4040 quod
1246 3982 1308 4023 se
1331 3970 1607 4023 connatu-

240 4058 445 4116 raliter
486 4071 604 4112 non
643 4053 911 4111 extendat
948 4050 1018 4108 ad
1046 4048 1398 4108 causandum
1428 4048 1604 4106 etiam

240 4137 467 4213 praemii
490 4135 858 4194 collationem
886 4155 899 4190 ε
928 4131 1026 4190 sed
1050 4131 1262 4188 merito
1283 4129 1354 4187 ad
1379 4144 1608 4201 repara-

235 4221 456 4276 tionem
481 4223 604 4291 post
632 4217 855 4289 lapsum
887 4217 1167 4288 repugnat
1194 4209 1264 4268 ab
1293 4210 1608 4267 intrinseco

233 4299 483 4359 efficacia
505 4298 574 4356 ad
598 4295 944 4355 causandam
965 4293 1220 4370 praedicti
1237 4292 1466 4366 praemii
1488 4292 1609 4349 col-

239 4383 516 4439 lationem
545 4403 558 4437 :
587 4396 722 4455 ergo
763 4379 1023 4452 implicat
1051 4373 1382 4450 hujusmodi
1425 4374 1607 4430 meri-

240 4471 383 4521 tum.
430 4462 847 4535 Consequentia
888 4466 1073 4533 patet;
1118 4475 1257 4516 nam
1286 4458 1418 4514 licet
1441 4472 1610 4514 causa

242 4547 418 4621 possit
441 4544 661 4619 privari
683 4559 769 4607 eo,
795 4540 944 4616 quod
968 4541 1313 4599 naturaliter
1332 4538 1603 4613 exposcit,

240 4630 368 4687 fieri
416 4635 606 4686 tamen
659 4642 777 4683 non
827 4625 996 4690 valet,
1055 4629 1118 4680 ut
1173 4622 1245 4679 ab
1295 4623 1610 4679 intrinseco

240 4727 426 4769 causae
469 4714 749 4784 ⁴epugnet
788 4705 846 4762 id
872 4705 1021 4779 quod
1050 4704 1398 4763 naturaliter
1425 4704 1567 4777 petit
1592 4722 1607 4758 ι

239 4809 377 4870 ergo
403 4793 454 4849 si
476 4791 671 4849 meriti
700 4790 1003 4846 causalitas
1031 4787 1384 4846 naturaliter
1409 4801 1470 4844 se
1505 4802 1611 4843 ex·-

241 4874 425 4934 tendit
454 4869 524 4931 ad
550 4869 900 4929 causandam
924 4869 1225 4927 efficaciter
1246 4866 1473 4941 praemii
1499 4866 1612 4924 col-

243 4956 541 5023 lationem,
593 4952 1049 5025 implicatorium
1076 4955 1163 5008 est
1188 4948 1486 5014 meritum,
1518 4947 1610 5004 cui

243 5037 513 5114 praedicta
541 5035 790 5093 efficacia
831 5032 902 5091 ab
943 5033 1259 5090 intrinseco
1302 5033 1602 5105 repugnet.

1707 552 1904 612 Minor
1942 554 2119 612 etiam
2161 560 2246 613 est
2271 560 2441 621 certa,
2470 556 2604 630 quia
2632 558 2920 631 reparatio
2947 562 3072 631 post

1709 635 1936 709 lapsum
1977 639 2295 697 necessario
2322 638 2593 712 supponit
2611 640 2930 698 carentiam
2956 639 3073 697 effi·

1708 716 1875 773 caciae
1900 716 1964 772 in
1991 718 2201 777 m‘erito
2220 718 2517 777 inductam
2546 725 2671 794 post
2691 720 2938 794 lapsum,
2970 736 3070 777 seu

1711 804 2001 871 peccatum
2024 802 2269 858 mortale
2303 821 2317 857 t
2345 817 2482 875 ergo
2503 800 2712 857 merito
2735 801 2806 858 ad
2830 801 3071 875 praedic-

1709 883 1830 934 tam
1877 881 2301 951 reparationem
2333 886 2611 955 repugnat
2644 879 2716 937 ab
2758 882 3071 940 intrinseco

1710 957 1957 1016 efficacia
1982 959 2052 1016 ad
2077 961 2422 1018 causandam
2453 963 2586 1019 talis
2625 963 2849 1035 praemii
2893 965 3072 1022 colla-

1711 1041 1955 1098 tionem.
1996 1044 2181 1118 Major
2228 1043 2474 1117 denique
2517 1042 2841 1101 ostenditur
2871 1069 2886 1114 ;
2934 1062 3071 1104 nam

1712 1123 1989 1179 meritum
2012 1124 2213 1180 tandiu
2235 1130 2458 1181 exercet
2475 1141 2642 1181 suam
2659 1125 3071 1189 causalitatem.

1712 1204 1969 1278 quandiu
1986 1206 2298 1279 praemians
2317 1212 2589 1279 operatur
2606 1213 2668 1263 ut
2689 1214 2878 1266 motus
2895 1225 2926 1266 a
2949 1226 3077 1267 me·-

1716 1288 1870 1355 rito;
1915 1303 2285 1362 quaecumque
2308 1289 2471 1345 enim
2514 1290 2829 1362 procedunt
2869 1308 2901 1348 a
2930 1309 3079 1365 prae-

1716 1369 1939 1426 miante
1985 1375 2047 1425 ut
2088 1370 2446 1443 praemiante,
2492 1371 2807 1443 procedunt
2840 1373 3018 1429 etiam
3048 1389 3082 1430 a

1715 1451 1927 1509 merito
1966 1457 2028 1508 ut
2054 1452 2267 1510 merito
2292 1476 2306 1512 ι
2335 1452 2480 1509 sicut
2509 1452 2570 1507 in
2611 1457 2896 1527 exemplo,
2927 1456 3079 1529 quod

1717 1530 1884 1590 nobis
1923 1531 2213 1606 objicitur,
2244 1532 2437 1589 omnis
2464 1532 2694 1591 effectus
2719 1536 2982 1604 seminiS,
3017 1537 3082 1592 in

1716 1620 1998 1688 quantum
2012 1615 2168 1680 talis,
2188 1620 2272 1672 est
2292 1614 2521 1671 effectus
2535 1619 2866 1689 generantis
2888 1639 2901 1674 ε
2925 1618 3082 1692 atqui

1719 1697 2031 1772 praemians
2059 1702 2122 1753 ut
2149 1696 2458 1770 praemians
2485 1697 2789 1771 principue
2808 1707 3083 1773 operatur

1718 1794 1849 1835 cum
1873 1776 2176 1852 praemium
2198 1775 2418 1834 confert
2436 1795 2448 1841 ;
2474 1782 2608 1834 tunc
2626 1778 2838 1852 quippe
2858 1784 3085 1838 exercet

1720 1857 2191 1932 propriissimum
2216 1857 2464 1915 officium
2493 1860 2873 1931 praemiantis,
2907 1869 2967 1918 ut
2988 1877 3084 1919 sa-

1719 1943 1796 1999 tis
1834 1958 1907 1999 ex
1942 1955 2004 1997 se
2043 1939 2219 2012 liquet
2247 1962 2260 1996 :
2290 1955 2425 2015 ergo
2467 1940 2678 1998 falsum
2707 1944 2949 2002 omnino
2975 1950 3079 2010 est,

1720 2022 1871 2098 quod
1887 2022 2161 2080 meritum
2182 2028 2442 2081 exerceat
2457 2022 2746 2097 adaequate
2765 2042 2932 2083 suam
2944 2043 3085 2084 cau-

1720 2105 2009 2162 salitatem
2038 2104 2346 2162 alliciendo
2374 2105 2775 2178 praemiantem
2801 2107 2872 2165 ad
2894 2108 3085 2165 decer-

1723 2185 1982 2245 nendum
2006 2187 2335 2259 praemium.
2368 2191 2424 2243 et
2451 2186 2601 2259 quod
2628 2190 3084 2248 connaturaliter

1723 2284 1782 2325 se
1803 2281 1922 2323 non
1948 2267 2219 2325 extendat
2246 2266 2317 2323 ad
2344 2267 2692 2325 causandam
2724 2271 2949 2343 praemii
2972 2273 3085 2329 col·

1724 2349 2023 2406 lationem.

1795 2430 1893 2486 70.
1924 2431 2038 2486 Nec
2063 2427 2292 2502 prodest
2317 2430 2367 2486 si
2406 2429 2578 2494 dicas,
2627 2432 2696 2489 ad
2739 2435 2858 2492 haec
2882 2433 3084 2492 verifi·
3099 2441 3267 2486 Evasio.

1722 2510 1907 2569 canda
1932 2512 2206 2578 sufficere,
2238 2512 2386 2586 quod
2418 2515 2751 2586 praemians,
2777 2533 2907 2574 cum
2937 2532 3087 2590 prae-

1726 2593 1916 2649 mium
1937 2592 2176 2659 confert,
2203 2593 2457 2651 attendat
2480 2595 2550 2652 ad
2573 2599 2799 2663 merita,
2819 2614 2938 2655 non
2960 2615 3086 2671 quae

1725 2673 1846 2729 sint
1883 2677 2139 2744 tempore
2175 2674 2521 2742 collationis,
2562 2675 2659 2733 sed
2700 2693 2828 2750 quae
2868 2678 3089 2735 fuerint

1726 2759 2005 2827 tempore,
2038 2768 2150 2826 quo
2182 2756 2490 2826 praemium
2519 2753 2772 2813 decrevit
2798 2779 2812 2813 :
2842 2774 2978 2814 nam
3021 2773 3090 2815 eo

1726 2833 1852 2909 ipso
1891 2831 2298 2901 verificabitur,
2329 2833 2479 2908 quod
2517 2836 2728 2893 merita
2770 2837 2875 2895 illa
2915 2843 2979 2895 ut
3018 2836 3090 2895 ad

1726 2919 1953 2987 tempus
1992 2912 2203 2971 decreti
2240 2915 2610 2986 pertinentia,
2642 2922 2877 2973 causent
2914 2918 3090 2973 etiam

1729 2995 1956 3069 praemii
1988 2994 2375 3052 collationem.
2409 2998 2478 3051 Et
2504 2996 2585 3051 ita
2612 2997 2815 3053 accidit
2841 2998 2906 3052 in
2942 3013 3093 3069 prae-

1727 3077 1909 3137 senti;
1935 3091 2071 3131 nam
2102 3076 2232 3131 licet
2259 3082 2515 3148 tempore
2542 3078 2928 3149 reparationis
2971 3082 3094 3150 post

1731 3157 1956 3228 lapsum
1976 3155 2098 3229 J‘am
2121 3156 2330 3211 merita
2346 3170 2464 3212 non
2484 3157 2619 3221 sint,
2642 3157 2877 3214 fuerunt
2896 3162 3092 3214 tamen

1731 3245 1991 3311 tempore
2031 3237 2400 3311 praecedentis
2426 3236 2669 3306 decreti;
2708 3244 2843 3296 tunc
2880 3241 3091 3314 quippe

1730 3315 2010 3378 existebat
2031 3332 2263 3374 merens
2282 3319 2347 3374 in
2368 3323 2516 3374 statu
2537 3320 2757 3394 gratiae,
2784 3326 2848 3377 ut
2878 3337 3093 3395 suppo-

1733 3401 1911 3457 nitur.
3181 3399 3182 3402 ’

1810 3482 1945 3546 Hoc,
1971 3479 2225 3551 inquam,
2257 3479 2407 3535 nihil
2436 3479 2642 3544 refert;
2664 3482 2799 3554 quia
2821 3484 2952 3540 licet
2975 3499 3092 3541 non
3121 3498 3291 3544 averu-

1732 3564 1808 3620 sit
1829 3562 1900 3620 de
1921 3562 2144 3618 ratione
2166 3563 2360 3620 meriti
2382 3561 2646 3628 existere,
2674 3571 2771 3620 aut
2791 3566 2920 3621 elici
2944 3567 3095 3642 phy·
3173 3552 3256 3593 ω’·

1733 3645 1849 3702 sice
1888 3643 1952 3700 in
1978 3648 2257 3716 tempore,
2288 3657 2399 3716 quo
2429 3643 2732 3715 praemium
2761 3646 3059 3704 confertur
3076 3672 3091 3715 ;

1734 3723 1903 3782 debet
1927 3730 2123 3781 tamen
2146 3739 2213 3781 eo
2240 3727 2495 3795 tempore
2520 3723 2765 3781 existere
2793 3728 3097 3785 moraliter

1736 3807 1799 3863 in
1825 3805 2224 3878 acceptatione,
2251 3809 2308 3860 et
2333 3803 2753 3876 appretiatione
2780 3809 3098 3879 praemian-

1735 3887 1809 3943 tis
1835 3908 1849 3943 ε
1880 3886 2111 3942 sienim
2132 3901 2200 3941 eo
2225 3889 2482 3956 tempore
2505 3886 2820 3957 praemians
2842 3903 2960 3943 non
2983 3888 3100 3945 affi-

1735 3968 1923 4025 ciatur
1969 3965 2038 4023 ad
2066 3966 2295 4032 merita,
2340 3980 2443 4020 nec
2469 3965 2574 4021 illa
2600 3967 2866 4036 aestimet,
2902 3970 3100 4043 nequit

1736 4050 2048 4115 verificari,
2077 4047 2227 4123 quod
2255 4053 2525 4120 operetur
2552 4054 2614 4104 ut
2641 4055 2829 4107 motus
2855 4066 2888 4108 a
2913 4052 3100 4109 meri-

1737 4135 1832 4200 tis,
1857 4131 1954 4189 sed
1981 4130 2129 4204 quod
2151 4130 2369 4187 donum
2392 4129 2648 4187 conferat
2669 4133 2760 4188 vel
2782 4133 2980 4205 gratia,
3005 4135 3099 4191 vel

1737 4213 1810 4273 ob
1833 4210 1991 4269 aliud
2019 4211 2334 4276 motivum;
2360 4213 2417 4265 et
2441 4216 2852 4282 consequenter
2879 4210 3097 4269 donum

1738 4295 2010 4352 collatum
2040 4304 2158 4347 non
2186 4290 2397 4361 poterit
2419 4289 2619 4346 sortiri
2643 4292 2926 4348 rationem
2949 4309 3101 4365 prae-

1738 4377 1845 4433 mii
1893 4373 2105 4433 merito
2159 4370 2512 4444 rependendi
2562 4394 2575 4429 :
2632 4374 2786 4446 atqui
2840 4376 2985 4432 Deus
3039 4380 3101 4431 ut

1738 4457 2041 4515 conferens
2069 4452 2496 4526 reparationem
2527 4459 2650 4524 post
2687 4455 2934 4525 lapsum,
2980 4472 3099 4514 non

1740 4537 1983 4596 afficitur
2022 4535 2094 4591 ad
2134 4534 2343 4590 merita
2383 4539 2515 4590 ante
2548 4534 2771 4606 lapsum
2801 4535 2963 4602 facta,
2998 4553 3101 4596 nec

1741 4619 1846 4676 illa
1866 4616 2110 4674 aestimat
2137 4635 2150 4669 :
2173 4629 2310 4687 ergo
2329 4612 2478 4686 quod
2498 4615 2707 4670 merita
2729 4614 2950 4672 fuerint
2970 4624 3103 4677 ante

1740 4702 1987 4773 lapsum,
2020 4712 2138 4754 non
2177 4695 2384 4752 sufficit
2422 4693 2493 4751 ad
2531 4696 2878 4753 causandam
2909 4697 3103 4771 lapsus

1743 4779 2188 4855 reparationem.
2224 4775 2508 4833 Probatur
2536 4777 2731 4834 minor
2764 4798 2776 4832 ε
2815 4784 2938 4835 tum
2966 4781 3102 4853 quia

1741 4865 1951 4922 merita
1993 4865 2124 4918 unte
2164 4861 2391 4932 lapsum
2437 4857 2627 4916 elicita
2678 4859 3102 4919 mortificantur

1742 4961 1845 5019 per
1866 4945 2055 5017 ipsum
2073 4943 2297 5013 lapsum
2321 4963 2334 5006 ;
2355 4953 2481 5012 quae
2500 4939 2864 4998 mortificatio
2883 4943 3103 4999 consis-

1742 5029 1812 5083 tit
1834 5027 1896 5081 in
1922 5040 2008 5091 eo,
2027 5020 2177 5096 quod
2194 5023 2341 5079 Deus
2363 5035 2481 5077 non
2502 5020 2778 5077 afficiatur
2800 5020 2869 5077 ad
2892 5023 3102 5079 merita
