3647 5753
1397 400 1573 456 DISP.
1622 401 1740 467 v11,
1785 401 1950 457 DUB.
1997 402 2068 457 V.
2950 405 3063 461 215

159 587 195 618 α
235 582 373 624 non
405 569 634 642 accipit,
666 569 764 626 sed
789 573 976 628 solum
999 570 1067 627 ab
1095 571 1217 645 ipso
1239 572 1561 646 applicatur

155 671 193 700 «ι
231 648 320 705 ad
342 655 563 707 actum.
592 673 619 701 ι»
647 653 716 707 Et
735 652 908 722 infra,
935 673 1057 727 cap.
1083 656 1175 720 94,
1201 653 1301 710 ubi
1326 654 1516 727 inquit
1544 674 1557 710 ι

156 753 191 782 a
235 732 313 786 In
356 731 625 804 quolibet
676 740 876 809 agente
901 741 986 793 est
1012 735 1124 794 duo
1169 735 1554 801 considerare,

156 835 189 863 α
226 813 473 869 scilicet
501 828 624 870 rem
654 815 837 887 ipsam
884 831 1008 889 quae
1034 817 1168 890 agit,
1199 822 1255 873 et
1283 817 1558 873 virtutem

152 916 187 946 ι(
233 910 366 968 qua
389 897 531 969 agit,
580 896 726 953 sicut
754 897 904 973 ignis
947 899 1206 956 calefacit
1252 915 1353 973 per
1403 900 1559 957 calo-

149 996 183 1028 «
226 990 397 1032 rem.
435 975 631 1031 Virtus
659 982 850 1033 autem
878 977 1177 1038 inferioris
1205 979 1428 1055 agentis
1453 979 1557 1036 de-

148 1079 181 1108 «
224 1055 468 1129 pendet
505 1075 537 1114 a
578 1059 791 1116 virtute
834 1062 1152 1133 superioris
1203 1061 1440 1137 agentis,
1494 1062 1558 1117 in

147 1158 179 1188 α
217 1142 535 1210 quantum
587 1139 853 1212 superius
904 1157 1076 1215 agens
1128 1141 1225 1198 dat
1277 1141 1556 1198 virtutem

148 1239 183 1269 α
221 1218 442 1291 ipsam
488 1218 756 1277 inferiori
787 1223 995 1296 agenti,
1043 1238 1144 1295 per
1197 1239 1367 1295 quam
1416 1223 1552 1297 agit,

151 1322 185 1351 «
223 1300 337 1355 vel
388 1307 697 1357 conservat
740 1318 867 1359 eam
902 1327 915 1370 ;
946 1310 1043 1360 aut
1086 1303 1262 1360 etiam
1311 1305 1558 1377 applicat

153 1400 188 1432 α
224 1394 378 1436 eam
404 1379 481 1437 ad
527 1380 832 1455 agendum,
881 1384 1026 1439 sicut
1053 1383 1265 1441 artifex
1312 1385 1557 1457 applicat

155 1481 185 1512 ‹-
227 1460 713 1518 instrumentum
737 1462 807 1518 ad
830 1463 1128 1535 proprium
1154 1462 1439 1529 effectum,
1464 1465 1553 1521 cui

148 1565 183 1595 a
221 1548 452 1599 tamen
497 1543 791 1600 interdum
838 1545 1088 1602 sormam
1138 1561 1255 1602 non
1300 1544 1415 1611 dat,
1456 1562 1557 1619 per

152 1645 182 1674 <t
219 1641 423 1697 quam
452 1623 567 1698 agit
588 1624 1063 1694 instrumentum,
1110 1641 1212 1683 nec
1230 1631 1550 1692 conservat,

151 1728 182 1757 a
217 1704 337 1762 sed
368 1704 476 1761 dat
496 1707 549 1762 ei
576 1707 767 1763 solum
801 1713 1044 1764 motum.
1096 1710 1326 1780 Oportet
1355 1708 1549 1783 igitur,

154 1808 183 1839 α
218 1784 394 1859 quod
426 1787 574 1843 actio
620 1787 918 1844 inferioris
946 1789 1167 1863 agentis
1193 1804 1313 1846 non
1362 1790 1553 1846 solum

152 1889 183 1920 α
216 1867 308 1922 sit
356 1866 442 1924 ab
485 1883 555 1924 eo
592 1884 696 1941 per
749 1870 1021 1927 virtutem
1088 1872 1403 1944 propriam,
1454 1869 1552 1927 sed

155 1971 183 2003 σ
219 1949 427 2006 etiam
474 1966 576 2022 per
628 1953 902 2008 virtutem
968 1954 1332 2027 superiorum
1376 1957 1554 2028 agen-'

156 2051 185 2080 α
220 2029 416 2085 tium.
456 2052 480 2081 a
536 2032 618 2086 Ex
659 2049 770 2104 quo
798 2033 1083 2107 principio
1107 2035 1302 2090 statim
1330 2035 1553 2091 conclu·

149 2111 245 2167 dit
283 2132 301 2168 ε
335 2134 365 2164 α
416 2112 574 2169 Sicut
613 2114 792 2187 igitur
832 2132 948 2173 non
988 2122 1073 2172 est
1111 2116 1547 2183 inconveniens,

157 2216 186 2246 α
212 2192 386 2267 quod
447 2210 564 2251 una
633 2196 779 2253 actio
831 2197 1171 2270 producatur
1221 2214 1294 2255 ex
1360 2199 1552 2271 aliquo

159 2298 185 2326 α
223 2281 472 2350 agente,
515 2283 568 2333 et
594 2278 717 2352 ejus
763 2278 1016 2337 virtute:
1072 2280 1153 2336 ita
1179 2295 1296 2337 non
1323 2286 1408 2337 est
1454 2281 1554 2336 in-

160 2378 186 2407 «
220 2359 617 2423 conveniensi,
647 2359 794 2431 quod
826 2359 1167 2432 producatur
1197 2360 1349 2417 idem
1380 2359 1553 2418 effec-

161 2457 190 2488 α
227 2440 331 2491 tus
354 2436 434 2492 ab
457 2436 720 2495 inferiori
745 2446 964 2514 agente,
988 2446 1043 2497 et
1066 2457 1098 2498 a
1127 2444 1240 2498 Deo
1268 2462 1279 2496 :
1305 2440 1375 2498 ab
1399 2445 1553 2499 utro·

165 2538 195 2568 α
230 2533 356 2589 que
387 2518 737 2585 immediate,
765 2522 895 2577 licet
920 2522 1053 2589 alio,
1085 2527 1140 2578 et
1163 2521 1278 2580 alio
1299 2521 1487 2579 modo.
1517 2545 1543 2574 »

162 2599 241 2652 Et
268 2599 341 2652 in
362 2597 561 2654 eodem
589 2599 760 2665 libro,
786 2619 906 2674 cap.
947 2603 1066 2667 147,
1101 2602 1290 2676 inquit
1323 2623 1335 2659 :
1367 2625 1392 2655 α
1436 2602 1550 2658 Sub

165 2701 195 2730 α
235 2680 363 2734 Deo
383 2679 480 2751 qui
496 2685 579 2735 est
600 2681 858 2753 primum
882 2681 1232 2757 intelligenS,
1248 2688 1305 2739 et
1325 2683 1546 2751 voleus,

162 2780 192 2811 α
226 2757 595 2816 ordinantur
634 2777 837 2818 omnes
884 2762 1224 2830 intellectuS,
1255 2769 1311 2820 et
1335 2765 1552 2820 volun·

163 2863 189 2894 a
230 2846 409 2907 tates,
456 2843 600 2899 sicut
646 2844 1033 2903 instrumenta
1078 2844 1183 2902 sub
1237 2845 1549 2920 principali

162 2948 189 2976 e
224 2930 472 2999 agente.
498 2947 523 2976 n
551 2930 686 2991 Quae
711 2927 972 2985 doctrina
1000 2934 1083 2986 est
1120 2930 1259 2985 satis
1285 2946 1551 2987 commu-

160 3006 259 3062 nis
310 3006 479 3061 inter
531 3007 587 3063 S.
638 3009 892 3066 Doctoris
931 3009 1258 3082 discipulos,
1310 3026 1550 3084 eamque

123 3128 129 3133 -
153 3087 283 3161 jam
316 3086 557 3160 pridem
584 3088 852 3147 docuerat
880 3093 1187 3164 Capreolus
1214 3092 1549 3149 Themista-

159 3184 299 3224 rum
358 3168 633 3242 princeps
662 3173 721 3225 in
748 3174 803 3237 2,
852 3172 979 3228 dist.
1033 3174 1126 3237 28,
1158 3191 1208 3246 q.
1250 3175 1295 3240 l,
1345 3181 1456 3231 art.
1513 3176 1549 3229 3

152 3251 235 3305 ad
272 3251 366 3317 12,
396 3249 493 3306 his
519 3251 710 3307 verbis
743 3273 756 3307 ε
807 3274 833 3306 α
888 3256 1013 3310 Non
1039 3256 1228 3311 solum
1252 3255 1416 3330 juvat
1445 3271 1548 3312 nos

158 3354 183 3382 α
220 3332 384 3388 Deus
416 3329 489 3386 ad
536 3330 752 3388 bonum
795 3334 945 3391 velle
992 3335 1318 3407 partialiter
1359 3335 1548 3393 coesti-

158 3434 185 3464 α
216 3411 462 3477 ciend0‚
489 3412 588 3469 sed
609 3414 786 3470 etiam
816 3414 1062 3487 quodam
1092 3415 1262 3474 modo
1286 3416 1541 3490 speciali,

158 3514 187 3542 α
220 3490 501 3554 faciendo
561 3493 746 3565 ipsam
799 3496 1157 3552 voluntatem
1223 3497 1547 3569 partialiter

159 3598 187 3625 a
217 3589 603 3641 concurrere,
656 3575 735 3630 ita
759 3575 910 3647 quod
938 3576 1061 3649 ipsa
1101 3577 1369 3634 voluntas
1410 3593 1546 3650 par-

158 3676 188 3705 «
220 3655 460 3711 tialiter
495 3660 800 3712 concausat
833 3657 1131 3730 applicata,
1158 3662 1215 3713 et
1234 3657 1393 3729 quasi
1418 3658 1547 3713 ins-

160 3758 187 3787 «
220 3735 670 3792 trumentaliter
716 3740 872 3793 mota
901 3751 934 3792 a
977 3737 1089 3793 Deo
1111 3734 1181 3792 ad
1207 3738 1289 3793 sic
1324 3737 1545 3808 partia-

161 3840 188 3869 «
222 3818 370 3873 liter
414 3817 896 3874 concausandum.
956 3839 981 3868 n
1038 3820 1106 3873 Et
1164 3820 1463 3893 cajetanus
1517 3821 1533 3874 l

149 3903 308 3968 part.
358 3903 548 3970 quast.
596 3899 690 3963 45,
740 3906 850 3954 art.
884 3900 1002 3968 ἃς
1049 3897 1145 3954 Ad
1185 3898 1538 3966 Durandum,

157 3985 429 4036 tractans
468 3981 635 4036 illam
676 3982 732 4036 S.
764 3981 1021 4038 Doctoris
1068 3981 1537 4055 propositionem,

162 4060 369 4116 Omnis
445 4079 616 4117 causa
684 4063 922 4117 secunda
982 4071 1059 4119 est
1119 4066 1542 4119 instrumentum

162 4140 290 4206 Dei,
346 4139 585 4212 inquit:
635 4163 661 4193 α
704 4144 941 4214 Oportet
977 4159 1211 4200 omnem
1260 4141 1540 4200 actionem

168 4243 196 4272 α
242 4224 537 4277 creaturae
616 4222 900 4295 attingere
950 4223 1021 4279 ad
1085 4222 1349 4280 effectum
1416 4224 1536 4289 Dei,

169 4326 196 4355 «
224 4302 373 4376 quia
414 4318 643 4376 semper
664 4304 897 4378 attingit
918 4304 988 4362 ad
1008 4320 1148 4371 esse,
1191 4303 1343 4378 quod
1379 4306 1541 4362 nulla

170 4406 199 4436 α
227 4399 406 4440 causa
445 4381 560 4446 dat,
599 4383 714 4438 nisi
745 4383 808 4440 in
837 4386 1049 4457 virtute
1096 4386 1299 4457 primae
1335 4399 1536 4451 causae,

169 4487 197 4515 a
222 4470 287 4520 ut
309 4464 428 4530 hic,
480 4465 619 4520 etin
647 4465 703 4531 3,
748 4472 948 4523 contra
991 4471 1205 4541 gentes,
1252 4484 1373 4539 cap.
1398 4469 1470 4522 64
1491 4475 1540 4521 et

171 4568 199 4600 α
224 4548 327 4611 65,
374 4546 721 4603 ostenditur.
751 4569 778 4599 »

127 4671 141 4681 ,
239 4619 533 4677 suadetur
560 4622 757 4677 ultimo
778 4621 977 4678 eadem
1007 4623 1201 4679 minor
1225 4623 1448 4679 ratione
1469 4639 1541 4680 ex

170 4699 467 4774 praedictis
492 4702 842 4760 testimoniis
886 4702 1204 4776 desumpta,
1247 4703 1384 4775 quia
1409 4720 1538 4760 cum

168 4782 332 4838 idem
350 4781 580 4839 effectus
600 4799 634 4839 a
655 4782 870 4855 duplici
892 4799 1081 4852 causa,
1111 4785 1398 4858 superiori
1427 4785 1540 4848 sci-

166 4862 325 4929 licet,
348 4869 412 4921 et
436 4864 701 4922 inferiori
726 4864 1072 4937 producitur,
1098 4884 1240 4941 opus
1262 4872 1364 4934 est,
1391 4866 1539 4940 quod

166 4945 233 5001 in
274 4944 408 5018 ipso
445 4949 767 5020 reperiatur
812 4948 1003 5022 aliqua
1052 4951 1205 5010 ratio
1251 4949 1533 5023 superior,

165 5042 297 5099 quae
320 5028 514 5103 agenti
538 5029 828 5111 superiori
856 5047 957 5104 per
984 5047 1045 5088 se
1071 5032 1533 5105 correspondeat,

1692 577 1749 630 et
1769 572 2042 631 virtutem
2074 574 2367 648 propriam
2391 577 2609 650 agentis
2638 577 2938 635 inferioris
2964 593 3061 635 ex·

1693 654 1857 711 cedat
1881 678 1894 721 ;
1921 671 2058 713 nam
2085 656 2274 728 qualis
2298 660 2384 714 est
2407 656 2546 714 ordo
2572 657 2882 732 agentium,
2928 657 3057 715 talis

1692 742 1776 794 est
1796 736 1938 795 ordo
1965 739 2373 804 terminorum,
2396 754 2495 796 seu
2520 739 2728 796 finium
2749 741 2848 813 qui
2879 756 3064 816 agen-

1694 816 1845 872 tibus
1883 817 2370 891 correspondent:
2419 820 2574 892 atqui
2613 836 2781 876 causa
2809 820 3054 878 inferior

1692 897 1892 969 nequit
1935 898 2217 971 attingere
2261 897 2679 970 principaliter,
2723 905 2781 956 et
2820 901 3053 972 propria

1691 975 1906 1033 virtute
1939 977 2199 1035 effectum
2251 979 2550 1050 proprium
2590 994 2772 1034 causas
2798 979 3053 1050 superio·

1691 1058 1792 1124 ris,
1817 1065 1873 1115 et
1894 1075 2056 1115 suam
2082 1060 2355 1115 virtutem
2377 1059 2741 1117 excedentem
2772 1083 2784 1125 ;
2807 1058 2905 1116 sed
2928 1065 3052 1117 tan-

1691 1146 1812 1197 tum
1843 1142 2070 1217 attingit
2097 1142 2267 1198 illum
2310 1142 2851 1206 instrumentaliter,
2876 1147 2934 1198 et
2954 1158 3055 1214 per

1688 1221 2223 1280 subordinationem
2263 1222 2334 1280 ad
2375 1238 2602 1280 causam
2647 1222 3005 1294 superiorem
3038 1244 3051 1279 ε

1687 1318 1823 1378 ergo
1869 1319 1998 1359 cum
2046 1302 2118 1361 ad
2168 1303 2487 1376 quamlibet
2536 1303 2932 1377 operationem
2981 1303 3051 1360 ab

1689 1383 1925 1441 homine
1952 1384 2201 1441 elicitam
2229 1390 2574 1442 concurrant
2601 1386 2767 1448 DeuS,
2792 1388 2849 1440 et
2876 1383 3051 1441 homo

1688 1468 1961 1536 tanquam
2014 1481 2181 1522 causa
2209 1466 2490 1538 superior,
2533 1472 2589 1522 et
2614 1465 2907 1532 inieri0r;
2954 1480 3049 1521 se-

1686 1545 1901 1617 quitur,
1933 1545 2081 1618 quod
2123 1547 2295 1604 homo
2324 1547 2386 1603 in
2426 1546 2678 1621 qualibet
2718 1546 3050 1619 operatione

1685 1641 1746 1682 sc
1773 1625 1978 1684 habeat
2000 1633 2059 1683 ut
2081 1627 2533 1686 instrumentum
2563 1629 2684 1686 Dei.

1761 1707 2178 1776 confirmatum
2201 1726 2337 1767 nam
2360 1711 2424 1766 in
2445 1710 2698 1783 qualibet
2719 1711 3050 1782 operatione
3087 1718 3249 1761 conm-

1687 1786 1757 1844 ab
1784 1789 2021 1847 homine
2039 1790 2229 1847 elicita
2258 1792 2543 1864 reperitur
2562 1797 2618 1848 et
2643 1790 2967 1856 existentia,
2993 1796 3048 1847 et
3088 1772 3238 1810 ΜΨ·

1685 1869 1873 1942 major
1887 1872 2181 1927 actualitas
2195 1871 2473 1928 excedens
2486 1871 2869 1928 actualitatem
2889 1871 3051 1944 prin-

1683 1948 1820 2021 cipii
1849 1951 2024 2006 creati
2053 1950 2186 2007 :sed
2215 1951 2386 2008 homo
2415 1953 2612 2024 nequit
2639 1952 2920 2025 attingere
2947 1951 3051 2006 has

1686 2029 2065 2089 formalitates
2086 2034 2299 2090 virtute
2327 2033 2579 2106 propria,
2612 2031 2709 2088 sed
2738 2029 2962 2088 tantum
2987 2036 3051 2086 ut

1686 2110 2138 2169 instrumentum
2181 2114 2301 2181 Dei,
2333 2114 2423 2170 cui
2465 2112 2745 2186 praedictae
2775 2112 3050 2168 formali-

1685 2194 1826 2248 tates
1852 2196 2125 2265 tanquam
2161 2209 2342 2256 causas
2370 2193 2677 2265 principali
2705 2207 3049 2264 correspon-

1683 2271 1859 2328 dent:
1903 2289 2039 2347 ergo
2083 2276 2174 2330 vel
2201 2290 2297 2331 eas
2344 2288 2460 2330 non
2509 2273 2759 2347 attingit,
2786 2270 2937 2345 quod
2965 2277 3052 2328 est

1684 2353 1999 2410 absurdum
2020 2379 2033 2422 ;
2060 2357 2147 2427 vel
2173 2356 2235 2412 in
2256 2355 2417 2412 omni
2441 2355 2775 2428 operatione
2794 2370 2855 2410 se
2877 2351 3051 2409 habet

1683 2441 1746 2491 ut
1772 2436 2227 2493 instrumentum
2251 2436 2349 2492 Dei
2377 2458 2391 2492 ε
2428 2435 2579 2509 atqui
2612 2434 2894 2509 praedictae
2923 2433 3049 2490 sor-

1683 2516 1969 2574 malitates
1994 2517 2132 2589 quid
2161 2517 2459 2591 physicum
2489 2521 2625 2572 sunt
2652 2540 2665 2582 ;
2709 2531 2845 2589 ergo
2872 2515 3046 2572 homo

1684 2596 1745 2652 in
1773 2597 2030 2669 qualibet
2055 2599 2388 2669 operatione
2414 2596 2580 2654 debet
2607 2613 2640 2653 a
2673 2599 2789 2653 Deo
2818 2595 3050 2670 physice

1683 2680 1926 2744 moveri,
1977 2685 2247 2752 tanquam
2277 2679 2730 2735 instrumentum
2756 2677 2916 2733 illius
2947 2701 2961 2743 ς
2992 2683 3048 2734 et

1681 2766 2092 2833 consequenter
2119 2776 2248 2816 cum
2297 2760 2582 2817 auxilium
2628 2759 2824 2816 efficax
2864 2758 2941 2814 sit
2965 2757 3043 2823 id,

1680 2858 1791 2914 quo
1831 2843 1977 2899 Deus
2003 2848 2218 2911 movet,
2265 2847 2319 2899 et
2357 2841 2603 2915 applicat
2649 2839 2946 2898 hominem
2977 2837 3047 2896 ad

1682 2923 1988 2998 agendum,
2044 2926 2302 2998 sequitur
2328 2923 2475 2997 quod
2505 2923 2792 2981 auxilium
2822 2926 3050 2979 moveat

1682 3004 1932 3078 physice,
1964 3011 2023 3061 ct
2048 3022 2165 3063 non
2195 3005 2424 3079 praecise
2451 3004 2771 3060 moraliter.
2811 3003 3048 3059 Discur-

1679 3100 1777 3139 sus
1796 3090 1879 3141 est
1903 3085 2214 3159 legitimus,
2247 3091 2304 3142 et
2324 3100 2524 3142 omnes
2552 3084 2672 3141 fere
2697 3084 2818 3157 ejus
2848 3099 3050 3155 propo-

1679 3164 1918 3221 sitiones
1936 3172 2200 3224 constant
2218 3182 2289 3223 ex
2310 3165 2476 3222 dictis
2501 3164 2644 3238 disp.
2664 3165 2718 3232 5,
2734 3163 2861 3219 dub.
2880 3162 3042 3230 5,ubi

1681 3246 1812 3302 illas
1838 3263 1910 3303 ex
1938 3248 2188 3320 professo
2216 3247 2607 3321 probavimus.

1753 3328 1882 3384 301.
1928 3330 2040 3386 Nec
2068 3329 2244 3386 refert
2263 3329 2312 3385 si
2343 3324 2702 3400 respondeas,
2737 3326 2842 3382 hoc
2869 3340 3043 3397 argu·
3075 3323 3242 3368 evasio.

1678 3415 1941 3465 mentum
1986 3426 2116 3466 cum
2168 3425 2272 3465 sua
2317 3408 2759 3466 confirmatione
2803 3406 3046 3463 suadere

1677 3489 1909 3563 quidem
1931 3489 2079 3563 quod
2120 3490 2310 3547 omnis
2336 3493 2525 3545 creatu
2537 3505 2597 3543 ra
2618 3488 2694 3542 sit
2718 3488 2779 3542 in
2821 3484 3043 3559 agendo

1677 3571 2131 3628 instrumentum
2173 3570 2293 3636 Dei,
2325 3575 2380 3627 et
2417 3566 2566 3641 quod
2614 3566 2814 3623 debeat
2838 3565 2908 3621 ab
2938 3565 3041 3621 illo

1676 3653 1899 3710 moveri
1932 3675 1946 3718 ;
1974 3651 2221 3707 minime
2244 3667 2398 3718 vero,
2424 3648 2573 3722 quod
2602 3649 2719 3704 haec
2740 3647 2918 3703 motio
2939 3644 3044 3702 de-

1676 3732 1804 3789 beat
1849 3746 1970 3788 esse
2025 3729 2279 3803 ejusdem
2337 3728 2578 3785 rationis
2627 3728 2690 3783 in
2767 3723 3040 3782 omnibus
3121 3775 3130 3783 .

1676 3811 1975 3887 agentibus
1994 3811 2219 3868 creatis,
2241 3812 2423 3867 Immo
2450 3806 2806 3865 contrarium
2831 3804 3040 3861 inferri

1677 3892 1906 3949 videtur
1937 3916 1951 3959 ;
1984 3907 2119 3947 nam
2167 3893 2313 3946 Deus
2352 3893 2546 3946 movet
2590 3883 3042 3957 unumquodque

1669 3977 1833 4052 juxta
1885 3980 2152 4032 naturam
2211 3989 2394 4030 suam.
2452 3971 2617 4027 Unde
2670 3985 2798 4026 cum
2862 3968 3040 4024 homo

1675 4074 1850 4133 agens
1873 4074 1974 4130 per
2001 4057 2249 4114 liberum
2279 4053 2591 4111 arbitrium
2617 4053 2692 4108 sit
2720 4066 2892 4124 agens
2919 4064 3039 4106 mo-

1675 4139 1817 4206 rale,
1863 4153 1981 4195 non
2025 4136 2194 4193 debet
2244 4133 2590 4209 praemoveri
2640 4131 2888 4205 physice,
2938 4130 3037 4187 sed

1674 4225 1898 4277 tantum
1944 4220 2262 4283 moraliter,
2305 4217 2570 4274 suasione
2613 4212 2898 4279 videlicet,
2943 4215 3038 4270 vel

1673 4301 2074 4373 inspiratione.
2107 4300 2174 4353 Et
2201 4298 2304 4354 hoc
2331 4302 2558 4353 tantum
2579 4295 2855 4352 evincunt
2884 4292 3039 4349 testi·

1673 4381 1873 4438 monia
1912 4379 2241 4453 Scripturas,
2273 4378 2446 4443 et,D.
2495 4375 2698 4432 Thom.
2743 4388 2915 4446 supra
2944 4388 3038 4429 re-

1674 4464 1883 4609 lati-icc,
1934 4540 2193 4613 inquam,
2247 4555 2365 4596 non
2408 4536 2601 4603 refert,
2632 4534 2730 4593 sed
2774 4534 2940 4591 facile
2966 4550 3036 4591 ex
3064 4548 3239 4594 neretu-

1672 4622 1838 4678 dictis
1857 4621 2155 4679 evertitur.
2207 4623 2354 4676 Tum
2381 4618 2517 4691 quia
2558 4618 2732 4676 homo
2759 4616 2823 4671 in
2843 4613 3036 4687 quali-
3102 4606 3184 4643 '‘¹‘-

1672 4701 1765 4759 bet
1808 4701 2160 4775 operatione,
2191 4699 2419 4755 tametsi
2450 4696 2652 4763 libera,
2697 4701 2753 4754 et
2799 4694 3035 4760 morali,

1671 4784 1806 4858 agit,
1838 4788 1894 4839 et
1916 4781 2109 4838 influit
2136 4796 2255 4838 non
2277 4780 2470 4838 solum
2497 4784 2560 4834 ut
2585 4794 2757 4852 agens
2787 4778 3033 4840 morale,

1669 4865 1768 4922 sed
1793 4865 1969 4922 etiam
1999 4868 2060 4919 ut
2099 4879 2272 4938 agens
2319 4861 2640 4935 physicum,
2670 4874 2738 4916 eo
2776 4857 2926 4931 quod
2970 4858 3035 4913 in

1669 4946 1923 5021 qualibet
1966 4946 2297 5019 operatione
2349 4941 2636 5015 reperitur
2672 4954 2789 4997 non
2840 4941 3030 4996 solum

1671 5029 1925 5098 libertas,
1969 5033 2024 5086 et
2069 5025 2385 5092 moralitas,
2433 5022 2531 5082 sed
2577 5022 2755 5080 etiam
2801 5020 3028 5087 entitas,
