3647 5753
454 371 572 430 772

458 554 579 596 non
606 544 896 609 tenentur,
927 540 1063 613 quia
1103 539 1354 597 charitas
1379 539 1509 596 sine
1549 538 1670 595 illis
1696 552 1821 596 esse

461 623 662 693 potest)
684 621 989 693 respondet
1005 623 1149 694 Aug.
1165 622 1370 677 Doctor
1392 619 1455 676 in
1477 619 1597 675 haec
1617 617 1817 676 verba:

467 723 495 755 α
523 702 611 757 Ad
661 703 976 760 secundum
1035 701 1360 770 dicendum,
1414 703 1565 776 quod
1623 701 1825 758 omnia

466 803 499 835 <t
526 787 651 839 actu
682 783 902 840 referre
928 783 992 840 in
1036 786 1217 842 Deum
1243 784 1364 855 (hoc
1387 790 1465 839 est
1493 782 1825 856 formaliter)

469 884 497 916 α
528 878 647 920 non
691 869 776 920 est
800 863 1071 937 possibile
1097 865 1164 921 in
1190 864 1296 921 hac
1340 864 1480 929 vita,
1508 863 1661 920 sicut
1705 877 1826 919 non

463 966 495 999 α
525 951 611 1003 est
633 947 917 1020 possibile,
941 947 1092 1021 quod
1117 963 1347 1020 semper
1374 945 1446 1003 de
1473 947 1589 1004 Deo
1611 946 1829 1020 cogite-

462 1048 496 1081 -α
528 1032 641 1095 tur,
674 1028 780 1086 hoc
822 1030 983 1087 enim
1010 1030 1262 1104 pertinet
1297 1027 1369 1086 ad
1416 1027 1828 1101 perfectionem

471 1130 498 1162 α
529 1108 737 1165 Patriae
763 1130 777 1164 :
806 1109 904 1167 sed
930 1110 1080 1185 quod
1107 1110 1307 1168 omnia
1328 1109 1543 1167 virtute
1573 1106 1830 1164 referan-

466 1213 499 1245 α
528 1195 625 1247 tur
651 1191 715 1247 in
763 1194 965 1260 Deum,
1000 1195 1106 1251 hoc
1134 1193 1385 1266 pertinet
1424 1191 1496 1248 ad
1525 1189 1830 1263 perfectio-

468 1295 499 1328 «
531 1290 666 1331 nem
690 1276 1008 1351 charitatis,
1030 1276 1100 1333 ad
1114 1292 1287 1350 quam
1309 1290 1511 1333 omnes
1532 1277 1823 1331 tenentur.

466 1375 501 1407 α
531 1354 616 1410 Ad
637 1356 796 1430 cujus
821 1357 1176 1416 evidentiam
1202 1355 1688 1416 considerandum
1722 1359 1825 1422 est,

470 1459 506 1491 at
531 1438 680 1510 quod
708 1440 854 1497 sicut
898 1442 962 1497 in
989 1441 1175 1497 causis
1219 1439 1595 1498 efficientibus
1644 1438 1832 1496 virtus

475 1539 503 1572 α
536 1519 738 1592 primas
782 1538 967 1580 causae
993 1526 1191 1580 manet
1235 1521 1299 1579 in
1346 1521 1620 1580 omnibus
1645 1520 1832 1577 causis

474 1620 505 1652 «
533 1602 919 1673 sequentibus,
953 1604 1033 1660 ita
1066 1605 1243 1661 etiam
1267 1603 1515 1661 intentio
1538 1601 1834 1676 principa-

468 1704 504 1737 «
536 1683 608 1739 lis
629 1682 766 1741 finis
787 1687 1001 1744 virtute
1022 1692 1219 1744 manet
1238 1687 1302 1743 in
1325 1685 1598 1745 omnibus
1618 1683 1835 1741 finibus

480 1786 507 1819 α
537 1768 913 1826 secundariis.
959 1769 1124 1827 Unde
1168 1770 1513 1843 quicumque
1564 1774 1687 1825 actu
1738 1769 1836 1825 in-

484 1871 510 1903 «
539 1849 723 1907 tendit
744 1852 994 1924 aliquem
1023 1851 1202 1909 finem
1237 1852 1667 1920 secundarium,
1706 1851 1836 1908 vir-

474 1953 509 1986 «
542 1937 660 1989 tute
706 1932 956 1991 intendit
1002 1934 1178 1993 finem
1232 1936 1642 2009 principalem;
1690 1933 1837 1990 sicut

475 2036 512 2069 α
540 2016 793 2073 medicus
820 2017 960 2075 dum
986 2020 1205 2095 colligit
1230 2019 1455 2084 herbae,
1484 2024 1609 2075 actu
1639 2018 1838 2073 inten-

484 2117 511 2149 α
539 2095 624 2152 dit
641 2097 921 2157 conficere
961 2102 1272 2172 potionem,
1300 2100 1453 2156 nihil
1482 2098 1740 2159 fortassis
1766 2097 1840 2154 de

477 2200 511 2233 α
540 2182 785 2239 sanitate
810 2185 1064 2258 cogitans
1082 2208 1098 2252 ;
1129 2184 1460 2241 virtualiter
1505 2188 1700 2240 tamen
1740 2181 1841 2236 in-

476 2282 512 2315 «
541 2261 724 2319 tendit
749 2264 1077 2333 sanitatem,
1099 2271 1331 2339 propter
1352 2282 1524 2338 quam
1548 2264 1839 2337 potionem

484 2365 511 2397 α
541 2344 656 2401 dat.
688 2345 747 2401 Si
785 2347 963 2422 igitur
990 2365 1119 2405 cum
1148 2348 1360 2422 aliquis
1384 2348 1637 2420 seipsum
1678 2345 1843 2403 ordi-

482 2448 515 2479 «
544 2429 645 2480 nat
684 2425 748 2480 in
771 2429 951 2483 Deum
974 2430 1117 2487 sicut
1147 2429 1209 2486 in
1237 2430 1434 2497 finem,
1467 2430 1534 2485 in
1571 2425 1843 2484 omnibus

477 2527 513 2558 «ι
542 2520 665 2578 quae
695 2516 926 2580 propter
945 2511 1198 2584 seipsum
1231 2511 1384 2580 facit,
1411 2513 1610 2568 manet
1629 2508 1845 2564 virtute

476 2607 512 2638 α
545 2586 791 2645 intentio
815 2592 1006 2647 ultimi
1033 2591 1187 2659 finis,
1212 2593 1312 2667 qui
1353 2598 1437 2648 est
1471 2594 1619 2648 Deus
1647 2613 1660 2645 ι
1690 2588 1845 2645 unde

484 2689 515 2722 α
545 2669 607 2724 in
636 2672 908 2729 omnibus
937 2677 1150 2733 mereri
1179 2680 1377 2748 potest,
1408 2676 1458 2731 si
1502 2674 1843 2732 charitatem

479 2773 516 2805 a
547 2751 773 2809 habeat.
805 2756 921 2812 Hoc
947 2756 1124 2831 igitur
1146 2759 1317 2816 modo
1357 2757 1659 2829 Apostolus
1696 2769 1847 2828 prae-

489 2854 515 2886 α
546 2834 710 2908 cepit,
727 2835 873 2908 quod
897 2839 1095 2897 omnia
1117 2839 1180 2897 in
1202 2840 1302 2898 Dei
1326 2838 1574 2915 gloriam
1592 2836 1848 2894 referan-

481 2939 518 2971 Δοι
549 2923 661 2974 tur.
707 2917 835 2975 Haec
866 2919 933 2978 D.
981 2921 1171 2981 Thom.
1216 2924 1287 2981 ad
1332 2926 1388 2991 2,
1418 2930 1469 2979 et
1495 2921 1809 2978 immediate
1829 2937 1848 2973 .·

491 3021 518 3052 α
550 2999 634 3055 Ad
658 3000 893 3058 tertium
919 3002 1244 3074 dicendum,
1274 3004 1424 3079 quod
1453 3002 1612 3061 aliud
1634 3007 1719 3060 est
1741 3002 1850 3058 ha-

482 3101 520 3133 «
550 3079 846 3138 bitualiter
868 3083 1085 3142 referre
1107 3085 1169 3143 in
1199 3088 1399 3150 Deum,
1432 3088 1490 3141 et
1516 3083 1676 3140 aliud
1718 3084 1851 3140 vir-

486 3184 522 3216 «
551 3164 785 3222 tualiter
802 3190 815 3233 ;
836 3166 1210 3225 habitualiter
1225 3170 1383 3226 enim
1403 3168 1579 3225 refert
1595 3166 1656 3223 in
1670 3170 1851 3224 Deum

493 3265 520 3296 «
551 3244 726 3301 etiam
759 3247 856 3319 qui
885 3248 1035 3306 nihil
1064 3250 1199 3325 agit,
1234 3266 1340 3308 nec
1365 3248 1584 3323 aliquid
1608 3247 1854 3305 actuali-

498 3349 524 3381 α
554 3331 640 3384 ter
663 3329 930 3400 intendit,
957 3336 1020 3387 ut
1040 3332 1339 3390 dormiens
1365 3353 1377 3389 ε
1402 3331 1500 3389 sed
1524 3331 1854 3388 virtualiter

488 3430 527 3462 at
555 3411 772 3483 aliquid
797 3414 1015 3471 referre
1038 3414 1099 3470 in
1122 3418 1322 3482 Deum,
1344 3419 1430 3472 est
1451 3413 1671 3488 agentis
1690 3427 1856 3484 prop-

499 3512 525 3544 «
554 3496 641 3548 ter
687 3491 864 3549 finem
924 3494 1251 3553 ordinantis
1299 3495 1362 3551 in
1410 3498 1589 3552 Deum
1637 3515 1651 3549 ε
1702 3492 1857 3549 unde

490 3594 524 3625 α
556 3572 926 3633 habitualiter
962 3577 1180 3635 referre
1210 3578 1272 3635 in
1315 3580 1517 3643 Deum,
1546 3592 1664 3633 non
1704 3573 1858 3631 cadit

491 3674 524 3706 a
555 3653 659 3709 sub
682 3662 961 3730 praecepto
974 3681 987 3725 ;
1011 3657 1109 3714 sed
1131 3658 1464 3715 virtualiter
1487 3656 1706 3713 referre
1727 3670 1859 3712 om-

501 3756 529 3789 «
559 3735 656 3791 nia
705 3735 769 3792 in
796 3738 976 3794 Deum
1003 3737 1155 3795 cadit
1193 3737 1299 3794 sub
1340 3741 1618 3811 praecepto
1660 3735 1861 3792 chari-

501 3837 528 3869 «
560 3817 713 3873 tatis.
746 3838 772 3869 »

573 3892 659 3948 Ex
692 3909 804 3965 quo
832 3892 901 3949 ad
932 3893 1182 3965 primam
1232 3891 1619 3950 antecedentis
1650 3889 1862 3963 proba-

492 3974 717 4031 tionem
763 3974 1071 4031 dicendum
1121 3983 1243 4042 est,
1312 3974 1514 4032 eodem
1585 3977 1863 4046 praecepto

490 4055 814 4123 charitatiS,
834 4073 945 4129 quo
968 4060 1235 4113 tenemur
1259 4058 1438 4113 Deum
1467 4069 1640 4127 super
1660 4054 1862 4111 omnia

489 4136 761 4211 diligere,
795 4139 980 4195 teneri
1003 4139 1179 4195 etiam
1205 4154 1407 4195 omnes
1442 4143 1597 4195 actus
1637 4142 1865 4194 nostros

500 4219 565 4275 in
594 4219 781 4292 ipsum
805 4221 1018 4277 virtute
1043 4219 1279 4288 referre,
1306 4226 1369 4277 ut
1390 4224 1543 4293 patet
1567 4236 1639 4277 ex
1666 4219 1866 4276 relatis

496 4302 871 4361 testimoniis

578 4376 662 4432 Ad
711 4377 768 4433 id
797 4395 953 4445 vero,
1003 4377 1152 4452 quod
1206 4376 1455 4446 additur,
1489 4374 1867 4450 respondetur

506 4466 847 4533 praeceptum
878 4459 1167 4519 referendi
1202 4460 1399 4518 omnia
1427 4458 1758 4516 virtualiter
1803 4459 1868 4514 in

506 4544 686 4598 Deum
710 4561 866 4618 aeque
908 4545 1090 4620 ligare
1116 4558 1335 4610 omnes,
1362 4548 1529 4615 atque
1554 4542 1695 4599 adeo
1715 4541 1872 4599 obli-

500 4639 645 4697 gare
665 4626 842 4683 etiam
866 4631 1215 4700 peccatorem
1236 4646 1249 4682 :
1272 4630 1541 4682 caeterum
1561 4624 1699 4697 quia
1721 4640 1872 4696 prae·

511 4711 736 4780 ceptum
787 4710 892 4767 hoc
934 4714 1019 4767 est
1046 4708 1478 4775 affirmativum,
1511 4721 1628 4764 non
1655 4706 1873 4781 obligat

512 4807 616 4864 pro
635 4807 883 4865 semper,
928 4796 984 4849 et
1007 4792 1085 4848 ita
1112 4805 1231 4850 non
1257 4790 1536 4864 sequitur,
1568 4787 1719 4861 quod
1738 4803 1876 4862 quo·

509 4874 620 4931 ties
642 4880 898 4947 peccator
925 4877 1216 4947 operatur,
1263 4888 1382 4930 non
1410 4867 1712 4929 referendo
1747 4885 1872 4943 pec-

504 4962 600 5014 cet
623 4965 822 5015 contra
838 4956 1005 5024 illud,
1038 4954 1134 5012 sed
1155 4955 1344 5012 solum
1364 4970 1433 5012 eo
1460 4958 1739 5026 tempore,
1771 4967 1878 5025 pro

507 5054 626 5111 quo
646 5038 717 5095 ad
746 5040 867 5113 ejus
895 5037 1369 5110 adimpletionem
1399 5034 1723 5092 tenebatur.

1411 367 1506 422 DE
1545 366 1868 423 INFLUXU
1909 367 2359 429 CHAmTATIS.

2035 539 2156 595 109.
2181 542 2296 596 Nec
2318 539 2493 597 refert
2517 542 2567 596 si
2595 540 2849 615 objicias,
2883 542 3033 616 quod
3063 554 3515 649 praecep—Effig-

1952 622 2076 676 tum
2108 620 2396 678 referendi
2424 621 2624 679 omnia
2664 623 2728 679 in
2756 627 2937 681 Deum
2959 623 3315 690 virtualiter,

1952 701 2059 756 etsi
2087 715 2206 758 non
2232 700 2445 776 obliget
2471 719 2574 775 pro
2607 719 2836 778 semper
2863 704 3138 771 absolute,
3165 702 3324 761 obli-

1954 784 2050 856 gat
2075 786 2270 838 tamen
2299 798 2401 854 pro
2425 783 2589 839 omni
2631 791 2776 853 actu,
2805 789 2972 858 atque
2998 784 3139 842 adeo
3164 784 3327 842 obli-

1955 866 2051 937 gat
2086 863 2309 934 quoties
2334 862 2508 921 homo
2555 872 2828 936 operatur
2863 888 2877 922 :
2917 882 3142 942 ergoeo
3172 866 3320 938 ipso·

1955 942 2106 1015 quod
2160 949 2414 1018 peccator
2458 951 2730 1017 operetur
2775 946 2988 1021 absque
3048 946 3327 1021 praedicta

1959 1024 2258 1091 relatione,
2284 1024 2500 1101 frangit
2527 1026 2857 1102 huJusmodi
2881 1037 3229 1104 praeceptum
3257 1027 3327 1085 in

1958 1106 2121 1166 omni
2161 1123 2266 1165 suo
2312 1114 2458 1178 actu,
2488 1116 2545 1168 et
2583 1111 2663 1167 sic
2708 1112 2772 1168 in
2808 1112 3082 1170 omnibus
3111 1116 3325 1185 peccat.

1961 1190 2263 1257 Praeterea,
2288 1191 2338 1246 si
2367 1197 2622 1264 peccator
2644 1199 2824 1265 potest
2849 1195 3080 1267 operari
3111 1193 3331 1267 absque
3364 1193 3490 1287 ἃ

1962 1269 2231 1344 praedicta
2260 1273 2560 1340 relatione,
2591 1275 2719 1334 sine
2756 1292 2825 1334 eo
2845 1275 2996 1349 quod
3021 1270 3230 1350 peccet,
3258 1292 3332 1334 eo

1961 1353 2110 1426 quod
2134 1361 2477 1430 praeceptum
2501 1358 2646 1414 illud
2677 1375 2792 1417 non
2811 1358 3029 1434 obligat
3051 1375 3158 1431 pro
3177 1375 3335 1416 sem·

1964 1449 2103 1507 per3
2133 1432 2207 1491 ob
2245 1436 2487 1495 eandem
2518 1439 2800 1497 rationem
2829 1441 3040 1513 poterit
3064 1438 3195 1496 sine
3221 1440 3334 1497 illa

1962 1516 2190 1588 operari
2234 1517 2419 1591 justus
2445 1519 2656 1593 absque
2680 1536 2768 1588 eo,
2796 1519 2946 1594 quod
2988 1520 3334 1594 praedictum

1965 1602 2307 1669 praeceptum
2360 1599 2589 1675 frangat
2623 1623 2636 1658 :
2684 1617 2820 1676 ergo
2868 1602 3077 1674 poterit
3112 1602 3335 1660 elicere

1966 1683 2121 1735 actus
2150 1677 2328 1736 bonos
2348 1682 2650 1738 moraliter
2677 1698 2794 1739 non
2819 1682 3175 1740 meritorios.
3192 1685 3338 1740 Ter·
3367 1688 3498 1732 'rem

1966 1760 2046 1818 tio
2069 1760 2263 1833 plures
2288 1777 2359 1817 ex
2386 1762 2495 1828 hie,
2526 1764 2623 1836 qui
2655 1763 2824 1821 modo
2848 1769 2983 1820 sunt
3011 1764 3073 1820 in
3105 1770 3338 1836 peccato

1966 1841 2221 1907 mortali,
2254 1842 2724 1915 adimpleverunt
2750 1862 2853 1902 suo
2890 1850 3151 1917 tempore
3178 1862 3340 1918 prae-

1966 1928 2192 1996 ceptum
2214 1923 2528 1991 charitatiS,
2554 1926 2653 1983 sed
2682 1942 2748 1983 eo
2776 1926 2919 1998 ipso,
2944 1925 3092 1999 quod
3121 1926 3244 1982 sint
3270 1928 3340 1983 in

1970 2006 2192 2076 peccato
2218 2005 2469 2070 mortali,
2502 2008 2732 2063 nullum
2759 2023 2931 2062 suum
2960 2011 3146 2063 actum
3179 2007 3343 2064 refe-

1970 2088 2125 2150 runt,
2158 2086 2334 2142 etiam
2361 2087 2692 2146 virtualiter
2719 2088 2784 2144 in
2811 2091 2994 2146 Deum
3021 2086 3201 2144 finem
3240 2090 3344 2145 ul-

1971 2166 2182 2222 timum
2226 2171 2728 2239 supernaturalem
2775 2191 2789 2225 :
2817 2185 2955 2243 ergo
2991 2168 3337 2241 hujusmodi

1972 2245 2176 2303 relatio
2215 2262 2332 2303 non
2378 2247 2528 2304 cadit
2553 2248 2659 2306 sub
2707 2250 2979 2323 praedicto
3028 2255 3337 2323 praecepto.

1974 2326 2118 2383 alias
2139 2328 2238 2399 qui
2265 2328 2410 2384 illud
2436 2331 2784 2389 sufficienter
2810 2331 3171 2404 adimpleret,
3204 2346 3345 2403 ope—

1976 2410 2204 2463 raretur
2223 2422 2290 2463 eo
2321 2408 2445 2481 ipso
2471 2426 2698 2482 semper
2725 2428 2855 2467 cum
2885 2409 3151 2484 praedicta
3178 2413 3344 2467 rela-

1974 2487 2150 2544 tione.
2183 2488 2440 2561 Denique
2462 2490 2694 2563 objicies
2722 2494 2785 2549 D.
2806 2493 3011 2549 Thom.
3037 2494 3098 2547 in
3120 2493 3173 2556 3,
3199 2492 3338 2548 dist.
3372 2492 3524 2545 qm

1975 2568 2030 2634 3,
2061 2576 2243 2647 quaest.
2284 2572 2330 2635 1.
2361 2579 2474 2628 art.
2503 2574 2558 2639 6,
2589 2580 2646 2630 et
2683 2575 2747 2630 de
2787 2572 2953 2631 Ver-it.
3003 2582 3186 2649 quaest.
3237 2574 3339 2640 24,

1976 2658 2086 2708 art.
2152 2654 2217 2707 12
2256 2654 2331 2707 ad
2383 2655 2465 2722 16,
2515 2671 2782 2728 expresse
2810 2671 3064 2713 asserere
3095 2654 3341 2712 modum

1977 2731 2255 2804 operandi
2283 2749 2352 2791 ex
2379 2735 2656 2793 charitate
2685 2753 2800 2794 non
2828 2736 3030 2794 cadere
3050 2738 3157 2793 sub
3184 2751 3344 2810 prae-

1978 2820 2157 2888 cepto,
2205 2816 2303 2872 sed
2330 2833 2452 2876 esse
2480 2818 2776 2878 dumtaxat
2821 2819 2997 2878 finem
3031 2825 3349 2894 praecepto-

1982 2913 2147 2964 rum;
2209 2899 2358 2970 quod
2407 2901 2584 2957 etiam
2636 2902 2770 2958 aliis
2835 2902 2973 2959 locis
3011 2902 3274 2958 insinuat
3327 2925 3344 2957 ε

1979 2997 2135 3055 erg0,
2165 2987 2271 3039 etc.

2056 3067 2184 3121 Non
2238 3065 2429 3136 itaque
2474 3065 2592 3124 haec
2637 3066 2918 3126 referunt.
2951 3064 3542 3139 Respondeturuouffl

1981 3145 2141 3203 enim
2166 3144 2701 3214 animadvertendo,
2721 3148 2871 3222 quod
2893 3149 3086 3205 relatio
3107 3153 3352 3204 nostro-
3381 3124 3534 3209 ''21⁶1“

1985 3245 2116 3285 rum
2159 3233 2388 3285 actuum
2417 3229 2480 3285 in
2526 3229 2702 3288 finem
2730 3231 3232 3305 supernaturalem
3261 3235 3357 3287 est
3383 3213 3522 3309 w

1984 3307 2231 3382 duplex;
2281 3311 2397 3367 alia
2442 3327 2553 3384 qua
2583 3311 2917 3368 referuntur
2969 3313 3032 3368 in
3071 3327 3262 3376 causa,
3292 3315 3356 3367 et

1985 3388 2234 3446 mediate
2253 3414 2267 3457 ;
2286 3391 2401 3446 alia
2426 3408 2538 3464 qua
2567 3391 2901 3448 referuntur
2929 3392 3266 3450 immediate
3285 3392 3357 3447 in

1985 3472 2190 3544 seipsis
2222 3494 2235 3529 :
2267 3473 2329 3528 in
2350 3490 2517 3530 causa
2539 3474 2889 3543 referuntur,
2924 3474 3154 3548 quando
3178 3475 3361 3546 poni-

1988 3556 2165 3611 turin
2187 3556 2501 3620 voluntate,
2533 3562 2588 3613 et
2616 3557 2679 3613 in
2706 3558 2838 3613 aliis
2867 3559 3077 3614 animas
3103 3558 3356 3613 virtuti-

1989 3638 2094 3695 bus
2114 3638 2300 3696 eidem
2320 3640 2600 3697 voluntati
2623 3638 2887 3714 subJ'ectis
2904 3641 3090 3698 virtus
3104 3646 3162 3697 et
3182 3657 3362 3697 causa

1990 3721 2292 3786 sufficien8‚
2336 3721 2792 3796 sufficienterque
2842 3722 3231 3780 determinata
3285 3721 3361 3778 ad

1992 3801 2115 3868 hoc,
2148 3807 2211 3856 ut
2251 3801 2724 3876 quandocumque
2772 3809 2927 3859 actus
2956 3803 3136 3860 nostri
3166 3803 3231 3858 in
3262 3818 3365 3860 re-

1967 3899 2126 3942 ‚rum
2179 3887 2388 3940 natura
2440 3890 2750 3956 ponantur,
2807 3885 3030 3942 ratione
3075 3882 3370 3957 praedicta>

1991 3980 2174 4021 causae
2200 3963 2407 4022 influat
2447 3965 2509 4021 in
2551 3983 2646 4025 eos
2689 3965 2958 4029 charitaS,
2992 3965 3215 4039 ipsique
3243 3981 3372 4024 non

1995 4047 2109 4105 nisi
2138 4045 2391 4104 ordinati
2418 4046 2487 4104 ad
2509 4050 2632 4123 ejus
2660 4047 2835 4104 finem
2862 4047 3273 4120 producantur.
3294 4049 3374 4103 Et

1996 4130 2114 4186 haec
2136 4129 2430 4187 ordinatio
2459 4131 2522 4187 in
2548 4147 2718 4188 causa
2741 4136 2875 4187 tunc
2902 4130 2982 4198 fit,
3008 4129 3241 4204 quando
3271 4146 3377 4204 po-

1997 4214 2086 4269 nit
2119 4212 2293 4270 homo
2321 4214 2577 4286 primum
2608 4219 2796 4270 actum
2842 4213 3176 4280 charitatis3
3228 4218 3377 4270 tunc

1997 4291 2157 4349 enim
2181 4308 2253 4350 ex
2283 4293 2340 4349 vi
2364 4293 2620 4366 praedicti
2646 4300 2800 4350 actus
2817 4293 3079 4350 dimanat
3099 4309 3130 4349 a
3150 4292 3374 4367 gratia,

1997 4379 2055 4432 et
2079 4374 2357 4431 charitate
2404 4374 2468 4431 in
2507 4391 2709 4433 omnes
2737 4376 2946 4432 animae
2994 4375 3149 4431 vires
3174 4373 3380 4430 virtus

1949 4525 1952 4528 ,
1999 4455 2345 4512 sufficienter
2378 4455 2762 4513 determinata
2788 4455 2857 4512 ad
2895 4456 3019 4520 hoc,
3052 4461 3115 4511 ut
3140 4454 3380 4527 quotioe

2003 4537 2147 4595 bene
2169 4539 2473 4596 'moraliter
2496 4543 2827 4611 operentur,
2860 4542 3031 4613 agant
3058 4538 3120 4593 in
3151 4537 3383 4596 virtute

2002 4621 2318 4687 charitatiS,
2367 4622 2732 4696 referantque
2789 4620 3117 4679 virtualiter
3163 4636 3384 4679 omnes

2002 4721 2135 4762 suos
2175 4711 2330 4762 actus
2363 4705 2541 4764 bonos
2569 4705 2632 4761 in
2657 4705 2779 4778 ejus
2805 4703 3003 4769 finem,
3030 4708 3091 4759 ut
3116 4718 3188 4764 ex
3221 4703 3380 4771 illis,

2005 4804 2118 4863 qua
2159 4806 2195 4844 a
2240 4806 2393 4845 narn.
2437 4789 2529 4854 84,
2566 4804 2734 4865 usque
2759 4786 2943 4851 ade-2,
2974 4787 3086 4843 late
3104 4785 3386 4858 expleui-

2007 4885 2157 4933 mus,
2199 4869 2336 4925 satis
2375 4872 2609 4926 constat.
2656 4869 2721 4923 In
2765 4883 2827 4924 se
2865 4882 3004 4924 vero
3032 4865 3388 4924 referuntur

2011 4949 2264 5025 praedicti
2293 4955 2467 5016 actus,
2511 4947 2740 5023 quando
2765 4948 2953 5004 virtus
2981 4949 3084 5005 illa
3127 4963 3259 5020 quae
3307 4964 3388 5007 ex

2010 5030 2289 5089 charitate
2329 5030 2673 5098 dimanavit,
2718 5034 2842 5087 actu
2890 5030 2952 5086 in
2999 5044 3096 5087 eos
3135 5028 3382 5098 influit;

3218 5111 3385 5184 quod
