3647 5753
1388 422 1567 478 DISP.
1613 423 1710 487 lv,
1754 423 1923 481 DUB.
1964 426 2033 483 V.

272 598 454 667 parte,
488 598 543 649 et
569 591 853 666 quomodo
880 594 1138 666 opposita
1163 593 1450 650 sententia
1470 594 1636 664 (alias

274 676 501 734 ratione
540 675 878 749 probabilis)
912 678 976 733 in
1023 677 1120 734 via
1164 679 1219 734 S.
1254 677 1510 735 Doctoris
1536 681 1637 733 aut

273 761 440 817 nullo
470 758 659 825 modo,
693 765 789 817 aut
811 759 910 816 vix
940 761 1117 832 possit
1169 759 1422 818 defendi.
1475 760 1636 826 Quod

272 848 427 917 patet
444 860 515 901 ex
535 842 700 899 dictis
729 865 740 900 :
767 850 888 900 tum
917 843 1053 916 quia
1073 842 1315 900 adducta
1335 846 1399 900 D.
1426 844 1631 902 Thom.

270 926 607 983 testimonia
632 941 732 998 pro
775 931 973 982 nostra
1012 925 1302 983 sententia
1329 924 1429 981 vix
1457 942 1637 998 appa-

273 1014 500 1066 rentem
538 1009 907 1076 solutionem,
956 1016 1054 1066 aut
1096 1010 1635 1085 tergiversationem

273 1092 605 1150 admittunt.
637 1094 785 1147 Tum
809 1094 1005 1159 etiam,
1025 1094 1161 1167 quia
1184 1092 1399 1150 nullibi
1422 1094 1476 1149 S.
1502 1096 1638 1149 Doc-

273 1179 366 1232 tor
380 1176 703 1248 oppositum
726 1174 1081 1241 insinuavit;
1109 1191 1248 1232 nam
1267 1174 1417 1248 quod
1442 1176 1459 1230 l
1478 1182 1629 1248 part.

271 1264 455 1333 quaest.
497 1258 590 1322 62,
634 1263 744 1312 art.
789 1257 845 1322 4,
898 1256 1133 1321 dixerit,
1184 1256 1474 1330 Angelum
1516 1271 1635 1314 non

271 1337 556 1393 meruisse
597 1336 659 1391 in
701 1337 893 1408 primo
946 1337 1187 1393 instanti
1233 1353 1334 1408 per
1374 1351 1647 1398 amorem,

273 1418 622 1483 naturalem,
652 1419 918 1490 quamvis
943 1433 1046 1489 pro
1086 1416 1190 1473 illo
1231 1416 1474 1473 instanti
1509 1415 1631 1489 jam

272 1499 512 1557 haberet
554 1499 821 1574 gratiam,
879 1515 951 1555 ex
978 1514 1092 1572 quo
1119 1498 1389 1573 colligere
1430 1499 1635 1555 volunt

273 1584 457 1656 aliqui
504 1581 837 1646 neotherici,
870 1581 997 1637 dari
1024 1580 1175 1653 apud
1205 1584 1267 1637 D.
1300 1573 1507 1637 Thom.
1537 1594 1633 1636 ac-

273 1670 399 1721 tum
447 1661 875 1719 indifferentem
905 1661 975 1718 ad
1003 1661 1279 1718 meritum
1301 1668 1358 1719 et
1377 1660 1632 1719 demeri-

271 1753 419 1817 tum,
455 1747 518 1803 in
545 1763 612 1804 eo
639 1746 736 1818 qui
760 1746 930 1803 estin
957 1746 1162 1819 gratia,
1191 1746 1522 1803 nullatenus
1546 1748 1633 1800 est

267 1834 470 1886 contra
497 1832 754 1884 nostram
783 1827 1182 1882 assertionem.
1216 1825 1502 1889 Quoniam
1535 1840 1631 1880 ac-

228 1907 361 1967 'tus
410 1910 513 1967 ille
536 1954 550 1977 ,
598 1915 655 1966 et
707 1924 871 1966 amor
905 1925 1017 1981 quo
1044 1909 1300 1981 Angelus
1326 1908 1391 1964 in
1433 1906 1629 1979 primo

83 4122 231 4170 Ratio.

269 1991 512 2049 instanti
540 2007 616 2057 se,
648 1994 705 2047 et
724 1994 904 2047 Deum
937 1995 999 2045 ut
1043 1989 1344 2046 authorem
1386 1995 1626 2054 naturae,

268 2080 326 2132 et
360 2072 657 2148 praecisive
686 2090 718 2130 a
744 2071 1244 2139 subordinatione,
1277 2073 1369 2128 vel
1393 2071 1632 2128 restric-

268 2157 430 2213 tione
477 2154 547 2212 ad
596 2155 865 2212 altiorem
918 2152 1115 2218 finem,
1162 2153 1510 2210 naturaliter
1537 2149 1628 2207 di-

270 2238 431 2303 lexit,
489 2251 608 2292 non
659 2237 770 2292 fuit
812 2241 968 2291 actus
1021 2233 1187 2300 liber,
1238 2234 1338 2291 sed
1388 2233 1631 2292 omnino

270 2320 626 2378 necessarius
651 2359 665 2382 ,
712 2323 830 2372 tam
885 2316 1070 2390 quoad
1124 2315 1624 2389 specificationem,

268 2417 443 2474 quam
463 2399 646 2473 quoad
668 2400 1011 2456 exercitium
1034 2422 1047 2464 ;
1078 2397 1233 2455 unde
1261 2414 1377 2455 non
1401 2397 1510 2453 fuit
1536 2413 1631 2453 ac·-

271 2489 364 2539 tus
398 2482 656 2546 moraliS,
689 2481 759 2537 de
784 2479 992 2552 quibus
1021 2478 1239 2535 actibus
1263 2494 1418 2534 nunc
1440 2478 1631 2551 loqui-

271 2578 426 2630 mur,
457 2568 512 2619 et
535 2562 603 2618 ad
626 2578 766 2635 quos
795 2561 1115 2632 requiritur
1142 2559 1397 2625 libertaS,
1424 2560 1630 2616 saltem

268 2643 453 2717 quoad
498 2642 838 2700 exercitium
873 2639 987 2697 :ob
1035 2639 1204 2714 idque
1244 2656 1277 2697 a
1323 2643 1388 2697 D.
1420 2639 1626 2697 Thom.

267 2726 591 2798 appellatur
640 2724 939 2782 conversio
985 2722 1091 2778 illa
1138 2721 1457 2786 naturalis,
1509 2736 1631 2778 non

265 2807 455 2864 solum
497 2812 666 2882 prout
712 2807 976 2863 naturale
1015 2803 1391 2880 distinguitur
1431 2808 1630 2860 contra

265 2888 723 2960 supernaturale,
748 2885 847 2944 sed
869 2886 1043 2944 etiam
1070 2891 1237 2958 prout
1252 2883 1629 2959 distinguitur

265 2974 468 3026 contra
519 2969 767 3026 liberum
816 2994 828 3025 ε
872 2973 929 3026 et
978 2969 1056 3024 ita
1085 2983 1202 3024 non
1228 2967 1448 3025 mirum
1479 2962 1629 3038 quod

267 3050 521 3124 Angelus
549 3065 649 3121 per
677 3047 1006 3123 hujusmodi
1037 3053 1225 3104 actum
1254 3062 1371 3103 non
1397 3060 1630 3101 merue-

271 3131 367 3197 rit,
399 3131 535 3204 quia
576 3129 685 3186 soli
729 3136 885 3187 actus
913 3127 1085 3183 liberi
1119 3127 1368 3184 morales
1397 3128 1631 3197 possunt

269 3210 548 3284 imperari
565 3228 597 3267 a
614 3211 912 3274 charitate,
938 3213 995 3265 et
1014 3223 1134 3264 esse
1154 3205 1464 3263 meritorii.
1481 3206 1630 3259 Tum

265 3290 550 3364 denique,
595 3291 731 3362 quia
777 3304 1087 3345 consensus
1136 3286 1275 3343 adeo
1304 3283 1631 3341 communis

264 3372 622 3430 nobiliorum
673 3369 1110 3424 Thomistarum
1155 3366 1312 3432 satis,
1345 3377 1632 3434 superque

266 3450 464 3509 suadet
523 3451 668 3506 hanc
721 3463 949 3520 semper
1000 3447 1175 3503 fuisse
1228 3450 1484 3502 mentem
1534 3444 1625 3500 sui

264 3539 413 3608 Ang.
451 3530 733 3605 Magistri.

862 3729 893 3797 g
934 3727 1031 3782 111.

346 3876 512 3935 Ratio
538 3874 975 3947 fundamentalis
1014 3891 1113 3947 pro
1138 3873 1433 3929 assertione
1458 3870 1555 3926 de-

598 3962 817 4027 sumpta
855 3973 926 4010 ex
954 3955 1022 4013 D.
1076 3954 1304 4012 Thomu.

344 4110 436 4164 76.
469 4104 942 4161 Fundamentalis
966 4103 1109 4160 ratio
1133 4107 1341 4159 nostrae
1367 4099 1629 4157 assertio-

272 4190 364 4246 nis
376 4185 763 4260 depromenda
779 4191 863 4241 est
882 4201 953 4240 ex
974 4187 1036 4240 D.
1063 4184 1266 4240 Thom.
1287 4182 1351 4238 in
1367 4180 1629 4237 testimo-

272 4268 388 4326 niis
433 4265 733 4325 adductis:
768 4282 1067 4338 possumus
1121 4279 1258 4321 vero
1309 4276 1629 4336 proponere

272 4351 436 4406 illam
459 4346 565 4404 sub
605 4346 708 4401 hac
732 4345 934 4402 forma.
970 4344 1223 4411 Quilibet
1251 4349 1406 4399 actus
1432 4341 1628 4397 chari-

270 4433 403 4488 tatis
418 4428 651 4487 ordinat
664 4427 1265 4499 efficaciter,quantum
1276 4430 1358 4482 est
1370 4439 1440 4480 ex
1460 4427 1630 4488 se,to-

270 4517 393 4568 tum
424 4510 742 4573 hominem,
787 4513 842 4563 et
881 4523 1081 4563 omnes
1107 4508 1228 4581 ejus
1268 4502 1628 4577 operationes

271 4592 572 4650 moraliter
618 4590 796 4646 bonas
838 4589 900 4643 in
940 4591 1117 4644 Deum
1147 4586 1324 4643 finem
1355 4584 1627 4640 ultimum

269 4671 769 4747 supernaturalem
800 4684 970 4742 :ergo
1021 4683 1221 4724 omnes
1265 4664 1629 4740 operationes

271 4753 570 4811 moraliter
599 4750 761 4807 bonas
788 4747 1042 4806 hominis
1083 4748 1244 4821 justi,
1275 4746 1375 4820 qui
1415 4744 1480 4801 in
1521 4759 1628 4799 sua

265 4832 673 4911 justificatione
699 4829 900 4886 habuit
927 4826 1256 4901 praedictum
1288 4832 1496 4890 actum,
1524 4840 1628 4881 nec

271 4922 464 4991 postea
487 4912 817 4970 retractavit
838 4910 1005 4966 illum
1031 4924 1131 4981 per
1153 4911 1443 4982 peccatum
1466 4921 1627 4963 mor-

272 4999 404 5063 tale,
458 4995 783 5053 referentur
830 4991 1159 5046 virtualiter
1188 4990 1252 5045 in
1293 4985 1626 5062 praedictum

272 5079 451 5136 finem
480 5091 718 5134 :omnes
737 5089 873 5148 ergo
900 5069 1228 5145 hujusmodi
1267 5067 1628 5143 operationes

3022 430 3130 485 757

1769 601 1945 652 erunt
1970 595 2041 654 de
2066 597 2350 674 condigno
2377 599 2696 656 meritoriae
2724 599 2858 654 vitae
2883 602 3127 655 aeternae.

1770 680 1902 738 Haec
1928 682 2176 740 secunda
2195 683 2601 757 consequentia
2625 683 2936 740 manifesta
2955 687 3040 738 est
3064 696 3136 738 ex

1770 760 1953 833 priori
1975 786 1990 830 ;
2022 779 2159 820 nam
2185 765 2477 837 supposita
2504 764 2716 820 morali
2757 763 3012 821 bonitate
3040 778 3134 820 ac-

1769 847 1879 910 tuS,
1911 848 1968 900 et
1992 845 2297 902 existentia
2337 846 2401 901 in
2441 845 2627 919 gratia
2654 846 2776 918 ejus
2803 846 2899 918 qui
2929 859 3135 917 opera-

1769 926 1884 988 tur,
1918 922 2069 979 nihil
2098 924 2257 980 aliud
2285 923 2603 983 desiderari
2634 930 2814 997 potest
2841 924 2911 981 ad
2951 923 3134 981 meri-

1769 1006 1894 1057 tum
1937 1002 2072 1059 vitre
2112 1009 2362 1070 aeternae,
2396 1005 2512 1061 nisi
2541 1003 2808 1077 praedicta
2836 1003 3134 1061 charitatis

1771 1084 1995 1141 relatio,
2023 1084 2191 1142 Prior
2212 1102 2350 1144 vero
2371 1103 2443 1144 ex
2464 1085 2826 1143 antecedenti
2847 1088 3128 1159 sequitur,

1767 1164 1903 1236 quia
1928 1164 1979 1219 si
2005 1166 2185 1222 semel
2211 1163 2656 1235 ordinatio-illa,
2689 1182 2814 1240 quae
2841 1165 2904 1221 fit
2930 1166 3135 1224 imme-

1767 1245 1921 1302 diate
1943 1262 2043 1318 per
2064 1247 2426 1316 charitatem,
2458 1255 2543 1306 est
2570 1249 2782 1316 efficax,
2808 1248 2974 1305 debet
3012 1249 3132 1305 im-

1769 1341 1973 1399 perare
1999 1343 2200 1384 omnes
2238 1327 2373 1386 illos
2418 1335 2594 1396 actus,
2647 1330 2746 1402 qui
2799 1344 2899 1402 per
2946 1329 3132 1402 ipsam

1767 1412 2041 1479 tanquam
2070 1408 2280 1476 media,
2308 1411 2402 1468 vel
2433 1412 2647 1486 objecta
2684 1416 2837 1467 mate
2866 1410 3037 1467 rialia
3064 1409 3134 1467 ad

1767 1485 1944 1544 finem
1970 1489 2241 1547 ultimum
2266 1491 2620 1556 referuntur,
2654 1490 2930 1565 debetque
2957 1506 3136 1564 quan-

1767 1573 1891 1624 tum
1918 1575 2004 1625 est
2029 1585 2101 1626 ex
2126 1587 2204 1640 se,
2239 1572 2302 1630 in
2338 1589 2538 1630 omnes
2589 1573 2720 1629 illos
2759 1572 3023 1639 influere,
3057 1573 3138 1628 ita

1769 1655 1831 1705 ut
1855 1650 2326 1726 quandocumque
2354 1652 2728 1726 exequutioni
2759 1652 3131 1718 mandentur,

1764 1728 1910 1787 fiant
1933 1732 1994 1788 in
2018 1731 2231 1790 virtute
2267 1735 2402 1791 talis
2429 1735 2839 1808 ordinationiS,
2864 1736 3011 1791 alias
3037 1750 3136 1791 or-

1765 1810 1987 1868 dinatio
2013 1811 2130 1869 haec
2156 1829 2274 1871 non
2322 1820 2467 1872 esset
2494 1815 2711 1881 efficax,
2744 1821 2936 1888 utpote
2977 1814 3136 1889 cujus

1766 1892 1953 1949 virtus
1981 1908 2100 1949 non
2120 1909 2181 1951 se
2216 1896 2550 1954 extenderet
2579 1896 2651 1953 ad
2688 1903 2844 1954 actus
2874 1898 3134 1969 impera-

1766 1978 1873 2041 tos,
1907 1988 2089 2045 neque
2115 1972 2388 2032 influeret
2416 1975 2478 2031 in
2522 1976 2847 2032 mediorum
2879 1992 3136 2048 exequu-

1766 2055 2004 2112 tionem.
2037 2059 2165 2113 Non
2197 2057 2358 2112 enim
2386 2055 2666 2113 habemus
2710 2057 2858 2113 illud
2898 2059 3131 2131 signum

1764 2136 2003 2193 efficacis
2024 2138 2386 2202 intentioniS,
2413 2154 2514 2194 seu
2536 2139 2944 2202 ordinationis,
2968 2145 3138 2212 prout

1764 2215 2139 2291 distinguitur
2167 2218 2235 2276 ab
2255 2218 2549 2287 inefficaci,
2583 2220 2696 2276 nisi
2724 2219 2872 2294 quod
2896 2220 3001 2276 illa
3040 2219 3137 2275 in-

1767 2295 1895 2353 ssuit
1934 2298 1997 2353 in
2040 2306 2249 2366 actum,
2294 2314 2463 2371 quem
2493 2300 2746 2368 ordinat,
2778 2304 2834 2356 et
2862 2299 3139 2374 pertingit

1763 2394 1868 2434 sua
1889 2378 2133 2437 efficacia
2157 2396 2331 2453 usque
2354 2379 2424 2436 ad
2444 2381 2886 2454 exequutionem
2913 2379 3130 2437 medio—

1767 2474 1934 2527 rum;
1965 2461 2131 2518 istius
2159 2478 2296 2518 vero
2317 2462 2524 2528 virtus,
2561 2466 2754 2534 utpote
2776 2462 3056 2529 inefficax,
3082 2467 3139 2519 et

1764 2540 1917 2596 sistit
1956 2549 2265 2616 antequam
2293 2543 2504 2610 media,
2546 2544 2639 2599 vel
2683 2547 2837 2599 actus
2866 2543 3137 2616 imperati

1764 2624 2134 2694 exequutioni
2163 2622 2536 2682 mandentur.
2568 2624 2626 2679 Si
2650 2640 2785 2698 ergo
2814 2640 2916 2696 per
2945 2630 3134 2681 actum

1763 2701 2063 2760 charitatis
2110 2704 2289 2761 refert
2338 2706 2510 2762 homo
2573 2704 2873 2763 efficaciter
2932 2722 3134 2764 omnes

1763 2799 1896 2840 suas
1924 2786 2179 2842 morales
2199 2788 2564 2860 operationes
2585 2785 2765 2844 bonas
2786 2792 2841 2843 et
2864 2788 3132 2845 honestas

1762 2867 1829 2925 in
1867 2869 2046 2926 Deum
2078 2867 2256 2927 finem
2283 2872 2807 2944 supernaturalem,
2836 2872 3022 2929 virtus
3050 2871 3133 2927 is·

1764 2951 1879 3008 tius
1901 2959 2073 3018 actus,
2107 2958 2165 3010 et
2188 2954 2310 3026 ejus
2338 2954 2582 3012 efficacia
2614 2952 2781 3010 debet
2815 2953 3048 3020 durare,
3077 2960 3135 3010 et

1766 3035 2093 3108 pertingere
2117 3051 2293 3106 usque
2308 3035 2379 3092 ad
2397 3037 2636 3092 illarum
2659 3036 3104 3106 exequutionem
3113 3059 3128 3101 ;

1764 3115 1844 3169 ita
1882 3121 1946 3169 ut
1974 3115 2134 3170 nulla
2163 3118 2408 3186 ponatur
2438 3116 2500 3169 in
2531 3130 2729 3170 rerum
2755 3119 2982 3179 natura,
3015 3113 3132 3169 nisi

1763 3210 1835 3251 ex
1864 3194 2128 3266 imperi0,
2158 3200 2214 3250 et
2234 3196 2453 3252 virtute
2475 3192 2732 3267 praedicti
2755 3201 2929 3251 actus.
2962 3197 3134 3253 Ante·

1763 3273 1968 3331 cedens
1985 3278 2176 3330 autem
2193 3274 2483 3347 probatur,
2501 3275 2638 3346 quia
2661 3279 2816 3330 actus
2837 3275 3135 3334 charitatis

1765 3359 1849 3411 est
1872 3369 2035 3409 amor
2055 3352 2246 3410 efficax
2281 3352 2419 3409 finis
2447 3354 2643 3409 ultimi
2670 3357 3135 3427 supernaturalis

1765 3451 1939 3508 super
1979 3436 2177 3492 omnia
2222 3435 2568 3507 simpliciter
2615 3457 2628 3492 ε
2659 3437 2745 3501 ‚ad
2800 3434 3132 3512 huJ'usmodi

1765 3531 1905 3572 vero
1939 3530 2196 3571 amorem
2219 3519 2448 3588 spectat,
2483 3519 2545 3569 ut
2566 3516 2766 3572 omnia
2799 3534 2900 3589 per
2943 3518 3132 3589 ipsum

1765 3595 2076 3669 (quodlibet
2102 3612 2204 3652 suo
2233 3594 2423 3665 modo)
2451 3593 2553 3651 fini
2584 3596 2672 3652 illi
2703 3598 3043 3668 subdantur,
3071 3617 3134 3657 ac

1764 3676 2218 3734 subordinentur
2241 3700 2255 3744 ;
2286 3683 2344 3733 et
2390 3677 2537 3733 sicut
2588 3679 2780 3736 media
2829 3681 2899 3736 ad
2951 3681 3128 3740 finem

1764 3759 1965 3815 omnia
2011 3759 2081 3814 ad
2129 3759 2319 3832 ipsum
2361 3758 2697 3828 (secundum
2733 3761 2881 3833 quod
2910 3779 3129 3819 unum-

1764 3838 2024 3911 quodque
2053 3836 2346 3895 ret'eribile
2377 3840 2482 3909 est)
2516 3838 2815 3895 efficaciter
2862 3842 3125 3900 referan-

1764 3926 1881 3975 tur.
1932 3919 2095 3977 Unde
2140 3919 2290 3976 dixit
2336 3920 2398 3974 D.
2454 3920 2660 3977 Thom.
2695 3921 2805 3976 loco
2851 3925 2946 3978 cit.
2976 3942 3048 3980 σω
3067 3927 3123 3990 2,

1761 4003 1892 4059 dist.
1918 4004 2010 4070 40,
2037 4006 2096 4059 in
2123 4005 2387 4059 solutione
2405 4002 2480 4057 ad
2498 4004 2552 4068 6,
2580 4003 2729 4075 quod
2754 4007 3129 4083 quandocum-

1763 4104 1864 4163 que
1883 4085 2103 4141 habitus
2127 4086 2421 4141 charitatis
2447 4086 2508 4140 in
2535 4093 2721 4140 actum
2765 4091 2900 4155 emit,
2946 4093 3006 4163 fit
3033 4107 3129 4149 orr-

1761 4169 1978 4223 dinalio
2005 4169 2173 4223 totius
2216 4167 2455 4222 hominis
2482 4169 2542 4222 in
2579 4169 2740 4238 finem
2769 4170 3046 4237 ultimum,
3078 4179 3130 4227 et

1754 4265 1857 4320 per
1896 4264 2219 4326 consequens
2251 4249 2499 4302 omnium
2537 4265 2744 4313 eorum,
2779 4267 2891 4323 qua!
2939 4253 2997 4305 in
3036 4254 3126 4325 ip-

1761 4348 1886 4387 sum
1923 4332 2274 4398 ordinantur,
2302 4337 2361 4386 ul
2389 4332 2530 4387 bona
2550 4331 2673 4387 sibi.

1835 4418 1927 4471 77.
1973 4413 2364 4471 confirmatur
2391 4414 2615 4487 primo,
2666 4415 2801 4486 quia
2829 4432 2929 4489 per
2957 4417 3123 4475 illam
3154 4418 3314 4481 confir.

1762 4496 2191 4554 ordinationem
2218 4495 2308 4551 sui
2334 4537 2348 4562 ,
2392 4502 2448 4551 et
2486 4496 2753 4552 omnium
2795 4515 3033 4556 suorum
3062 4500 3124 4557 in
3165 4492 3323 4590 fflffl·

1764 4574 1943 4633 finem
2021 4576 2524 4650 supernaturalem
2591 4578 2886 4633 constituit
2953 4579 3126 4637 homo

1760 4658 2034 4730 seipsum,
2059 4662 2115 4712 et
2136 4656 2435 4729 proprium
2478 4654 2695 4713 bonum
2726 4658 3030 4717 honesturn
3060 4662 3125 4717 in

1764 4739 1986 4796 ratione
2013 4736 2209 4802 medii,
2245 4743 2342 4794 aut
2386 4737 2548 4809 quasi
2601 4737 2780 4795 medii
2827 4739 3126 4799 efficaciter

1761 4816 2125 4875 subordinati
2149 4815 2220 4872 ad
2243 4816 2411 4872 illum
2434 4815 2612 4874 finem
2641 4839 2653 4873 :
2684 4834 2819 4892 ergo
2842 4820 2905 4875 iu
2929 4822 3118 4879 omni·

1762 4898 1867 4955 bus
1892 4915 2020 4972 quae
2047 4900 2279 4972 propter
2296 4912 2376 4965 se,
2407 4903 2465 4955 et
2490 4904 2723 4972 propter
2763 4898 2978 4957 bonnm
3003 4919 3130 4976 pro-

1762 4981 1957 5054 prium
2005 4984 2198 5052 postea
2244 4978 2511 5037 ordinate
2556 4986 2845 5055 operatur,
2880 4983 3131 5042 intendit

1761 5060 2095 5120 virtualiter
2141 5059 2479 5134 praedictum
2526 5060 2724 5120 finem.
2770 5065 2918 5118 Nam
2948 5069 3011 5119 ut
3049 5065 3131 5122 ait
