3647 5753
191 2030 195 2034 ,
302 1986 503 2031 assertio.

527 396 641 452 204

531 561 603 620 ad
632 568 818 618 actum
860 560 1309 617 determinatum
1350 555 1648 614 efficaciter
1673 557 1886 619 movet,

528 651 586 702 et
604 643 974 700 determinat.
1001 641 1261 715 Quartus,
1286 638 1435 712 quod
1458 638 1532 693 sit
1553 634 1771 709 aliquid
1792 635 1890 690 in-

529 728 756 783 haerens
800 730 1115 790 creaturae,
1186 721 1521 778 distinctum
1576 718 1808 774 realiter
1855 733 1887 773 a

527 805 782 880 qualibet
808 805 929 878 ejus
956 803 1305 877 operatione,
1350 805 1405 858 et
1444 797 1592 872 quod
1620 798 1887 854 consistat

528 887 594 943 in
620 885 895 958 qualitate
923 900 1040 941 non
1067 883 1253 940 solum
1284 880 1516 955 physica
1560 877 1747 951 (quod
1792 893 1887 934 se-

527 965 767 1033 cunduS,
800 973 856 1023 et
882 965 1087 1023 tertius
1131 962 1335 1021 modus
1374 960 1754 1029 admittunt),
1785 958 1885 1015 sed

526 1047 703 1104 etiam
752 1052 1039 1111 movente,
1091 1050 1147 1101 et
1186 1043 1504 1100 inclinante
1532 1040 1760 1114 physice
1781 1081 1797 1106 ,
1830 1045 1886 1095 et

525 1143 654 1182 cum
699 1143 835 1184 vera
880 1126 1212 1183 causalitate
1256 1122 1513 1180 effectiva
1557 1120 1885 1176 distinctaa

527 1209 782 1267 motione
820 1208 1051 1266 morali.
1105 1206 1417 1263 Videamus
1445 1220 1598 1260 nunc
1637 1202 1766 1275 quis
1808 1201 1885 1258 sit

527 1288 917 1360 praeferendus
945 1311 957 1346 ε
986 1287 1135 1363 quod
1161 1285 1444 1343 distinctis
1472 1281 1884 1341 assertionibus

521 1368 1062 1426 determinabimus.

1141 1543 1254 1612 §1-

519 1691 811 1749 Statuitur
843 1692 1032 1764 prima
1064 1690 1356 1754 conclusio,
1404 1694 1452 1743 et
1473 1687 1542 1744 ab
1562 1686 1877 1759 abjectioni-v

964 1771 1063 1827 bus
1088 1770 1423 1849 vindicatur.

596 1931 725 1987 289.
785 1926 1099 1985 Dicendum
1127 1931 1213 1983 est
1248 1925 1455 1998 primo,
1502 1924 1788 1992 auxilium
1804 1939 1875 1979 ex

521 2027 601 2081 se,
633 2019 690 2069 et
706 2011 776 2069 ab
794 2011 1107 2068 intrinseco
1123 2008 1317 2065 efficax
1346 2023 1463 2064 non
1487 2006 1875 2064 consisterein

339 1934 479 1980 Prima

517 2093 641 2150 solo
663 2092 984 2149 extrinseco
1000 2089 1225 2146 decreto
1246 2088 1344 2145 Dei
1367 2086 1593 2155 efficaci,
1611 2086 1875 2160 adjuncta

513 2173 691 2230 etiam
713 2170 1059 2246 sympathia,
1085 2174 1140 2227 et
1162 2168 1539 2225 inclinatione
1561 2166 1873 2225 voluntatis

515 2254 585 2310 ad
608 2258 722 2312 Deo
743 2252 1124 2310 obediendum
1146 2274 1159 2316 ;
1189 2248 1286 2306 sed
1311 2249 1626 2321 importare
1653 2245 1871 2320 aliquid

511 2341 766 2392 creatum
794 2335 1105 2398 inhaerens,
1131 2337 1185 2387 et
1206 2328 1639 2402 superadditum
1667 2329 1872 2398 velun-

513 2417 633 2471 tati.
663 2417 789 2470 Haec
815 2413 1101 2471 conclusio
1126 2414 1211 2467 est
1234 2414 1434 2466 contra
1458 2411 1683 2465 Scotum
1714 2407 1870 2463 infra

512 2491 901 2557 referendum,
926 2495 981 2548 et
1000 2489 1324 2546 communis
1347 2488 1499 2552 inter
1520 2487 1863 2554 ThomistaS,

290 2586 495 2634 navarre.
512 2581 573 2631 ut
620 2581 858 2632 testatur
911 2576 1224 2629 Navarrete
1264 2572 1631 2625 controversia
1669 2570 1762 2635 21,
1804 2569 1870 2623 de

507 2657 768 2720 auoeiliiS,
800 2659 831 2725 ξ
869 2656 914 2719 l,
951 2669 1083 2725 pay.
1135 2652 1260 2719 321,
1294 2650 1382 2706 his
1412 2649 1601 2707 verbis
1636 2671 1649 2706 :
1679 2649 1868 2706 Disci-

501 2737 630 2811 puli
653 2735 721 2791 D.
755 2734 963 2792 Thomas
975 2734 1225 2806 perpetui
1245 2736 1374 2786 sunt
1395 2732 1454 2785 in
1471 2730 1571 2786 illa
1592 2732 1869 2786 communi

508 2818 760 2872 doctrina
788 2833 823 2870 a
849 2831 946 2869 suo
976 2813 1201 2869 Doctore
1241 2818 1481 2885 accepta,
1532 2811 1676 2887 quod
1720 2810 1868 2867 Deus

508 2918 796 2977 nunquam
822 2897 1026 2952 dicitur
1052 2912 1210 2966 aqerc
1227 2894 1300 2950 ad
1318 2900 1499 2962 eastra,
1531 2895 1643 2949 nisi
1685 2894 1866 2950 media

505 2983 733 3035 entitate
758 2978 1022 3051 producta
1036 2995 1056 3043 ,·
1081 2983 1242 3053 atque
1262 2975 1395 3032 adeo
1417 2992 1526 3029 non
1551 2981 1760 3047 ponunt
1790 2974 1865 3029 il-

507 3061 624 3114 lam
649 3060 938 3113 motionem
957 3058 1341 3112 extrinsecam.
1389 3052 1548 3110 Unde
1586 3069 1865 3126 superva-

461 3172 466 3178 ·
506 3155 747 3197 caneum
769 3143 853 3195 est
879 3137 1129 3209 aliquem
1157 3134 1221 3190 in
1251 3134 1584 3207 particulari
1623 3134 1860 3191 referre.

508 3223 651 3277 Eam
680 3222 871 3292 aperte
895 3217 1069 3274 etiam
1105 3214 1265 3272 docet
1291 3218 1357 3271 D.
1387 3214 1739 3289 Augustinus
1767 3215 1863 3269 in-

509 3299 770 3356 numeris
792 3297 946 3363 locis,
978 3312 1101 3369 quae
1123 3296 1185 3352 in
1211 3300 1453 3368 quatuor
1481 3292 1673 3350 dubiis
1714 3309 1863 3367 prae-

508 3380 840 3440 cedentibus
879 3377 1255 3451 expendimus
1285 3421 1298 3444 ‚
1351 3378 1415 3433 in
1466 3377 1675 3450 quibus
1713 3392 1863 3450 saepe

506 3462 728 3527 asserit,
763 3463 941 3517 Deum
970 3456 1305 3514 auxiliando
1344 3456 1642 3514 efficaciter
1683 3473 1861 3529 praes-

504 3548 626 3600 tare
668 3541 819 3597 vires
844 3536 1263 3593 efficacissimas
1290 3536 1597 3602 voluntati,
1630 3541 1685 3592 et
1721 3552 1856 3609 ope-

505 3622 628 3680 rari
656 3622 717 3677 in
745 3616 1009 3675 cordibus
1035 3616 1245 3673 nostris
1273 3613 1570 3681 mutando,
1602 3620 1657 3672 et
1685 3615 1859 3671 incli-

502 3702 697 3761 nando
712 3717 834 3764 nos,
857 3704 917 3754 ut
941 3698 1364 3755 consentiamus
1391 3719 1403 3753 :
1426 3712 1550 3770 quae
1572 3703 1859 3769 nequeunt

508 3784 754 3859 intelligi
817 3780 888 3838 de
927 3781 1046 3837 solo
1085 3781 1408 3836 extrinseco
1450 3778 1548 3835 Dei
1589 3778 1813 3835 decreto
1838 3823 1851 3847 ,

502 3867 732 3923 exclusa
757 3859 915 3919 omni
944 3858 1202 3916 realitate
1240 3856 1604 3931 superaddita
1644 3858 1858 3916 volun-

502 3946 636 4014 tati;
665 3944 800 4018 quia
822 3958 920 4016 per
950 3939 1093 3997 illud
1120 3939 1411 3997 decretum
1442 3955 1559 3995 non
1588 3940 1858 3998 immuta-

501 4043 637 4082 mur
677 4020 1018 4086 formaliter,
1060 4036 1163 4077 nec
1189 4017 1468 4075 habemus
1491 4018 1642 4074 vires
1668 4018 1855 4077 effica-

500 4106 773 4169 cissimas,
801 4116 905 4157 nec
938 4099 1185 4172 denique
1208 4097 1540 4171 praedictum
1563 4096 1854 4170 decretum

499 4193 586 4247 est
596 4182 812 4259 aliquid
823 4184 1141 4254 operatum,
1158 4180 1249 4237 vel
1273 4179 1482 4235 factum
1502 4179 1565 4235 in
1588 4178 1855 4238 cordibus

295 4317 333 4358 D
351 4318 389 4359 Δ
498 4269 730 4328 nostris.
757 4261 1368 4334 Videaturspecialiter
1381 4261 1437 4317 S.
1457 4263 1657 4317 Doctor
1679 4263 1738 4316 in
1755 4261 1847 4320 lib.

495 4434 622 4507 quit
651 4453 664 4488 ε
696 4429 801 4488 Ille
828 4428 965 4499 facit
992 4432 1052 4481 ut
1079 4425 1359 4499 faciamus
1390 4422 1669 4496 praebendo
1707 4427 1853 4481 vires

490 4511 903 4589 efficacissimas
922 4505 1215 4571 voluntati,
1242 4505 1337 4582 qui
1356 4503 1504 4559 dimit
1536 4502 1733 4562 Ezech.
1754 4506 1848 4564 36:

497 4596 730 4654 Faciam
756 4599 817 4647 ut
858 4592 918 4644 in
942 4588 1218 4661 praeceptis
1244 4588 1377 4642 meis
1408 4584 1714 4653 ambuletis,
1746 4596 1846 4644 etc.

497 4678 567 4732 Et
605 4677 816 4734 iterum
843 4690 856 4725 ε
880 4668 985 4727 Ille
1009 4668 1167 4742 facit,
1192 4672 1254 4721 ut
1280 4666 1512 4721 velimus
1538 4664 1754 4735 bonum,
1784 4668 1850 4724 de

493 4776 600 4837 quo
616 4759 825 4814 dictum
848 4758 924 4808 est
949 4750 1202 4808 Proverb.
1234 4751 1290 4817 8,
1323 4748 1467 4827 quod
1502 4756 1849 4822 praeparatur

489 4843 747 4899 voluntas
766 4855 802 4892 a
830 4834 1083 4892 Domino.
1130 4833 1188 4888 Si
1217 4836 1523 4903 antequam
1551 4846 1656 4887 nos
1677 4830 1849 4888 faeia-

486 4937 637 4989 muS,
680 4924 735 4977 et
776 4920 837 4971 ut
881 4913 1175 4981 faciamus,
1209 4913 1356 4968 Deus
1383 4910 1517 4967 facit
1543 4909 1607 4965 in
1635 4910 1847 4968 volun-

487 5005 620 5068 tate,
646 5002 703 5056 et
724 4997 1004 5071 praeparat
1030 4994 1383 5051 voluntatem
1413 5034 1428 5062 ,
1473 4990 1847 5064 proculdubio

390 4327 460 4371 π’
497 4353 562 4408 de
578 4351 787 4423 qratia,
817 4353 866 4401 et
893 4343 1056 4401 libero
1083 4343 1335 4409 arbitria,
1368 4360 1488 4415 cap.
1531 4343 1612 4408 16,
1640 4342 1737 4399 ubi
1764 4344 1879 4401 in-‘

1975 4990 2179 5051 mistae.

1537 385 1629 439 DE
1669 383 1940 438 GRATIA
1982 381 2325 435 EFFICACI.

2020 551 2288 607 voluntas
2355 550 2453 607 Dei
2521 549 2741 623 aliquid
2796 550 2930 607 facit
2975 552 3038 607 in
3093 552 3383 610 voluntate

2018 636 2238 696 creata,
2277 647 2389 703 quo
2415 631 2602 704 ipsam
2632 636 2915 704 praeparat
2934 631 3003 687 ad
3033 632 3375 701 faciendum,

2019 710 2234 767 etfacit
2270 711 2456 768 facere
2502 732 2515 766 ε
2558 717 2725 783 atque
2765 709 2892 768 ideo
2933 712 3218 768 auxilium
3259 713 3382 770 effi-

2017 807 2140 858 cax,
2188 792 2318 849 licet
2354 791 2550 849 efficax
2591 793 2690 849 Dei
2730 792 3019 849 decretum
3060 800 3374 867 supponat,

2017 871 2080 927 in
2108 887 2175 928 eo
2220 877 2416 928 tamen
2443 872 2611 928 unice
2638 887 2756 928 non
2797 873 3075 936 consistit,
3125 874 3224 931 sed
3265 874 3379 929 im-

2018 957 2204 1027 portat
2256 952 2475 1026 aliquid
2521 953 2835 1020 inhaerenS,
2867 959 2921 1010 et
2949 954 3377 1026 superadditum

2018 1033 2325 1090 voluntati.
2350 1032 2507 1089 ldem
2527 1033 2664 1088 satis
2687 1039 2880 1105 aperte
2900 1032 3061 1090 docet
3084 1038 3146 1092 D.
3170 1037 3372 1093 Thom.
3407 1044 3558 1087 D-Tho.

2018 1114 2077 1169 in
2101 1115 2203 1170 hac
2231 1114 2276 1181 l,
2302 1116 2356 1180 2,
2378 1121 2558 1191 qamt.
2594 1114 2710 1180 110,
2752 1121 2863 1170 art.
2897 1117 2949 1181 2,
3003 1114 3097 1170 ubi
3145 1118 3385 1174 resolvit

2012 1195 2258 1270 gratiam
2282 1196 2581 1259 actualem,
2607 1211 2719 1267 qua
2740 1195 2913 1252 homo
2954 1196 3259 1271 adjuvatur
3307 1199 3379 1255 ad

2013 1274 2231 1350 aliquid
2257 1275 2733 1349 cognoscendum,
2766 1277 2860 1332 vel
2886 1276 3218 1345 volendum,
3255 1295 3379 1337 esse

2011 1357 2297 1430 quendam
2352 1363 2574 1414 motum
2624 1358 2834 1413 animae
2886 1358 3232 1431 impressum
3267 1381 3281 1415 ε
3323 1370 3379 1418 et

2012 1440 2161 1496 hanc
2183 1439 2429 1514 gratiam
2478 1439 2757 1496 actualem
2785 1437 3054 1496 dividunt
3101 1442 3373 1518 Theologi

2012 1518 2074 1574 in
2100 1518 2492 1586 sufficientem,
2515 1523 2574 1575 et
2598 1518 2898 1575 efficacem.
2925 1519 3084 1583 Quod
3106 1536 3225 1578 esse
3247 1538 3375 1593 pro·

2011 1601 2197 1672 priam
2221 1605 2472 1656 mentem
2504 1601 2570 1656 D.
2600 1600 2833 1656 Thomae
2859 1600 3185 1658 evidentius
3213 1618 3371 1660 cons-

2010 1681 2150 1737 tabit
2176 1698 2247 1738 ex
2268 1680 2525 1738 dicendis
2553 1682 2616 1736 in
2643 1676 2680 1736 '3
2707 1686 2764 1737 et
2787 1683 2821 1736 4
2851 1683 3230 1741 conclusione.

2082 1763 2368 1821 Probatur
2391 1763 2579 1836 primo
2605 1762 2827 1819 ratione
2853 1765 3167 1838 :quoniam
3189 1768 3365 1824 semel
3406 1782 3545 1826 Ratio.

2007 1844 2274 1912 admisSO,
2303 1851 2364 1901 ut
2390 1847 2582 1901 Scotus
2604 1844 2871 1912 admittit,
2898 1846 3047 1920 quod
3069 1848 3360 1907 decretum

2006 1926 2105 1982 Dei
2125 1926 2275 1983 circa
2303 1930 2528 1982 nostros
2554 1930 2710 1982 actus
2732 1925 2943 1984 liberos
2966 1929 3040 1984 sit
3064 1945 3136 1986 ex
3163 1946 3223 1987 se
3242 1931 3367 1987 effi-

2006 2023 2125 2073 cax,
2166 2013 2221 2064 et
2272 2006 2731 2080 independenter
2783 2025 2815 2065 a
2858 2011 3098 2067 scientia
3150 2012 3359 2082 media,

2007 2087 2166 2143 nulla
2180 2092 2262 2144 est
2279 2087 2424 2144 ratio
2438 2086 2507 2142 ad
2526 2086 2873 2161 negandum,
2899 2089 3049 2161 quod
3072 2092 3361 2149 auxilium

2002 2181 2158 2222 exse
2182 2165 2395 2230 efficax,
2441 2165 2713 2238 importet
2760 2168 2976 2240 aliquid
3009 2168 3353 2238 formaliter,

2002 2249 2059 2301 et
2102 2244 2408 2302 intrinsece
2460 2244 2623 2302 nobis
2670 2246 2981 2312 inhaerenS,
3034 2255 3090 2304 et
3135 2256 3363 2308 nostras

2002 2326 2359 2398 operationes
2385 2325 2598 2382 liberas
2626 2325 3017 2384 infallibiliter
3044 2329 3303 2387 inferens
3340 2354 3354 2387 ε

2001 2421 2136 2480 ergo
2164 2405 2487 2480 negandum
2516 2422 2634 2462 non
2677 2412 2778 2469 est.
2828 2408 2989 2479 quod*
3026 2410 3361 2481 praedictum

2001 2489 2285 2544 auxilium
2313 2488 2584 2561 importet
2611 2488 2830 2561 aliquid
2870 2490 3269 2560 intrinsecum,
3303 2500 3362 2551 et

2001 2570 2166 2628 nobis
2182 2572 2489 2628 inhaerens.
2510 2569 2790 2627 Suadetur
2807 2574 3144 2631 antecedens
3167 2599 3183 2643 ;
3209 2591 3348 2633 nam
3437 2611 3444 2619 ·

2000 2650 2127 2709 ideo
2155 2651 2437 2707 auxilium
2463 2650 2660 2707 efficax
2689 2667 2805 2708 non
2831 2661 2974 2709 esset
3003 2655 3220 2728 aliquid
3249 2672 3360 2713 no-

1999 2730 2087 2787 bis
2108 2733 2506 2798 intrinsecum,
2536 2737 2592 2788 et
2620 2731 2930 2798 inhaerens,
2962 2738 3094 2808 quia
3132 2743 3360 2796 everte-

2000 2818 2086 2869 ret
2112 2812 2454 2880 libertatcm‚
2486 2817 2765 2888 quatenus
2795 2813 3100 2887 impressio
3122 2816 3354 2874 induce·

1999 2899 2085 2951 ret
2129 2895 2520 2953 necessitatem
2569 2894 2888 2952 absolutam
2935 2899 3350 2966 consentiendi,

1996 2980 2052 3031 et
2100 2975 2221 3048 ejus
2260 2974 2513 3031 carentia
2559 2975 2898 3047 importaret
2953 2977 3352 3051 impotentiam

1996 3054 2314 3112 absolutam
2343 3054 2412 3111 ad
2433 3053 2905 3112 consentiendum
2932 3062 2969 3124 ;'
2990 3058 3108 3115 liaec
3144 3061 3357 3134 quippe

1995 3142 2079 3194 est
2106 3136 2387 3210 praecipua
2440 3138 2606 3205 ratio,
2637 3154 2749 3209 qua
2800 3139 3035 3196 Molinae
3086 3140 3353 3215 discipuli

1996 3216 2339 3291 impugnant
2364 3217 2651 3273 auxilium
2674 3218 2746 3275 ab
2766 3220 3082 3278 intrinseco
3106 3221 3300 3279 efficax
3334 3248 3349 3280 :

1992 3297 2092 3354 sed
2118 3299 2225 3354 ista
2251 3297 2552 3355 difficultas
2600 3316 2758 3372 aeque
2805 3307 2965 3376 urget
3004 3303 3067 3359 in
3109 3303 3348 3372 auxilio,

1992 3378 2115 3435 sive
2176 3394 2451 3436 concursu
2515 3381 2859 3450 extrinseco,
2908 3397 3115 3455 nempe
3168 3384 3230 3440 in
3257 3384 3353 3442 de·

1991 3466 2143 3518 creto
2208 3461 2307 3517 Dei
2373 3461 2445 3517 ab
2510 3462 2824 3521 intrinseco
2888 3464 3127 3536 efficaci,
3196 3467 3347 3540 quod

1990 3541 2184 3596 Scotus
2205 3539 2454 3597 admittit
2482 3562 2494 3598 :
2524 3557 2660 3616 ergo
2695 3542 2860 3616 juxta
2898 3545 3017 3617 ejus
3067 3547 3352 3619 principia

1992 3638 2108 3680 non
2134 3626 2220 3679 est
2243 3623 2387 3679 ratio
2408 3622 2749 3697 denegandi,
2783 3624 2931 3698 quod
2963 3627 3248 3685 auxilium
3278 3627 3352 3684 ab

1990 3702 2304 3760 intrinseco
2331 3702 2526 3761 efficax
2552 3706 2627 3760 sit
2649 3705 2867 3778 aliquid
2891 3707 3056 3763 nobis
3078 3709 3350 3766 intrinse-

1988 3797 2138 3849 cum,
2165 3788 2219 3839 et
2253 3781 2563 3840 inhaerenS.
2615 3784 2898 3840 Probatur
2932 3786 3127 3843 minor
3146 3812 3160 3855 ;
3212 3803 3348 3844 nam

1988 3862 2037 3917 si
2065 3864 2242 3919 semel
2273 3864 2508 3935 ponitur
2532 3863 2824 3921 decretum
2862 3866 2960 3922 Dei
3010 3866 3081 3923 ab
3129 3870 3348 3926 intrin-

1986 3957 2111 3999 seco
2131 3943 2325 4000 efficax
2353 3942 2423 3999 ad
2457 3960 2818 4011 consensum,
2865 3945 3222 4018 impossibile
3265 3958 3348 4006 est

1985 4037 2115 4078 cum
2140 4023 2241 4080 illo
2268 4039 2612 4095 componere
2646 4025 2961 4081 carentiam
2997 4043 3303 4085 consensus
3332 4055 3346 4098 ;

1985 4108 2042 4160 et
2083 4102 2132 4157 si
2177 4102 2508 4176 praedictum
2555 4102 2849 4161 decretum
2901 4106 3233 4178 requiritur,
3282 4116 3342 4166 ut

1985 4184 2181 4240 Scotus
2228 4183 2408 4249 docet,
2465 4182 2536 4240 ad
2587 4184 2905 4257 quamlibet
2949 4189 3344 4258 operationem

1985 4271 2253 4329 creatam,
2286 4280 2403 4321 non
2432 4266 2640 4338 poterit
2665 4271 2925 4322 creatura
2962 4269 3168 4327 elicere
3206 4286 3345 4343 ope-

1985 4345 2289 4412 rationem,
2332 4361 2506 4418 quam
2556 4348 2702 4404 Deus
2738 4362 2855 4404 non
2894 4347 3144 4406 decrevit
3176 4371 3189 4407 ε
3220 4351 3344 4410 istae

1984 4430 2173 4481 autem
2194 4430 2327 4480 sunt
2353 4422 2729 4493 difficultates,
2760 4441 2900 4499 quas
2928 4429 3209 4502 praecipue
3236 4447 3343 4488 ur-

1980 4512 2116 4581 gent
2133 4506 2464 4564 Adversarii
2492 4514 2690 4564 contra
2716 4508 3001 4565 auxilium
3030 4509 3101 4566 ab
3129 4512 3339 4570 intrin-

1981 4602 2104 4644 seco
2129 4587 2343 4653 efficax,
2377 4592 2439 4642 ut
2480 4593 2699 4644 constat
2738 4604 2811 4645 ex
2849 4589 3123 4647 hactenus
3173 4592 3341 4651 dictis

1980 4668 2044 4724 in
2074 4673 2189 4726 tota
2210 4669 2314 4726 hac
2332 4666 2719 4741 disputatione
2748 4691 2761 4727 ε
2793 4685 2928 4744 ergo
2950 4671 3163 4730 eaedem
3184 4673 3339 4732 diffi-

1958 4750 2217 4807 'cultates
2237 4749 2496 4807 militant
2521 4756 2719 4808 contra
2745 4752 3031 4808 auxilium
3059 4755 3341 4814 extrinse-

1977 4847 2108 4889 cum
2137 4829 2353 4900 efficax,
2379 4832 2528 4905 quod
2559 4834 2719 4906 ponit
2763 4835 2976 4901 ScotuS,
3032 4841 3090 4893 et
3139 4844 3340 4897 contra

1977 4912 2266 4969 auxilium
2306 4912 2706 4983 intrinsecum,
2749 4914 2898 4986 quod
2940 4913 3142 4974 docent
3179 4918 3337 4978 Tho-

2917 5075 3331 5150 confirmatur,
