3647 5753
36 1399 230 1445 Confir-

50 1449 222 1494 matio.

54 2727 228 2774 Ultima

46 2782 233 2873 εεῖιιξξη·

1341 418 1520 475 DISP.
1563 417 1630 486 V,
1673 416 1843 472 DUB.
1884 416 2188 474 UNICUM.

276 592 531 657 Quilibet
551 589 710 648 enim
738 594 909 657 actus,
936 606 989 646 v.
1014 606 1067 665 g.
1089 589 1359 647 contritio
1380 594 1443 645 ut
1463 589 1638 662 quin-

272 691 384 748 que
409 673 511 745 (ait
551 673 660 729 ista
684 671 990 743 sententia)
1030 670 1241 744 duplici
1285 672 1452 729 titulo
1490 671 1640 745 gerit

274 773 488 813 munus
539 754 949 828 dispositionis,
1016 768 1222 826 nempe
1272 760 1327 811 et
1383 757 1636 826 respectu

271 837 475 914 gratias
528 835 733 893 debitae
783 833 1009 891 meritis
1051 834 1519 906 praecedentibus,
1582 838 1638 891 et

274 923 528 992 respectu
570 932 733 973 novae
758 915 958 990 gratiae
997 915 1497 988 correspondentis
1526 915 1636 984 ipsi

270 996 605 1058 contritioni
627 995 941 1054 secundum
963 1011 1024 1052 se
1049 1011 1063 1044 ε
1089 995 1243 1053 unde
1263 997 1408 1053 sicut
1434 1013 1505 1054 ex
1533 996 1638 1054 hoc

269 1080 574 1157 posteriori
602 1079 802 1152 capite,
828 1083 885 1136 et
905 1093 1147 1136 munere
1175 1081 1421 1152 postulat
1459 1079 1635 1153 quin-

268 1178 378 1237 que
402 1160 616 1237 gradus
641 1159 839 1234 gratiae
865 1159 1107 1219 omnino
1130 1160 1357 1217 noviter
1379 1160 1632 1226 collatam

271 1245 351 1301 ita
402 1259 474 1300 ex
525 1241 627 1298 illo
667 1241 848 1314 priori
903 1242 1151 1314 postulat
1196 1241 1450 1315 quinque
1491 1240 1634 1299 alios

266 1326 480 1401 gradus
498 1323 697 1398 gratiae
724 1325 964 1389 amissae,
989 1328 1044 1381 et
1074 1323 1369 1379 restitutae.

346 1405 754 1472 confirmatur,
799 1405 934 1477 quia
974 1405 1088 1461 nisi
1136 1405 1199 1461 in
1240 1405 1344 1462 hac
1390 1405 1636 1462 materia

270 1488 538 1561 praedicto
577 1485 749 1544 modo
789 1487 1279 1559 philosophemur,
1310 1503 1426 1544 non
1456 1491 1635 1558 potest

269 1571 538 1647 intelligi,
570 1569 719 1643 quod
748 1570 919 1628 homo
957 1569 1028 1626 ad
1069 1571 1341 1627 amissam
1383 1569 1633 1644 gratiam

268 1653 657 1730 recipiendam
686 1654 749 1710 in
772 1658 888 1710 toto
909 1654 1043 1710 vitae
1068 1670 1236 1710 cursu
1260 1670 1321 1710 se
1339 1653 1627 1726 disponat,

268 1753 332 1794 ac
366 1736 607 1810 proinde
630 1734 780 1807 quod
823 1750 923 1808 per
963 1735 1261 1808 propriam
1301 1732 1634 1807 dispositio-

267 1833 402 1875 nem
450 1815 760 1890 aliquando
803 1816 907 1872 illa
963 1815 1218 1888 recipiat.
1269 1814 1328 1870 Si
1384 1829 1634 1887 namque

265 1900 552 1966 contritio,
579 1917 634 1957 v.
660 1916 716 1974 g.
743 1905 805 1955 ut
825 1899 1096 1972 quinque,
1116 1899 1307 1955 solum
1333 1896 1408 1952 sit
1436 1896 1633 1969 dispo-

265 1981 398 2038 sitio
427 1981 496 2038 ad
523 1983 769 2056 gratiam
788 1981 1133 2053 utquinque‚
1160 1996 1288 2036 cum
1312 1979 1428 2036 haec
1444 1976 1633 2036 debita

266 2063 342 2119 sit
371 2063 597 2120 ratione
619 2062 800 2136 ipsius
822 2061 1207 2126 contritionis,
1234 2059 1633 2133 independen-

268 2151 464 2218 terque
486 2162 518 2201 a
540 2145 767 2202 meritis
798 2142 1268 2217 praecedentibus.
1298 2144 1487 2200 solum
1510 2140 1633 2198 dis-

268 2233 438 2300 ponet
478 2227 550 2283 ad
590 2227 839 2301 gratiam
890 2226 1004 2282 sibi
1044 2227 1155 2299 ipsi
1196 2225 1478 2282 debitam:
1529 2241 1670 2298 pro.

266 2309 452 2383 gratia
493 2325 632 2366 vero
674 2309 906 2374 amissa,
939 2313 996 2366 et
1035 2307 1389 2365 restituenda
1435 2308 1633 2364 nullus

269 2394 422 2446 actus
449 2389 731 2462 disponet,
764 2389 898 2462 quia
926 2389 1087 2446 omni
1118 2388 1266 2445 actui
1307 2403 1378 2444 ex
1400 2388 1473 2444 iis
1493 2404 1633 2460 quos

263 2471 451 2546 justus
486 2476 666 2542 potest
687 2486 788 2543 per
810 2475 985 2526 totam
1015 2470 1195 2526 vitam
1218 2470 1443 2536 elicere,
1458 2468 1631 2528 debe—

269 2558 363 2608 tur
402 2549 715 2608 secundum
757 2566 818 2606 se
865 2553 1022 2607 tanta
1054 2552 1258 2625 gratia,
1290 2555 1505 2622 quanta
1546 2556 1631 2607 est

266 2635 390 2710 ejus
418 2634 688 2691 intensio.
728 2635 894 2708 Ergo,
927 2639 1030 2689 etc.

342 2720 398 2774 9.
431 2721 674 2774 Demum
703 2721 904 2788 quarta
929 2714 1212 2772 sententia
1243 2715 1312 2772 ad
1336 2716 1504 2790 hujus
1545 2718 1627 2773 rei

264 2800 707 2873 explicationem
755 2797 866 2855 duo
930 2798 1145 2854 statuit.
1205 2799 1470 2854 Primum
1520 2803 1622 2868 est,

264 2882 414 2956 quod
442 2899 546 2956 per
587 2882 843 2955 primum
885 2885 1092 2946 actum,
1127 2897 1228 2953 per
1253 2896 1423 2952 quem
1454 2880 1626 2938 homo

266 2979 297 3019 a
326 2968 549 3036 peccato
574 2964 835 3037 resurgit,
861 2963 1228 3035 consequitur
1254 2964 1426 3021 homo
1448 2967 1624 3019 totam

262 3043 529 3117 gratiam,
562 3060 686 3115 quae
713 3042 938 3099 meritis
978 3042 1338 3098 mortificatis
1376 3040 1624 3099 deheba-

263 3129 375 3190 tur,
403 3140 519 3182 non
536 3123 766 3197 quidem
791 3124 853 3179 in
875 3139 997 3179 esse
1018 3123 1270 3196 physico,
1290 3137 1388 3179 seu
1414 3123 1476 3178 in
1503 3139 1624 3179 esse

256 3206 570 3278 qualitatiS,
614 3205 712 3263 sed
755 3205 942 3261 solum
986 3204 1049 3260 in
1076 3219 1198 3259 esse
1242 3203 1474 3269 morali,
1524 3219 1623 3259 seu

253 3291 536 3357 quantum
590 3285 660 3341 ad
708 3286 803 3358 jus
848 3284 1190 3355 acceptionis
1230 3281 1301 3337 ad
1351 3284 1619 3356 gloriam,

253 3365 403 3437 quod
430 3366 612 3438 aliqui
653 3369 860 3421 vocant
901 3365 965 3418 in
993 3379 1114 3420 esse
1157 3363 1373 3436 gratiae.
1406 3365 1624 3421 Secun-

255 3445 393 3501 dum
434 3449 536 3512 est,
582 3443 731 3517 quod
778 3444 841 3499 in
869 3459 990 3500 esse
1012 3443 1265 3517 physice,
1296 3447 1352 3499 et
1392 3444 1455 3499 in
1501 3460 1625 3503 esse

254 3526 551 3598 qualitatis
576 3524 766 3579 solum
797 3524 1118 3597 assequitur
1146 3522 1319 3579 homo
1355 3540 1456 3596 per
1483 3541 1624 3597 prae·

258 3604 473 3661 dictum
498 3609 686 3661 actum
707 3604 955 3677 gratiam
996 3603 1249 3679 ejusdem
1279 3605 1623 3662 intensionis

258 3704 387 3744 cum
410 3687 551 3760 ipso,
584 3692 750 3759 atque
778 3685 917 3743 adeo
942 3688 1189 3760 gratiam
1215 3687 1445 3759 ipsimet
1473 3689 1620 3745 actui

256 3766 571 3824 secundum
597 3783 658 3824 se
696 3766 947 3824 debitam
969 3791 983 3834 ;
1029 3769 1180 3824 nihil
1225 3784 1360 3826 vero
1394 3768 1465 3825 de
1492 3770 1615 3836 illa,

146 3866 151 3875 ⁴
256 3864 380 3921 quae
398 3846 591 3905 debita
611 3854 736 3905 erat
775 3850 996 3905 ratione
1024 3850 1366 3906 meritorum
1410 3864 1621 3922 praece-

39 4841 220 4935 5¹33&

63 4942 201 4986 Nullo

255 3929 536 3987 dentium.
584 3931 970 4002 consequetur
1011 3936 1206 3987 tamen
1247 3936 1424 3988 totam
1473 3930 1621 3987 hanc

252 4010 500 4084 gratiam
549 4009 799 4085 physice,
843 4015 901 4067 et
938 4011 1002 4067 in
1046 4026 1168 4068 esse
1199 4012 1282 4068 rei
1326 4028 1442 4068 una
1487 4027 1618 4068 cum

252 4093 438 4167 gloria
458 4093 752 4149 essentiali
780 4091 1034 4166 ejusdem
1058 4093 1405 4151 intensionis
1428 4092 1619 4167 primo

253 4174 495 4230 instanti
531 4190 649 4230 suae
675 4173 1131 4248 glorificationis,
1177 4174 1274 4230 ubi
1316 4176 1378 4231 in
1408 4175 1619 4232 virtute

253 4255 519 4312 omnium
559 4255 904 4312 meritorum
942 4254 1387 4328 praecedentium
1429 4255 1619 4313 eliciet

252 4340 440 4393 actum
467 4336 765 4394 charitatis
807 4336 1288 4404 fervidissimum,
1334 4342 1619 4411 tantaeque

251 4417 617 4483 intensionis,
661 4424 876 4489 quanta
922 4419 1158 4475 fuerunt
1198 4418 1321 4491 ipsa
1370 4420 1613 4486 merita;

248 4501 471 4574 eritque
515 4500 647 4556 talis
693 4505 849 4557 actus
901 4500 1199 4574 dispositio
1262 4501 1498 4575 physica
1546 4501 1616 4559 ad

248 4580 582 4654 praedictam
620 4580 868 4654 gratiam
896 4581 1025 4638 sine
1062 4596 1148 4648 eo,
1181 4579 1332 4652 quod
1360 4581 1615 4654 aliquam

249 4659 437 4717 denuo
482 4660 756 4733 acquirat,
813 4664 910 4717 aut
960 4658 1072 4716 sibi
1120 4659 1428 4730 debeatur;
1481 4662 1616 4735 quia

250 4746 413 4799 extra
439 4741 596 4797 viam
619 4756 736 4798 non
757 4745 842 4798 est
862 4746 1088 4813 tempus
1116 4709 1474 4813 proficiendi,
1511 4757 1616 4799 ne-

250 4835 358 4894 que
384 4836 548 4877 novae
588 4824 790 4896 gratiae
836 4819 1218 4896 acquirendae.
1251 4823 1332 4878 Ita
1373 4823 1617 4879 Alvarez

255 4902 350 4958 lib.
378 4905 434 4969 7,
464 4903 528 4958 de
554 4904 812 4971 auxilii&
836 4904 978 4978 disp.
998 4905 1087 4971 66,
1113 4904 1274 4969 ειἹΟ,
1305 4903 1611 4961 Montesin.

255 4986 318 5041 in
343 4984 630 5057 praesenti,
662 4986 804 5058 disp.
849 4988 941 5053 36,
988 4990 1022 5057 ξ
1048 4987 1153 5043 ult.
1180 4988 1350 5042 Nuno
1389 4988 1425 5042 3
1462 4992 1613 5060 part.

258 5073 442 5145 quast.
466 5067 559 5134 89,
602 5073 715 5122 art.
756 5067 812 5133 5,
842 5072 901 5125 et
927 5066 1052 5124 alii.
1082 5068 1152 5123 Et
1177 5067 1312 5141 quia
1336 5066 1457 5125 haec
1480 5082 1617 5125 sen-

3025 416 3137 471 783

1773 589 1954 645 tentia
1979 589 2276 646 veritatem
2304 589 2577 654 continet,
2607 588 2878 644 statuitur
2906 602 2939 642 a
2968 583 3136 642 nobis

1775 687 1879 744 pro
1906 672 2287 731 conclusione.

1847 756 2146 828 Potestque
2175 755 2404 829 probari
2444 761 2566 811 tum
2587 770 2659 810 ex
2699 751 3134 827 impugnatione
3159 782 3335 827 pmser.

1773 836 2235 907 praecedentium.
2305 838 2502 894 Prima
2551 836 2710 893 enim
2766 839 2824 890 et
2884 831 3132 891 secunda
3172 836 3325 934 ἱυὶδξῑ

1772 916 2120 992 impugnatae
2145 925 2278 975 sunt
2305 920 2369 976 in
2396 918 2583 977 tertia.
2613 919 2744 973 Haec
2764 921 2958 973 autem
2980 913 3135 970 suis-
3199 936 3280 975 tur.

1770 1004 1893 1054 met
1929 999 2322 1057 fundamentis
2347 1000 2514 1056 facile
2556 999 2830 1072 rejicitur,
2876 995 3011 1069 quia
3040 1011 3136 1051 re-

1772 1096 1911 1138 vera
1933 1097 2050 1139 non
2070 1089 2257 1139 servat
2280 1083 2401 1148 illa,
2428 1098 2553 1155 quae
2568 1096 2801 1137 servare
2824 1078 3131 1152 promittit,

1769 1179 2006 1236 quasque
2033 1163 2097 1219 in
2137 1180 2274 1221 vera
2319 1163 2606 1221 sententia
2644 1159 2930 1219 servanda
2975 1164 3132 1224 sunt,

1770 1242 2036 1300 videlicet
2071 1244 2220 1317 quod
2253 1246 2459 1319 gratia,
2505 1261 2629 1317 quae
2668 1239 3022 1300 restituenda
3055 1243 3140 1294 est

1772 1340 1874 1397 pro
1903 1326 2128 1382 meritis
2157 1323 2654 1388 reviviscentibus,
2689 1340 2806 1380 non
2849 1320 3139 1378 tribuatur

1769 1404 1834 1460 in
1874 1420 1996 1463 esse
2041 1405 2292 1480 physico,
2321 1405 2435 1461 nisi
2462 1403 2716 1478 subjecto
2757 1402 2989 1476 physice
3016 1399 3141 1455 dis-

1771 1489 1972 1561 posit0,
2032 1492 2382 1560 servataque·
2416 1487 2786 1561 proportione
2837 1484 2906 1542 ad
2962 1484 3138 1540 talem

1769 1570 2241 1643 dispositionem3
2270 1569 2419 1642 quod
2462 1569 2543 1626 ita
2583 1567 2958 1627 ostendimus.
2988 1569 3136 1622 Nam

1770 1651 2063 1723 proportio
2112 1652 2264 1708 inter
2306 1650 2741 1722 dispositionem
2784 1654 2840 1706 et
2883 1648 3137 1705 formam

1770 1737 2064 1811 requisita,
2093 1736 2156 1792 in
2184 1736 2285 1792 hoc
2305 1733 2472 1792 dehet
2490 1734 2819 1799 consistere,
2844 1730 2994 1804 quod
3017 1746 3136 1787 non

1767 1818 2066 1892 dispositio
2114 1817 2384 1884 formam,
2420 1833 2522 1875 nec
2569 1816 2757 1874 forma
2803 1814 3137 1888 dispositio-

1769 1919 1904 1961 nem
1931 1898 2163 1958 excedat
2191 1921 2203 1956 :
2232 1917 2366 1975 ergo
2397 1899 2494 1956 ubi
2521 1898 2820 1971 dispositio
2840 1899 3029 1954 solum
3052 1901 3137 1951 est

1766 1990 1828 2040 ut
1849 1984 2101 2057 quinque
2129 1998 2184 2038 v.
2216 1998 2267 2057 g.
2297 1983 2484 2039 forma
2514 1996 2650 2037 vero
2682 1984 2741 2035 ut
2767 1979 2981 2046 decem,
3015 1994 3133 2035 non

1765 2071 2031 2121 servatur
2058 2061 2330 2136 praedicta
2371 2063 2684 2136 proportio,
2735 2076 2916 2134 neque
2946 2060 3135 2116 forma

1765 2146 1936 2202 datur
1957 2146 2122 2219 juxta
2147 2145 2498 2218 exigentiam
2526 2142 2940 2215 dispositionis,
2974 2139 3134 2204 Quod

1767 2232 1958 2283 autem
1988 2225 2218 2291 dicitur,
2250 2226 2660 2282 contritionem
2684 2224 2746 2279 in
2767 2238 2898 2279 casu
2926 2219 2995 2276 de
3021 2233 3133 2292 quo

1766 2308 2079 2380 loquimur,
2112 2306 2326 2378 duplici
2357 2307 2526 2363 titulo
2560 2321 2774 2360 munus
2801 2301 3134 2375 dispositio-

1767 2389 1859 2445 nis
1912 2389 2192 2455 obtinere,
2247 2387 2600 2462 proindeque
2659 2387 2728 2444 ad
2783 2385 3133 2457 duplicatam

1764 2470 2012 2545 gratiam
2066 2470 2380 2545 subiectum
2443 2484 2785 2541 praeparare‚
2830 2465 3028 2540 gratis,
3079 2470 3134 2521 et

1763 2554 1891 2610 sine
1941 2552 2318 2611 fundamento
2345 2553 2640 2609 asseritur.
2674 2555 2819 2607 Nam
2860 2549 3133 2607 contritio

1765 2636 1867 2691 illa
1911 2635 1972 2691 in
2000 2651 2121 2692 esse
2149 2635 2381 2708 physico
2409 2649 2525 2690 non
2553 2633 2771 2699 crescit,
2808 2647 2992 2704 neque
3036 2647 3134 2686 au-

1761 2725 1926 2793 getur
1954 2734 2057 2790 per
2080 2718 2184 2774 hoc
2204 2716 2355 2791 quod
2383 2716 2592 2772 merita
2616 2714 2957 2773 mortificata
2982 2730 3131 2787 prae-

1761 2799 2070 2867 cesserint;
2115 2815 2299 2872 neque
2345 2799 2409 2855 in
2449 2814 2571 2855 esse
2615 2798 2847 2871 physico
2897 2795 2962 2851 fit
3007 2796 3130 2853 ullo

1761 2882 1933 2941 modo
1974 2884 2179 2958 maJ‘or,
2212 2900 2385 2956 quam
2413 2883 2462 2939 si
2507 2899 2623 2940 non
2667 2882 3122 2955 praecessissent:

1759 2979 1895 3039 ergo
1934 2964 2420 3038 quemadmodum
2462 2966 2510 3020 si
2540 2980 2659 3022 uon
2689 2964 3123 3036 praecessissent,

1760 3060 1877 3102 non
1907 3046 2236 3118 disponeret
2268 3044 2338 3102 ad
2368 3046 2647 3118 maJ'orem
2675 3044 2922 3117 gratiam
2949 3059 3124 3114 quam

1759 3130 1821 3180 ut
1868 3127 2139 3199 quinque,
2185 3126 2266 3181 sic
2292 3126 2469 3181 etiam
2501 3126 2622 3181 illis
2651 3121 3119 3195 praecedentibuS.

1758 3204 1938 3271 Adde,
1973 3223 2154 3278 neque
2200 3207 2264 3261 in
2306 3205 2574 3278 praedicta
2618 3204 2901 3262 sententia
2947 3204 3123 3260 vitari

1758 3285 2001 3342 omnino
2029 3285 2175 3342 illud
2206 3285 2638 3351 inconveniens,
2672 3282 2819 3356 quod
2852 3283 3125 3341 adversus

1756 3364 2065 3423 secundam
2107 3366 2435 3432 intulimus,
2462 3365 2728 3421 videlicet
2760 3363 2910 3437 quod
2936 3366 2986 3420 si
3028 3366 3123 3420 vir

1756 3446 2170 3511 sanctissimus,
2198 3446 2294 3518 qui
2333 3450 2450 3503 toto
2491 3446 2621 3502 vitae
2647 3462 2815 3502 cursu
2845 3447 2908 3502 in
2934 3446 3123 3520 gratia

1757 3526 2147 3583 intensissime
2169 3524 2474 3595 laboravit,
2502 3542 2706 3599 parum
2726 3532 2857 3584 ante
2873 3532 3121 3585 mortem

1756 3607 1820 3663 in
1850 3609 2095 3664 mortale
2123 3607 2368 3674 labatur,
2414 3624 2446 3664 a
2472 3624 2581 3681 quo
2621 3608 2814 3664 statim
2846 3624 2948 3681 per
2981 3624 3121 3667 con-

1756 3689 2053 3746 tritionem
2084 3691 2385 3747 remissam
2411 3696 2473 3745 ut
2498 3690 2611 3748 duo
2638 3707 2687 3747 v.
2734 3710 2790 3761 g.
2837 3696 3114 3766 resurgat,

1754 3774 1811 3826 et
1837 3770 2140 3835 moriatur,
2182 3787 2300 3828 non
2340 3777 2718 3845 consequatur
2763 3773 3029 3846 gratiam.
3064 3778 3120 3829 et

1752 3853 2000 3928 gloriam
2023 3854 2104 3910 ita
2124 3854 2432 3922 intensam,
2453 3855 2597 3911 sicut
2623 3855 2721 3911 ille
2741 3857 2837 3928 qui
2861 3872 2990 3912 cum
3016 3872 3117 3929 per

1752 3942 1930 3994 totam
1959 3936 2138 3993 vitam
2168 3938 2229 3992 in
2253 3944 2474 4011 peccato
2496 3938 2817 4004 mansisset,
2853 3941 3117 3995 nullum-

1751 4035 1860 4092 que
1887 4037 2026 4092 opus
2052 4022 2418 4078 meritorium
2459 4022 2682 4096 egisset,
2717 4023 2780 4077 in
2808 4020 2922 4080 fine
2951 4022 3115 4078 illius

1754 4116 1856 4173 per
1883 4100 2285 4158 contritionem
2328 4103 2502 4174 triplo
2543 4103 2942 4169 intensiorem,
2979 4108 3115 4176 puta

1753 4186 1814 4237 ut
1853 4197 1971 4247 sex,
2004 4188 2387 4240 convertatur.
2433 4187 2542 4240 Iste
2579 4185 2737 4240 enim
2785 4188 3116 4256 assequetur

1750 4264 1997 4338 gratiam
2029 4269 2090 4319 ut
2127 4279 2247 4330 sex,
2279 4270 2332 4321 et
2374 4265 2475 4321 ille
2513 4266 2702 4321 solum
2744 4272 2806 4321 ut
2843 4270 3108 4338 quatuor,

1751 4351 1813 4401 ut
1853 4346 2101 4401 intuenti
2131 4344 2364 4418 patebit.
2408 4345 2567 4410 Quod
2595 4347 3029 4415 inconveniens,
3061 4350 3118 4403 et

1750 4427 1948 4484 omnia
1989 4427 2104 4483 alia
2129 4431 2350 4483 cessant
2370 4427 2533 4501 juxta
2572 4433 2835 4501 quartam
2878 4433 3115 4485 senten-

1750 4506 1912 4575 tiam,
1941 4507 2102 4581 juxta
2142 4522 2315 4579 quam
2342 4522 2414 4563 ex
2456 4523 2572 4563 una
2613 4513 2773 4580 parte
2813 4524 3113 4581 nunquam

1749 4586 1919 4644 datur
1945 4588 2131 4661 major
2156 4587 2341 4661 gratia
2383 4587 2446 4642 in
2486 4604 2608 4646 esse
2654 4588 2906 4663 physico,
2940 4605 3116 4662 quam

1748 4670 1825 4726 sit
1843 4668 2144 4742 dispositio
2171 4669 2403 4744 physica
2438 4669 2674 4744 subjecti
2690 4695 2704 4738 ;
2734 4687 2805 4728 ex
2832 4671 2948 4727 alia
2979 4687 3116 4728 vero

1748 4750 1941 4809 omnis
1962 4750 2167 4825 gratia,
2200 4766 2372 4824 quam
2396 4765 2496 4823 per
2519 4755 2700 4808 totum
2724 4754 2858 4809 vitae
2881 4769 3114 4809 cursum

1750 4831 1969 4898 habuit,
1997 4830 2089 4887 vel
2117 4831 2347 4896 meruit,
2379 4829 2570 4890 debito
2597 4838 2872 4906 tempore,
2898 4833 3116 4889 scilicet

1747 4911 1813 4968 in
1861 4915 2156 4969 momento
2198 4910 2635 4987 glorificationis
2685 4913 2796 4970 sibi
2845 4914 3115 4971 restitue-

1748 4998 1865 5049 tur.
