3647 5753
181 2159 358 2249 {⁰13ss

178 2256 362 2307 singulas

204 2316 332 2361 δι’δι’.

209 2360 332 2399 ment!

194 2409 357 2506 mei:

205 2514 319 2547 mam.

200 3372 317 3416 Idem

202 4269 272 4311 Ad
284 4277 353 4311 se·

175 4318 376 4362 caudam.

1521 377 1704 432 mse.
1748 377 1789 443 1,
1835 377 2002 456 cus.
2045 379 2091 434 1.

358 553 729 620 Consequens
776 549 973 622 nequit
1010 547 1303 613 sustineri,
1335 564 1467 604 cum
1512 552 1733 604 certum

361 631 461 696 sit,
497 645 615 687 non
663 644 865 686 omnes
905 635 1219 702 peccatores
1269 644 1393 685 esse
1438 628 1736 701 aequaliter

368 712 707 782 peccatores.
743 706 922 764 Tertio
944 708 1215 774 infertur,
1264 707 1472 781 maJ'ori
1514 711 1736 780 peccato

366 786 652 845 habituali
685 788 987 854 maculari,
1038 788 1136 861 qui
1178 788 1458 861 majorem
1486 787 1734 860 gratiam

367 868 657 936 habebat,
705 885 840 926 nam
890 871 1137 943 privatio
1185 870 1384 942 recipit
1434 868 1637 943 magis,
1681 873 1739 925 et

369 952 569 1007 minus
601 951 766 1025 juxta
791 950 1000 1024 gradus
1029 950 1245 1015 formas,
1276 965 1389 1022 qua
1433 950 1655 1022 privat:
1682 952 1738 1005 et

361 1037 781 1104 consequenter
801 1032 898 1102 qui
916 1030 1131 1087 habens
1143 1030 1388 1104 gratiam
1403 1035 1466 1085 ut
1483 1035 1732 1096 centum,

367 1111 663 1168 commisit
686 1111 927 1177 furtum,
958 1110 1166 1184 maj0ri
1190 1109 1414 1165 macula
1441 1107 1697 1166 inficitur
1720 1150 1733 1173 ,

365 1209 546 1266 quam
567 1192 667 1249 ille
693 1193 789 1265 qui
822 1190 1039 1248 habens
1077 1191 1329 1267 gratiam
1359 1196 1418 1247 ut
1451 1191 1582 1260 duo,
1609 1190 1742 1247 fecit

367 1272 758 1346 sacrilegium.
800 1271 959 1337 Quod
999 1277 1214 1328 tamem
1262 1287 1435 1329 nemo
1474 1271 1742 1329 cordatus

370 1351 677 1419 admittet3
736 1369 871 1408 nam
924 1350 1162 1408 evidens
1211 1355 1313 1415 est,
1368 1351 1740 1424 sacrilegium

367 1447 497 1488 esse
516 1432 701 1505 majus
723 1440 1030 1505 peccatum,
1061 1445 1234 1502 quam
1263 1429 1503 1486 furtum.
1531 1430 1742 1503 Quarto

371 1511 646 1578 insertur,
674 1511 737 1568 in
783 1526 1119 1584 unoquoque
1149 1514 1436 1582 peccatore
1484 1526 1601 1568 non
1621 1525 1743 1567 esse

374 1593 491 1649 nisi
515 1593 750 1664 unicum
789 1600 1075 1667 peccatum
1119 1589 1435 1661 habituale;
1459 1593 1593 1665 quia
1621 1592 1743 1665 pri-

372 1673 531 1731 vatio
577 1675 776 1747 gratiae
829 1690 944 1732 non
1008 1670 1425 1743 multiplicatur
1475 1689 1740 1741 numer0,

369 1753 471 1811 sed
492 1758 578 1811 est
630 1755 820 1821 unica,
868 1755 1015 1810 sicut
1043 1754 1251 1817 torma,
1305 1769 1420 1826 qua
1448 1754 1664 1827 privat,
1689 1759 1747 1811 et

375 1831 764 1889 introducitur
810 1848 912 1906 per
953 1834 1207 1906 primum
1251 1839 1561 1908 peccatum.
1595 1835 1747 1891 Con-

374 1927 619 1985 sequens
637 1919 721 1969 est
742 1915 982 1971 omnino
1007 1914 1246 1974 falsum:
1275 1931 1414 1978 nam
1437 1914 1535 1986 qui
1581 1915 1745 1986 plura

383 1998 606 2068 peccata
635 1996 878 2051 actualia
906 1996 1174 2067 patravit,
1207 1996 1468 2070 pluribus
1490 1995 1747 2053 habitua-

387 2076 539 2133 libus
559 2076 844 2133 irretitur.

461 2150 878 2222 Respondetur,
911 2151 1137 2207 nullum
1165 2167 1236 2209 ex
1257 2151 1450 2209 allatis
1470 2151 1749 2209 inconve-

381 2228 682 2299 nientibus
723 2230 931 2287 inferri
984 2247 1056 2288 ex
1103 2237 1300 2289 nostra
1350 2231 1655 2295 sententia,
1689 2234 1749 2285 ut

388 2310 663 2369 diluendo
705 2313 991 2384 oppositas
1039 2313 1402 2385 probationes
1446 2311 1744 2371 constabit.

391 2390 477 2447 Ad
502 2391 750 2464 primam
790 2407 1067 2467 negamus
1100 2394 1411 2466 sequelam,
1444 2394 1575 2466 quia
1622 2407 1750 2467 pec-

392 2476 584 2528 catum
612 2470 900 2530 habituale
921 2486 1039 2528 non
1058 2474 1318 2529 consistit
1338 2474 1400 2529 in
1429 2473 1751 2545 privatione

391 2551 597 2625 gratias
636 2550 878 2624 physice,
921 2557 977 2609 et
1027 2551 1284 2611 absolute
1328 2560 1556 2626 sumpta
1599 2566 1752 2625 :quo

397 2636 560 2703 pacto
588 2636 671 2688 est
696 2630 941 2703 ejusdem
972 2632 1214 2693 rationis
1242 2635 1305 2691 in
1333 2634 1601 2690 omnibus
1623 2650 1754 2707 pec-

395 2710 700 2779 catoribus,
729 2713 873 2768 sicut
893 2713 1100 2779 forma,
1130 2730 1228 2771 seu
1264 2716 1468 2788 gratia,
1494 2731 1606 2788 qua
1629 2715 1754 2787 pri-

394 2799 513 2851 vat.
556 2794 662 2851 Sed
688 2795 944 2851 consistit
970 2795 1032 2850 in
1063 2796 1386 2867 privatione
1412 2797 1612 2871 gratiae
1651 2813 1755 2854 vo-

395 2876 670 2941 luntaria,
700 2881 759 2932 et
804 2876 1000 2933 relicta
1026 2893 1095 2933 ex
1137 2883 1357 2950 peccato
1391 2878 1750 2950 praecedenti,

394 2956 467 3013 ad
511 2954 659 3028 quod
697 2954 837 3011 dicit
869 2956 1294 3023 habitudinem,
1348 2966 1406 3014 ut
1452 2960 1758 3016 constituat

397 3037 691 3109 propriam
741 3036 1023 3093 rationem
1065 3039 1275 3110 peccati
1303 3037 1632 3098 habitualis,
1688 3040 1758 3093 Et

394 3134 468 3176 ex
491 3118 592 3174 hac
614 3122 772 3190 parte
794 3124 1016 3190 peccata
1032 3118 1350 3176 habitualia
1371 3121 1760 3194 multiplican-

397 3205 496 3255 tur
520 3199 722 3271 specie,
746 3199 892 3255 sicut
913 3205 1068 3255 actus
1083 3201 1482 3273 peccaminosi,
1505 3217 1605 3275 per
1621 3217 1760 3275 quos

397 3280 770 3337 inducuntur.
816 3282 1254 3355 Desumiturque
1294 3283 1410 3338 haec
1453 3283 1663 3339 solutio
1687 3298 1760 3339 ex

398 3365 466 3420 D.
493 3362 696 3418 Thom.
747 3362 810 3417 in
835 3365 889 3428 2,
916 3364 1050 3420 dist.
1080 3364 1171 3430 32,
1216 3369 1410 3436 quaest.
1474 3368 1518 3432 l,
1563 3370 1669 3421 art.
1735 3367 1753 3420 1

397 3444 472 3501 ad
505 3446 560 3510 2,
592 3443 691 3499 ubi
721 3443 803 3498 ait
831 3466 844 3499 ε
881 3466 906 3496 α
937 3446 1076 3520 Cum
1099 3446 1362 3502 omnium
1406 3452 1761 3517 peccatorum

401 3547 429 3576 (ι
462 3524 799 3581 mortalium
820 3539 1030 3598 genera
1047 3525 1151 3581 hoc
1171 3541 1476 3582 commune
1493 3524 1757 3589 habeant,

405 3619 433 3659 α
464 3606 616 3679 quod
655 3607 900 3679 gratiam
946 3607 1155 3664 tollunt
1188 3632 1200 3674 ;
1244 3623 1363 3664 non
1411 3613 1605 3664 tamen
1633 3623 1763 3665 om-

402 3710 429 3741 «
465 3689 631 3745 nium
653 3695 738 3745 est
759 3704 874 3744 una
894 3690 1135 3757 macula,
1161 3689 1260 3747 sed
1282 3689 1544 3755 diversae,
1570 3705 1767 3746 secun-

402 3790 430 3821 α
464 3768 603 3825 dum
652 3769 801 3842 quod
853 3769 1102 3825 defectus
1145 3759 1346 3843 grati'ae
1397 3770 1466 3828 ad
1509 3770 1767 3827 diversas

402 3874 429 3905 α
461 3867 660 3909 causas
691 3851 937 3908 refertur
965 3872 977 3906 ε
1020 3851 1171 3908 unde
1196 3851 1444 3909 deiectus
1473 3853 1670 3926 gratim
1695 3869 1766 3909 ex

404 3954 429 3984 α
463 3937 591 3989 actu
634 3932 878 3987 luxuriae
930 3933 1275 4003 proveniens
1314 3939 1399 3990 est
1425 3934 1651 3989 macula
1692 3933 1769 3988 il-

404 4036 432 4066 «
465 4013 581 4068 lius
603 4012 832 4084 peccati,
866 4017 923 4068 et
952 4013 1034 4068 sic
1060 4012 1128 4070 de
1176 4013 1327 4069 aliis,
1379 4034 1404 4064 n
1453 4013 1769 4070 videantur

400 4095 555 4151 dicta
599 4099 837 4150 tractatu
884 4110 1033 4166 saepe
1059 4094 1246 4160 citat0,
1290 4094 1436 4168 disp.
1490 4097 1574 4162 16,
1629 4093 1766 4151 dub.

401 4177 459 4243 9,
493 4189 657 4230 num.
698 4175 819 4228 150.

480 4252 570 4308 Ad
591 4249 904 4309 secundum
935 4268 1210 4327 negamus
1237 4253 1414 4310 etiam
1441 4255 1766 4327 sequelam;

406 4349 549 4392 nam
573 4333 819 4405 privatio
842 4333 904 4388 in
927 4333 1072 4391 facto
1091 4349 1212 4390 esse
1248 4335 1448 4407 recipit
1490 4336 1691 4408 magis,
1714 4339 1772 4392 et

405 4416 608 4472 minus
659 4429 759 4485 per
809 4412 1206 4470 habitudinem
1260 4415 1330 4472 ad
1377 4431 1605 4471 causam
1673 4432 1772 4489 per

405 4511 582 4569 quam
603 4493 913 4559 inducitur,
938 4499 994 4549 et
1021 4510 1121 4567 per
1142 4500 1459 4568 respectum
1488 4495 1558 4551 ad
1580 4495 1774 4552 obsta-

403 4576 558 4641 cula,
587 4588 712 4646 quae
731 4571 1044 4646 subjectum
1068 4589 1100 4629 a
1127 4575 1315 4631 forma
1351 4577 1621 4649 elongant
1644 4599 1659 4643 3
1689 4575 1773 4630 si-

404 4660 502 4714 cut
529 4670 729 4711 omnes
749 4654 846 4725 qui
872 4653 1141 4711 recedunt
1164 4655 1235 4712 ab
1258 4654 1419 4723 urbe,
1451 4663 1689 4712 manent
1709 4657 1773 4714 in

407 4738 560 4794 facto
583 4750 705 4792 esse
728 4734 937 4806 privati
961 4735 1300 4802 ubicatione‚
1327 4736 1452 4792 sive
1470 4737 1774 4794 existentia

408 4818 570 4873 intra
610 4813 812 4870 urbem
844 4835 860 4878 :-
903 4818 959 4869 et
981 4814 1365 4872 nihilominus
1402 4815 1499 4887 qui
1547 4817 1777 4872 recessit

407 4912 513 4970 per
539 4901 770 4951 centum
794 4893 1096 4962 milliaria,
1138 4900 1334 4951 manet
1368 4895 1549 4968 magis
1576 4896 1775 4968 priva-

405 4983 500 5033 tus
533 4974 800 5048 praedicta
823 4971 1161 5039 ubicatione‚
1187 4991 1359 5048 quam
1381 4976 1478 5046 qui
1502 4990 1603 5047 per
1635 4976 1776 5034 duos

3122 378 3224 434 311

1869 562 2067 619 passus
2109 548 2356 604 recessit.
2407 549 2479 602 Et
2523 546 2799 604 similiter
2840 561 3006 619 poena
3032 544 3231 600 damni

1867 627 2127 683 consistit
2153 629 2217 684 in
2247 628 2574 701 privatione
2601 622 2845 684 visionis
2873 624 3143 683 beatificae
3170 625 3232 680 in

1871 709 2014 767 iacto
2037 726 2160 767 esse
2189 733 2204 776 ;
2231 726 2344 783 quo
2372 726 2489 766 non
2510 709 2769 768 obstante
2795 708 2965 765 datur
2986 708 3235 780 inaequa-

1870 790 2001 846 litas
2040 791 2105 847 in
2132 791 2460 865 hujusmodi
2486 808 2653 865 poena
2681 790 2752 849 ob
2794 792 2960 863 plura
2983 793 3235 861 peccato-

1873 887 2002 927 rum
2025 870 2334 937 obstacula,
2359 889 2486 945 quae
2516 873 2716 946 magiS,
2744 872 2834 927 vel
2859 870 3054 926 minus
3080 870 3239 926 elon-

1869 957 2006 1025 gant
2057 951 2397 1007 damnatum
2440 969 2473 1008 a
2535 951 2803 1025 praedicta
2865 949 3109 1014 visione,
3177 954 3239 1005 ut

1870 1030 2294 1089 declaravimus
2315 1039 2482 1088 tract.
2504 1036 2598 1089 cit.
2623 1034 2767 1105 disp.
2799 1032 2883 1096 18,
2907 1048 2943 1085 a
2964 1046 3119 1084 num.
3150 1029 3232 1083 16.

1873 1113 2100 1169 Pariter
2144 1112 2361 1168 caecitas
2388 1117 2491 1168 est.
2515 1112 2765 1185 privatio
2792 1110 2952 1166 visus
2989 1110 3052 1165 in
3093 1108 3241 1166 facto

1872 1207 1993 1249 esse
2018 1215 2032 1258 ;
2083 1196 2141 1249 et
2193 1192 2580 1248 nihilominus
2636 1192 2821 1264 major
2870 1189 3089 1247 caecitas
3132 1193 3233 1253 est,

1872 1286 1997 1344 quae
2018 1272 2221 1345 majus,
2237 1276 2297 1328 et
2316 1272 2473 1346 peJ'us
2495 1270 2975 1344 impedimentum
3004 1266 3238 1325 videndi

1875 1353 2111 1425 apponit
2140 1370 2153 1405 z
2181 1370 2309 1409 nam
2352 1356 2530 1424 mayis
2576 1370 2741 1418 caecus
2779 1353 3003 1417 dicitur,
3053 1350 3240 1423 inquit

1877 1435 1940 1491 D.
1972 1436 2176 1493 Thom.
2209 1436 2273 1492 in
2299 1438 2355 1500 2,
2394 1435 2526 1491 aisn
2572 1437 2666 1501 42,
2710 1438 2906 1506 quaest.
2951 1435 3007 1498 2,
3038 1437 3145 1491 art.
3179 1433 3233 1496 5,
3276 1418 3415 1467 mem.

1876 1516 1966 1570 cui
1991 1532 2063 1569 ecc
2107 1522 2217 1571 toto
2260 1523 2448 1571 erutus
2470 1522 2547 1571 est
2582 1514 2790 1579 oculus,
2842 1531 3011 1591 quam
3050 1514 3146 1592 qui
3169 1528 3241 1567 em

1876 1595 2064 1671 aliquo
2080 1597 2306 1651 humore
2321 1596 2396 1650 ad
2409 1595 2689 1668 pupillam
2703 1600 3050 1649 concurrente
3059 1595 3240 1648 visum

1877 1677 2104 1741 amittit,
2136 1678 2390 1754 quamvis
2418 1683 2634 1747 umque
2672 1691 2838 1730 cereus
2861 1676 2952 1730 sit.
2999 1675 3081 1729 Ita
3106 1687 3241 1747 ergo

1879 1757 2011 1813 licet
2033 1764 2318 1831 peccatum
2341 1757 2633 1814 habituale
2651 1756 2923 1813 consistat
2958 1757 3020 1813 in
3044 1757 3243 1828 priva-

1880 1837 2035 1894 tione
2053 1838 2271 1910 gratiee,
2300 1841 2479 1910 potest
2499 1852 2621 1892 esse
2642 1836 2847 1910 majus,
2882 1835 2976 1892 vel
3002 1836 3202 1892 minus
3226 1857 3239 1900 ;

1878 1918 2014 1989 quia
2042 1918 2146 1974 illa
2175 1917 2423 1990 privatio
2448 1917 2721 1989 importat
2748 1915 3144 1972 habitudinem
3171 1913 3243 1972 ad

1882 2001 2070 2073 plura,
2104 2002 2195 2057 vel
2238 2000 2527 2073 pauciora,
2577 1999 2864 2073 graviora,
2908 2000 3001 2057 vel
3026 1999 3245 2057 leviora

1883 2088 2121 2154 peccata,
2155 2097 2256 2153 per
2281 2098 2405 2154 quae
2428 2080 2833 2147 introducitur,
2863 2086 2919 2136 et
2945 2080 3243 2137 hominem

1883 2180 1916 2221 a
1934 2162 2378 2234 consequutione
2397 2163 2596 2236 gratiae
2618 2162 2802 2234 magis
2820 2161 3108 2235 elongant.
3133 2164 3247 2218 Nec

1884 2244 1948 2300 D.
1978 2243 2183 2301 Thom.
2210 2243 2377 2300 nobis
2402 2242 2740 2299 adversatur
2768 2241 2908 2299 locis
2946 2242 3010 2297 in
3038 2240 3247 2314 proba-

1884 2325 2040 2381 tione
2088 2324 2294 2391 citatiS‚
2338 2324 2471 2397 quia
2514 2323 2770 2395 loquitur
2809 2322 2879 2380 de
2925 2323 3249 2396 privatione

1884 2403 2240 2462 considerata
2289 2404 2519 2477 physice
2559 2403 2875 2460 secundum
2901 2419 2980 2469 se,
3025 2408 3083 2459 et
3120 2403 3249 2460 sine

1887 2490 2140 2557 respectu
2163 2484 2233 2540 ad
2255 2500 2482 2541 causam
2507 2508 2520 2541 ι
2544 2500 2654 2555 quo
2677 2488 2835 2556 pacto
2856 2483 3108 2540 fatemur
3130 2497 3249 2539 non

1884 2566 2170 2638 suscipere
2192 2566 2394 2640 magiS,
2420 2571 2477 2621 et
2503 2564 2719 2620 minus.
2752 2563 2916 2621 Unde
2940 2565 3116 2621 etiam
3146 2579 3249 2636 pa-
3277 2572 3345 2617 Ad
3378 2578 3465 2617 ter·

1887 2651 1964 2703 tet
1990 2644 2061 2702 ad
2088 2647 2308 2700 tertiam
2334 2663 2353 2710 ;
2381 2659 2517 2700 nam
2547 2644 2678 2701 licet
2724 2643 2971 2716 privatio
3012 2644 3249 2718 majoris
3311 2622 3429 2666 ‘¹⁰⁰¹‘

1885 2726 2085 2801 gratiae
2106 2723 2523 2798 praeexistentis
2543 2724 2619 2780 sit
2640 2724 2827 2798 major
2854 2724 3103 2797 physice,
3129 2724 3252 2797 ejus

1888 2813 2081 2864 tamen
2101 2805 2371 2880 gravitas,
2420 2805 2511 2861 vel
2536 2804 2780 2861 intentio
2818 2805 3112 2879 regulatur
3152 2820 3252 2878 per

1890 2889 2287 2946 habitudinem
2324 2887 2393 2944 ad
2436 2892 2625 2943 actum
2676 2885 3106 2960 praecedentem,
3153 2903 3257 2960 per

1888 2986 2058 3043 quem
2103 2968 2416 3033 inducitur,
2446 2969 2603 3023 etin
2648 2968 2868 3024 ratione
2914 2967 3258 3034 voluntarias

1882 3049 2273 3107 constituitur.
2318 3046 2479 3102 Unde
2507 3051 2793 3119 peccatum
2843 3045 3133 3104 habituale
3159 3062 3258 3103 sa-

1890 3130 2110 3204 crilegii
2135 3129 2291 3202 pejus
2307 3133 2391 3185 est
2418 3127 2590 3193 furt0,
2623 3128 2752 3183 licet
2774 3142 2875 3200 per
2897 3126 3173 3194 accidens,
3198 3132 3255 3183 et

1892 3213 1955 3268 in
1976 3210 2355 3283 exequutione
2379 3209 2669 3264 minorem
2690 3207 2938 3282 gratiam
2966 3208 3249 3275 excludat,

1892 3293 2027 3366 quia
2047 3300 2326 3363 quantum
2348 3294 2433 3347 est
2455 3289 2523 3346 de
2542 3306 2623 3356 se,
2656 3289 2841 3362 majus
2861 3287 3060 3364 g'ratiae
3080 3291 3257 3363 impe-

1894 3372 2216 3429 dimentum
2272 3369 2530 3444 apponit.
2580 3372 2721 3433 Quae
2762 3374 2846 3424 est
2890 3368 3150 3426 doctrina
3187 3373 3254 3425 D.

1895 3453 2098 3509 Thom.
2126 3467 2300 3523 supra
2342 3456 2541 3521 quaest.
2574 3450 2667 3513 86,
2702 3454 2809 3505 art.
2851 3452 2869 3505 1
2927 3448 2998 3504 ad
3051 3451 3103 3517 3,
3158 3449 3257 3507 ubi
3286 3451 3451 3496 DThO·

1897 3534 2015 3590 ait:
2053 3553 2078 3584 (ι
2107 3531 2331 3586 Macula
2387 3545 2507 3585 non
2546 3534 2634 3584 est
2673 3528 2889 3600 aliquid
2918 3528 3157 3601 positive
3194 3530 3259 3585 in

1904 3635 1930 3667 α
1959 3611 2175 3674 anima,
2205 3627 2305 3666 nec
2323 3608 2613 3683 significat
2630 3607 3015 3680 privationem
3037 3610 3218 3666 solam
3252 3630 3265 3663 ι

1903 3717 1928 3748 «
1957 3692 2056 3750 sed
2091 3690 2377 3764 significat
2403 3690 2791 3762 privationem
2839 3689 3127 3762 quandam
3168 3692 3267 3747 ni-

1905 3795 1929 3827 «
1962 3773 2106 3830 toris
2135 3771 2344 3828 animae
2387 3771 2448 3825 in
2476 3768 2679 3826 ordine
2707 3770 2777 3826 ad
2818 3786 2983 3826 suam
3012 3787 3264 3837 causam,

1904 3877 1929 3907 a
1960 3869 2082 3926 quae
2108 3856 2193 3908 est
2213 3856 2500 3924 peccatum
2536 3854 2624 3905 :et
2641 3849 2768 3907 ideo
2789 3849 3020 3907 diversa
3046 3858 3270 3924 peccata

1906 3957 1930 3987 α
1956 3934 2213 3989 diversas
2239 3931 2494 3986 maculas
2519 3928 2821 3987 inducunt.
2867 3932 2937 3986 Et
2973 3936 3058 3987 est
3076 3930 3271 3986 simile
3299 3983 3306 3989 .

1908 4037 1933 4068 α
1962 4013 2033 4069 de
2078 4010 2304 4076 umbra,
2349 4026 2472 4083 quse
2499 4015 2583 4066 est
2634 4009 2883 4083 privatio
2932 4010 3173 4066 luminis
3197 4026 3269 4067 ex

1906 4117 1931 4147 α
1962 4093 2178 4167 objecto
2223 4092 2464 4164 alicujus
2502 4091 2758 4163 corporis
2795 4115 2808 4158 ;
2854 4096 2911 4148 et
2952 4089 3266 4148 secundum

1907 4196 1932 4227 α
1963 4172 2358 4230 diversitatem
2381 4187 2685 4243 corporum
2708 4170 3057 4246 objectorum
3078 4171 3266 4228 diver-

1908 4276 1934 4305 «
1964 4253 2261 4310 sificantur
2285 4252 2528 4307 umbrae.
2565 4271 2590 4301 n

1977 4332 2062 4388 Ad
2093 4332 2358 4387 ultimam
2388 4330 2694 4387 dicendum
2716 4335 2819 4396 est,
2844 4330 2992 4404 quod
3020 4331 3150 4387 licet
3174 4346 3264 4387 se·
3280 4353 3345 4396 Ad
3363 4352 3457 4397 ulti-

1904 4412 2157 4470 cundum
2206 4416 2493 4483 peccatum
2551 4411 2793 4466 mortale
2847 4426 2964 4466 non
3008 4410 3271 4467 excludat
3307 4412 3429 4446 '³¹³⁸‘-

1906 4499 2029 4550 actu
2075 4491 2324 4565 gratiam
2358 4488 2827 4555 sanctificantem,
2859 4506 3031 4561 quam
3082 4489 3271 4565 abjec-

1907 4578 2023 4629 tam
2048 4588 2147 4644 per
2170 4570 2426 4643 primum
2451 4575 2737 4641 peccatum
2753 4570 3051 4642 supponit,
3079 4571 3270 4628 induit

1909 4660 2101 4710 tamen
2149 4667 2358 4709 novam
2406 4653 2527 4724 ejus
2569 4650 2953 4723 privationem
2982 4659 3269 4725 sumptam

1908 4734 1970 4789 in
1997 4748 2118 4789 esse
2167 4731 2509 4804 privationis
2558 4731 2813 4797 moralis
2860 4731 3010 4787 etin
3052 4733 3273 4790 ratione

1909 4813 2114 4886 peccati
2139 4810 2449 4867 habitualis
2476 4830 2489 4865 ε
2532 4815 2698 4882 atque
2720 4808 2849 4866 ideo
2875 4814 2957 4867 tot
2987 4817 3121 4867 sunt
3143 4828 3274 4885 pec-

1907 4900 2030 4952 cata
2063 4892 2397 4959 habitualia,
2426 4895 2562 4965 quot
2609 4891 2845 4947 fuerunt
2893 4893 3180 4950 mortalia.
3205 4895 3275 4951 Et

1910 4973 2059 5033 ratio
2100 4978 2205 5039 est,
2259 4972 2395 5044 quia
2439 4971 2626 5045 gratia
2667 4970 3028 5028 sanctificans
3073 4973 3150 5029 ita
3188 4989 3276 5031 es=
