3647 5753
491 433 593 487 160
1493 430 1585 483 DE
1624 428 1896 484 GRATIA
1949 428 2293 483 EFFICACI.
2400 419 2405 425 ’

485 601 789 664 riacorum,
810 599 906 670 fol.
928 598 1056 661 244,
1079 596 1225 670 apud
1244 599 1496 655 Cassalas
1517 598 1579 655 in
1594 598 1842 657 candore

485 680 624 750 lilii)
641 677 996 752 respondent
1018 678 1337 735 omittendo
1360 680 1705 752 praemissas',
1735 695 1842 736 ne-

479 760 665 836 gando
711 761 1191 834 consequentiam,
1242 777 1366 834 quae
1417 761 1722 836 illegitime
1769 777 1842 818 ex

481 842 599 897 illis
626 841 935 915 colligitur.
986 844 1132 897 Nam
1163 841 1294 898 licet
1340 842 1676 899 Janseniani
1716 847 1843 898 stu-

479 923 712 981 duerint
733 923 1031 996 proprium
1054 939 1311 981 errorem
1341 923 1546 981 fulcire
1572 924 1842 982 Thomis-

478 1007 600 1062 ticae
625 1006 927 1063 sententiae
954 1005 1247 1080 suffragio,
1277 1011 1333 1063 et
1353 1005 1559 1079 saepius
1585 1005 1843 1064 dixerint

476 1104 537 1143 se
559 1087 708 1143 nihil
736 1087 895 1143 aliud
921 1087 1141 1153 docere,
1167 1104 1339 1162 quam
1371 1088 1685 1163 physicam,
1718 1091 1842 1144 Au-

401 1202 407 1208 ·
475 1167 885 1241 gustinianam,
941 1173 997 1224 et
1049 1168 1457 1225 Thomisticam
1512 1169 1844 1241 praemotio-

477 1250 714 1316 nemssut
727 1249 806 1305 ita
820 1266 883 1304 su
892 1265 987 1305 um
1004 1249 1209 1324 dogma
1224 1267 1256 1307 a
1269 1248 1639 1307 damnatione
1652 1249 1844 1307 defen-

480 1327 682 1385 derent
700 1352 714 1395 ;
744 1330 1168 1386 convincuntur
1212 1335 1407 1387 tamen
1435 1330 1739 1388 manifeste
1771 1329 1843 1387 de

278 1412 442 1502 {limma
485 1408 750 1466 falsitate.
777 1409 1084 1467 Thomistae
1098 1411 1256 1468 enim
1271 1412 1448 1468 simul
1470 1428 1599 1469 cum
1622 1411 1842 1468 auxilio

262 1470 347 1552 (112⁸
348 1470 456 1568 ῗιῗᾷξῑ
483 1486 688 1546 efficaci
717 1487 918 1546 docent
942 1491 1255 1549 coexistere
1282 1497 1612 1565 potestatem
1642 1491 1842 1564 proxi-

265 1559 454 1652 ’13ξῦξῖ
482 1587 637 1627 mam
667 1570 1041 1629 dissentiendi
1089 1595 1103 1630 ε
1152 1579 1207 1630 at
1251 1574 1590 1632 Janseniani
1619 1573 1836 1638 dicunt,

291 1659 440 1750 ἱῐιᾳυῑὲε·
482 1667 582 1725 per
623 1651 765 1708 illud
814 1654 1098 1711 auxilium
1139 1655 1465 1728 praedictam
1507 1659 1839 1728 potestatem

325 1718 360 1751 ¹⁵
403 1718 436 1751 ⁸'
478 1731 702 1790 excludi
724 1757 738 1799 ς
768 1739 824 1790 et
845 1733 971 1791 ideo
999 1751 1115 1791 non
1136 1752 1334 1792 veram
1361 1735 1640 1792 libertatis
1669 1734 1840 1791 indif-

481 1812 807 1879 ferentiam,
857 1814 954 1870 sed
994 1816 1177 1872 solam
1222 1816 1725 1889 spontaneitatem,
1778 1831 1841 1872 ac

479 1893 981 1950 voluntarietatem
1025 1897 1236 1952 nostris
1261 1894 1688 1969 operationibus
1729 1895 1841 1951 tri-

479 1969 682 2028 buunt.
715 1973 878 2030 Unde
909 1990 1025 2031 non
1052 1977 1383 2041 ThomistiS,
1413 1976 1507 2034 sed
1548 1976 1840 2048 calvinis-

479 2053 553 2106 tis
573 2053 788 2109 suntin
813 2054 915 2111 hac
932 2062 1091 2127 parte
1112 2057 1464 2115 accensendi.
1484 2056 1543 2113 Id
1565 2056 1713 2127 quod
1729 2055 1838 2130 ipsi

262 2149 464 2193 Annuus.
480 2134 705 2191 Jesuitae
726 2136 937 2207 passim
962 2143 1259 2207 testantur,
1287 2144 1348 2196 ut
1375 2142 1633 2195 Annatus
1655 2138 1748 2195 lib.
1776 2138 1840 2193 de

482 2214 726 2271 libertate
747 2218 1021 2284 inchoata,
1046 2237 1166 2293 cap.
1192 2222 1245 2286 2,
1273 2222 1374 2290 34,
1402 2219 1497 2276 ubi
1521 2220 1638 2278 ait:
1670 2218 1840 2277 «Inde

487 2315 511 2348 «
556 2298 824 2368 processit
867 2313 1033 2355 error
1060 2301 1334 2367 Jansenii,
1380 2301 1526 2373 quod
1554 2301 1839 2374 putaverit

486 2397 510 2428 «
552 2393 611 2433 se
637 2377 835 2435 eodem
865 2379 1034 2436 modo
1081 2380 1471 2454 philosophari
1515 2397 1694 2454 posse,
1726 2396 1839 2453 quo

486 2481 508 2510 «
556 2459 866 2517 Thomistae
883 2486 897 2528 ;
922 2479 1048 2519 cum
1079 2470 1273 2519 tamen
1302 2462 1696 2519 diversissima
1722 2463 1839 2518 sint

267 2562 461 2613 mmm&
485 2563 509 2592 «
552 2554 750 2596 eorum
770 2542 1120 2615 principia.»
1149 2545 1218 2598 Et
1235 2545 1484 2600 Joannes
1505 2542 1574 2600 de
1595 2542 1837 2616 Ripalda

480 2621 541 2676 in
569 2635 739 2694 opere
763 2627 961 2677 contra
1001 2623 1261 2696 Bajanos,
1294 2623 1434 2696 disp.
1476 2625 1558 2691 14,
1607 2629 1731 2678 sect.
1775 2622 1831 2690 4,

477 2718 647 2774 quam
672 2702 752 2758 ita
773 2702 997 2759 orditur
1026 2724 1038 2757 :
1075 2726 1099 2755 α
1123 2702 1453 2776 Appellabis
1476 2719 1579 2776 pro
1605 2703 1837 2777 Bajanis

485 2806 508 2834 «
552 2783 623 2840 ad
651 2784 974 2841 Thomistas
1000 2790 1307 2842 assertores
1337 2785 1583 2859 physicae
1617 2783 1838 2857 praede-

485 2888 509 2917 «
552 2864 1002 2932 terminationis,
1033 2864 1238 2938 quibus
1265 2865 1464 2941 Bajani
1494 2863 1838 2939 profitentur

484 2967 508 2997 «
550 2944 874 3002 consentire
903 2945 965 3000 in
992 2944 1337 3002 adstruenda
1361 2946 1604 3003 efficacia
1623 2945 1837 3003 divinae

472 3048 506 3094 ,α
549 3025 768 3100 gratian
791 3042 931 3097 quos
955 3043 985 3083 a
1007 3025 1268 3083 doctrina
1299 3028 1642 3084 Calviniana
1669 3029 1836 3102 longe

485 3128 508 3158 «
540 3104 835 3170 dissidere,
861 3105 945 3162 fas
973 3123 1089 3163 non
1109 3114 1192 3163 est
1215 3123 1442 3182 negare.
1471 3129 1496 3160 »
1529 3108 1607 3165 Et
1635 3110 1790 3180 infra
1818 3126 1838 3160 .-

483 3209 506 3241 «
552 3190 756 3243 Assero
783 3188 1043 3261 BaJ’anOS,
1087 3188 1362 3262 quidquid
1408 3191 1483 3246 sit
1508 3189 1579 3247 de
1607 3189 1837 3246 Praede-

484 3288 507 3318 «
552 3267 1044 3336 terminatoribuS,
1091 3270 1657 3343 apertevconsentire
1700 3271 1837 3326 Cal·

484 3370 508 3399 α
551 3346 798 3416 νίηο,·εῐ
834 3350 918 3405 eis
943 3351 1190 3407 occlusas
1229 3367 1349 3408 esse
1387 3353 1530 3419 vias,
1564 3368 1665 3424 per
1697 3367 1836 3425 quas

484 3449 508 3479 (ι
553 3427 1158 3489 Praedetermiiiatores
1179 3449 1343 3489 suam
1370 3435 1599 3490 salvant
1619 3433 1836 3491 doctri-

484 3533 508 3561 «
554 3526 711 3569 nam.
739 3532 764 3564 »
794 3515 862 3568 Et
889 3530 1047 3570 num.
1079 3516 1171 3580 48,
1203 3514 1360 3572 addit
1392 3537 1405 3571 :
1436 3538 1460 3570 «
1485 3520 1747 3583 Demum,
1775 3519 1837 3572 ut

484 3612 509 3643 «
550 3598 769 3649 constet
808 3594 1154 3668 Baianorum
1185 3612 1214 3652 a
1238 3595 1836 3654 Praedeterminatori-

484 3692 508 3723 «
550 3669 655 3726 bus
694 3671 1025 3740 discrimen,
1055 3679 1112 3731 et
1137 3677 1376 3733 mentiri
1417 3678 1679 3752 Bajanos,
1703 3694 1833 3733 cum

483 3771 506 3801 a
551 3750 622 3807 ad
649 3767 848 3810 eorum
898 3754 1218 3812 doctrinam
1267 3763 1322 3813 et
1364 3758 1709 3815 solutionem
1740 3774 1836 3815 re—

484 3853 507 3883 «
551 3841 793 3890 currunt
812 3835 882 3891 de
898 3841 1169 3909 potestate
1188 3836 1560 3895 dissentiendi
1580 3839 1643 3894 in
1663 3854 1831 3895 sensu

306 3920 414 4011 tpes·
484 3934 509 3966 «
552 3912 757 3980 diviso,
805 3922 907 3973 etc.
944 3937 969 3966 n
1017 3919 1085 3973 Et
1128 3917 1447 3991 Stephanus
1495 3918 1836 3991 Deschamps

280 3980 300 4007 ⁰
332 3978 727 4066 amps‘ejusdem
752 3996 997 4053 instituti
1023 3998 1115 4055 lib.
1140 4000 1195 4063 2,
1220 3998 1285 4054 de
1303 4000 1489 4055 haeresi
1502 3997 1830 4055 Jansenian.

474 4076 615 4147 disp.
650 4077 712 4142 6,
746 4093 865 4150 cap.
903 4079 956 4147 9,
994 4079 1176 4151 inquit
1214 4099 1226 4134 :
1266 4101 1291 4131 α
1329 4078 1662 4137 Glorientur
1705 4079 1836 4136 licet

482 4178 503 4207 α
547 4156 886 4212 Janseniani
910 4163 990 4214 tot
1010 4174 1070 4215 se
1096 4159 1301 4230 nuperi
1329 4159 1612 4234 dogmatis
1639 4165 1835 4234 patro-

480 4261 503 4289 «
549 4253 652 4294 nos
697 4237 927 4304 habere,
977 4246 1112 4313 quot
1157 4242 1401 4316 physicae
1442 4241 1836 4315 praa-determi-

479 4342 502 4370 «
550 4319 802 4376 nationis
846 4319 1173 4379 defensores
1206 4324 1553 4380 extiterant:
1585 4340 1719 4380 vere
1744 4329 1836 4380 ta-

479 4423 502 4452 «
546 4415 681 4456 men
710 4401 855 4457 mihi
901 4401 1103 4460 videor
1130 4419 1250 4461 esse
1288 4403 1566 4471 dicturuS,
1617 4407 1828 4472 nullos,

478 4502 499 4531 «
547 4480 679 4537 huic
700 4480 974 4540 doetrinae
995 4484 1338 4542 insensiores
1368 4485 1631 4557 reperiri,
1660 4502 1835 4558 quam

478 4583 500 4613 «
532 4563 629 4634 qui
654 4570 775 4636 post
791 4570 986 4621 natam
1009 4567 1235 4622 Calvini
1258 4566 1522 4622 haeresim
1546 4583 1616 4625 ex
1638 4569 1691 4623 S.
1719 4570 1833 4624 Do-

477 4666 500 4694 «
546 4644 747 4701 minici
778 4645 1012 4712 Ordine,
1058 4648 1300 4720 aliisque
1345 4647 1597 4722 ejusdem
1637 4665 1834 4706 sacra-

478 4744 502 4775 «
545 4723 727 4779 menti
769 4725 1089 4800 Theologis,
1123 4726 1359 4800 majoris
1386 4726 1748 4795 eruditioniS,
1775 4734 1834 4787 et

476 4824 500 4855 «
552 4803 774 4878 ingenii
829 4805 998 4863 laude
1049 4806 1395 4865 floruerunt.
1462 4828 1488 4860 »
1547 4810 1657 4865 Per
1708 4826 1834 4883 quae

468 4883 642 4939 etiam
690 4883 989 4943 evidenter
1036 4886 1103 4944 ad
1152 4888 1448 4946 hominem
1502 4888 1833 4963 dispellitur

469 4964 912 5022 Calx‘inianismi
959 4966 1222 5035 infamia,
1268 4986 1439 5043 quam
1470 4971 1833 5029 Thomisticae

465 5046 726 5118 opinioni
750 5048 1017 5106 Juniores
1044 5050 1273 5122 quidam
1302 5052 1643 5111 studuerunt
1665 5054 1832 5111 allin-

1972 615 2124 673 gere.
2169 601 2314 655 Nam
2359 614 2490 655 cum
2518 600 2746 656 Jesuitae
2790 598 3086 672 disputant
3131 601 3333 654 contra
3351 609 3565 667 Adversa-

1972 679 2372 746 Jansenianos,
2421 685 2615 753 aperte
2659 680 2861 737 docent
2897 677 3332 736 Thomistarum
3361 669 3557 752 ἰξξοᾞὲ,

1973 761 2317 817 sententiam
2371 758 2441 816 ab
2490 775 2693 817 eorum
2744 775 2946 818 errore
2998 757 3335 833 longissime
3349 758 3539 810 quentia.

1974 840 2252 899 dissidere
2284 861 2298 897 ε
2333 847 2388 898 at
2417 840 2591 898 iidem
2627 847 2908 907 asserunt,
2940 839 3189 898 eundem
3214 853 3340 895 esse

1973 922 2452 988 Jansenistarum,
2483 928 2541 980 et
2568 922 2793 980 calvini
2817 921 3023 997 dogma
3052 935 3225 994 :ergo
3244 918 3339 975 vel

1976 1002 2447 1075 inconsequenter
2474 1003 2804 1076 loquuntur,
2855 1007 2912 1059 et
2937 998 3166 1073 indigni
3205 1002 3341 1054 sunt

1973 1083 2179 1156 quibus
2201 1082 2340 1141 fides
2363 1082 2722 1151 adhibeatur;
2743 1084 2835 1141 vel
2855 1082 3189 1156 obligantur
3211 1093 3343 1136 con·

1972 1164 2173 1223 cedere
2198 1166 2520 1230 veritatem,
2555 1181 2763 1238 nempe
2789 1163 3136 1220 sententiam
3177 1160 3336 1217 Tho-

1974 1246 2278 1303 mistarum
2306 1243 2377 1301 de
2401 1246 2588 1320 gratia
2630 1244 2945 1302 intrinseca
2971 1241 3177 1300 efficaci
3207 1241 3343 1297 lon-

1973 1329 2207 1404 gissime
2250 1328 2464 1385 distare
2509 1344 2541 1384 a
2588 1326 2819 1384 Calvini
2861 1340 3058 1384 errore
3110 1344 3125 1379 z
3173 1329 3342 1396 atque

1973 1408 2101 1465 ideo
2134 1409 2439 1465 anathema
2465 1412 2665 1465 contra
2701 1405 3009 1462 Calvinum
3038 1405 3102 1461 in
3129 1402 3342 1459 Conci-

1975 1488 2053 1545 lio
2079 1487 2419 1545 Tridentino
2446 1488 2625 1544 latum
2653 1484 3339 1544 nullatenus'l'homista-

1975 1586 2106 1627 rum
2140 1571 2485 1628 sententiam
2514 1570 2811 1643 attingere.
2839 1567 2997 1633 Quod
3019 1567 3140 1641 jam
3169 1569 3337 1622 nota-

1973 1655 2135 1708 verat
2157 1651 2463 1725 Dionysius
2479 1647 2857 1723 Raymundus
2879 1651 2974 1721 lp.
2999 1666 3045 1703 c.
3069 1648 3126 1711 4,
3144 1654 3256 1702 art.
3274 1646 3328 1713 9,
3348 1643 3558 1736 fflgguss-

1974 1731 2067 1786 his
2103 1729 2296 1786 verbis
2330 1752 2342 1787 :
2385 1755 2409 1783 «
2440 1732 2677 1786 Necesse
2703 1734 2787 1786 est
2814 1727 3172 1800 frequentem
3196 1724 3333 1782 libri
3488 1726 3497 1736 ‘

1980 1831 2006 1863 α
2045 1810 2303 1866 Jansenii
2346 1810 2649 1868 lectionem
2690 1807 2924 1864 Jesuitis
2958 1808 3151 1864 oculos
3196 1821 3335 1877 ape-

1979 1913 2005 1944 «
2049 1892 2250 1958 ruisse,
2279 1907 2407 1948 cum
2434 1908 2505 1948 ex
2546 1906 2614 1947 eo
2642 1893 2918 1963 tempore,
2950 1903 3061 1961 quo
3100 1886 3331 1960 prodiit,

1979 1994 2006 2025 «
2047 1979 2194 2030 recte
2215 1972 2588 2047 perceperint,
2604 1976 2884 2045 quantum
2904 1969 3335 2026 Thomistarum

1978 2077 2005 2108 α
2045 2054 2304 2112 doctrina
2345 2055 2416 2111 ab
2442 2070 2640 2112 errore
2687 2053 2922 2109 Calvini
2969 2050 3226 2108 differret
3269 2066 3338 2107 ea

1979 2159 2005 2190 «
2047 2143 2225 2211 parte,
2256 2153 2368 2211 qua
2393 2135 2463 2193 ad
2493 2132 3154 2210 praedeterminationem
3185 2131 3338 2205 phy-

1978 2241 2003 2272 «
2032 2219 2208 2275 sicam
2229 2223 2459 2292 spectat,
2482 2234 2585 2276 nec
2605 2216 2924 2274 destrueret
2945 2213 3327 2271 libertatem.»

1973 2302 2153 2357 Porro
2172 2305 2450 2373 quantum
2475 2297 2860 2364 Dominicani,
2886 2300 2943 2353 et
2967 2295 3245 2368 praecipue
3267 2296 3332 2351 P.

1969 2382 2219 2437 Joannes
2246 2381 2491 2447 Nicolai,
2516 2381 2579 2436 in
2600 2376 2950 2448 confutando
2969 2377 3337 2432 Jansenismo

1971 2459 2383 2525 laboraverint,
2409 2465 2466 2518 et
2491 2476 2664 2534 quam
2700 2460 2908 2516 acriter
2936 2456 3081 2514 illud
3107 2456 3337 2514 destru-

1969 2542 2180 2608 xerint,
2214 2541 2400 2598 videri
2447 2547 2627 2614 potest
2674 2541 2738 2597 in
2769 2539 3101 2613 praefatione
3131 2536 3201 2595 ad
3243 2542 3335 2594 to-

1969 2637 2131 2678 mum
2175 2624 2212 2676 2
2259 2621 2680 2695 Pantheologiae
2726 2618 3023 2694 Raynerii,
3073 2623 3129 2675 et
3186 2616 3333 2690 apud

1969 2702 2362 2760 Alexandrum
2410 2702 2628 2777 Sybille
2674 2708 2790 2758 toto
2835 2716 3006 2773 opere
3050 2699 3120 2756 de
3148 2698 3333 2756 libero

1970 2783 2210 2840 arbitrio
2229 2789 2428 2841 contra
2452 2785 2483 2837 J
2488 2783 2825 2839 ansenistaS.
3215 2847 3222 2855 ,

2040 2865 2171 2921 235.
2199 2863 2300 2919 His
2338 2858 2533 2921 tame'n
2556 2862 2739 2920 adhuc
2766 2876 2884 2919 non
2912 2861 3208 2935 quiescunt
3233 2860 3321 2916 in·
3372 2867 3524 2928 objec-

1968 2947 2160 3022 quieta
2209 2945 2571 3019 quorundam
2626 2944 3030 3002 Recentiorum
3079 2941 3328 3017 ingenia,
3403 2923 3473 2963 ¹¹⁰·

1968 3029 2064 3086 sed
2093 3033 2387 3101 opponunt
2433 3048 2445 3083 :
2475 3026 2747 3099 quoniam
2777 3025 3142 3082 Innocentius
3168 3025 3235 3091 X,
3270 3024 3333 3079 in

1971 3109 2129 3166 bulla
2165 3114 2363 3166 contra
2412 3107 2752 3164 Jansenium
2799 3105 2954 3163 edita
2980 3104 3248 3171 declarat,
3279 3108 3334 3161 et

1967 3192 2204 3248 damnat
2232 3195 2294 3245 ut
2340 3189 2663 3246 haereticam
2692 3188 2837 3245 hanc
2866 3188 3028 3245 illius
3070 3185 3334 3260 proposi-

1969 3273 2184 3330 tionem
2203 3293 2216 3328 ε
2232 3270 2268 3327 I
2266 3272 2495 3326 nteriori
2512 3271 2703 3341 yratiat
2718 3270 2775 3323 in
2789 3275 2940 3325 statu
2953 3276 3162 3325 natur-2
3175 3267 3336 3339 lapsae

1967 3364 2252 3429 nunquam
2296 3353 2569 3407 resistitur
2596 3373 2614 3406 :
2637 3365 2773 3423 ergo
2816 3346 3021 3405 definit
3066 3345 3333 3404 Pontifex

1969 3432 2115 3489 hanc
2167 3430 2615 3503 propositionem
2660 3450 2673 3486 ε
2717 3429 2987 3487 Interiora·
3034 3429 3227 3499 qratiae
3272 3429 3331 3482 in

1966 3519 2116 3568 statu
2153 3519 2362 3567 naturoe
2384 3512 2544 3584 lapsae
2564 3511 2838 3566 resistitur
2859 3528 2877 3562 .-
2905 3508 3002 3567 sed
3025 3507 3333 3582 propositio

1967 3590 2302 3650 doctrinalis
2324 3590 2629 3647 indefinita
2649 3590 2953 3662 aequivalet
2975 3588 3292 3645 universali
3316 3609 3329 3643 ε

1967 3689 2102 3748 ergo
2128 3671 2479 3729 determinat
2507 3671 2793 3736 Pontifex,
2824 3671 2972 3744 quod
2995 3670 3156 3739 omni
3180 3670 3329 3725 inte-

1969 3756 2111 3813 riori
2138 3755 2336 3829 gratiae
2383 3755 2445 3811 in
2495 3755 2598 3811 hoc
2625 3760 2773 3811 statu
2821 3754 3106 3810 resistitur
3151 3773 3164 3808 ε
3193 3767 3332 3827 ergo
3402 3772 3407 3775 ·

1968 3836 2132 3891 nulla
2172 3840 2255 3892 est
2279 3836 2466 3910 gratia
2493 3835 2737 3891 interior
2765 3835 2836 3892 ab
2870 3835 3184 3890 intrinseco
3208 3831 3332 3888 effi-

1967 3935 2096 3986 cax3
2141 3917 2273 3975 huic
2297 3918 2477 3982 enim,
2513 3923 2573 3973 ut
2615 3917 2777 3974 aiunt
2808 3916 3139 3980 Thomistae‚
3173 3929 3333 3971 nun-

1966 4014 2139 4073 quam
2170 3998 2472 4054 resistitur.

2041 4077 2438 4151 Respondetur
2468 4078 2675 4151 prim0,
2727 4093 2843 4133 non
2866 4073 3128 4132 excusari
3180 4089 3214 4129 a
3241 4078 3330 4130 te-
3343 4084 3544 4142 Respon-

1966 4161 2230 4217 meritate
2268 4158 2535 4214 Juniores
2561 4158 2710 4222 illos,
2742 4155 2839 4227 qui
2869 4152 3079 4209 audent
3105 4152 3327 4211 bullam
3395 4145 3479 4179 ⁵¹⁰·

1968 4239 2285 4297 Innocentii
2309 4236 2581 4294 adversus
2608 4235 2932 4292 Thomistas
2959 4233 3322 4306 intorquere;

1964 4321 2100 4394 quia
2129 4320 2249 4393 ipse
2296 4321 2567 4374 Summus
2596 4316 2862 4375 Pontifex
2908 4320 3032 4370 tum
3063 4314 3328 4387 pluribus

1966 4401 2114 4458 vivae
2134 4399 2290 4457 vocis
2310 4397 2588 4466 oraculis»,
2604 4403 2726 4453 tum
2748 4395 3075 4469 specialiter
3097 4395 3161 4451 in
3183 4398 3330 4453 Con-

1964 4480 2292 4556 gregatione
2334 4478 2589 4553 generali
2620 4480 2675 4535 S.
2708 4474 3106 4549 Inquisitionis
3131 4475 3329 4533 habita

1964 4563 2058 4619 die
2082 4563 2156 4619 23
2199 4561 2417 4634 Aprilis
2445 4560 2583 4617 anni
2622 4560 2772 4625 1654,
2804 4558 3117 4615 declaravit
3143 4573 3203 4616 se
3233 4574 3329 4616 re-

1965 4644 2228 4716 linquere
2254 4641 2705 4700 controversiam
2728 4638 2798 4696 de
2817 4639 3006 4713 gratia
3025 4637 3233 4696 efficaci
3262 4639 3327 4696 in

1963 4722 2166 4782 eodem
2206 4727 2375 4786 statu,
2409 4722 2470 4778 in
2508 4737 2621 4795 quo
2647 4735 2772 4778 eam
2822 4719 3133 4792 reliquerat
3174 4721 3327 4777 Pau-

1966 4807 2055 4862 lus
2083 4807 2151 4872 V,
2204 4802 2581 4877 praecepitque
2605 4802 2727 4876 eJ‘us
2752 4800 2979 4858 decreta
3004 4799 3323 4869 observari,

1961 4884 2169 4962 quibus
2195 4901 2395 4943 severe
2421 4884 2775 4959 prohibetur,
2810 4899 2882 4941 ne
2907 4882 3035 4956 quis
3062 4882 3324 4941 alterutri

1962 4967 2265 5026 sententia.²
2291 4967 2545 5040 aliquam
2575 4971 2770 5022 notam
2801 4964 3016 5021 inurat.
3044 4961 3202 5027 Quod
3231 4979 3321 5021 re-

1962 5057 2307 5126 cognoscunt
2329 5049 2439 5124 ipsi
2463 5051 2707 5115 Jesuitae,
2726 5053 2789 5104 ut
2809 5051 3071 5104 Annatus
3093 5048 3153 5104 in
3178 5046 3328 5104 libro

3233 5146 3325 5186 cui
