3647 5753
334 1397 542 1455 Testimo-

337 1448 521 1540 Tgoamlgf.

560 481 664 536 172
1580 468 1675 523 DE
1712 466 1984 523 GRATlA
2023 464 2363 520 EFFICACI.

554 650 824 718 aptantur
843 645 1040 718 gratiae
1059 659 1131 699 ex
1166 659 1227 700 se
1251 642 1480 708 efficaci,
1517 657 1687 714 quam
1714 638 1917 696 docent

552 726 880 782 Thomistae.
933 726 1082 798 Ergo
1120 723 1475 798 Augustinus
1503 737 1621 780 non
1648 721 1909 785 illorum,

550 804 651 863 sed
675 805 915 861 istorum
943 804 1288 861 sententiam
1332 803 1535 860 tenuit.
1568 801 1915 858 Recolantur

552 886 703 944 dicta
728 886 856 943 dub.
886 886 1106 959 praeccd.
1132 889 1163 956 5
1189 889 1245 952 7,
1269 892 1318 940 et
1339 885 1485 957 disp.
1516 885 1535 940 l
1576 883 1908 960 praemiali,

555 984 677 1040 cap.
706 969 761 1031 4,
787 969 817 1036 ς
842 967 898 1033 6,
923 973 971 1020 et
991 982 1114 1038 cap.
1142 967 1196 1033 5,
1227 967 1260 1034 5
1285 965 1340 1029 2,
1392 963 1486 1020 abi
1534 963 1651 1020 alia
1695 963 1914 1020 motiva

553 1044 950 1119 expendimus„
975 1061 1099 1118 quae
1123 1047 1189 1101 D.
1215 1044 1600 1119 Augustinum
1625 1059 1727 1116 pro
1748 1043 1913 1102 nobis

552 1133 703 1184 stare
723 1123 1038 1191 evidenter,
1058 1129 1341 1197 quantum
1365 1124 1610 1180 materia
1632 1123 1760 1192 fert,
1788 1140 1913 1197 per-

553 1206 792 1263 suadent
816 1229 830 1273 ;
860 1210 917 1263 et
942 1205 1118 1261 simul
1144 1205 1440 1272 evincunt,
1464 1203 1614 1276 quod
1638 1204 1702 1260 in
1737 1202 1912 1262 dubio

554 1279 939 1360 praesumptio,
970 1289 1026 1341 et
1041 1284 1316 1357 possessio
1334 1288 1444 1340 stat
1455 1300 1559 1357 pro
1573 1283 1907 1341 Thomistis.

627 1369 756 1424 249.
777 1364 1286 1433 Succedittandem,
1306 1371 1369 1421 ut
1385 1381 1511 1438 quae
1529 1368 1676 1422 exD.
1700 1366 1907 1422 Thom.

553 1451 850 1520 opponunt
870 1445 1202 1501 Adversarii
1223 1444 1532 1502 diluamus2
1564 1446 1634 1500 Et
1677 1444 1910 1520 quidem

555 1528 792 1583 Suarius
818 1527 939 1584 loco
965 1541 1139 1598 supra
1159 1525 1348 1591 citato,
1374 1543 1495 1599 cap.
1520 1528 1612 1594 49,
1646 1542 1765 1583 non
1790 1532 1910 1583 tam

553 1608 731 1666 refert
754 1608 1085 1666 testimonia
1111 1622 1235 1679 quae
1262 1611 1522 1664 nostram
1563 1609 1909 1666 sententiam

550 1688 893 1762 impugnent
930 1686 1071 1757 (haec
1104 1686 1313 1759 quippe
1355 1702 1473 1743 non
1514 1688 1694 1759 potuit
1734 1689 1796 1744 in
1849 1689 1905 1744 S.

551 1769 787 1825 Doctore
805 1766 1081 1839 reperire)
1100 1781 1273 1839 quam
1291 1767 1538 1823 occurrit
1553 1767 1911 1824 authoritati-

549 1847 653 1904 bus
676 1849 740 1903 D.
766 1847 1016 1912 Thomae,
1049 1845 1257 1918 quibus
1275 1846 1611 1919 opinionem
1633 1847 1744 1920 ipsi
1770 1863 1910 1904 con-

547 1928 791 1985 trariam
811 1942 985 1998 supra
1011 1926 1358 1982 exclusimus
1383 1930 1414 1997 5
1442 1928 1496 1993 2,
1532 1926 1631 1982 ubi
1679 1926 1908 1983 Adver-

441 2033 444 2038 ·
545 2007 835 2065 sariorum
855 2005 1151 2062 evasiones
1170 2006 1630 2074 confutavimus;
1654 2013 1711 2064 et
1730 2022 1906 2081 quam

544 2086 843 2146 evidenter
857 2089 921 2143 D.
942 2086 1145 2143 Thom.
1181 2091 1437 2143 nostram
1459 2085 1653 2144 doceat
1672 2092 1909 2145 senten-

545 2169 708 2233 tiam,
751 2165 1129 2224 ostendimus.
1159 2167 1280 2224 Duo
1333 2183 1489 2234 vero,
1520 2183 1644 2241 quae
1670 2167 1908 2225 Suarius

545 2250 609 2306 in
647 2246 908 2303 doctrina
952 2248 1019 2302 D.
1050 2245 1256 2302 Thom.
1287 2246 1584 2320 ponderat,
1619 2247 1907 2303 nimirum

544 2330 774 2386 nullum
802 2328 999 2402 gratias
1020 2327 1303 2384 auxilium
1325 2327 1553 2387 auferre
1573 2335 1905 2403 potestatem

548 2408 871 2474 resistendi,
897 2413 956 2464 et
980 2407 1258 2465 similiter
1303 2424 1537 2468 movere
1583 2411 1901 2477 moraliter,

544 2491 681 2546 satis
709 2489 982 2545 convulsa
1007 2493 1247 2544 manent
1267 2503 1338 2544 ex
1357 2505 1532 2563 supra
1553 2490 1718 2546 dictis
1743 2495 1775 2562 ς
1795 2492 1832 2547 3
1850 2497 1906 2548 et

544 2573 601 2637 7,
634 2568 730 2625 ubi
752 2567 1172 2624 declaravimus
1202 2567 1537 2640 praedictam
1568 2576 1902 2643 potestatem

546 2649 764 2722 optime
790 2663 918 2704 cum
941 2646 1159 2704 auxilio
1181 2662 1252 2704 ex
1277 2663 1338 2704 se
1363 2648 1571 2706 efficaci
1592 2651 1898 2710 cohaerere.

546 2729 617 2783 Et
641 2725 913 2783 similiter
939 2724 1010 2781 ad
1030 2724 1425 2783 defensionem
1449 2730 1747 2801 praesentis
1773 2730 1902 2790 doc-

545 2807 713 2863 trinae
741 2821 857 2862 non
884 2805 1133 2861 multum
1162 2805 1418 2874 interest,
1438 2807 1594 2881 quod
1617 2811 1903 2871 auxilium

544 2891 772 2944 moveat
836 2885 1135 2943 moraliter
1153 2910 1169 2954 3
1223 2886 1538 2946 dummodo
1590 2897 1897 2960 asseratur,

540 2967 692 3042 quod
707 2966 1162 3040 independenter
1176 2984 1209 3024 a
1221 2969 1460 3028 scientia
1482 2972 1674 3029 media
1697 2973 1903 3033 habeat

544 3047 919 3105 infallibilem
954 3048 1371 3120 connexionem
1407 3068 1538 3108 cum
1568 3069 1849 3111 consensu
1886 3076 1899 3111 ε

540 3127 612 3185 de
638 3144 750 3201 quo
795 3128 1008 3195 iterum
1049 3143 1283 3202 agemus
1321 3130 1452 3187 dub.
1499 3149 1605 3211 seq.
1657 3136 1902 3191 Possunt

543 3206 927 3263 nihilominus
960 3207 1153 3281 aliqua
1192 3222 1264 3265 ex
1305 3211 1367 3267 D.
1410 3211 1631 3270 Thema
1663 3215 1894 3287 opponi,

539 3284 747 3360 quibus
771 3286 1097 3359 satisfacere
1130 3293 1371 3360 oportet.
1414 3291 1626 3361 Primo,
1664 3296 1799 3367 quia
1838 3297 1897 3351 S.

540 3369 746 3425 Doctor
768 3366 990 3433 asserit,
1023 3365 1275 3424 liberum
1301 3369 1614 3431 arbitrium
1650 3373 1757 3430 sub
1796 3376 1900 3433 Dei

536 3445 792 3503 motione
811 3461 872 3502 se
885 3444 1293 3516 determinare,
1314 3455 1376 3507 ut
1429 3454 1615 3527 lpart.
1635 3463 1820 3533 quast.
1839 3450 1893 3524 9,

540 3536 650 3585 art.
677 3530 713 3583 6
759 3527 834 3581 ad
858 3529 912 3594 3,
942 3526 1039 3583 ubi
1067 3528 1148 3584 ait
1173 3550 1186 3585 :
1218 3553 1243 3583 «
1273 3532 1421 3590 Deus
1454 3541 1649 3594 movet
1688 3539 1898 3596 volun-

545 3631 572 3661 «
614 3612 792 3665 tatem
826 3607 1080 3665 hominis
1121 3615 1180 3665 ut
1214 3612 1566 3673 universalis
1603 3622 1791 3675 motor
1826 3617 1897 3675 ad

545 3710 571 3743 α
613 3688 944 3745 universale
987 3687 1287 3763 objectum,
1325 3695 1475 3766 quod
1512 3701 1599 3754 est
1637 3697 1893 3766 bonum;

546 3789 574 3821 α
613 3766 711 3824 sed
740 3767 911 3824 homo
939 3782 1039 3839 per
1068 3769 1353 3828 rationem
1375 3789 1436 3830 se
1457 3774 1802 3834 determinat
1823 3776 1895 3835 ad

547 3871 572 3903 α
615 3847 924 3906 volendum
951 3849 1070 3917 hoc,
1100 3852 1194 3907 vel
1209 3851 1377 3929 illud.
1407 3875 1432 3907 »
1455 3857 1604 3913 Etin
1620 3858 1725 3916 hoc
1737 3876 1896 3917 cons·

538 3929 695 3992 tituit
746 3927 1135 3986 differentiam
1191 3932 1346 3990 inter
1404 3938 1628 4010 agentia
1684 3938 1888 4007 libera,

533 4015 591 4068 et
632 4024 748 4066 non
795 4007 998 4074 libera,
1048 4015 1110 4066 ut
1149 4013 1209 4067 in
1243 4015 1296 4081 2,
1336 4013 1467 4071 dist.
1496 4018 1588 4084 25,
1620 4028 1803 4096 quast.
1843 4024 1887 4090 l,

532 4096 623 4145 art
682 4089 728 4154 l,
754 4088 829 4143 ad
854 4089 909 4152 3,
936 4086 1034 4143 ubi
1057 4088 1278 4162 inquit:
1332 4114 1358 4144 α
1382 4094 1716 4165 Dicendum,
1741 4099 1892 4173 quod

539 4193 565 4224 α
607 4172 756 4226 Deus
783 4174 1055 4240 operatur
1081 4171 1144 4227 in
1189 4173 1490 4244 omnibus;
1542 4177 1621 4236 ita
1671 4186 1885 4249 tamen,

538 4273 564 4304 α
607 4248 757 4324 quod
780 4249 844 4305 in
865 4265 1204 4325 unoquoque
1222 4255 1536 4314 secundum
1558 4261 1680 4335 ejus
1699 4263 1891 4321 condi-

539 4352 565 4384 «
607 4331 846 4387 tionem.
879 4328 1045 4387 Unde
1071 4331 1135 4388 in
1163 4331 1332 4391 rebus
1359 4340 1725 4399 naturalibus
1751 4358 1891 4417 ope-

537 4431 562 4463 «
607 4414 769 4467 ratur
800 4408 946 4465 sicut
971 4410 1315 4471 ministrans
1354 4417 1629 4477 virtutem
1661 4421 1884 4498 agendi,

537 4511 564 4544 α
604 4494 663 4546 et
686 4489 830 4546 sicut
855 4488 1251 4551 determinans
1278 4501 1550 4555 naturam
1599 4500 1670 4558 ad
1711 4504 1884 4561 talem

536 4592 561 4624 α
603 4569 906 4628 actionem.
939 4573 1005 4627 In
1048 4572 1233 4634 libero
1260 4581 1450 4634 autem
1498 4579 1742 4640 arbitrio
1782 4583 1888 4642 hoc

535 4673 561 4704 α
600 4648 773 4707 modo
793 4650 928 4724 agit,
968 4656 1031 4707 ut
1056 4653 1332 4712 virtutem
1379 4659 1584 4735 agendi
1623 4662 1734 4720 sibi
1777 4664 1887 4721 mi·

532 4752 559 4783 α
600 4728 824 4796 nistret,
850 4734 906 4786 et
930 4730 1056 4803 ipso
1106 4739 1380 4806 operante
1420 4737 1671 4797 liberum
1723 4741 1885 4800 arbi-

532 4834 559 4865 «
600 4809 780 4867 trium
833 4814 962 4885 agat
1011 4833 1024 4869 ε
1078 4812 1177 4871 sed
1227 4820 1423 4874 tamen
1475 4818 1884 4883 determinatio

527 4914 555 4945 α
597 4889 857 4958 actionis,
887 4895 944 4948 et
961 4888 1098 4949 finis
1118 4893 1182 4950 in
1209 4894 1484 4969 potestate
1510 4901 1680 4961 liberi
1721 4905 1883 4963 arbi-

525 4994 551 5026 «
594 4972 697 5029 trii
747 4972 1116 5033 constituitur
1172 4997 1186 5033 :
1240 4978 1395 5037 unde
1446 4983 1709 5044 remanet
1768 4988 1882 5046 sibi

519 5073 548 5105 «
589 5050 863 5110 dominus
902 5053 995 5110 sui
1040 5061 1214 5127 actus,
1265 5058 1397 5119 licet
1449 5077 1568 5122 non
1615 5064 1695 5123 ita
1738 5067 1883 5127 sicut

2053 657 2079 688 α
2123 635 2313 708 primo
2359 638 2569 712 agenti.
2627 660 2652 690 »
2708 639 3007 696 Auxilium
3054 656 3192 698 vero
3233 657 3303 697 ex
3350 658 3413 698 se

2046 715 2241 773 efficax
2287 716 2638 776 determinat
2677 718 2746 775 ad
2788 719 3101 777 volendum
3146 722 3269 789 hoc,
3318 722 3409 780 vel

2047 797 2214 865 illud,
2239 803 2296 856 et
2321 805 2439 856 tam
2468 800 2539 857 ad
2568 801 2870 869 actionem,
2894 817 3067 874 quam
3092 802 3162 859 ad
3190 802 3365 861 finem
3393 826 3406 862 :

2045 893 2181 954 ergo
2212 896 2284 936 ex
2305 881 2591 938 sententia
2618 885 2681 940 D.
2715 883 2951 940 Thomae
2978 884 3151 940 homo
3180 885 3244 941 in
3271 902 3407 959 ope—

2048 959 2369 1016 rationibus
2396 959 2597 1017 liberis
2624 977 2740 1019 non
2777 967 3044 1019 movetur
3079 964 3299 1022 auxilio
3335 981 3405 1022 ex

2044 1054 2123 1109 se,
2154 1048 2210 1097 et
2236 1040 2307 1098 ab
2330 1041 2645 1100 intrinseco
2681 1042 2908 1100 efficaci.
2955 1043 3226 1113 Secundo,
3271 1048 3406 1120 quia

2045 1119 2099 1174 S.
2131 1121 2334 1177 Doctor
2362 1121 2580 1190 asserit,
2615 1121 2917 1179 hominem
2945 1140 3106 1196 posse
3142 1125 3407 1184 resistere

2045 1201 2291 1257 motioni
2320 1201 2547 1268 efficaci,
2599 1209 2661 1258 ut
2685 1204 2921 1277 quodlib.
2953 1209 3008 1271 7,
3039 1213 3150 1262 art.
3192 1209 3206 1264 l
3245 1207 3320 1262 ad
3344 1210 3398 1275 2,

2045 1280 2144 1338 ubi
2166 1282 2246 1338 ait
2274 1304 2286 1338 :
2322 1305 2347 1335 α
2378 1283 2469 1339 Sic
2493 1286 2641 1340 Deus
2674 1290 2867 1342 movet
2906 1292 3159 1344 mentem
3195 1288 3404 1347 huma—

2050 1382 2077 1414 «
2121 1377 2257 1418 nam
2286 1362 2355 1418 ad
2384 1361 2616 1431 bonum,
2646 1363 2796 1436 quod
2825 1369 3021 1422 tamen
3067 1372 3252 1439 potest
3272 1369 3404 1426 huic

2050 1462 2077 1494 α
2119 1442 2362 1498 motioni
2401 1442 2718 1499 resisteres>
2754 1445 2824 1499 Et
2848 1447 3097 1518 quaest.6
3141 1446 3397 1512 deMalo,

2043 1526 2154 1577 art.
2185 1521 2369 1590 unic0,
2421 1520 2491 1578 ad
2545 1524 2628 1590 15,
2674 1523 2864 1597 inquit
2920 1545 2933 1580 :
2993 1547 3018 1579 c<
3051 1526 3203 1584 Licet
3254 1530 3399 1586 Deus

2049 1624 2075 1656 «
2118 1601 2286 1657 faciat
2350 1603 2705 1659 voluntatem
2758 1604 2927 1670 velle,
2986 1620 3103 1662 non
3154 1613 3393 1680 oportet,

2049 1705 2075 1736 «
2115 1681 2265 1755 quod
2287 1699 2356 1739 ex
2386 1684 2716 1740 necessitate
2730 1683 2835 1741 hoc
2854 1683 3050 1752 faciat;
3069 1686 3201 1759 quia
3219 1693 3400 1761 potest

2049 1785 2075 1817 «
2117 1778 2219 1835 per
2268 1762 2455 1835 ipsam
2508 1764 2870 1821 voluntatem
2920 1766 3396 1839 impedimentum

2049 1864 2074 1895 α
2117 1843 2402 1915 praestari.
2438 1863 2463 1894 J>
2499 1844 2568 1898 Et
2616 1845 2633 1898 l
2696 1850 2845 1916 part.
2866 1851 3067 1918 quaest.
3089 1850 3178 1915 62,
3202 1854 3310 1919 art.
3341 1849 3394 1916 3,

2040 1921 2111 1979 ad
2132 1925 2186 1991 2,
2214 1924 2294 1978 ait
2324 1946 2337 1980 ε
2388 1945 2413 1976 «
2445 1923 2750 1981 Inclinatio
2784 1926 2982 1999 gratiae
3018 1943 3135 1984 non
3183 1928 3401 1986 inducit

2047 2026 2074 2058 α
2115 2003 2528 2066 necessitatem.
2561 2004 2658 2062 sed
2701 2005 2921 2063 habens
2945 2009 3195 2082 gratiam
3223 2015 3403 2083 potest

2047 2106 2074 2138 α
2108 2100 2174 2141 ea
2201 2100 2319 2142 non
2349 2084 2454 2140 uti.
2486 2106 2511 2136 »
2540 2086 2598 2140 Si
2630 2091 2822 2143 autem
2850 2089 3138 2146 auxilium
3165 2095 3310 2148 esset
3326 2104 3396 2146 ex

2038 2179 2117 2231 se,
2141 2169 2198 2221 et
2217 2163 2289 2221 ab
2312 2164 2625 2221 intrinseco
2646 2164 2864 2235 efficax,
2890 2183 3007 2225 non
3029 2175 3215 2243 posset
3228 2170 3399 2227 homo

2041 2243 2150 2316 ipsi
2180 2244 2462 2309 resistere,
2507 2244 2607 2300 sed
2655 2248 2975 2306 necessario
3020 2249 3109 2305 illi
3155 2247 3393 2308 cederet.

2046 2322 2245 2389 Tertio,
2276 2325 2411 2398 quia
2438 2320 2737 2382 D.‘Thom.
2768 2327 2945 2394 docet,
2972 2327 3399 2389 determinatio-

2038 2419 2175 2468 nem
2244 2403 2669 2462 immutabilem
2740 2406 3015 2466 inducere
3078 2408 3395 2467 absolutam

2038 2485 2450 2552 necessitatem,
2478 2502 2511 2542 a
2530 2503 2638 2558 qua
2662 2489 2902 2562 proinde
2916 2489 3398 2551 determinatione

2037 2562 2202 2622 debet
2227 2563 2449 2622 absolvi
2472 2565 2723 2624 liberum
2765 2568 3094 2638 arbitrium,
3125 2577 3184 2628 ut
3210 2579 3390 2648 quast.

2036 2647 2128 2713 22,
2170 2646 2233 2701 de
2288 2646 2539 2713 Veritate,
2570 2656 2680 2705 art.
2710 2651 2765 2716 6,
2817 2653 2876 2706 in
2914 2670 3062 2725 corp.
3111 2655 3211 2710 ubi
3256 2655 3335 2711 ait
3378 2677 3391 2712 ε

2036 2725 2137 2783 Eoe
2155 2729 2253 2784 hoc
2271 2729 2477 2786 dicitur
2497 2731 2719 2808 aliquid
2726 2749 2835 2789 esse
2850 2737 3229 2802 necessarium,
3255 2739 3395 2815 quod

2035 2815 2112 2864 est
2158 2812 2575 2868 immutabiliter
2621 2814 3043 2873 determinatum
3086 2819 3162 2873 ad
3197 2836 3387 2875 unum.

2036 2891 2106 2946 Et
2129 2900 2311 2969 quaest.
2343 2894 2435 2959 24,
2467 2901 2576 2949 art.
2619 2896 2636 2949 l
2691 2897 2766 2951 ad
2799 2899 2884 2964 14,
2917 2897 3111 2956 addit:
3156 2898 3233 2957 Et
3281 2901 3396 2956 ideo

2035 2987 2143 3026 non
2163 2980 2386 3046 oportet,
2413 2974 2556 3048 quod
2576 2983 2777 3032 mentes
2802 2978 3053 3035 humanas
3083 2982 3195 3036 sint
3219 2980 3393 3036 deter-

2034 3054 2256 3109 minatae
2274 3055 2349 3109 ad
2374 3056 2592 3133 aliqu-os
2610 3058 2845 3129 effectus,
2871 3060 2964 3115 sed
2989 3070 3226 3135 respectu
3252 3062 3393 3118 mul-

2034 3141 2215 3190 torum
2238 3137 2540 3209 efficaciam
2566 3138 2785 3206 habent,
2827 3144 3042 3197 ratione
3066 3145 3225 3215 cujus
3260 3161 3392 3200 con-

2036 3218 2181 3271 venit
2205 3218 2283 3272 eis
2303 3216 2542 3274 libertas.
2574 3220 2877 3277 Auxilium
2906 3228 3190 3290 autemex
3210 3240 3289 3292 se,
3336 3231 3393 3283 et

2033 3295 2104 3353 ab
2128 3296 2441 3355 intrinseco
2481 3299 2675 3357 efficax
2704 3301 3156 3363 immutabiliter
3201 3305 3391 3364 deter-

2032 3378 2219 3435 minat
2238 3379 2309 3435 ad
2338 3396 2539 3447 unum,
2569 3397 2777 3456 nempe
2798 3383 2868 3440 ad
2892 3390 3101 3454 actum,
3125 3404 3256 3445 cum
3280 3406 3391 3462 quo

2031 3461 2413 3518 essentialiter
2427 3464 2803 3523 connectitur.
2836 3465 3066 3539 Quarto,
3088 3472 3156 3525 D.
3180 3470 3384 3529 Thom.

2031 3540 2252 3607 asserit,
2303 3543 2660 3601 vocationem
2714 3561 2837 3603 esse
2900 3547 3202 3616 efficacem,
3272 3566 3387 3607 non

2031 3619 2445 3687 antecedenter,
2477 3622 2574 3679 sed
2605 3622 2677 3680 ab
2704 3624 2924 3693 effectu,
2958 3634 3019 3684 ut
3059 3630 3173 3687 lect.
3218 3629 3272 3698 3,
3316 3631 3390 3686 ad

2029 3716 2154 3773 cap.
2196 3700 2247 3768 8,
2300 3704 2451 3774 epist.
2502 3703 2578 3758 ad
2623 3703 2778 3762 Rom.
2833 3705 2929 3763 ubi
2972 3709 3160 3783 inquit
3204 3730 3218 3765 :
3266 3708 3392 3767 Haec

2028 3783 2244 3837 vocatio
2264 3791 2338 3839 est
2364 3785 2567 3857 efficaci:
2593 3787 2651 3840 in
2676 3788 3093 3860 praedestinatiS,
3125 3793 3260 3866 quia
3280 3793 3388 3848 ku-

2017 3861 2268 3932 jusmodi
2293 3866 2570 3920 vocationi
2588 3869 2913 3926 assentiunt.
2937 3871 3236 3927 Auxilium
3254 3887 3391 3930 vero

2027 3956 2098 3997 ex
2117 3956 2177 3998 se
2203 3941 2399 3999 efficax
2427 3960 2544 4001 non
2573 3945 2644 4003 ab
2669 3946 2888 4015 effectu,
2920 3949 3018 4006 sed
3044 3950 3388 4009 anteceden-

2027 4026 2115 4081 ter
2136 4022 2206 4080 ad
2227 4024 2397 4080 illum
2422 4025 2592 4083 habet
2613 4027 2937 4087 efficaciam.
2972 4030 3177 4088 Ultimo
3202 4035 3387 4108 Ange-

2027 4102 2171 4159 licus
2196 4106 2400 4161 Doctor
2421 4106 2649 4163 nullum
2680 4110 2963 4166 auxilium
3011 4114 3380 4187 recognoscit,

2025 4184 2175 4258 quod
2192 4185 2398 4244 habeat
2417 4187 2792 4248 infallibilem
2806 4192 3224 4251 connexionem
3252 4212 3385 4252 cum

2024 4281 2336 4335 consensu;
2367 4267 2464 4325 sed
2496 4271 2697 4328 asserit
2723 4288 2883 4345 posse
2910 4275 3091 4330 Deum
3117 4280 3200 4332 tot
3225 4277 3385 4332 mul-

2023 4348 2285 4422 tiplicare
2313 4350 2550 4420 auxilia,
2591 4357 2654 4408 ut
2704 4352 2877 4411 homo
2926 4353 3162 4413 tandem
3208 4359 3383 4415 alicui

2022 4429 2199 4497 cedat,
2224 4436 2281 4488 et
2300 4431 2381 4488 sic
2394 4438 2567 4500 certa,
2592 4439 2650 4491 et
2662 4450 2861 4493 secura
2888 4436 3159 4495 reddatur
3185 4439 3384 4497 inten-

2021 4509 2101 4567 tio
2126 4509 2347 4568 divina.
2379 4511 2469 4568 Sic
2488 4513 2649 4569 enim
2675 4512 2834 4572 docet
2860 4525 3040 4595 quast.
3078 4520 3131 4585 6,
3167 4519 3231 4574 de
3277 4518 3383 4578 Ve-

2019 4592 2203 4656 ritate,
2234 4597 2348 4646 art.
2383 4591 2437 4658 3,
2470 4591 2568 4649 ubi
2597 4593 2714 4650 haec
2736 4594 2906 4653 habet
2932 4618 2945 4653 :
2975 4619 3002 4651 α
3044 4598 3385 4656 Invenimus

2025 4690 2052 4722 α
2094 4668 2359 4728 ordinem
2417 4671 2878 4745 compossibilem
2942 4693 3064 4736 esse
3122 4685 3381 4753 respectu

2025 4772 2052 4803 α
2092 4752 2332 4828 alicujus
2357 4751 2677 4825 dupliciter.
2712 4755 2842 4813 Uno
2885 4759 3057 4819 modo
3092 4760 3158 4818 in
3189 4776 3384 4834 quan—

2024 4854 2050 4886 α
2091 4837 2214 4889 tum
2238 4849 2355 4890 una
2379 4850 2548 4891 causa
2565 4834 2885 4911 singularis
2907 4838 3170 4912 producit
3207 4841 3383 4901 effec-

2023 4934 2049 4967 «
2089 4917 2212 4970 tum
2234 4928 2405 4970 suum
2424 4930 2497 4973 ex
2516 4914 2721 4974 ordine
2740 4917 2960 4978 divinae
2974 4921 3376 4994 providentiae.

2022 5014 2049 5046 «
2094 4993 2224 5051 Alio
2259 4993 2447 5061 modo,
2495 4995 2726 5068 quando
2743 5014 2816 5057 ex
2859 5016 3134 5060 consursu
3185 5019 3382 5063 causa-

2022 5094 2049 5126 «
2092 5087 2224 5129 rum
2249 5075 2567 5132 multarum
2603 5077 3078 5156 contingentium,
3128 5087 3185 5140 et
3228 5082 3380 5142 defl-

3243 5179 3378 5223 cere
