3647 5753
1357 370 1534 426 DISP.
1582 369 1679 434 vl,
1721 368 1868 423 DUB
1907 368 1975 422 11.

233 554 402 619 tiam,
432 557 495 608 ut
518 551 844 626 praedictam
874 547 1274 607 remissionem
1300 544 1595 617 importat.

234 628 298 692 s'i
319 636 488 693 enim·
508 640 865 707 supponatur
893 629 1235 705 oppositum,
1265 627 1410 684 sicut
1436 626 1499 681 in
1537 639 1605 681 ea

237 707 1598 790 hypothesiconceduntcommuniter'l'homistae,

234 796 385 870 quod
425 798 614 871 justus
656 801 840 870 posset
868 810 970 868 pro
997 792 1239 850 alterius
1279 794 1519 862 peccato,
1551 792 1606 844 et

233 877 453 934 offensa
480 878 549 934 ad
572 877 954 949 aequalitatem
976 874 1301 931 satisfacere
1328 892 1341 926 ε
1372 871 1452 925 ita
1477 882 1609 925 con-

233 965 539 1033 sequenter
560 959 868 1018 dicendum
896 957 1024 1022 erit,
1057 954 1207 1027 quod
1236 953 1411 1026 possit
1438 949 1604 1007 alteri

237 1040 641 1097 remissionem
683 1038 912 1096 offensas
950 1035 1019 1093 de
1054 1034 1338 1109 condigno
1365 1030 1601 1089 mereri.

236 1121 322 1176 Ad
378 1123 629 1196 primam
684 1126 873 1177 autem
921 1117 1161 1191 majoris
1206 1115 1605 1190 probationem

238 1201 634 1276 respondetur,
668 1199 954 1256 malitiam
997 1197 1206 1270 peccati
1250 1211 1365 1252 non
1401 1192 1606 1252 consti-

235 1290 397 1341 tuere
424 1283 748 1340 formaliter
777 1282 1073 1338 hominem
1097 1293 1340 1342 summe,
1368 1277 1472 1333 hoc
1497 1278 1600 1339 est,

234 1363 464 1422 infinite
510 1365 805 1422 infelicem
840 1385 853 1420 ε
894 1378 1032 1419 nam
1074 1359 1341 1434 praedicta
1380 1356 1607 1414 malitia

234 1444 402 1503 finita
416 1452 517 1512 est,
538 1464 667 1503 cum
687 1447 876 1519 privet
897 1442 1222 1502 formaliter
1243 1440 1392 1496 bono
1416 1436 1599 1504 finito,

235 1531 298 1581 ut
321 1529 583 1599 proxime
603 1526 955 1584 dicebamus.
974 1522 1252 1580 Redditur
1271 1536 1412 1577 vero
1433 1520 1605 1587 homo

156 1613 162 1618 ’
235 1606 465 1665 infinite
494 1608 703 1665 infelix
734 1608 957 1664 ratione
986 1604 1217 1662 offensae
1238 1606 1352 1660 Deo
1380 1602 1606 1675 irroga-

79 3644 218 3692 curri-

79 3709 92 3742 τ
122 3705 220 3755 oon-

79 3752 230 3793 matio·

86 3795 152 3840 nl.

234 1695 323 1756 tae,
353 1690 489 1762 quia
513 1690 629 1746 haec
655 1687 846 1746 reddit
867 1687 1165 1744 hominem
1189 1684 1505 1759 obligatum
1537 1680 1607 1738 ad

236 1770 532 1828 infinitam
581 1770 1049 1834 satisfactionem,
1083 1771 1176 1825 vel
1205 1768 1275 1824 ad
1310 1764 1606 1823 infinitam

236 1869 466 1926 pennam
484 1853 605 1909 loco
620 1849 1026 1909 satisfactionis
1042 1846 1420 1905 subeundam.
1443 1843 1608 1902 Unde

235 1932 385 2006 quod
429 1935 578 1989 Deus
621 1930 1031 2004 obligationem
1061 1928 1225 1984 illam
1254 1927 1480 1985 homini
1513 1941 1608 1982 re-

236 2013 446 2081 mittat,
480 2017 565 2069 est
594 2010 934 2069 beneficium
963 2010 1348 2066 extrinsecum
1377 2006 1608 2063 infinite

233 2092 577 2149 aestimabile
604 2090 917 2149 secundum
943 2088 1194 2161 prudens
1215 2088 1495 2161 judicium
1516 2110 1529 2153 ;
1553 2090 1610 2143 et

237 2174 512 2246 importat
542 2172 873 2230 felicitatem
897 2168 1188 2227 infinitam
1217 2170 1374 2225 velut
1396 2167 1609 2241 negati-

238 2269 392 2319 vam,
426 2254 531 2311 hoc
555 2258 662 2318 est,
692 2252 1010 2309 carentiam
1052 2249 1195 2305 mali
1237 2248 1478 2314 infiniti,
1517 2247 1607 2302 cui

239 2334 415 2391 homo
435 2332 704 2389 manebat
730 2332 1034 2390 obnoxius:
1064 2330 1150 2386 Ad
1176 2328 1488 2387 secundam
1515 2326 1610 2383 di·-

238 2413 486 2471 cendum
532 2419 634 2480 est,
674 2413 1074 2470 remissionem
1106 2412 1352 2470 offensae
1393 2409 1609 2468 consti-

242 2503 402 2554 tuere
427 2495 728 2554 hominem
754 2495 995 2570 dignum
1036 2494 1291 2551 amicitia
1324 2493 1445 2559 Dei,
1476 2493 1610 2565 quia

245 2577 442 2649 nequit
464 2580 611 2634 Deus
637 2576 914 2633 offensam
956 2575 1268 2640 remittere,
1300 2575 1443 2649 quin
1471 2588 1610 2630 oon-

242 2658 390 2715 ferat
431 2658 658 2716 homini
699 2656 945 2733 gratiam
981 2678 993 2713 :
1026 2656 1207 2714 immo
1241 2657 1433 2729 ipsum
1474 2670 1610 2728 pro·

239 2739 449 2798 ducere
498 2741 563 2797 in
614 2740 853 2797 homine
900 2740 1182 2814 gratiam,
1236 2744 1325 2796 est
1381 2737 1608 2795 homini

238 2821 516 2879 offensam
566 2821 882 2889 remittere,
930 2826 990 2876 ut
1034 2820 1392 2879 ostendimus
1443 2826 1607 2876 tract.

236 2906 458 2978 praeced.
490 2905 635 2978 disp.
666 2907 722 2971 2,
753 2905 882 2962 dub.
906 2908 962 2963 4.
995 2907 1126 2963 Esto
1153 2921 1311 2970 vero,
1335 2902 1487 2976 quod
1515 2919 1609 2960 re-

240 2986 441 3043 missio
462 2985 693 3042 offensae
720 3001 839 3042 non
879 2986 1110 3043 afferret
1136 2982 1609 3057 indispensabili-

240 3072 329 3122 ter
377 3065 627 3139 gratiam
649 3108 662 3131 ,
716 3080 819 3122 uec
874 3065 1245 3123 constitueret
1310 3064 1610 3121 hominem

241 3147 485 3220 positive
529 3145 772 3219 dignum
799 3160 997 3202 amore
1035 3147 1153 3213 Dei,
1185 3144 1369 3201 adhuc
1414 3151 1611 3200 tamen

238 3227 536 3285 excederet
576 3227 867 3283 malitiam
908 3226 1139 3298 peccati,
1171 3225 1307 3297 quia
1348 3223 1612 3297 praedicta

241 3310 505 3368 remissio
548 3324 648 3381 per
689 3308 937 3380 seipsam
986 3307 1134 3365 foret
1176 3307 1433 3364 carentia
1469 3305 1610 3362 mali

242 3390 495 3452 infiniti,
547 3404 611 3443 ac
664 3387 910 3460 proinde
968 3388 1201 3446 afferret
1258 3387 1613 3444 aestimabili-

240 3478 415 3527 tatem
470 3466 765 3523 infinitam
794 3509 810 3534 ,
864 3485 989 3541 quas
1040 3473 1271 3542 superat
1321 3469 1611 3526 malitiam

242 3551 469 3608 finitam
500 3550 732 3622 peccati.

319 3632 404 3687 Ad
425 3629 926 3688 confirmationem
954 3629 1260 3687 dicendum
1282 3635 1385 3696 est,
1417 3630 1612 3703 dupli-

241 3713 382 3772 citer
411 3726 573 3785 posse
596 3709 894 3767 hominem
918 3726 952 3767 a
980 3714 1201 3784 peccato
1230 3712 1568 3783 praeservari
1596 3732 1609 3766 :

246 3810 359 3851 uno
406 3793 578 3849 modo
624 3810 657 3850 a
698 3798 940 3864 peccato,
972 3792 1123 3865 quod
1165 3808 1268 3849 nec
1304 3794 1607 3860 contraxit,

244 3891 347 3932 nec
387 3873 631 3931 habebat
680 3872 938 3931 debitum
979 3873 1355 3931 contrahendi
1388 3895 1401 3930 ε
1433 3875 1612 3931 altero

245 3957 413 4015 modo
439 3975 472 4014 a
502 3960 741 4029 peccato,
774 3955 923 4028 quod
959 3957 1130 4012 homo
1159 3971 1277 4013 non
1304 3957 1606 4025 contraxit,

242 4038 340 4096 sed
368 4037 613 4095 habebat
654 4034 912 4092 debitum
958 4037 1358 4094 contrahendi.
1389 4040 1456 4093 Et
1480 4038 1613 4111 qui-

242 4119 374 4176 dem
431 4119 654 4192 primus
708 4116 911 4173 modus
984 4118 1448 4188 praeservationis
1494 4133 1612 4174 non

245 4200 521 4272 importat
559 4197 842 4272 majorem
882 4196 1408 4266 aestimabilitatem,
1439 4214 1612 4271 quam

246 4279 511 4336 remissio
532 4276 780 4344 offensas,
801 4276 898 4333 sed
920 4279 1107 4350 potius
1129 4278 1449 4345 minorem;
1476 4294 1612 4335 nam

248 4359 510 4432 praedicta
539 4358 906 4432 praeservatio
953 4373 1025 4414 ex
1066 4358 1228 4415 nullo
1275 4360 1457 4431 capite
1497 4361 1614 4417 im-

249 4447 432 4514 portat
471 4438 977 4497 aestimabilitatem
1019 4439 1363 4514 simpliciter
1412 4442 1615 4500 infini-

247 4530 384 4588 tam,
404 4538 578 4595 quam
595 4527 789 4578 tamen
811 4521 1085 4593 importat
1103 4522 1365 4581 remissio
1382 4525 1614 4581 offensae

246 4604 457 4677 gravis,
500 4608 561 4660 nt
604 4617 777 4675 supra
825 4602 1294 4675 ponderavimuS.
1326 4604 1615 4662 Secundus

248 4690 437 4741 autem
457 4682 918 4758 praeservatiouis
933 4683 1135 4741 modus
1155 4690 1239 4742 est
1260 4686 1609 4754 virtualiter,

246 4774 302 4825 et
328 4768 742 4842 aequivalenter
779 4766 1087 4826 destructio
1114 4768 1364 4838 offensae,
1393 4776 1450 4827 et
1475 4786 1615 4827 con-

248 4850 480 4909 donatio
517 4849 804 4906 subeundi
845 4865 1072 4923 poenam
1122 4868 1227 4924 pro
1254 4853 1358 4909 tali
1400 4851 1616 4909 offensa

248 4931 499 4989 debitam
547 4953 560 4987 ε
608 4930 762 4988 unde
814 4947 934 4988 non
984 4932 1262 5005 importat
1323 4934 1612 4991 minorem

248 5010 754 5069 aestimabilitatem
781 5055 794 5078 ,
844 5028 1018 5085 quam
1076 5014 1341 5071 remissio
1385 5013 1615 5071 offensae

2992 363 3103 420 823

1732 538 2017 612 'peccatori
2046 537 2371 596 formaliter
2398 536 2544 595 facta
2576 558 2591 594 ε
2620 537 2800 594 immo
2827 536 3102 610 importat

1734 621 2036 694 majorem,
2068 620 2205 693 quia
2242 619 2437 676 altiori
2484 618 2654 675 modo
2692 616 2970 703 offerffam
3008 634 3102 673 re-

1736 701 1918 757 mittit
1944 700 2368 774 praeveniendo,
2401 716 2473 757 ne
2500 700 2673 756 homo
2701 703 2922 773 peccato
2961 698 3102 756 infi-

1735 783 1942 848 ciatur,
1975 788 2038 838 ut
2080 782 2466 855 explicuimus
2503 788 2664 838 tract.
2705 782 2788 847 13,
2819 782 2964 854 disp.
3012 783 3096 846 15,

1734 866 1863 922 dub.
1920 866 1975 922 3.
2032 866 2100 921 In
2152 866 2256 922 hoc
2301 879 2436 939 ergo
2479 879 2651 920 sensu
2697 862 3102 945 distinguendo

1737 950 2019 1023 majorem
2041 946 2453 1022 distinguimus
2477 947 2652 1003 etiam
2682 946 2992 1013 minorem,
3026 947 3104 1002 il-

1737 1031 1969 1103 lamque
2011 1029 2378 1086 concedimus
2421 1029 2772 1086 intellectam
2832 1027 2901 1085 de
2951 1026 3104 1084 dono

1738 1111 2200 1184 praeservationis
2224 1110 2405 1183 priori
2429 1110 2600 1168 modo
2625 1115 2868 1183 sumptae
2888 1134 2902 1176 ;
2926 1123 3103 1183 nega-

1737 1196 2087 1248 mus'autem
2124 1207 2255 1248 eam
2297 1191 2649 1247 intellectam
2689 1190 2760 1247 de
2788 1200 3103 1264 praeserva—

1737 1271 1896 1328 tione
1926 1270 2176 1327 secundo
2202 1268 2374 1327 modo
2399 1275 2641 1344 accepta.
2673 1273 2820 1327 Nam
2861 1271 2998 1328 licet
3034 1269 3104 1327 ad

1739 1352 1994 1425 priorem
2025 1353 2529 1425 praeservationem
2571 1351 2737 1408 alteri
2767 1349 3102 1409 merendam

1736 1432 1979 1490 sufficiat
2007 1433 2169 1490 valor
2190 1431 2407 1499 finitus,
2434 1433 2579 1487 sicut
2598 1437 2654 1488 et
2675 1432 2745 1487 ad
2767 1430 3103 1488 merendam

1737 1514 2005 1589 gratiam,
2053 1518 2115 1568 ut
2153 1513 2216 1569 in
2264 1513 2455 1585 prima
2494 1512 2855 1568 conclusione
2899 1514 3106 1568 statui-

1738 1610 1902 1660 mus;
1935 1593 2322 1652 nihilominus
2351 1591 2422 1648 ad
2456 1591 2799 1648 merendum
2840 1593 3009 1651 alteri
3037 1591 3108 1649 de

1738 1674 2023 1749 condigno
2051 1675 2423 1747 posteriorem
2466 1674 2969 1745 praeservationem
3010 1689 3107 1731 re-

1737 1755 1993 1828 quiritur
2040 1757 2200 1813 valor
2239 1755 2583 1828 simpliciter
2627 1752 2914 1822 infinitus,
2962 1755 3109 1812 sicut

1738 1842 1795 1894 et
1839 1836 1911 1894 ad
1956 1836 2295 1894 merendam
2348 1835 2654 1893 formalem
2705 1835 3105 1893 remissionem

1739 1919 1988 1986 offensae,
2022 1925 2083 1977 ut
2103 1920 2165 1976 in
2192 1918 2441 1977 secunda
2466 1918 2832 1976 conclusione
2861 1918 3110 1976 affirma-

1740 2017 1955 2060 vimus.

2349 2169 2382 2234 g
2421 2166 2516 2221 v1.

1797 2329 2130 2402 Referuntur
2154 2332 2424 2386 sententia
2443 2332 2748 2397 contrat-iai,
2780 2339 2829 2385 et
2857 2333 3055 2402 satt'sfit

2135 2431 2326 2471 earum
2351 2416 2705 2485 arqumenlis.

1815 2576 1907 2631 49.
1942 2576 2150 2633 Contra
2179 2576 2427 2649 primam
2451 2579 2707 2631 nostram
2729 2576 3103 2633 assertionem
3143 2571 3289 2673 {3222

1741 2657 1999 2714 sentiunt
2038 2659 2312 2730 vasquez,
2356 2656 2663 2730 Gregorius
2708 2658 3010 2724 Martinez,
3051 2664 3105 2715 et
3131 2674 3295 2714 eontra-

1743 2737 1846 2793 atii
1873 2754 1944 2795 ex
1974 2738 2172 2795 relatis
2211 2757 2364 2795 num.
2395 2738 2486 2804 36,
2520 2753 2657 2794 nam
2696 2738 3105 2798 universaliter
3143 2721 3271 2822 1⁷³³ng

1743 2817 2051 2887 affirmant,
2076 2835 2194 2878 non
2223 2834 2382 2893 posse
2410 2834 2591 2875 unum
2613 2819 2912 2879 hominem
2936 2822 3103 2880 alteri
3118 2820 3297 2876 eregpr.

1741 2903 1811 2959 de
1838 2902 2119 2978 condigno
2149 2904 2401 2977 primam
2421 2904 2668 2977 gratiam
2698 2906 2933 2963 mereri.
2963 2870 3324 2972 Quo-ffirffluir

1744 3001 1876 3041 rum
1922 2984 2119 3057 opinio
2158 2989 2338 3057 potest
2390 2984 2624 3058 probari
2668 3003 2741 3045 ex
2782 2989 2845 3043 D.
2896 2965 3320 3044 Thom.⁰¹⁰·'¹''¹·

1743 3067 1778 3120 3
1817 3073 1969 3138 part.
2018 3075 2200 3144 quaest.
2245 3069 2299 3132 8,
2349 3073 2459 3122 art.
2496 3068 2552 3131 6,
2585 3067 2684 3122 ubi
2713 3068 2794 3122 ait
2826 3088 2839 3122 τ
2868 3067 3110 3124 Interior

1743 3145 1997 3216 inflamus
2012 3149 2204 3216 qratia
2229 3161 2337 3200 non
2362 3153 2442 3200 est
2477 3147 2546 3201 ab
2571 3147 2777 3224 aliquo,
2811 3149 2924 3202 nisi
2941 3165 2976 3201 α
2998 3150 3110 3204 solo

1745 3223 1988 3291 Christe,
2031 3227 2189 3295 cujus
2230 3226 2553 3281 humanitas
2597 3242 2668 3280 θα)
2710 3227 2826 3291 hoc,
2853 3226 2997 3303 quod
3033 3235 3111 3283 est

1742 3306 2032 3362 divinitati
2077 3307 2386 3376 conjuncta,
2411 3307 2571 3362 habet
2607 3310 2866 3364 virtutem
2894 3310 3109 3382 justifi-

1743 3389 1927 3444 candi.
1960 3389 2191 3443 Constat
2218 3393 2410 3443 autem
2453 3388 2622 3453 illud,
2654 3389 2802 3462 quod
2841 3393 3111 3448 convenit

1745 3470 2095 3527 humanitati
2147 3469 2361 3524 Christi
2415 3471 2640 3528 ratione
2691 3473 3111 3547 conjunctionis

1744 3551 1816 3608 ad
1862 3551 2230 3607 divinitatem
2255 3594 2268 3616 ,
2321 3565 2436 3607 non
2490 3568 2651 3625 posse
2694 3557 3109 3613 communicari

1745 3633 1916 3689 alicui
1967 3648 2126 3703 pura»,
2169 3637 2444 3688 creaturae
2470 3653 2483 3687 ε
2514 3649 2650 3708 ergo
2693 3652 2764 3693 ex
2811 3643 3002 3694 mente
3042 3641 3104 3694 D.

1744 3714 1979 3770 Thomae
2008 3718 2305 3786 repugnat,
2338 3712 2485 3785 quod
2516 3732 2693 3786 purus
2720 3718 2891 3775 homo
2924 3727 3110 3776 causet

1743 3794 2044 3850 meritorie
2067 3793 2140 3850 de
2165 3792 2448 3866 condigno
2478 3795 2726 3852 aliorum
2749 3796 3110 3870 justificatio-

1746 3889 1880 3930 nem
1908 3896 1920 3930 :
1951 3890 2060 3947 quo
2089 3879 2249 3947 pacto
2277 3873 2609 3932 humanitas
2630 3877 2818 3933 Chrsti
2848 3895 2952 3936 nos
2984 3881 3111 3954 jus-

1744 3954 2006 4022 tificavit.

1820 4037 2212 4095 Confirmatur
2253 4038 2444 4110 primo
2469 4055 2541 4095 ex
2566 4039 2764 4098 eodem
2793 4043 2847 4098 S.
2880 4043 3112 4101 Doctorc
3141 4049 3295 4091 concr-

1745 4122 1806 4175 in
1831 4122 1886 4185 2,
1912 4119 2038 4175 dist.
2071 4120 2163 4184 27,
2189 4127 2370 4197 quast.
2424 4122 2470 4186 1,
2502 4127 2614 4177 art.
2643 4124 2699 4188 6,
2733 4121 2829 4178 ubi
2859 4123 2978 4179 haec
3007 4123 3112 4180 ha-
3150 4103 3294 4200 ξ’,ἳξξῇ

1746 4199 1841 4258 bet
1869 4220 1882 4254 ε
1916 4223 1941 4253 α
1969 4202 2329 4273 imperfectio
2351 4207 2507 4259 actus
2536 4208 2716 4276 potest
2736 4220 2856 4262 esse
2876 4204 3107 4278 duplex.

1740 4306 1778 4361 ,⁰¹
1819 4286 1934 4339 Aut
1960 4283 2040 4340 ita
2077 4284 2228 4356 quod
2257 4291 2411 4341 actus
2445 4287 2521 4342 sit
2558 4291 2723 4343 extra
2761 4303 2942 4362 genus
2983 4287 3112 4343 talis

1751 4387 1777 4418 α
1821 4363 2207 4437 perfectionis,
2237 4382 2409 4439 quam
2435 4368 2711 4423 meritum
2734 4373 2943 4435 causat,
2969 4370 3113 4425 sicut

1754 4468 1777 4499 α
1820 4448 1957 4500 sunt
1984 4449 2140 4501 actus
2178 4446 2423 4520 gratiam
2472 4447 2853 4519 praecedentes
2888 4471 2899 4504 ε
2929 4455 2985 4506 et
3011 4452 3115 4507 hoc

1753 4554 1779 4584 α
1820 4528 1991 4586 modo
2030 4529 2260 4594 dicitur,
2291 4529 2441 4601 quod
2482 4530 2698 4587 actibus
2742 4530 2950 4589 talibus
2995 4548 3114 4589 non

1752 4633 1777 4664 α
1820 4615 2078 4667 meretur
2105 4611 2232 4684 quis
2259 4609 2369 4665 sibi
2409 4612 2657 4684 gratiam
2698 4626 2769 4667 ex
2807 4611 3109 4687 condignO,

1752 4714 1779 4746 α
1818 4692 1918 4749 sed
1945 4693 2132 4750 solum
2161 4709 2231 4749 ex
2258 4708 2527 4768 congruo.
2568 4695 2680 4748 Aut
2706 4698 2790 4750 est
2819 4694 2881 4749 in
2907 4710 3116 4768 genere

1751 4795 1777 4826 (ι
1821 4774 1954 4829 talis
1977 4772 2364 4845 perfectionis,
2395 4790 2520 4846 quae
2543 4779 2735 4830 tamen
2766 4780 2999 4846 propter
3024 4778 3114 4832 sui

1753 4877 1778 4908 «
1820 4856 2164 4928 parvitatem
2195 4871 2313 4912 non
2336 4853 2541 4910 sufficit
2564 4855 2632 4911 ad
2655 4855 3018 4912 merendum.
3047 4858 3117 4912 Et

1752 4958 1780 4990 α
1821 4937 1927 4993 hoc
1952 4936 2123 4994 modo
2143 4935 2282 5004 dico,
2315 4936 2465 5009 quod
2495 4943 2650 4994 actus
2679 4936 2942 4993 habentis
2979 4955 3116 5012 gra-

1750 5037 1778 5070 α
1819 5016 1962 5073 tiam
1990 5033 2051 5073 se
2078 5015 2292 5072 habent
2320 5016 2390 5073 ad
2426 5016 2838 5091 acquirendum
2866 5020 3112 5093 gratiam
