3647 5753
1522 368 1697 423 DlSP.
1745 368 1812 433 ΙΙ,
1858 369 2022 425 DUB.
2068 370 2191 425 vll.
3072 384 3182 438 507

329 534 422 589 vel
469 533 777 593 dicendum
805 544 908 605 est,
943 539 1277 613 praedictum
1311 545 1525 597 statum
1571 554 1691 596 esse

330 612 771 685 impossibilem,
793 620 942 691 quod
962 625 1046 677 est
1068 620 1381 677 absurdum
1404 662 1418 688 ,
1443 621 1534 677 vel
1564 635 1694 676 con·

328 692 452 750 cedi
505 695 690 765 debet,
742 700 890 772 quod
944 710 1233 775 peccatum
1281 705 1345 759 in
1399 704 1500 760 tali
1545 706 1691 759 statu

330 776 705 835 commissum
737 788 920 853 posset
959 799 1063 856 per
1089 784 1515 857 providentiam
1542 784 1695 857 ejus-

333 854 466 911 dem
486 863 665 913 status
691 858 932 918 destrui.

1823 556 1963 598 vero
2008 540 2077 598 de
2122 545 2453 604 necessitate
2482 548 2935 617 infallibilitatis,
2966 560 3022 610 et
3048 570 3189 611 con-

1825 621 2156 692 sequentiae,
2190 622 2356 680 debet
2403 629 2600 701 negari
2634 651 2647 685 :
2689 635 2744 685 et
2784 630 3190 708 distinguendo

1827 703 2116 761 minorem
2147 705 2208 761 in
2236 706 2437 764 eodem
2464 726 2653 777 sensu,
2690 728 2963 787 negamus
2989 729 3191 772 conse-

1827 785 2121 857 quentiam
2152 787 2424 846 absolute.
2459 794 2651 865 Itaque
2677 794 2806 850 licet
2827 812 2897 852 ex
2923 796 3190 868 supposi-

133 937 299 981 conflr-
1829 867 2162 940 tione,quod
2186 870 2359 927 homo
2378 873 2798 946 relinqueretur
2814 879 2932 933 suis
2944 878 3187 943 viribuS,

141 985 288 1030 matio.
411 936 482 990 Et.
507 938 925 1010 confirmatu„
958 960 1095 1000 nam
1122 960 1194 1002 ex
1232 945 1490 1019 opposito
1512 943 1690 1011 fieret,

337 1017 605 1077 homines
649 1038 780 1079 cum
828 1023 1018 1095 primo
1065 1033 1376 1097 peccarent,
1422 1041 1543 1083 esse
1576 1024 1696 1097 jam

338 1115 456 1155 non
496 1102 686 1158 solum
728 1111 1063 1175 peccatoreS,
1090 1105 1192 1164 sed
1218 1106 1395 1164 etiam
1442 1105 1699 1163 obstina-

318 1186 422 1235 .tos
448 1185 503 1236 et
530 1180 851 1244 damnatos.
876 1186 1220 1260 nullumque
1259 1186 1469 1243 habere
1511 1201 1700 1241 reme-

337 1259 501 1315 dium
536 1286 549 1318 :
579 1280 702 1336 quae
724 1264 923 1320 omnia
944 1264 1217 1324 dedecent
1238 1267 1499 1323 divinam
1523 1265 1699 1320 mise-

341 1342 670 1409 ricordiam,
698 1349 757 1398 ut
785 1360 853 1401 ex
876 1362 935 1402 se
958 1346 1154 1419 liquet.
1181 1348 1419 1420 Sequela
1445 1342 1701 1402 ostendi-

340 1432 457 1487 tur,
507 1426 640 1497 quia
692 1426 783 1481 illi
830 1426 1115 1493 homines,
1157 1434 1220 1484 ut
1265 1427 1537 1494 diximus,
1585 1438 1701 1482 non

346 1511 574 1577 possent
586 1511 871 1578 peccatum
888 1505 1191 1579 deponere,
1209 1508 1323 1564 nisi
1342 1524 1441 1580 per
1454 1506 1702 1582 gratiam

345 1589 880 1660 supernaturalem;
910 1606 1080 1662 quam
1115 1596 1309 1647 tamen
1351 1590 1413 1646 in
1450 1605 1518 1645 eo
1555 1593 1705 1644 statu

349 1670 515 1760 nullo
549 1669 719 1727 modo
760 1668 1053 1738 haberent,
1086 1673 1176 1729 vel
1205 1671 1417 1753 datam,
1449 1671 1540 1727 vel
1572 1685 1707 1742 pro-

349 1766 611 1806 missam.

131 1838 336 1941 23:323
424 1837 554 1891 ⁴292.
603 1835 999 1908 Respondetur
1038 1837 1184 1894 hanc
1210 1836 1588 1911 objectionem
1616 1839 1707 1895 vel

351 1916 503 1972 nihil
554 1915 817 1990 probare,
856 1917 960 1972 ‘vel
1005 1919 1251 1991 seipsam
1299 1916 1611 1986 destruere,
1653 1924 1712 1975 et

347 2004 561 2054 statum
618 1998 946 2070 quaestionis
993 2000 1213 2055 tollere.
1246 1999 1391 2063 Quia
1418 2000 1510 2055 vel
1538 1999 1710 2056 homo

352 2084 529 2151 potest.
574 2079 635 2134 in
663 2095 731 2135 eo
758 2082 906 2135 statu
937 2081 1223 2147 constitui,
1259 2082 1321 2137 in
1347 2098 1459 2154 quo
1486 2082 1709 2136 nullam

351 2161 592 2234 recipiat
648 2163 899 2235 gratiam
961 2162 1266 2236 specialem
1294 2188 1308 2231 ;
1364 2164 1456 2221 vel
1517 2162 1713 2235 nequit

351 2242 619 2298 constitui
646 2243 709 2298 in
738 2244 839 2298 tali
868 2248 1017 2299 statu
1041 2245 1068 2298 Ρ
1094 2243 1153 2298 Si
1177 2244 1280 2300 hoc
1309 2245 1579 2299 ultimum
1603 2243 1714 2298 eli-

351 2329 539 2398 gatur,
574 2326 797 2381 tollitur
838 2331 1017 2381 status
1056 2327 1404 2398 quaestioniS,
1431 2325 1713 2399 siquidem

359 2405 611 2478 procedit
636 2406 704 2462 de
734 2407 969 2463 homine
1009 2406 1237 2464 condito
1265 2408 1328 2463 in
1357 2409 1513 2480 puris
1544 2411 1716 2463 natu-

360 2486 599 2553 ralibus,
625 2493 680 2543 et
706 2488 793 2543 cui
824 2489 987 2543 nulla
1028 2488 1291 2560 specialis
1335 2490 1520 2563 gratia
1566 2486 1716 2560 adji-

360 2567 564 2624 ciatur.
601 2570 983 2640 Praeterquam
1031 2568 1179 2641 quod
1220 2575 1337 2625 tam
1389 2574 1605 2625 certum
1633 2571 1718 2623 est

365 2648 661 2703 hominem
692 2663 850 2719 posse
890 2649 949 2703 in
977 2664 1043 2705 ea
1071 2648 1329 2705 nuditate
1350 2648 1636 2712 constitui,
1662 2652 1719 2704 et

364 2729 507 2803 regi,
537 2745 708 2801 quam
749 2735 966 2786 certum
994 2736 1096 2797 est,
1127 2731 1375 2805 gratiam
1412 2730 1717 2803 specialem

362 2826 482 2868 non
526 2827 646 2867 esse
691 2810 942 2868 debitam
997 2817 1237 2878 naturae,
1271 2818 1326 2869 et
1373 2827 1532 2885 posse
1578 2811 1721 2867 citra

357 2909 594 2951 omnem
619 2893 893 2967 injuriam
915 2899 1136 2951 naturae
1164 2894 1451 2968 denegari,
1473 2899 1535 2948 ut
1551 2893 1721 2950 latius

357 2977 744 3049 explicuimus
759 2978 1151 3050 tract.praeced.
1171 2978 1310 3050 disp.
1332 2979 1585 3050 2‚cap.2,
1610 2980 1642 3046 ξ
1663 2981 1719 3041 3,

361 3058 463 3116 ubi
504 3059 957 3123 observavimus,
1009 3065 1287 3131 quantum
1335 3059 1723 3115 allucinentur

362 3140 543 3213 aliqui
560 3139 965 3212 AuthoreS,qui
979 3156 1109 3195 cum
1129 3137 1564 3212 possibilitatem
1580 3154 1722 3211 prae·

361 3219 502 3277 dicti
544 3224 723 3277 status
765 3219 1088 3279 admittant,
1124 3224 1432 3276 recurrunt
1471 3236 1574 3293 pro
1605 3218 1727 3291 ejus

362 3303 682 3359 directione
709 3301 778 3358 ad
798 3302 1046 3376 gratiam
1068 3302 1475 3374 specialiter,et
1498 3300 1727 3374 proprie

363 3383 596 3440 dictam.
624 3383 682 3438 Si
707 3389 896 3439 autem
920 3388 1204 3439 asseratur
1228 3382 1504 3455 primum,
1528 3397 1729 3437 rursus

370 3464 741 3537 inquirimus,
769 3481 843 3520 an
874 3463 1137 3520 remissio
1164 3463 1372 3536 peccati
1402 3464 1575 3536 possit
1601 3461 1728 3519 fieri

367 3547 500 3604 sine
519 3548 748 3620 speciali
771 3545 974 3620 gratia,
1000 3550 1055 3602 et
1076 3543 1472 3618 misericordia
1495 3544 1613 3609 Dei,
1639 3544 1731 3599 vel

375 3644 495 3687 non
515 3633 542 3686 ‘x'
571 3633 681 3694 Hoc
711 3630 984 3685 ultimum
1012 3627 1123 3684 dici
1169 3644 1289 3684 non
1335 3632 1536 3700 potest,
1569 3631 1623 3682 et
1650 3630 1734 3682 est

376 3726 610 3785 prorsus
652 3708 1053 3783 improbabile.
1092 3707 1257 3764 Unde
1303 3707 1554 3764 tamdem
1594 3722 1735 3762 con-

369 3793 498 3851 cedi
545 3791 730 3857 debet,
778 3807 938 3864 posse
979 3791 1278 3847 hominem
1330 3791 1393 3846 in
1439 3789 1540 3845 tali
1585 3794 1734 3845 statu

370 3873 665 3938 constitui,
700 3875 761 3929 in
806 3886 916 3945 quo
964 3887 1084 3928 non
1130 3871 1306 3943 possit
1341 3871 1393 3928 ei
1450 3876 1737 3943 peccatum

374 3969 554 4028 grave
575 3953 787 4009 remitti
813 3968 913 4024 per
944 3951 1162 4007 auxilia
1188 3951 1437 4024 propria,
1464 3956 1518 4006 et
1542 3951 1739 4024 provi-

377 4034 639 4091 dentiam
693 4034 1036 4106 peculiarem
1085 4031 1338 4104 praedicti
1394 4036 1572 4087 status
1598 4056 1611 4098 ;
1642 4032 1740 4088 sed

377 4115 571 4172 solum
625 4130 724 4186 per
774 4114 888 4169 alia
936 4112 1225 4169 nobiliora
1278 4112 1516 4178 auxilia,
1546 4118 1599 4169 et
1641 4129 1742 4184 per

384 4194 829 4269 providentiam,
861 4211 984 4266 quae
1007 4194 1075 4249 ad
1098 4193 1363 4249 altiorem
1393 4197 1600 4249 statum
1619 4209 1743 4265 per-

385 4279 555 4334 tinet.
584 4279 652 4332 Et
676 4277 757 4333 sic
782 4278 874 4333 vel
903 4275 1198 4352 negandus
1235 4280 1318 4331 est
1363 4280 1540 4332 status
1568 4293 1745 4348 puro-

388 4373 542 4425 rum,
567 4363 734 4429 atque
756 4355 884 4413 ideo
910 4362 1087 4412 status
1111 4357 1407 4428 praesentis
1430 4356 1591 4411 dubii
1614 4381 1626 4422 ;
1651 4357 1745 4413 vel

388 4441 686 4514 responsio
712 4456 887 4513 supra
913 4456 947 4496 a
974 4438 1139 4496 nobis
1168 4438 1381 4494 tradita
1406 4445 1490 4495 est
1531 4437 1749 4494 admit-

385 4521 579 4586 tenda,
610 4525 666 4576 et
692 4519 930 4593 objectio
960 4524 1158 4576 contra
1194 4519 1357 4575 illam
1402 4518 1545 4574 facta
1566 4518 1746 4576 deleri

387 4601 555 4659 debet
578 4600 648 4656 ab
675 4600 1061 4656 Adversariis.

463 4675 767 4747 Supposita
794 4680 980 4730 autem
1011 4672 1287 4740 doctrina,
1306 4689 1477 4746 quam
1507 4673 1751 4730 tradidi-

376 4750 520 4812 =mus
540 4762 702 4811 tract.
727 4755 948 4826 praeced.
973 4755 1113 4826 disp.
1139 4752 1335 4819 2,dub.
1351 4753 1384 4807 4
1406 4760 1454 4808 et
1470 4754 1524 4819 5,
1546 4770 1752 4826 parurr.

391 4842 574 4911 urget.
605 4838 775 4892 Juxta
796 4852 968 4907 quam
997 4833 1401 4908 distinguenda
1434 4840 1519 4890 est
1546 4836 1749 4907 major,

391 4923 451 4975 et
480 4917 530 4973 si
559 4916 917 4991 intelligatur
944 4916 1014 4973 de
1042 4916 1371 4972 necessitate
1399 4914 1675 4981 absoluta,
1700 4921 1758 4972 et

391 4998 822 5071 consequentis,
877 4995 1233 5054 concedenda
1281 5001 1365 5053 est
1390 5019 1406 5063 ;
1469 4997 1759 5054 intellecta

1830 952 1887 1004 et
1925 948 2230 1023 exigentiae
2276 953 2523 1023 propriae
2568 953 3033 1024 defectibilitatis,
3065 974 3192 1013 cer-

1830 1032 1954 1083 tum
1994 1030 2234 1087 omnino
2272 1038 2439 1100 esset,
2467 1034 2616 1105 quod
2659 1036 2979 1093 incurreret
3019 1038 3197 1093 mise-

1834 1110 1986 1166 riam
2010 1112 2240 1182 peccati,
2265 1120 2323 1169 et
2345 1113 2494 1186 quod
2517 1115 2579 1171 in
2600 1115 2997 1175 observatione
3025 1118 3197 1175 alicu-

1829 1192 1921 1265 Jus
1975 1192 2239 1264 praecepti
2291 1192 2574 1255 deficeret.
2626 1213 2730 1254 nec
2783 1202 2970 1270 posset
3020 1204 3196 1254 totam

1837 1277 2018 1348 legem
2073 1277 2396 1333 naturalem
2449 1276 2658 1351 absque
2709 1278 2926 1335 defectu
2993 1280 3201 1338 obser-

1838 1371 1994 1419 vare,
2021 1372 2143 1428 quae
2169 1361 2253 1412 est
2301 1361 2605 1416 necessitas
2653 1360 3112 1426 infallibilitatis,
3144 1365 3201 1417 et

1836 1437 2289 1507 consequentiae:
2339 1439 2724 1496 nihilominus
2769 1442 3000 1515 singula
3048 1456 3198 1513 prae-

1837 1520 1996 1588 cepta
2039 1519 2328 1575 naturalia
2373 1517 2619 1576 divisive
2663 1527 2911 1594 sumpta,
2942 1526 2999 1577 et
3028 1527 3198 1592 prout

1839 1605 1962 1655 actu
1985 1607 2412 1667 concurrerent,
2438 1607 2494 1659 et
2519 1601 2860 1677 obligarent,
2890 1607 3073 1676 posset
3093 1602 3199 1660 ob-

1840 1697 2112 1749 servare;
2157 1688 2322 1755 atque
2358 1684 2485 1740 ideo
2537 1700 2834 1757 nunquam
2877 1687 3200 1741 incurreret

1842 1762 2142 1819 miseriam
2175 1764 2380 1835 peccati
2425 1780 2496 1820 ex
2542 1766 2873 1822 necessitate
2913 1764 3194 1830 absoluta,

1842 1842 1938 1899 sed
1964 1859 2095 1898 cum
2131 1848 2402 1916 potestate
2430 1843 2499 1899 ad
2527 1847 2851 1917 oppositum
2886 1844 3200 1903 secundum

1842 1940 1921 1990 se,
1952 1929 2009 1978 et
2045 1922 2292 1979 divisive
2321 1928 2628 1996 acceptum,
2664 1931 2831 1998 prout
2860 1927 3197 1999 requiritur,

1842 2011 1898 2063 et
1931 2004 2133 2061 sufficit
2181 2005 2250 2060 ad
2305 2005 2647 2062 libertatem.
2681 2006 2846 2063 Unde
2875 2006 3202 2082 negandum

1842 2088 1927 2141 est
1956 2083 2229 2151 absolute,
2262 2083 2410 2157 quod
2434 2091 2639 2141 natura
2669 2086 2731 2142 in
2761 2085 3027 2158 praedicto
3052 2090 3202 2141 statu

1842 2170 1986 2223 esset
2012 2167 2330 2223 necessario
2357 2166 2589 2232 misera,
2625 2175 2793 2239 prout
2821 2169 2880 2241 ly
2906 2169 3206 2223 necessario

1843 2246 2095 2304 excludit
2128 2252 2478 2320 potestatem,
2511 2255 2564 2304 et
2594 2248 2917 2305 libertatem
2961 2264 3078 2304 non
3107 2249 3204 2304 in-

1844 2327 2116 2385 currendi
2145 2329 2444 2386 miseriam
2472 2351 2483 2391 ;
2511 2328 2745 2386 haberet
2788 2330 2997 2402 quippe
3049 2327 3211 2383 suffi-

1848 2411 2093 2466 cientem
2124 2412 2459 2482 potentiam‚
2497 2417 2557 2466 ut
2584 2411 2822 2467 miseria
2864 2410 3070 2483 peccati
3099 2409 3210 2483 ipsi

1850 2492 2277 2556 attribueretur,
2334 2492 2468 2565 quia
2518 2490 2812 2563 quodlibet
2866 2497 3210 2563 praeceptum

1850 2570 2157 2628 observare
2219 2577 2421 2644 posset,
2477 2577 2531 2628 et
2577 2570 2871 2644 quodlibet
2923 2575 3210 2643 peccatum

1851 2654 2089 2711 evitare.
2123 2652 2276 2709 Sicut
2302 2654 2470 2710 modo
2519 2652 2831 2710 secundum
2875 2658 3216 2724 praesentem

1856 2734 2281 2809 providentiam
2304 2736 2501 2809 gratia}
2531 2751 2647 2793 non
2691 2751 2991 2808 possumus
3032 2735 3217 2791 vitare

1855 2817 2054 2874 omnia
2076 2816 2329 2872 venialia
2357 2816 2649 2873 collective
2676 2822 2907 2888 sumpta
2933 2840 2946 2883 ;
2971 2815 3068 2872 sed
3085 2815 3221 2890 quia

1857 2899 2136 2955 habemus
2165 2900 2479 2971 potentiam
2510 2899 2580 2955 ad
2610 2899 2845 2956 vitanda
2871 2900 3100 2974 singula
3127 2899 3223 2956 di-

1857 2981 2043 3036 visive
2096 2984 2342 3051 sumpta,
2400 2985 2455 3036 et
2507 2987 2674 3052 prout
2720 2986 2846 3036 actu
2893 2985 3217 3045 occurrunt,

1860 3059 2070 3115 idcirco
2098 3075 2215 3115 non
2243 3060 2562 3116 necessario
2608 3058 2883 3124 absolute,
2914 3058 3012 3115 sed
3041 3057 3224 3114 libere

1859 3139 2203 3210 simpliciter
2255 3138 2612 3193 incurrimus
2665 3139 2986 3195 venialium
3047 3139 3225 3195 mise-

1864 3220 2032 3276 riam.
2067 3217 2226 3282 Quod
2254 3223 2442 3274 autem
2485 3218 2723 3274 miseria
2778 3219 2984 3290 peccati
3030 3218 3224 3293 gravis

1862 3300 2040 3355 semel
2068 3302 2357 3353 contracta
2389 3297 2450 3352 in
2477 3300 2623 3351 statu
2656 3312 2932 3369 purorum
2956 3313 3073 3354 non
3095 3313 3227 3371 pos-

1863 3385 1947 3437 set
1967 3379 2177 3452 deponi
2202 3394 2301 3451 per
2323 3378 2504 3434 solam
2526 3377 2949 3450 providentiam
2972 3378 3227 3450 praedicti

1865 3465 2061 3524 status,
2116 3458 2383 3531 provenit
2435 3463 2558 3513 tum
2624 3474 2694 3514 ex
2742 3458 2969 3514 malitia
3020 3459 3227 3530 peccati
3324 3489 3328 3493 >

1866 3539 2058 3614 gravis
2080 3537 2228 3610 quod
2252 3536 2518 3594 ordinem
2541 3538 3042 3608 supernaturalem
3060 3553 3231 3594 aver-

1868 3620 1991 3676 sive
2020 3618 2249 3692 attingit
2274 3636 2287 3676 ;
2317 3622 2439 3672 tum
2480 3634 2550 3674 ex
2594 3616 3027 3689 imperfectione
3055 3633 3232 3692 nega-

1871 3700 1991 3755 tiva
2006 3696 2289 3771 praedictae
2307 3696 2800 3770 providentiae,cui
2816 3712 2933 3754 non
2950 3697 3232 3754 incumbit

1870 3779 2204 3852 dispensare
2230 3779 2478 3852 gratiam
2508 3779 3028 3850 supernaturalem,
3048 3779 3234 3851 qualis

1873 3862 1943 3920 ad
1974 3860 2374 3916 remissionem
2411 3858 2664 3933 praedicti
2695 3859 2902 3932 peccati
2943 3859 3231 3916 desidera-

1873 3950 1988 4000 tur.
2015 3946 2125 3999 Nec
2143 3948 2337 4001 tamen
2365 3943 2650 4000 diceretur
2680 3943 2850 3999 homo
2878 3935 2977 3999 ille
2997 3958 3236 4000 manere

1876 4025 2194 4083 necessario
2243 4026 2306 4081 in
2344 4030 2494 4082 statu
2538 4024 2806 4089 miseriae,
2850 4029 2905 4081 et
2956 4025 3241 4097 impotens

1877 4105 2097 4178 assequi
2120 4121 2291 4160 suum
2315 4103 2512 4172 finem,
2530 4103 2813 4176 loquendo
2829 4102 2898 4160 de
2913 4104 3243 4161 necessitate

1879 4188 2157 4253 absoluta;
2174 4188 2309 4259 quia
2325 4192 2440 4245 tota
2460 4188 2563 4243 illa
2586 4187 2888 4243 necessitas
2904 4185 3245 4242 fundaretur

1880 4270 1944 4325 in
1983 4269 2371 4340 suppositione
2418 4267 2618 4342 libera,
2670 4282 2842 4340 quam
2895 4267 3016 4340 ipse
3066 4266 3249 4339 potuit

1880 4351 2068 4407 vitare
2123 4347 2380 4406 absolute
2422 4346 2735 4406 secundum
2777 4346 2933 4402 vires
2986 4348 3249 4421 proprias

1883 4432 2045 4487 illius
2072 4435 2270 4487 status.
2292 4434 2404 4486 Nec
2426 4430 2658 4487 tandem
2686 4429 2789 4484 illa
2812 4427 3249 4485 infallibilitatis

1885 4512 2191 4568 necessitas
2218 4516 2448 4584 urgeret
2477 4511 2540 4566 in
2569 4507 2842 4566 omnibus
2889 4508 3245 4573 hominibus,

1884 4589 1983 4647 sed
2009 4591 2197 4646 solum
2226 4591 2290 4645 in
2315 4590 2417 4655 eis,
2451 4589 2546 4662 qui
2579 4591 2751 4662 longo
2792 4591 3047 4659 tempore
3081 4590 3249 4646 vive-

1889 4678 2017 4730 rent
2037 4693 2050 4735 ;
2079 4671 2171 4726 illi
2195 4671 2355 4727 enim
2377 4671 2475 4745 qui
2499 4670 2733 4727 brevem
2758 4669 2939 4724 vitam
2962 4669 3250 4744 degerent,

1890 4757 2119 4828 possent
2144 4750 2415 4807 omnibus
2443 4750 2632 4808 modis
2678 4763 3005 4823 praecavere
3033 4756 3256 4823 peccata

1888 4835 2110 4911 gravia,
2132 4839 2186 4889 et
2214 4831 2391 4888 finem
2413 4831 2524 4888 sibi
2547 4831 2983 4889 connaturalem
3008 4834 3249 4907 assequi.

1891 4921 2143 4988 Totaque
2189 4912 2519 4987 hujusmodi
2568 4913 2947 4988 imperfectio,
2977 4917 3032 4970 et
3054 4915 3256 4986 provi-

1893 4998 2101 5057 dentiae
2129 4996 2279 5053 ratio
2319 4992 2638 5052 revocanda
2683 5000 2830 5054 esset
2876 4994 2939 5052 in
2979 4993 3263 5058 conditio-
