3647 5753
584 449 692 502 364
1535 438 1628 492 DE
1665 434 2247 491 JL'STIFICATIONE
2288 434 2490 488 1MP11.

584 615 824 687 expellit
875 629 905 667 a
953 610 1235 685 subjecto;
1279 625 1420 682 opus
1462 614 1565 675 est,
1614 607 1763 681 quod
1808 606 1955 663 actio

583 698 908 766 opponatur
953 691 1184 764 physice
1211 689 1467 746 effective
1495 689 1598 745 tali
1626 688 1845 754 formas,
1876 687 1953 742 il-

586 777 817 848 lamque
842 790 875 830 a
914 772 1162 847 subjecto
1189 771 1420 844 physice
1456 770 1713 828 effective
1755 769 1953 826 exclu-

584 857 702 914 dat.
1826 882 1831 899 .

395 974 531 1016 Prima
658 938 750 992 93.
795 935 902 992 Sed
932 934 1117 991 adhuc
1144 931 1388 988 instabis
1413 935 1612 988 contra
1634 930 1780 987 hanc
1818 929 1954 986 doc-

374 1024 542 1075 replica.
588 1018 824 1074 trinam.
860 1016 1070 1082 Prim0,
1093 1014 1368 1085 quoniam
1411 1013 1557 1070 actio
1582 1011 1805 1070 ordinis
1846 1025 1954 1067 na-

587 1098 791 1153 turalis
818 1141 832 1166 ,
883 1094 1197 1169 cujusmodi
1238 1098 1322 1150 est
1369 1098 1658 1165 peccatum
1686 1134 1698 1157 ,
1753 1091 1953 1163 nequit

586 1178 841 1235 effective
882 1176 1112 1250 physice
1157 1174 1450 1230 destruere
1497 1173 1744 1231 formam
1789 1170 1951 1228 ordi-

589 1261 679 1315 nis
714 1255 1216 1331 ,supcrnaturaliS,
1268 1255 1455 1327 qualis
1495 1258 1580 1312 est
1628 1254 1834 1329 gratia.
1884 1254 1951 1308 Et

591 1338 737 1396 ratio
762 1338 990 1394 videtur
1035 1336 1330 1408 perspicua
1364 1356 1376 1391 ε
1405 1336 1679 1407 quoniam
1709 1350 1798 1391 res
1837 1333 1952 1390 eis·

586 1420 715 1477 dem
769 1420 952 1476 causis
996 1418 1419 1489 corrumpitur,
1464 1417 1555 1473 vel
1607 1415 1946 1480 destruitur,

585 1499 792 1573 quibus
811 1503 1137 1573 generatur,
1164 1498 1255 1553 vel
1285 1496 1635 1570 producitur,
1670 1500 1730 1552 ut
1763 1495 1951 1551 sumi-

379 1598 550 1641 Aristot.
584 1585 678 1636 tur
703 1597 773 1637 ex
800 1581 1033 1636 Aristot.
1057 1584 1092 1636 2
1118 1579 1306 1636 Ethic.
1342 1598 1462 1652 cap.
1503 1580 1549 1645 l,
1576 1593 1685 1651 qua
1727 1577 1952 1634 ratione

585 1662 720 1735 quia
741 1663 992 1737 Angelus
1014 1677 1046 1716 a
1071 1661 1195 1717 solo
1229 1664 1342 1717 Deo
1370 1658 1723 1733 producitur,
1750 1675 1784 1714 a
1828 1658 1951 1715 solo

585 1746 700 1799 Deo
737 1744 889 1799 valet
934 1741 1173 1798 destrui.
1215 1742 1364 1815 Ergo
1415 1755 1546 1797 cum
1598 1740 1753 1797 solus
1803 1740 1951 1795 Deus

586 1822 854 1895 producat
877 1822 1108 1896 physice
1157 1821 1431 1887 effective,
1482 1822 1688 1878 saltem
1731 1818 1951 1893 princi-

588 1907 813 1978 paliter,
840 1905 1085 1978 gratiam
1113 1903 1584 1970 sanctificantem,
1617 1908 1678 1958 ut
1705 1900 1950 1959 ostendi-

586 2002 716 2042 mus
737 1991 896 2041 tract.
945 1984 1164 2058 praeced.
1195 1985 1336 2058 disp.
1369 1986 1427 2051 8,
1457 1984 1583 2040 dub.
1619 1985 1664 2050 1,
1690 1983 1950 2055 sequitur

583 2067 732 2142 quod
760 2068 915 2124 solus
943 2070 1090 2123 Deus
1118 2066 1322 2124 essiciat
1350 2066 1583 2140 physice
1609 2065 1951 2123 destructio-

586 2166 741 2215 nem,
773 2165 870 2206 seu
895 2148 1282 2221 privationem
1311 2148 1490 2205 illius.
1517 2147 1676 2213 Quod
1713 2148 1763 2203 si
1792 2147 1951 2204 dica-

583 2236 696 2298 tur,
723 2230 1019 2286 hominem
1043 2246 1160 2286 non
1195 2228 1488 2285 destruere
1531 2228 1780 2303 gratiam
1820 2243 1949 2285 om-

585 2311 726 2367 nino
752 2309 964 2364 directe
995 2314 1050 2364 et
1078 2308 1431 2374 immediate,
1463 2307 1560 2364 sed
1585 2314 1806 2365 tantum
1856 2307 1951 2363 in-

582 2392 813 2456 directe,
854 2394 1133 2460 quatenus
1168 2388 1886 2459 destruitdispositionem‚
1918 2404 1951 2444 a

583 2485 692 2543 qua
719 2468 903 2543 gratia
931 2468 995 2523 in
1020 2484 1122 2524 sua
1159 2468 1595 2525 conservatione
1620 2467 1904 2541 dependet
1933 2489 1947 2524 ε

583 2551 662 2617 id,
697 2551 954 2622 inquam,
987 2549 1037 2603 si
1065 2548 1307 2615 dicatur,
1349 2548 1593 2605 eandem
1621 2549 1951 2606 subitdiffi-

582 2634 849 2689 cultatem
876 2641 890 2697 ;·
952 2645 1088 2686 nam
1138 2631 1314 2686 etiam
1363 2630 1468 2685 illa
1520 2629 1818 2703 dispositio
1868 2637 1953 2688 est

585 2713 811 2771 ordinis
850 2712 1350 2783 supernaturalis,
1406 2728 1532 2784 quae
1581 2727 1680 2784 per
1721 2714 1949 2769 nullum

589 2800 776 2851 actum
807 2794 1152 2853 naturalem,
1192 2792 1506 2866 cujusmodi
1528 2798 1613 2850 est
1639 2799 1945 2867 peccatum,

589 2878 742 2933 valet
776 2873 1005 2939 directe,
1038 2889 1099 2929 ac
1126 2872 1460 2931 immediate
1481 2874 1707 2950 attingi.

379 2985 552 3027 meare·
663 2955 929 3023 Secunde,
956 2955 1092 3029 quia
1118 2956 1278 3012 nulla
1321 2956 1570 3028 privatio
1621 2956 1952 3030 producitur

402 3034 522 3085 pura.
591 3036 936 3104 immediate,
969 3041 1025 3091 et
1052 3051 1152 3109 per
1178 3051 1257 3103 se,
1284 3037 1382 3094 sed
1433 3037 1671 3094 resultat
1697 3054 1767 3094 ex
1794 3038 1952 3111 posi-

590 3121 745 3177 tione
785 3118 1025 3192 alicujus
1053 3119 1302 3190 positivi,
1333 3125 1395 3174 ut
1440 3119 1729 3178 inductive
1775 3125 1951 3193 potest

590 3200 810 3258 ostendi
839 3222 850 3256 :
875 3205 1041 3273 atque
1068 3205 1222 3256 actus
1250 3201 1456 3273 peccati
1489 3203 1717 3257 nullum
1746 3203 1952 3259 termi-

589 3298 729 3338 num
754 3280 1062 3354 positivum
1092 3280 1322 3355 physice
1345 3280 1531 3349 efficit,
1562 3281 1631 3338 ad
1660 3298 1830 3355 quem
1859 3300 1951 3340 se-

588 3369 794 3438 quatur
822 3363 1069 3436 privatio
1090 3363 1286 3436 gratioe
1305 3387 1320 3430 ;
1352 3379 1456 3420 nec
1482 3363 1644 3421 enim
1676 3370 1760 3422 est
1805 3366 1953 3421 assi-

589 3444 840 3519 gnabilis
866 3442 999 3498 talis
1025 3442 1313 3499 terminus
1342 3465 1355 3499 :
1383 3459 1520 3518 ergo
1562 3449 1718 3500 actus
1740 3447 1949 3519 peccati

592 3541 708 3583 non
733 3525 900 3582 efficit
923 3523 1152 3597 physice
1176 3523 1560 3596 privationem
1581 3526 1798 3599 gratiae.

379 3645 563 3688 mlum„
663 3605 749 3661 Ad
767 3605 1017 3679 primam
1043 3605 1317 3678 replicam
1347 3605 1743 3678 respondetur,
1770 3607 1952 3665 homi·

404 3706 548 3746 prima.
590 3704 723 3745 nem
760 3703 860 3759 per
882 3691 1168 3757 peecatum
1198 3685 1415 3741 actuale
1442 3701 1559 3743 non
1578 3685 1797 3745 efficere
1822 3704 1952 3745 om-

591 3766 951 3824 ninodirecte
971 3765 1355 3837 privationem
1378 3766 1953 3839 gratiaesanctifican-

592 3848 681 3913 tiS,
713 3845 1044 3920 attingendo
1060 3845 1308 3920 gratiam
1338 3846 1400 3899 in
1420 3860 1510 3913 se;
1534 3846 1631 3903 sed
1659 3846 1952 3907 destruere

588 3927 712 4000 ejus
740 3927 1035 3993 unionem,
1061 3926 1184 3982 sive
1231 3925 1725 3991 informationem,
1751 3935 1951 4002 quate-

593 4024 704 4064 nus
730 4004 981 4063 excludit
1013 4004 1433 4078 dispositiones,
1463 4021 1496 4062 a
1531 4005 1737 4078 quibus
1769 4011 1953 4082 gratia

587 4090 649 4145 in
669 4103 770 4143 sua
797 4086 1139 4143 inhaerentia
1165 4083 1470 4157 dependet,
1502 4087 1822 4160 cujusmodi
1869 4096 1952 4147 est

584 4166 901 4231 conversio,
918 4167 1120 4222 saltem
1136 4170 1350 4227 exacta,
1376 4166 1446 4221 ad
1462 4169 1640 4223 Deum
1658 4174 1950 4242 tamquam

587 4248 657 4304 ad
701 4247 974 4303 ultimum
1004 4243 1201 4310 finem,
1229 4260 1261 4300 a
1305 4261 1417 4317 quo
1462 4246 1636 4304 homo
1670 4251 1953 4306 avertitur

588 4343 688 4400 per
709 4331 894 4383 actum
917 4323 1145 4397 peccati.
1200 4323 1269 4378 Et
1297 4323 1401 4380 hoc
1455 4331 1616 4397 pacto
1662 4330 1953 4387 multoties

587 4409 786 4464 formae
805 4403 1183 4462 destruuntur
1216 4401 1287 4458 ab
1329 4403 1402 4459 iis
1429 4405 1632 4472 causis,
1662 4421 1695 4463 a
1746 4409 1952 4481 quibus

588 4492 873 4561 nequeunt
905 4485 1302 4559 principaliter
1356 4485 1628 4558 produci;
1671 4489 1752 4545 sic
1791 4492 1950 4548 enim

588 4571 959 4641 interponens
980 4580 1185 4637 corpus
1200 4580 1461 4637 opacum,
1480 4567 1720 4639 expellit
1742 4570 1947 4638 lucem,
1985 4581 1995 4590 ‘

586 4663 712 4723 qua>
736 4653 823 4704 est
841 4644 1085 4719 qualitas
1105 4643 1349 4700 coelestis
1383 4649 1476 4701 :et
1528 4645 1681 4719 ignis
1706 4648 1951 4707 destruit

590 4731 858 4794 formam,
885 4741 941 4782 v.
972 4740 1028 4798 g.
1059 4723 1326 4790 viventis,
1365 4740 1538 4798 quam
1563 4725 1783 4787 efficere
1833 4747 1952 4789 non

590 4813 743 4869 valet
769 4831 781 4866 z
810 4814 865 4866 et
887 4806 1016 4863 aliae
1044 4820 1222 4862 causae
1248 4814 1628 4881 corrumpunt
1673 4811 1950 4871 unionem

591 4895 802 4952 animae
828 4887 1146 4954 rationalis,
1176 4903 1301 4960 quae
1327 4894 1554 4947 creatur
1599 4906 1630 4946 a
1651 4892 1774 4950 solo
1813 4898 1949 4953 Deo,

591 4973 923 5049 Oppositum
949 4973 1137 5025 autem
1160 4983 1278 5024 non
1303 4969 1594 5044 colligitur
1612 4987 1683 5029 ex
1711 4973 1813 5031 illo
1825 4992 1952 5048 pro-

593 5055 786 5129 loquio
813 5048 1147 5119 Philosophi
1172 5073 1187 5116 3
1219 5064 1355 5106 nam
1394 5050 1646 5123 procedit
1673 5053 1736 5109 in
1769 5058 1953 5113 causis

2087 605 2438 673 intrinsecis,
2463 621 2534 662 ex
2554 604 2762 679 quibus
2799 622 2903 662 ens
2930 607 3190 663 naturale
3211 622 3425 680 compo·

2084 686 2266 753 nitur,
2297 692 2353 743 et
2391 702 2515 759 quae
2541 686 2613 743 ad
2640 688 2800 743 illius
2827 692 2944 743 tam
2990 687 3420 763 generationem,

2083 782 2258 839 quam
2276 770 2705 840 corruptionem
2732 767 3135 825 desiderantur
3168 768 3295 825 :sed
3320 783 3426 827 non

2086 848 2340 921 procedit
2362 849 2426 904 in
2444 849 2630 905 causis
2658 848 2729 905 ab
2753 850 3068 907 intrinseco
3081 865 3428 922 corrumpen-

2084 928 2258 995 tibus,
2285 936 2346 985 ut
2367 935 2585 987 constat
2608 946 2679 988 ex
2722 933 3001 1004 exemplis
3028 947 3213 1005 nuper
3236 932 3428 989 adduc-

2083 1010 2175 1065 tis.
2208 1010 2364 1074 Quod
2397 1016 2587 1066 autem
2625 1014 2876 1087 Angelus
2902 1030 2935 1070 a
2961 1012 3083 1069 solo
3123 1015 3235 1069 Deo
3272 1014 3452 1085 possit⁴

2082 1090 2316 1158 destrui,
2341 1094 2397 1147 et
2424 1106 2539 1147 non
2561 1108 2663 1164 per
2684 1094 2937 1167 aliquam
2955 1109 3185 1150 causam
3209 1099 3422 1150 natura-

2083 1173 2218 1239 lem,
2252 1171 2380 1229 ideo
2412 1177 2514 1238 est,
2543 1173 2679 1244 quia
2704 1176 2955 1249 Angelus
2977 1176 3038 1231 in
3059 1190 3161 1232 suo
3185 1189 3300 1231 esse
3318 1191 3422 1231 non

2082 1250 2362 1325 dependet
2386 1250 2457 1308 ab
2501 1253 2689 1325 aliqua
2727 1253 3119 1327 dispositione,
3168 1270 3289 1328 quae
3332 1270 3424 1328 per

2082 1333 2309 1407 agentia
2324 1333 2612 1389 naturalia
2632 1336 2923 1407 corrumpi
2947 1337 3151 1392 valeat.
3174 1338 3282 1392 Nec
3296 1336 3429 1392 hanc

2081 1411 2403 1469 doctrinam
2451 1411 2748 1485 impugnat
2796 1413 2873 1481 id,
2930 1415 3079 1488 quod
3126 1415 3190 1470 in
3236 1416 3432 1488 replica

2082 1493 2343 1562 additur;
2374 1510 2511 1550 nam
2538 1500 2758 1551 certum
2779 1501 2881 1561 est,
2904 1495 3053 1568 quod
3076 1496 3248 1554 homo
3269 1501 3432 1570 potest

2083 1577 2313 1643 virtute,
2344 1591 2445 1631 seu
2475 1577 2663 1649 potius
2706 1576 3138 1635 defectibilitate
3187 1578 3427 1652 propria,

2081 1655 2428 1730 suspendere
2451 1662 2636 1712 actum
2661 1660 3163 1730 supernaturalem
3183 1659 3290 1715 sibi
3307 1674 3435 1731 prae-

2082 1743 2328 1810 ceptum,
2359 1741 2416 1792 et
2441 1753 2855 1811 quemcumque
2877 1743 3088 1804 actum,
3112 1740 3212 1812 qui
3232 1740 3305 1796 sit
3327 1738 3434 1794 dis·

2084 1816 2288 1890 positio
2311 1816 2379 1873 ad
2405 1818 2901 1874 conservationem
2940 1820 3168 1895 gratiae;
3207 1825 3263 1877 et
3295 1819 3435 1893 quod

2080 1900 2234 1956 valet
2252 1900 2458 1957 elicere
2498 1905 2685 1956 actum
2717 1902 3176 1972 peccaminosum
3216 1903 3437 1976 opposi-

2083 1984 2226 2045 tum,
2275 1980 2373 2052 qui
2419 1980 2607 2052 seipso
2657 1982 2971 2047 contrarie,
3023 1984 3112 2039 vel
3160 1984 3438 2056 privative

2082 2062 2513 2135 dispositionem
2577 2065 3078 2134 supernaturalem
3132 2066 3392 2123 excludat
3422 2088 3436 2130 ς

2082 2144 2347 2217 quamvis
2393 2149 2637 2216 nequeat
2700 2149 2890 2200 actum
2944 2149 3437 2219 supernaturalem

2083 2225 2295 2282 virtute
2316 2225 2587 2289 naturali,
2618 2228 2675 2280 et
2696 2224 2904 2298 absque
2926 2228 3146 2286 auxilio
3191 2229 3289 2286 Dei
3333 2228 3441 2285 eli-

2082 2320 2227 2371 cere,
2252 2305 2414 2377 juxta
2440 2303 2583 2359 illud
2612 2305 2766 2361 Oscae
2800 2307 2864 2361 13
2897 2328 2911 2362 z
2939 2306 3190 2364 Perditio
3233 2318 3332 2365 tua
3374 2308 3591 2365 ‹effi-‘⁰²⁴¹’

2082 2394 2132 2440 te
2152 2384 2346 2453 Israel,
2371 2387 2747 2441 tantummodo
2774 2388 2834 2441 in
2856 2404 2937 2442 me
2957 2391 3244 2448 amcitiam
3265 2399 3438 2447 tuum.

2084 2469 2326 2524 Exclusa
2358 2473 2569 2534 autem,
2615 2469 2706 2525 vel
2754 2468 3029 2543 impedita
3072 2472 3446 2547 dispositione

2085 2550 2357 2622 requisita
2391 2547 2460 2604 ad
2489 2550 2755 2622 gratiam,
2801 2556 2858 2606 et
2904 2552 3158 2610 adhibita
3200 2555 3438 2629 disposi-

2083 2628 2239 2685 tione
2263 2629 2573 2694 contraria,
2599 2645 2948 2702 consequens
2975 2637 3077 2698 est,
3119 2634 3270 2706 quod
3315 2651 3443 2692 suc-

2083 2708 2243 2765 cedat
2266 2709 2467 2783 gratiae
2488 2708 2751 2781 privatio.
2892 2702 2901 2713 ’

2156 2790 2241 2845 Ad
2257 2789 2563 2847 secundam
2582 2791 2853 2864 replicam
2872 2792 3176 2853 dicendum
3194 2803 3445 2871 est,opus
3457 2805 3579 2844 ocem

2085 2888 2202 2930 non
2221 2888 2360 2940 esse,
2403 2872 2552 2945 quod
2581 2881 2734 2930 actus
2778 2880 3202 2948 peccaminosus
3230 2880 3445 2953 produ·
3470 2858 3581 2946 2333

2083 2962 2171 3011 cat
2196 2954 2445 3027 aliquem
2470 2955 2786 3012 terminum
2810 2956 3142 3017 distinctum
3165 2977 3201 3018 a
3226 2979 3288 3020 se
3317 2978 3445 3020 rea·

2084 3035 2248 3102 liter;
2270 3034 2367 3090 sed
2396 3034 2515 3106 ipse
2534 3041 2619 3091 est
2640 3036 3010 3096 intransitive
3032 3042 3199 3110 actio,
3233 3049 3288 3100 et
3326 3050 3444 3102 ter-

2085 3116 2279 3172 minus
2330 3113 2651 3186 productuS,
2681 3122 2738 3174 et
2771 3122 2922 3190 fieri.
2970 3137 3031 3178 ac
3076 3125 3294 3194 sactum
3321 3143 3443 3196 esse,

2084 3195 2156 3253 ad
2175 3194 2324 3268 quod
2347 3196 2606 3268 sequitur
2625 3198 2825 3272 gratiae
2847 3201 3115 3272 privatio.
3146 3205 3309 3263 Sicut
3350 3224 3449 3281 po·

2084 3278 2193 3335 sito
2222 3283 2345 3334 actu
2397 3276 2773 3346 infidelitatis,
2822 3287 2877 3337 et
2910 3285 3126 3344 secluso
3179 3289 3298 3347 alio
3336 3295 3449 3346 ter-

2085 3360 2245 3416 mino
2268 3353 2892 3431 positivointermedio,
2916 3369 3180 3439 sequitur
3202 3373 3449 3444 privatio

2085 3440 2215 3498 fidei
2234 3462 2245 3503 ;
2267 3445 2321 3497 et
2350 3441 2531 3513 posito
2559 3447 2684 3497 actu
2713 3442 3145 3520 desperationis,
3194 3455 3448 3528 sequitur

2086 3521 2333 3594 privatio
2358 3521 2499 3594 spei.
2554 3523 2717 3580 Unde
2742 3524 2888 3581 sicut
2912 3529 3010 3600 qui
3050 3531 3211 3590 elicit
3264 3540 3445 3592 actum

2086 3603 2463 3668 infidelitatiS,
2506 3609 2564 3659 et
2590 3603 3025 3677 desperationis,
3069 3614 3277 3674 eodem
3329 3622 3445 3674 actu

2085 3685 2513 3759 ponitess'ectivc
2535 3687 2768 3760 physice
2790 3685 3177 3761 privationem
3221 3698 3375 3767 fidei,
3398 3705 3450 3755 et

2082 3768 2204 3839 spei
2238 3768 2348 3824 :ita
2371 3768 2942 3841 proportionabiliter
2968 3776 3069 3847 qui
3096 3777 3241 3835 dicit
3269 3786 3449 3837 actum

2085 3850 2312 3922 peccati,
2340 3851 2500 3921 ponit
2525 3849 2724 3907 eodem
2773 3859 2895 3909 actu
2936 3855 3196 3918 effective
3225 3863 3452 3936 physice

2085 3929 2469 4001 privationem
2496 3931 2713 4003 gratiae.
2760 3933 2918 3998 Quod
2945 3937 2995 3991 si
3050 3938 3334 3998 instantia
3361 3957 3451 4000 re-

2083 4008 2322 4065 ducatur
2368 4008 2439 4064 ad
2494 4016 2782 4082 peccatum
2825 4018 3041 4074 actuale
3091 4022 3444 4090 omissioniS,

2083 4089 2356 4147 diluenda
2381 4095 2465 4146 est
2505 4107 2576 4148 ex
2597 4091 2763 4149 dictis
2790 4096 2850 4150 in
2876 4104 3038 4157 tract.
3083 4102 3147 4156 de
3181 4108 3447 4178 peccatis,

2082 4172 2224 4244 dis-p.
2250 4174 2304 4237 5,
2330 4170 2457 4226 dub.
2484 4172 2538 4237 2,
2563 4180 2611 4227 et
2635 4181 2795 4232 tract.
2820 4181 3040 4251 praeced.
3068 4182 3214 4258 disp.
3241 4190 3300 4255 6,
3324 4186 3449 4243 dub.

2093 4255 2138 4319 1,
2169 4253 2277 4322 §3,
2309 4252 2405 4309 ubi
2433 4255 2742 4312 statuimus
2769 4274 2886 4317 non
2914 4261 3042 4319 dari
3070 4269 3449 4328 omissionem

2085 4350 2287 4407 puram
2317 4336 2793 4408 peccaminosam,
2826 4341 2923 4399 sed
2946 4352 3079 4403 ante
3123 4348 3298 4409 illam
3350 4366 3456 4410 ne·

2082 4415 2327 4471 cessario
2378 4415 2584 4487 praeire
2629 4418 2879 4492 aliquem
2909 4430 3112 4494 actum,
3143 4432 3246 4502 qui
3280 4436 3339 4489 et
3373 4437 3455 4488 est

2082 4512 2249 4552 causa
2270 4496 2592 4565 omittendi,
2610 4504 2667 4555 et
2685 4507 2771 4558 est
2786 4503 3111 4566 formaliter
3132 4520 3449 4583 peccatum.

2156 4576 2247 4632 94.
2268 4577 2545 4651 Arguitur
2568 4580 2858 4651 ultimo,et
2872 4586 3048 4644 simul
3071 4589 3453 4668 impugnatur
3466 4614 3630 4661 ultimum

2081 4655 2344 4713 doctrina
2362 4658 2631 4730 proxime
2652 4661 2861 4721 tradita
2883 4669 3188 4739 :quoniam
3198 4673 3252 4729 si
3268 4675 3452 4749 gratia
3486 4673 3639 4755 ⁸¹8?ng

2082 4739 2395 4812 expelleret
2421 4739 2681 4799 effective
2709 4753 3019 4817 peccatum,
3041 4754 3230 4827 gratia
3241 4726 3549 4815 coexis·meu
3626 4741 3633 4748 ⁸

2082 4823 2225 4875 teret
2236 4824 2456 4893 peccato
2474 4837 2577 4893 pro
2594 4823 2786 4897 aliquo
2802 4826 3065 4889 instanti:
3082 4849 3221 4911 ergo
3231 4837 3284 4893 si
3299 4843 3457 4895 actus

2084 4900 2293 4992 peccati
2320 4903 2560 4974 expellit
2581 4903 2839 4965 effective
2855 4912 3123 4985 gratiam,
3153 4922 3214 4973 ut
3243 4915 3451 4977 hacte-

2083 4994 2194 5036 nus
2218 4980 2495 5073 diximus,
2524 4993 2812 5058 peccatum
2856 5007 2958 5064 pro
2990 4995 3184 5070 aliquo
3203 4998 3457 5057 instanti

2082 5067 2351 5120 coexistet
2379 5064 2595 5138 gratiae.
2618 5067 3031 5143 Consequentia
3053 5081 3204 5148 patet
3233 5094 3270 5136 a
3293 5080 3460 5153 pari·

3342 5166 3462 5218 tate
