3647 5753
1298 410 1474 464 DISP.
1522 410 1639 477 VII,
1684 410 1848 468 DUB.
1895 411 1988 467 v1.
2933 409 3048 466 243

180 594 299 636 non
329 587 529 653 posset
554 582 672 638 sibi
708 587 863 639 certo
899 582 1156 640 effectum
1185 581 1541 654 promittere,

173 676 275 716 nec
292 677 644 733 praeparare
660 662 967 736 prudenter
984 663 1393 719 simultaneum
1418 676 1547 718 con-

166 757 405 797 cursum
427 766 443 809 ;
488 740 598 798 sed
647 748 837 816 ageret
878 759 1036 809 caeco,
1085 749 1141 799 et
1188 741 1545 815 imprudenti

161 824 355 890 modo,
402 830 463 881 et
510 841 650 881 cum
701 824 1084 897 dependentia
1110 842 1142 882 a
1187 824 1546 882 determina-

159 906 318 962 tione
335 911 652 972 creaturae,
678 912 737 961 ut
756 905 1019 979 superius
1039 906 1395 964 ostendimus
1413 905 1542 960 dub.

156 991 213 1050 4,
245 1003 403 1042 num.
436 988 519 1052 60
544 994 600 1041 et
624 1006 775 1045 num.
798 989 890 1042 64.
918 989 1234 1043 Recursum
1260 992 1450 1043 autem
1474 984 1546 1040 ad

156 1067 553 1125 directionem
569 1069 825 1125 scientiae
846 1068 1068 1133 medice,
1090 1069 1188 1141 qui
1207 1074 1391 1142 posset
1414 1066 1547 1122 huic

159 1149 471 1222 hypothesi
501 1149 767 1206 subsidio
791 1164 931 1215 esse,
962 1150 1321 1222 saepesaepius
1346 1149 1545 1206 exclu-

158 1230 342 1284 simus
384 1234 452 1284 ut
489 1228 938 1303 impossibilem,
996 1228 1088 1284 his
1138 1226 1545 1285 controversiis

160 1309 460 1374 inutilem,
518 1311 642 1367 Deo
696 1308 1071 1374 indecentem,
1116 1314 1173 1365 et
1223 1308 1484 1364 alienum
1513 1321 1546 1361 a

160 1394 356 1446 mente
386 1391 456 1444 D.
484 1390 817 1463 Augustini,
848 1396 905 1446 et
933 1393 998 1445 D.
1025 1389 1280 1454 Thomae,
1311 1393 1368 1444 et
1395 1387 1545 1443 alio-

165 1487 293 1526 rum
321 1472 418 1527 SS.
461 1472 733 1527 Patrum.

114 1553 132 1567 ³
235 1553 368 1609 336.
414 1552 775 1610 Duodecimo
827 1554 1142 1627 interrogat
1171 1573 1184 1608 ε
1210 1552 1303 1608 An
1349 1551 1411 1606 de
1453 1566 1546 1623 po-

114 1647 132 1678 ῠ
163 1636 333 1688 tentia
362 1633 630 1689 absoluta
656 1637 823 1706 possit
867 1634 1016 1691 Deus
1040 1632 1289 1689 eaehibere
1315 1648 1546 1686 concur-

165 1731 285 1768 sum
304 1714 735 1778 simultaneum,
761 1731 867 1768 non
894 1715 1200 1787 praestando
1221 1727 1545 1768 concursum

162 1795 470 1865 pravium?
501 1792 905 1865 Respondetur
934 1793 1212 1866 negative,
1244 1807 1375 1848 cum
1396 1805 1547 1847 com·

170 1873 330 1928 muni
352 1873 801 1929 Thomistarum
827 1871 1133 1929 sententia.
1172 1874 1317 1926 Nam
1342 1869 1545 1941 impli-

170 1962 272 2020 cat,
301 1953 457 2026 quod
482 1957 639 2011 Deus
668 1959 963 2027 praeparet,
996 1960 1094 2010 aut
1117 1951 1386 2010 exhibeat
1406 1967 1545 2008 con-

170 2053 400 2092 cursum
431 2037 854 2093 simultaneum
882 2052 1043 2101 ccccc),
1100 2040 1155 2091 et
1181 2032 1544 2105 imprudenti

176 2116 342 2174 modo
376 2138 390 2171 :
427 2118 481 2173 si
525 2123 722 2173 autem
762 2115 1059 2173 exhiberet
1097 2129 1435 2171 concursum
1463 2112 1547 2167 si-

178 2200 546 2255 multaneum
573 2214 693 2255 non
722 2195 1280 2269 praedeterminando
1306 2194 1547 2251 efficaci-

179 2288 260 2336 ter
303 2287 659 2344 creaturam‚
705 2294 866 2344 caeco,
898 2285 955 2334 et
994 2276 1346 2350 imprudenti
1377 2275 1547 2338 modo

176 2368 569 2426 concurreret,
614 2360 823 2433 quippe
842 2359 940 2431 qui
968 2363 1333 2415 concurreret
1378 2356 1547 2429 igno-

186 2458 334 2498 rans.
367 2457 442 2496 an
467 2446 737 2496 creatura
762 2439 1094 2496 exhibitura
1121 2438 1268 2495 foret
1303 2452 1547 2493 consen-

186 2538 332 2587 sum,
357 2522 446 2577 vel
475 2538 599 2578 non
632 2543 645 2576 ε
674 2522 818 2598 sicut
838 2521 936 2592 qui
967 2520 1263 2594 projiceret
1296 2516 1547 2589 lapidem

194 2603 462 2668 nesciens,
493 2619 574 2658 an
595 2603 696 2660 illo
716 2608 863 2658 esset
883 2602 1092 2674 aliquis
1122 2598 1543 2673 percutiendus,

194 2691 253 2741 ut
302 2701 371 2742 ex
410 2686 666 2759 professo
704 2684 1059 2742 ostendimus
1102 2683 1237 2739 locis
1285 2681 1548 2754 proxime

189 2766 385 2822 citatis.
416 2767 496 2821 lm
506 2765 682 2838 plicat
704 2770 993 2836 praeterea,
1021 2761 1169 2836 quod
1191 2767 1452 2818 creatura
1474 2760 1550 2814 sit

190 2847 438 2918 primum
469 2845 827 2918 principium
855 2859 970 2900 sua}
997 2840 1499 2900 determinationis
1529 2862 1544 2907 ;

186 2926 416 2985 haberet
471 2931 666 2981 autem
697 2924 1024 2999 hujusmodi
1067 2922 1337 2996 principii
1370 2921 1548 2978 ratio-

190 3026 335 3076 nem,
377 3010 428 3064 si
471 3012 671 3082 ageret
709 3023 826 3064 non
869 3006 1389 3079 praedeterminata,
1435 3007 1549 3060 Deo

186 3091 531 3146 simultanee
563 3089 790 3161 praecise
817 3092 1211 3152 concurrente,
1266 3089 1327 3141 ut
1352 3089 1549 3142 osten-

187 3172 371 3227 dimus
395 3171 546 3244 disp.
573 3174 626 3236 5,
651 3170 779 3225 dub.
802 3173 857 3235 6,
889 3173 921 3239 ξ
941 3171 995 3225 4.
1023 3166 1238 3225 Deinde
1266 3167 1543 3239 implicat,

186 3253 328 3326 quod
369 3258 641 3310 creatura
668 3258 796 3326 agat
823 3251 1032 3323 absque
1075 3248 1549 3306 subordinatione

186 3333 474 3391 essentiali
505 3333 579 3389 ad
620 3334 822 3398 Deum,
851 3338 969 3387 tam
996 3331 1059 3386 in
1086 3328 1342 3393 essendo,
1375 3345 1547 3402 quam

192 3415 249 3469 in
269 3413 513 3488 agendo,
528 3418 586 3469 et
603 3414 745 3486 quin
768 3414 915 3468 Deus
936 3416 1194 3467 exerceat
1212 3427 1546 3484 supremum

189 3494 531 3558 dominium,
563 3492 709 3565 quod
740 3492 907 3548 habet
946 3508 1121 3564 supra
1160 3492 1327 3547 illam
1361 3512 1373 3546 :
1424 3506 1549 3564 quae

190 3575 397 3631 salvari
447 3590 569 3631 non
594 3575 789 3630 valent
815 3572 1025 3644 absque
1067 3571 1299 3645 physica
1329 3571 1549 3643 praede-

194 3655 617 3724 terminatione,
650 3660 711 3709 ut
739 3653 1095 3710 ostendimus
1120 3653 1246 3707 dub.
1270 3655 1326 3720 4,
1357 3656 1389 3722 g
1415 3655 1469 3719 4,
1499 3660 1547 3708 et

191 3756 290 3810 seq.
334 3739 404 3792 Et
424 3738 560 3810 quia
587 3744 703 3793 tam
733 3737 796 3792 in
820 3736 910 3791 his
940 3736 1095 3800 lociS,
1144 3750 1315 3807 quam
1347 3736 1408 3791 in
1437 3742 1551 3793 tota

195 3819 294 3874 hac
316 3817 704 3891 disputatione
745 3816 869 3872 fuse
908 3813 1262 3873 ostendimus
1305 3817 1550 3873 necessi-

194 3905 361 3956 tatem
391 3900 561 3974 hujus
587 3899 782 3971 praevii
814 3914 1141 3963 concursus,
1187 3913 1304 3954 non
1331 3902 1551 3969 oportet

196 3978 283 4034 hic
308 3978 368 4034 in
395 3994 466 4035 ea
491 3978 805 4034 evincenda
833 3978 1083 4050 amplius
1108 3977 1437 4034 immorari.

120 4071 162 4103 t·
266 4060 377 4114 Nec
403 4056 593 4123 refert,
626 4059 675 4113 si
704 4074 832 4114 cum
862 4058 1066 4114 Suario
1093 4057 1328 4131 objicias
1354 4078 1367 4113 ε
1421 4060 1549 4113 Νοη

120 4142 164 4201 ξι,
202 4137 451 4210 implicat
470 4136 1000 4205 contradictionem,
1028 4140 1213 4194 -Deum
1244 4154 1345 4211 per
1395 4137 1551 4210 seip—

199 4234 321 4274 sum
347 4220 534 4276 facere
551 4218 830 4291 quidquid
855 4220 982 4276 facit
1013 4236 1113 4293 per
1139 4223 1483 4285 creaturam,
1502 4218 1552 4273 si

200 4304 474 4369 spectetur
501 4300 619 4355 sola
648 4298 797 4356 ratio
823 4298 1141 4356 efficientiae
1169 4318 1181 4353 ε
1211 4314 1347 4372 ergo
1375 4303 1555 4371 potest

201 4381 341 4437 Deus
361 4397 464 4455 per
489 4382 740 4454 seipsum
762 4382 966 4448 facere,
1015 4380 1164 4455 quod
1190 4381 1325 4437 facit
1362 4381 1555 4437 media

204 4463 568 4532 praemotione
613 4463 864 4537 physica,
910 4461 1226 4535 supplendo
1251 4461 1376 4534 ejus
1427 4461 1554 4518 effi-

202 4542 466 4599 cientiam
491 4564 505 4598 :
530 4541 628 4598 sed
652 4542 797 4599 hanc
821 4541 1183 4599 efficientiam
1211 4540 1549 4614 supplend0,

201 4623 418 4694 supplet
446 4628 622 4679 totam
648 4622 768 4696 ejus
796 4622 1180 4678 necessitatem
1216 4643 1228 4677 ε
1269 4636 1406 4697 ergo
1434 4636 1554 4678 non

207 4701 475 4773 implicat,
523 4699 678 4773 quod
725 4704 867 4758 Deus
903 4717 1021 4758 non
1071 4700 1553 4758 communicando

208 4783 643 4854 praemotionem
673 4782 977 4856 physicam,
1021 4787 1323 4840 concurrat
1343 4782 1556 4837 simul-

206 4871 381 4930 tanee,
410 4868 467 4919 et
486 4861 758 4918 coefficiat
781 4865 1137 4937 operationes
1160 4867 1456 4919 creaturae.

122 4948 195 4985 *²11¹-
276 4947 419 5008 Non,
446 4944 714 5015 inquam,
738 4944 836 5001 hoc
863 4946 1038 5002 refert
1069 4970 1083 5013 ;
1112 4944 1212 5002 sed
1240 4944 1408 5001 facile
1433 4943 1557 5001 dis-

211 5024 453 5095 pellitur.
511 5024 673 5077 Tum
697 5025 818 5095 quia
845 5026 1053 5083 salsum
1078 5029 1182 5092 est,
1232 5023 1380 5097 quod
1407 5026 1557 5081 Deus

1680 584 1857 655 possit
1896 584 2080 641 facere
2120 600 2220 657 per
2259 584 2531 656 seipsum,
2564 581 2713 655 quod
2760 581 2897 638 iacit
2943 598 3044 655 per

1677 669 2020 732 creaturam,
2052 664 2277 720 etiamsi
2298 668 2581 736 spectetur
2609 662 2730 719 sola
2759 662 2907 718 ratio
2929 660 3045 717 effi-

1678 744 1905 806 cientiae
1934 768 1948 812 ;
1974 761 2111 801 nam
2132 745 2399 817 supplere
2428 759 2547 800 non
2571 745 2723 799 valet
2749 742 3046 798 influxum

1680 827 1929 884 activum
1953 828 2219 901 potentiae
2243 827 2436 883 vitalis
2452 827 2514 881 in
2530 826 2711 881 vitam
2733 824 3035 881 actualem:
3057 867 3061 872 .

1680 908 1938 979 implicat
1965 909 2144 974 enim,
2175 906 2325 980 quod
2353 910 2499 962 Deus
2525 906 2727 962 efficiat
2757 904 3038 960 actionem

1679 989 1915 1044 vitalem
1940 994 2189 1046 creatam
2212 987 2423 1060 absque
2445 987 2697 1058 potentia
2718 984 3051 1055 vitali,quae-

1679 1068 1741 1123 in
1782 1069 1945 1124 illam
1989 1067 2210 1134 influat,
2254 1073 2316 1123 ut
2354 1066 2524 1123 modo
2550 1081 2621 1122 ex
2657 1080 2797 1121 vera
2837 1063 3042 1119 Philo-

1676 1151 1878 1224 sophia
1902 1150 2297 1223 supponimuS.
2348 1151 2496 1204 Tum
2518 1148 2714 1213 etiarn,
2747 1143 2883 1218 quia
2911 1145 3044 1201 licet

1678 1231 1825 1286 Deus
1866 1236 2049 1303 posset
2102 1246 2202 1302 per
2239 1229 2492 1301 seipsum
2536 1228 2719 1284 facere
2757 1223 3036 1298 quidquid

1678 1310 1811 1368 facit
1852 1326 1953 1384 per
1993 1314 2335 1375 creaturam,
2361 1310 2410 1364 si
2450 1308 2633 1365 solam
2674 1306 3048 1362 efficientiam

1677 1392 2078 1461 attendamus3
2112 1397 2391 1467 repugnat
2434 1382 2648 1454 t'amen,
2698 1387 2848 1463 quod
2895 1390 3043 1445 Deus

1678 1475 1849 1531 faciat
1867 1491 1969 1548 per
1988 1479 2332 1540 creaturam,
2362 1473 2477 1529 nisi
2499 1472 2619 1528 haec
2642 1470 2865 1538 habeat,
2889 1469 3043 1543 quod

1680 1557 1996 1629 requiritur
2041 1555 2112 1612 ad
2163 1561 2289 1612 actu
2334 1552 2660 1628 agendum,
2710 1552 2851 1620 sive,
2884 1557 2940 1608 et
2978 1551 3044 1607 in

1677 1638 1831 1695 idem
1862 1638 2028 1704 redit,
2056 1643 2333 1713 repugnat
2360 1635 2510 1708 quod
2531 1640 2796 1691 creatura
2813 1633 3039 1698 efficiat,

1677 1720 1818 1792 quin
1849 1719 2052 1777 habeat
2094 1718 2367 1791 requisita
2388 1716 2456 1773 ad
2500 1715 2863 1773 efficiendum
2894 1730 3050 1786 :qua

1680 1801 1903 1857 ratione
1956 1799 2216 1871 implicat
2254 1804 2579 1854 creaturam
2627 1811 2794 1871 agere
2835 1794 3045 1868 absque

1678 1883 1893 1939 virtute
1911 1881 2235 1946 sufficienti,
2260 1886 2320 1936 ut
2340 1886 2468 1954 agat
2488 1902 2501 1935 ε
2529 1878 2829 1952 praemotio
2849 1883 3041 1936 autem

1681 1966 1913 2039 physica
1939 1969 2024 2020 est
2062 1964 2401 2036 requisitum
2428 1960 2751 2036 essentiale,
2793 1965 2856 2015 ut
2882 1975 3043 2016 crea—

1680 2053 1810 2101 tura
1839 2045 2141 2101 reducatur
2169 2043 2239 2098 ad
2280 2042 2639 2104 exercitium,
2692 2044 2750 2094 ut
2782 2041 3053 2112 proxime

1679 2126 2007 2183 dicebamus
2035 2146 2047 2181 ε
2078 2124 2230 2180 unde
2258 2123 2712 2195 implicatorium
2739 2128 2842 2186 est,
2894 2121 3045 2194 quod

1682 2209 1829 2263 Deus
1852 2207 2020 2263 saciat
2040 2211 2359 2262 creaturam
2384 2202 2453 2259 ab
2473 2218 2541 2259 eo
2565 2217 2682 2257 non
2709 2207 3043 2273 praemotam

1683 2287 1885 2344 facere.
1931 2289 2000 2341 Et
2027 2287 2144 2342 haec
2183 2283 2489 2341 ostendunt
2529 2281 2840 2338 falsitatem
2882 2285 3041 2337 ante-

1680 2366 1950 2432 cedentis,
1981 2373 2037 2423 et
2075 2364 2472 2436 consequentis
2527 2362 2687 2418 illius
2738 2361 3047 2435 enthyme-

1680 2447 1872 2512 matiS,
1903 2445 2052 2518 quod
2073 2446 2311 2500 Suarius
2340 2444 2566 2500 format.
2595 2444 2743 2496 Tum
2771 2440 3040 2514 denique,

1681 2528 1816 2601 quia
1843 2533 2045 2591 totum,
2091 2532 2146 2582 et
2173 2524 2531 2598 adaequatum
2563 2539 2774 2578 munus
2801 2537 3050 2594 praemo-

1681 2609 1858 2665 tionis
1881 2608 2128 2681 physicae
2159 2621 2274 2662 non
2302 2610 2388 2660 est
2413 2603 2632 2660 efficere
2657 2627 2670 2670 ;
2699 2619 2834 2659 nam
2864 2602 3049 2674 prius-

1680 2708 1855 2764 quam
1882 2689 2103 2753 efficiat,
2135 2687 2486 2744 determinat
2514 2702 2615 2758 per
2640 2686 2908 2757 seipsam,
2950 2700 3048 2740 ac·

1681 2777 1820 2836 tuat,
1866 2767 2270 2834 infallibilitat,
2302 2772 2359 2823 et
2406 2766 2583 2822 trahit
2621 2770 2946 2820 creaturam
2976 2763 3049 2820 ad

1680 2852 2040 2917 exercitium,
2074 2848 2401 2915 deferendo,
2452 2853 2505 2904 et
2534 2848 2694 2903 velut
2720 2843 3054 2903 intimando

1683 2936 1783 2992 Dei
1806 2935 2120 3008 imperium
2143 2949 2175 2989 a
2194 2948 2306 3004 quo
2325 2931 2641 2997 derivatur,
2668 2935 2724 2986 et
2743 2927 2890 3002 quod
2920 2943 3046 2999 par-

1682 3016 1878 3089 ticipat
1910 3036 1923 3070 :
1951 3030 2076 3088 quae
2103 3014 2306 3069 munia
2349 3012 2548 3084 nequit
2573 3014 2720 3067 Deus
2749 3024 2848 3082 per
2887 3008 3042 3080 seip-

1679 3112 1807 3152 sum
1831 3094 2010 3162 obire,
2029 3111 2158 3151 cum
2180 3094 2298 3148 sint
2319 3093 2552 3165 propria
2573 3106 2755 3147 causae
2776 3088 3042 3145 formalis

1681 3176 2026 3232 intrinsecae.
2059 3176 2126 3229 Et
2155 3173 2290 3229 hinc
2319 3172 2513 3243 liquet,
2543 3170 2749 3227 falsam
2777 3183 2899 3224 esse
2925 3168 3044 3225 mi-

1682 3272 1905 3322 norem,
1956 3271 2128 3329 quam
2174 3252 2411 3323 Suarius
2438 3250 2742 3317 subsumit,
2793 3254 2851 3305 et
2881 3264 3057 3305 ruere

1683 3344 1864 3395 totum
1891 3338 2014 3411 ejus
2039 3335 2386 3392 discursum.

1758 3420 1857 3474 Hae
1881 3421 2015 3473 sunt
2036 3413 2537 3487 interrogationeS,
2570 3426 2710 3483 quas
2739 3407 3045 3482 praedictus

1680 3499 1903 3555 Author
1939 3494 2250 3568 proposuit,
2287 3498 2345 3547 ut
2372 3492 2435 3547 in
2464 3506 2663 3547 earum
2695 3488 3052 3545 resolutione·

1681 3578 2001 3635 ostenderet
2027 3574 2338 3648 implicari,
2367 3578 2423 3629 et
2475 3576 2674 3626 mutuo
2712 3568 2824 3624 sibi
2873 3584 3042 3640 repu-

1681 3674 1862 3732 gnare
1908 3656 2255 3712 Thomistas.
2306 3652 2413 3707 Sed
2462 3667 2534 3707 ex
2580 3649 2747 3706 dictis
2804 3653 3048 3715 constat,

1682 3745 1963 3813 quantum
1987 3739 2050 3793 in
2074 3737 2177 3792 hac
2203 3739 2362 3807 parte
2389 3732 2538 3788 circa
2562 3747 2705 3796 rem,
2731 3735 2788 3787 et
2812 3732 3048 3786 senten-

1684 3821 1791 3877 tias
1813 3833 2010 3892 pacem
2037 3815 2360 3880 observent,
2394 3813 2524 3868 licet
2547 3827 2665 3868 non
2686 3826 2914 3883 semper
2939 3810 3048 3867 eis-

1683 3903 1815 3959 dem
1860 3898 2092 3957 vocibus
2133 3902 2385 3960 utantur,
2439 3899 2537 3950 aut
2562 3893 2761 3950 eodem
2790 3892 2961 3950 modo
2987 3910 3048 3950 se

1683 3981 1966 4055 explicent
1999 4004 2014 4048 ;
2066 3984 2123 4036 et
2171 3992 2344 4051 quam
2400 3975 2696 4031 immerito
2747 3973 3053 4048 fingantur

1685 4064 1836 4120 bella
1862 4063 2010 4119 circa
2036 4056 2334 4126 minutiaS,
2369 4055 2465 4112 ubi
2494 4056 2759 4112 omnium
2789 4053 2940 4110 idem
2964 4060 3048 4110 est

1687 4143 2062 4218 propositum,
2087 4146 2142 4197 et
2167 4155 2386 4211 scopus,
2420 4152 2626 4209 nempe
2652 4137 2938 4192 auxilium
2960 4136 3048 4193 ef—

1686 4223 1830 4281 ficax
1858 4238 1980 4280 esse
2001 4222 2114 4278 tale
2140 4236 2209 4277 ex
2231 4235 2310 4284 se,
2337 4223 2391 4274 et
2420 4216 2492 4273 ab
2517 4216 2848 4281 intrinseco,
2874 4219 2930 4271 et
2950 4215 3049 4271 in-

1686 4302 2074 4377 dependenter
2100 4317 2133 4357 a
2153 4299 2393 4357 scientia
2416 4295 2624 4352 media.
2653 4297 2842 4352 Aliam
2874 4296 3052 4351 inter-

1689 4384 2067 4460 rogationem,
2111 4395 2284 4453 quam
2334 4377 2570 4433 Suarius
2610 4376 2842 4445 omittit,
2887 4380 2945 4431 et
2982 4375 3054 4431 in

1686 4467 1845 4539 cujus
1876 4461 2224 4519 resolutione
2247 4457 2502 4514 securius
2532 4460 2716 4527 posset
2740 4452 3048 4510 dissidium

1688 4542 1918 4618 aliquod
1943 4543 2094 4598 inter
2118 4539 2445 4596 Thomistas
2476 4541 2904 4607 repraesentare,
2925 4536 3054 4610 jam

1687 4623 2046 4698 subjicimus
