3647 5753
479 376 591 432 490
1405 373 1498 428 DE
1536 368 2117 426 JUSTIFICATIONE
2157 372 2357 427 IMPII.

480 545 746 608 turalem,
797 543 896 600 sed
943 545 1128 600 solum
1179 543 1502 600 naturalem
1550 557 1829 609 amorem,

475 640 585 697 quo
632 625 802 681 homo
830 624 899 680 ad
931 627 1110 680 Deum
1140 625 1465 680 naturalem
1493 622 1668 679 finem
1696 638 1836 679 con-

474 710 748 771 vertatur,
772 711 831 761 ut
851 705 1181 762 Adversarii
1207 706 1495 762 affirmant
1519 721 1683 780 :ergo
1705 705 1835 761 licet

473 785 755 841 naturalis
803 802 983 852 amor,
1028 792 1083 841 et
1141 786 1604 859 supernaturalis
1648 785 1835 859 gratia

469 874 815 925 concurrant
842 869 904 924 in
933 867 1132 924 eodem
1162 869 1421 932 instanti,
1455 867 1519 924 111
1566 883 1675 939 quo
1703 866 1835 924 des-

471 949 687 1005 truitur
732 955 1041 1021 peccatum,
1073 948 1221 1021 quod
1273 951 1452 1004 Deum
1502 946 1732 1019 praeeise
1773 954 1835 1004 ut

471 1030 792 1095 authorem,
824 1035 880 1087 et
926 1028 1103 1084 finem
1134 1030 1458 1085 naturalem
1482 1028 1829 1096 offenderat3

404 1106 857 1169 „nihilominus
902 1109 1061 1164 illius
1108 1108 1313 1181 peccati
1362 1106 1672 1164 destructio
1714 1124 1832 1165 non

252 2438 438 2532 fatti.

465 1188 560 1246 fiet
588 1190 912 1246 formaliter
941 1203 1041 1260 per
1066 1188 1333 1262 gratiam,
1366 1187 1465 1243 sed
1508 1204 1607 1261 per
1657 1193 1833 1244 natu-

465 1273 646 1328 ralem
677 1287 950 1328 amorem.
988 1272 1134 1345 Ergo
1161 1271 1342 1344 gratis
1370 1286 1648 1338 concesso,
1679 1269 1832 1344 quod

464 1354 527 1409 in
556 1352 757 1410 eodem
794 1353 1053 1418 instanti,
1095 1352 1158 1407 in
1185 1369 1295 1425 quo
1324 1352 1412 1407 illi
1456 1351 1688 1408 barbari
1712 1352 1830 1425 (qui

461 1432 779 1489 secundum
811 1438 1149 1506 praesentem
1177 1431 1600 1505 providentiam
1626 1431 1832 1489 dicun-

462 1519 558 1570 tur
580 1516 787 1578 aversi,
814 1514 906 1570 vel
931 1529 1091 1587 posse
1117 1514 1302 1569 averti
1326 1514 1493 1575 a-Deo
1518 1519 1579 1569 ut
1601 1514 1831 1587 praecise

463 1595 719 1660 authore,
747 1599 799 1650 et
827 1593 941 1649 fine
970 1593 1250 1663 naturali)
1278 1593 1517 1649 eliciunt
1544 1610 1823 1661 amorem,

461 1679 517 1731 et
537 1678 954 1732 convertuntur
977 1674 1045 1731 ad
1072 1676 1249 1729 Deum
1276 1672 1451 1731 finem
1475 1677 1822 1743 naturalem,

463 1755 744 1827 recipiant
784 1755 957 1811 etiam
999 1755 1245 1830 gratiam
1286 1758 1823 1828 supernaturalem

462 1837 845 1894 nihilominus
868 1838 1112 1904 aversio,
1143 1838 1204 1893 in
1226 1854 1339 1911 qua
1365 1838 1819 1910 praeexistebant,

460 1921 628 1990 atque
647 1915 773 1973 ideo
797 1922 1081 1989 peccatum
1101 1931 1218 1973 non
1235 1914 1563 1974 destruetur
1585 1934 1686 1991 per
1698 1934 1829 1993 gra-

458 1999 601 2055 tiam
630 2023 643 2066 ;
673 1998 772 2055 sed
803 2015 902 2071 per
926 2015 1208 2055 amorem.

535 2080 776 2135 Falsitas
813 2084 1004 2135 autem
1032 2079 1429 2153 consequentis
1456 2079 1775 2136 ostenditur
1806 2102 1820 2136 ε

459 2166 583 2216 tum
612 2160 748 2234 quia
786 2159 1100 2216 secundum
1150 2167 1488 2233 praesentem
1521 2160 1834 2234 providen-

461 2242 621 2309 tiam,
649 2257 750 2315 per
771 2240 1013 2298 eandem
1039 2241 1288 2298 formam
1313 2241 1629 2298 mundatur
1651 2242 1823 2299 homo

458 2340 492 2380 a
518 2329 758 2398 peccato,
789 2327 843 2378 et
874 2321 1164 2396 justificat,
1195 2339 1293 2379 seu
1323 2321 1729 2392 sanctificatur,
1761 2327 1823 2378 ut

457 2411 650 2479 aperte
694 2402 852 2461 docet
892 2404 1215 2462 Concilium
1263 2404 1525 2462 Trident.
1573 2423 1697 2462 sess
1748 2408 1782 2461 6
1803 2449 1816 2474 ,

456 2505 579 2561 cap.
596 2489 660 2549 73
682 2482 780 2540 sed
804 2484 971 2541 unica
992 2501 1159 2542 causa
1180 2485 1444 2545 formalis
1473 2491 1679 2543 nostrae
1694 2487 1823 2561 jus-

455 2565 783 2623 tificationis
803 2570 887 2620 est
912 2566 1101 2639 gratia
1121 2568 1583 2639 supernaturalis
1603 2568 1820 2623 sancti-

455 2647 650 2713 ficam,
683 2651 743 2700 ut
772 2647 948 2702 tradit
992 2647 1168 2703 etiam
1198 2648 1519 2703 Concilium
1564 2650 1675 2704 loco
1719 2651 1811 2705 cit.

453 2742 588 2801 ergo
615 2724 844 2783 concedi
875 2741 990 2781 non
1041 2730 1238 2798 potest,
1271 2724 1420 2798 quod
1450 2725 1521 2783 de
1567 2727 1730 2794 fact0,
1761 2733 1819 2785 et

453 2806 767 2865 secundum
794 2811 1133 2880 praesentem
1159 2807 1583 2882 providentiam
1608 2810 1816 2883 aliquis

454 2889 628 2946 homo
649 2886 962 2944 mundetur
984 2904 1017 2944 a
1040 2895 1262 2961 peccato
1279 2904 1378 2962 per
1403 2890 1671 2956 formam,
1692 2908 1816 2965 quae

452 2985 570 3026 11011
598 2969 672 3024 511
697 2969 883 3044 gratia
932 2971 1406 3041 supernaturalis
1439 2972 1585 3027 Tum
1613 2973 1807 3041 etiam,

447 3050 583 3124 quia
611 3065 783 3107 nemo
809 3048 879 3106 de
923 3048 1068 3105 facto
1116 3055 1295 3122 potest
1321 3051 1594 3108 mundari
1624 3070 1655 3109 a
1684 3069 1813 3126 pec-

447 3138 589 3200 cato,
623 3132 737 3188 nisi
784 3148 886 3205 per
914 3132 1124 3188 merita
1167 3132 1378 3188 Christi
1426 3133 1679 3203 Domini,
1713 3136 1811 3209 qui

447 3220 532 3271 est
578 3213 1112 3271 universalissimus
1140 3215 1406 3270 omnium
1435 3216 1762 3291 redemptor
1795 3240 1809 3276 ε

447 3293 545 3352 sed
574 3294 783 3351 merita
809 3293 1022 3349 Christi
1051 3296 1555 3352 communicantur
1582 3298 1809 3355 homini

447 3391 550 3449 per
586 3377 708 3440 hoc,
739 3374 888 3448 quod
928 3377 1116 3450 gratia
1142 3376 1502 3435 sanctificans
1527 3397 1809 3455 superna-

447 3457 653 3512 turalis
674 3455 900 3513 homini
931 3456 1295 3526 infundatur,
1331 3464 1392 3515 ut
1419 3459 1578 3518 docet
1605 3463 1808 3520 Conci-

446 3538 598 3596 lium
644 3538 899 3596 Trident.
933 3540 1055 3596 loco
1103 3540 1289 3608 citato,
1322 3547 1379 3598 et
1415 3544 1638 3600 eandem
1675 3563 1802 3603 sess.

447 3637 570 3676 can.
608 3623 624 3676 l
650 3644 662 3689 ;
681 3636 817 3694 ergo
840 3635 1010 3676 nemo
1032 3619 1101 3677 de
1123 3621 1267 3680 facto
1288 3623 1602 3681 mundatur
1623 3642 1655 3682 a
1678 3643 1808 3700 pec-

446 3704 588 3769 cato,
607 3700 718 3755 nisi
740 3715 842 3772 per
857 3699 1103 3773 gratiam
1118 3706 1636 3774 supernaturalem.
1657 3707 1805 3763 Tum

443 3778 708 3853 denique,
740 3781 874 3853 quia
904 3796 1004 3853 per
1027 3780 1268 3838 eandem
1293 3784 1541 3841 formam
1564 3785 1806 3843 destrui-

441 3866 537 3916 tur
566 3867 754 3919 reatus
776 3860 846 3918 ad
871 3877 1098 3934 poenam
1119 3868 1394 3921 aeternam
1418 3866 1654 3924 cuilibet
1674 3884 1805 3941 pec-

440 3947 561 3999 cato
618 3944 782 4016 gravi
838 3940 1305 4013 inseparabiliter
1357 3962 1616 4004 annexus
1636 3992 1649 4017 ,
1702 3966 1804 4022 per

438 4039 611 4095 quam
633 4022 950 4095 acquIritur
966 4023 1060 4096 jus
1083 4025 1408 4096 oppositum
1433 4027 1502 4084 ad
1524 4034 1802 4087 aeternam

437 4104 618 4160 vitam
642 4126 655 4169 ;
689 4117 824 4157 nam
846 4100 918 4158 de
944 4100 1089 4159 facto
1105 4104 1304 4160 nullus
1329 4107 1542 4176 existit,
1572 4109 1684 4165 nisi
1707 4112 1801 4168 vel

436 4183 542 4240 sub
564 4184 668 4240 illo
697 4187 875 4249 reatu,
901 4184 992 4239 vel
1014 4198 1145 4239 cum
1168 4184 1272 4242 hoc
1287 4186 1454 4259 jure;
1481 4195 1536 4245 et
1556 4189 1802 4249 subinde

434 4262 880 4321 communicatio
896 4262 1071 4318 unius
1093 4268 1177 4320 est
1196 4264 1503 4325 destructio
1523 4269 1764 4326 alterius
1785 4293 1799 4328 ε

434 4346 589 4419 atqui
618 4346 810 4401 omnis
832 4344 1024 4411 homo,
1055 4345 1154 4417 qui
1184 4345 1253 4402 de
1283 4347 1429 4405 facto
1456 4349 1741 4407 liberatur
1768 4368 1801 4409 a

432 4430 674 4499 peccato,
720 4424 890 4482 habet
936 4442 1038 4499 per
1082 4427 1330 4501 gratiam
1364 4430 1456 4504 jus
1498 4430 1568 4488 ad
1616 4433 1799 4490 vitam

431 4512 708 4566 aeternam
748 4529 761 4564 :
788 4523 924 4582 ergo
952 4523 1055 4581 per
1098 4509 1340 4568 eandem
1367 4514 1617 4588 gratiam
1646 4514 1800 4573 libe-

431 4595 593 4649 ratur
639 4606 672 4646 a
719 4594 878 4646 reatu
925 4589 996 4646 ad
1036 4606 1265 4664 poenam
1305 4595 1600 4666 aeternam,
1634 4603 1799 4672 atque

428 4672 560 4732 ideo
587 4672 657 4730 ab
680 4673 804 4746 ipso
826 4678 1068 4747 peccat0.
1093 4672 1259 4733 Unde
1280 4678 1443 4735 nullo
1464 4679 1635 4737 modo
1655 4697 1795 4739 con-

427 4756 548 4816 cedi
587 4760 784 4831 potest,
814 4756 965 4830 quod
993 4757 1166 4815 homo
1207 4758 1278 4816 de
1305 4761 1451 4819 facto
1480 4739 1807 4822 mundetur*

426 4837 498 4896 ab
521 4839 711 4911 aliquo
739 4842 961 4911 peccato
1000 4840 1235 4896 mortali
1264 4857 1366 4915 per
1388 4859 1647 4903 amorem
1676 4862 1786 4904 na-

423 4919 673 4976 turalem
701 4933 836 4992 erga
858 4920 1037 4977 Deum
1066 4920 1340 4979 ultimum
1371 4922 1571 4982 finem.
1609 4928 1789 4986 Reco-

424 4999 624 5056 lantur
644 5012 770 5071 quae
789 5015 964 5074 supra
978 5000 1234 5060 diximus
1253 5002 1380 5062 dub.
1410 5007 1454 5075 l,
1468 5024 1571 5081 per
1590 5014 1782 5066 totum.

2039 543 2172 598 269.
2200 539 2377 610 Adde,
2409 557 2481 598 ex
2503 539 2773 615 praedicta
2800 539 3045 596 Curielis
3067 538 3334 597 doctrina

1967 623 2261 696 perspicue
2276 622 2502 683 inferri.
2521 622 2668 696 quod
2683 621 2910 679 homini
2935 620 3163 677 facienti
3179 618 3332 692 quod

1966 785 2100 841 liter
2119 785 2373 843 conferat
2391 785 2638 860 gratiam
2662 784 3184 856 supernaturalem,
3206 796 3326 838 non

1965 866 2150 922 solum
2190 867 2489 932 actualem,
2516 870 2574 922 et
2594 864 2997 928 auxiliantem,
3029 862 3128 920 sed
3147 862 3325 919 etiam

1965 945 2346 1014 habitualem,
2373 950 2430 1003 et
2455 943 2927 1003 sanctificantem.
2961 942 3121 1009 Quod
3149 960 3324 1017 quam

1965 1027 2278 1085 absurdum
2306 1030 2399 1096 sit,
2431 1033 2486 1085 et
2502 1028 2756 1085 alienum
2781 1043 2811 1084 a
2835 1026 3129 1084 communi
3144 1027 3330 1085 Theo·

1965 1109 2227 1184 logorum
2244 1109 2547 1174 sententia,
2564 1107 2919 1165 ostendimus
2934 1109 3323 1180 tract.praeaed.

1960 1191 2166 1264 disput.
2200 1191 2250 1258 3,
2281 1191 2407 1249 dub.
2438 1194 2493 1247 7.
2528 1190 2766 1261 Sequela
2793 1205 2931 1246 vero
2980 1188 3318 1248 ostenditur.

1962 1272 2096 1343 quia
2122 1273 2286 1337 DeuS,
2313 1276 2375 1326 ut
2403 1270 2588 1343 inquit
2617 1268 2830 1337 Curiel,
2856 1271 3071 1335 statuit,
3099 1274 3322 1342 utquo-

1962 1352 2068 1409 ties
2095 1352 2267 1409 homo
2288 1352 2537 1409 existens
2557 1350 2626 1408 de
2650 1351 2795 1407 facto
2822 1351 2885 1405 in
2915 1355 3137 1423 peccato
3158 1366 3322 1408 mor-

1962 1433 2061 1489 tali
2086 1437 2516 1489 converteretur
2543 1447 2740 1488 amore
2763 1432 3015 1498 naturali
3040 1429 3110 1487 ad
3139 1431 3318 1488 Deum

1962 1514 2235 1569 ultimum
2283 1512 2487 1581 finem,
2539 1513 2703 1571 toties
2753 1512 3029 1584 reciperet
3071 1511 3317 1585 gratiam

1960 1592 2427 1659 sanctificantem,
2462 1608 2563 1666 per
2600 1607 2774 1665 quam
2816 1589 2885 1647 ad
2935 1595 3113 1648 Deum
3141 1590 3316 1649 finem

1961 1676 2235 1732 ultimum
2251 1675 2751 1748 supernaturalem
2767 1679 3132 1730 convertatur
3146 1674 3314 1741 ;sive,

1958 1758 2095 1814 etin
2127 1755 2477 1822 idemredit,
2509 1755 2657 1828 quod
2692 1771 2994 1828 nunquam
3016 1759 3316 1812 converte-

1961 1843 2120 1895 retur
2147 1837 2219 1895 ad
2245 1840 2424 1894 Deum
2453 1837 2727 1892 ultimum
2755 1834 2931 1892 finem
2965 1835 3309 1899 naturalem,

1956 1920 2098 1993 quin
2136 1919 2311 1973 simul
2361 1917 2634 1991 reciperet
2677 1917 2924 1989 gratiam
2952 1914 3316 1973 sanctifican-

1957 2006 2102 2069 tem;
2133 1998 2388 2071 alioquin
2435 1998 2608 2054 vitari
2657 1997 2854 2070 nequit
2899 1996 3315 2054 inconveniens

1957 2097 1989 2137 a
2018 2081 2184 2137 nobis
2209 2080 2515 2146 intentum,
2548 2094 2756 2150 nempe
2797 2079 2989 2152 plures
3018 2076 3311 2143 barbaros,

1955 2163 2051 2235 qui
2079 2160 2387 2219 secundum
2416 2164 2753 2234 praesentem
2798 2158 3220 2232 providentiam
3249 2158 3314 2214 in

1954 2242 2434 2301 Adversariorum
2465 2240 2738 2314 opinione
2761 2244 2992 2313 possunt
3011 2254 3132 2295 esse
3157 2254 3315 2311 prae-

1952 2326 2067 2382 cise
2094 2326 2280 2383 aversi
2309 2342 2341 2382 a
2372 2326 2484 2380 Deo
2511 2322 2717 2379 ultimo
2753 2321 2869 2377 fine
2902 2321 3169 2388 naturali,
3203 2337 3313 2378 va-

1954 2409 2141 2466 lerent
2168 2425 2200 2465 a
2230 2410 2450 2480 peccato
2478 2403 2751 2461 mundari
2782 2401 2988 2475 absque
3016 2402 3313 2461 infusione

1951 2490 2151 2565 gratiae
2180 2486 2585 2547 sanctificantis
2596 2507 2609 2549 ;
2632 2489 2799 2557 atque
2830 2483 2957 2541 ideo
2984 2498 3219 2540 manere
3243 2481 3315 2540 de

1951 2571 2097 2628 facto
2118 2571 2327 2644 absque
2350 2573 2591 2642 peccatO,
2618 2570 2672 2624 et
2690 2565 2877 2639 gratia
2899 2564 2963 2621 in
2984 2568 3132 2620 statu
3155 2579 3313 2637 purae

1951 2658 2191 2710 naturae.
2224 2654 2296 2706 At
2320 2651 2400 2707 sic
2425 2653 2527 2717 est,
2556 2645 2706 2719 quod
2752 2643 3005 2718 praedicti
3044 2645 3311 2703 homines

1950 2734 2161 2792 habent
2189 2732 2502 2806 potentiam
2549 2729 2896 2794 naturalem,
2927 2732 3046 2783 tam
3077 2731 3304 2785 antece-

1948 2815 2199 2883 dentem,
2225 2828 2398 2889 quam
2418 2813 2855 2884 consequentem
2887 2807 2956 2864 ad
2980 2809 3307 2865 naturalem

1946 2897 2377 2955 conversionem
2406 2895 2469 2950 in
2497 2896 2677 2950 Deum
2701 2891 2971 2947 ultimum
2992 2888 3169 2947 finem
3199 2905 3308 2948 na—

1946 2981 2215 3046 turalem,
2249 2985 2310 3035 ut
2348 2980 2565 3036 constat
2591 2991 2662 3032 ex
2688 2971 3048 3047 supradictis,
3080 2969 3230 3046 Ergo
3255 2972 3304 3028 si

1944 3075 2017 3116 ex
2039 3059 2324 3133 praedictis
2339 3055 2564 3114 viribus
2586 3061 2806 3113 naturae
2828 3053 3154 3132 hujusmodi
3174 3067 3308 3111 con·

1943 3139 2270 3196 versionem
2294 3139 2546 3203 eliciant,
2575 3136 2967 3193 infallibiliter
2989 3148 3303 3208 assequun-

1944 3225 2039 3276 tur
2058 3220 2304 3295 gratiam
2328 3216 2805 3284 sanctificantem;
2824 3222 2878 3272 et
2892 3219 3305 3289 consequenter

1942 3317 2148 3359 verum
2193 3302 2304 3358 erit
2346 3298 2661 3357 secundum
2715 3302 3054 3371 praesentem
3104 3295 3304 3370 provi-

1941 3382 2219 3451 dentiam,
2251 3382 2400 3457 quod
2442 3380 2673 3438 facienti
2716 3378 2866 3452 quod
2911 3383 2993 3435 est
3033 3378 3096 3434 in
3133 3393 3195 3435 se
3231 3392 3306 3435 ex

1939 3463 2165 3521 viribus
2210 3468 2430 3521 naturae
2477 3466 2623 3519 Deus
2670 3456 3062 3516 infallibiliter
3083 3459 3305 3516 confert

1939 3546 2185 3621 gratiam
2209 3543 2731 3618 supernaturalem,
2759 3539 2973 3597 nedum
2997 3540 3297 3605 actualem,

1939 3626 2041 3684 sed
2063 3625 2419 3682 habitualem
2440 3622 2637 3687 etiam,
2663 3625 2719 3678 et
2738 3619 3208 3677 sanctificantem.
3231 3620 3304 3674 Et

1939 3710 2072 3766 licet
2097 3707 2519 3772 concederetur,
2546 3702 2695 3778 quod
2717 3703 2786 3760 ad
2812 3702 3135 3776 praedictam
3156 3716 3300 3758 con-

1937 3788 2266 3847 versionem
2298 3787 2617 3861 requiritur
2639 3785 2829 3857 aliqua
2856 3784 3039 3858 gratia
3060 3781 3296 3839 actualis

1938 3871 2181 3928 fulciens
2222 3869 2581 3926 voluntatem
2609 3865 2867 3923 hominis
2895 3863 3036 3937 lapsi
3069 3886 3082 3930 ;
3113 3860 3297 3918 adhuc

1936 3956 2131 4009 tamen
2148 3949 2244 4024 huj
2252 3947 2476 4006 usmodi
2498 3946 2684 4022 gratia
2704 3950 2850 4002 esset
2870 3942 3166 4001 entitative
3186 3957 3300 4002 na-

1934 4031 2143 4089 turalis
2185 4031 2348 4105 iuxta
2376 4027 2763 4085 conditionem
2804 4023 3173 4098 operationiS,
3204 4023 3295 4080 cui

1934 4105 2282 4180 desenvstet,
2332 4116 2388 4168 et
2432 4113 2763 4183 sequeretur
2814 4106 2968 4164 idem
3024 4106 3298 4162 inconve-

1935 4194 2121 4251 niens,
2174 4192 2462 4258 Quoniam
2511 4190 2721 4247 falsum
2748 4191 2851 4254 est,
2883 4185 3034 4260 quod
3062 4184 3296 4243 facienti

1931 4274 2081 4348 quod
2108 4280 2194 4333 est
2236 4275 2297 4331 in
2325 4289 2386 4330 se
2413 4288 2484 4330 ex
2511 4270 2650 4328 solis
2676 4268 2902 4326 viribus
2929 4263 3297 4325 naturalibus

1931 4359 2076 4431 (sive
2101 4355 2400 4416 entitative
2439 4354 2558 4411 sint
2601 4353 2762 4420 10105,
2793 4351 2918 4409 sive
2958 4349 3292 4424 possessive,

1931 4440 2157 4497 etiamsi
2178 4437 2457 4495 darentur
2478 4450 2579 4508 per
2600 4433 2931 4505 Christum),
2956 4434 3103 4488 Deus
3124 4430 3299 4487 infal-

1931 4520 2175 4578 libiliter
2200 4519 2456 4577 conferat
2479 4514 2725 4591 gratiam
2766 4513 3290 4588 supernaturalem,

1930 4605 1993 4657 ut
2020 4605 2217 4659 contra
2242 4601 2495 4674 vasquez
2533 4595 2888 4654 ostendimus
2911 4594 3055 4670 disp.
3085 4596 3286 4658 citata,

1928 4681 2056 4740 dub.
2085 4683 2142 4739 9.

3136 5011 3286 5142 ῃ.

3339 555 3530 659 «11ἑέὲὲ

3359 665 3526 710 τωρω-

1965 709 2049 759 est
2075 703 2139 760 in
2164 720 2224 761 se
2249 720 2320 761 ex
2339 703 2567 760 viribus
2589 707 2828 767 naturas,
2861 703 3006 758 Deus
3035 699 3518 802 infallibi'essieffi.

3627 2689 3647 3474 ἦ

3577 4931 3647 5638 2
