3647 5753
210 885 417 937 Revrill.

207 2704 409 2755 D.Prosp.

201 3914 257 3956 D.
284 3914 395 3957 Iren.

429 392 504 447 92

432 565 707 619 divinitus
732 567 844 619 sint
867 563 1224 635 praedefinita,
1259 561 1418 638 idque
1439 580 1537 636 per
1561 563 1796 618 multam

430 661 558 715 erpa
579 661 677 698 nos
705 645 1131 717 providentiam.
1180 645 1314 707 Quae
1342 642 1629 699 verificari
1676 658 1794 699 non

431 730 715 799 poterunt,
737 727 849 782 nisi
879 724 1240 798 applicentur
1258 725 1500 781 motioni
1518 726 1617 782 Dei
1643 741 1714 782 ex
1733 741 1794 782 se

429 804 655 870 efficaci,
681 812 737 861 et
753 807 1001 861 minime
1020 819 1326 877 suspensae,
1350 804 1442 860 vel
1470 806 1791 877 expectanti

430 902 772 944 consensum
842 892 1125 943 nostrum.
1175 888 1229 941 S.
1290 888 1355 943 Ρ.
1411 890 1479 943 N.
1538 886 1794 960 Cyrillus

429 967 709 1024 Alexand.
738 969 831 1024 lib.
864 972 883 1024 1
941 969 1005 1023 de
1025 969 1363 1034 adoratione,
1394 975 1446 1022 et
1471 969 1642 1033 cultu,
1693 966 1791 1023 ubi

431 1047 754 1120 ponderans
801 1050 1045 1122 Angelos
1092 1048 1539 1121 apprehendisse
1582 1064 1792 1104 manus

430 1129 593 1194 Loth,
623 1135 679 1186 et
705 1132 922 1196 uxoriS,
953 1137 1007 1187 et
1037 1130 1298 1187 filiarum
1326 1131 1467 1204 ejus,
1502 1135 1562 1185 ut
1591 1130 1792 1202 ipsose

428 1211 659 1267 civitate
683 1212 1009 1278 educerent,
1038 1212 1229 1285 inquit
1257 1234 1269 1267 ι
1301 1235 1326 1265 α
1368 1212 1672 1268 Manifesto
1693 1226 1791 1266 ar-

435 1314 460 1344 «
502 1297 775 1364 gumento
804 1291 909 1347 tibi
936 1309 1058 1349 esse
1089 1298 1288 1365 potest,
1321 1308 1425 1349 nos
1454 1308 1570 1350 non
1602 1290 1791 1348 verbis

436 1394 461 1425 «
502 1372 959 1437 solumincitari,
992 1379 1047 1429 et
1072 1372 1568 1430 adhortationibus
1608 1371 1788 1428 menti

435 1473 460 1506 «
503 1454 799 1519 immissis,
835 1460 895 1508 ut
922 1471 953 1510 a
996 1461 1216 1526 peccato
1265 1454 1622 1511 discedamus
1648 1478 1661 1520 ;
1691 1451 1789 1509 sed

434 1557 461 1586 ι(
503 1539 660 1590 tanta
683 1532 1036 1607 benignitate
1049 1551 1184 1609 erga
1200 1551 1304 1591 nos
1321 1536 1404 1591 uti
1426 1536 1788 1590 Servatorem

433 1637 459 1668 «
501 1614 675 1670 totius
725 1614 982 1671 universi
1011 1617 1211 1681 Deum,
1246 1621 1306 1669 ut
1351 1620 1474 1671 actu
1504 1616 1645 1687 ipso,
1677 1614 1790 1671 effi·

435 1717 460 1747 «
503 1693 816 1765 caciterque
862 1693 1027 1751 nobis
1077 1695 1364 1750 auxilium
1408 1700 1652 1766 praestet‚
1697 1710 1789 1750 se-

433 1798 459 1828 «
501 1775 753 1831 cundum
780 1775 927 1848 quod
973 1776 1251 1848 scriptum
1300 1783 1384 1833 est
1418 1777 1788 1849 :Appr‘ehen·

433 1878 459 1908 «
501 1855 633 1911 disti
658 1873 896 1913 manum
925 1856 1223 1913 dexteram
1254 1863 1537 1922 meam,et
1558 1858 1623 1912 in
1648 1873 1788 1913 con-

434 1959 458 1990 «
500 1937 633 1994 silio
696 1954 825 1995 meo
893 1937 1179 1995 deduxisti
1247 1956 1358 1996 me.
1420 1942 1560 1995 Cum
1627 1938 1786 1995 enim

432 2041 456 2071 (ι
501 2019 754 2075 humana
776 2026 981 2077 natura
1017 2038 1132 2079 non
1160 2022 1299 2078 satis
1327 2021 1532 2078 valida
1545 2026 1648 2086 est,
1682 2037 1786 2077 ne-

429 2123 455 2152 «
497 2117 604 2173 que
647 2118 746 2174 per
792 2118 852 2158 se
896 2102 1118 2171 sufficit,
1171 2109 1231 2159 ut
1276 2105 1497 2159 malum
1537 2103 1787 2176 effugere

429 2203 454 2234 «
496 2179 826 2254 queat,'una
854 2182 1152 2241 nobiscum
1181 2183 1602 2257 quodammodo
1647 2199 1787 2240 con-

427 2283 453 2313 «
497 2262 679 2319 tendit
702 2266 866 2327 DeuS,
894 2263 1220 2337 duplicique
1261 2264 1539 2322 beneficio
1567 2264 1786 2320 afficere

427 2364 452 2394 «
494 2344 886 2416 cognoscitur,
945 2344 1445 2403 admonitionibus
1495 2345 1784 2401 nimirum

425 2442 452 2474 «
497 2421 859 2492 persuadens,
899 2429 952 2479 et
980 2424 1305 2480 subsidium
1350 2430 1625 2496 praestans
1674 2423 1785 2480 for-

429 2522 456 2552 «
499 2502 629 2566 tius,
662 2518 833 2575 quam
864 2507 925 2557 ut
952 2502 1022 2558 ab
1076 2503 1445 2576 impediente,
1478 2509 1576 2559 aut
1605 2504 1785 2575 impe·

429 2603 455 2632 «
502 2589 661 2638 rante
689 2583 842 2639 malo
892 2585 1155 2654 superari
1204 2584 1396 2657 possit.
1446 2582 1652 2647 »Quid
1679 2598 1783 2639 ex-

425 2663 672 2734 pressius
702 2679 804 2733 pro
823 2663 1008 2735 gratia
1036 2679 1105 2719 ex
1120 2679 1181 2719 se
1206 2663 1783 2734 efficaci‘eDProsper

424 2743 487 2797 in
510 2742 752 2814 epistola
781 2741 849 2796 ad
873 2741 1183 2807 Ruffinurn,
1218 2743 1458 2814 loquens
1503 2742 1574 2818 de
1603 2739 1783 2814 Lydia

425 2821 792 2896 purpuraria,
819 2823 976 2896 cujus
1007 2822 1283 2880 Dominus
1328 2822 1553 2896 aperuit
1573 2837 1688 2887 cor,
1722 2826 1784 2876 ut

421 2902 749 2961 intenderet
795 2904 884 2959 his
914 2898 1055 2975 ’quae
1108 2904 1446 2961 dicebantur
1491 2922 1523 2960 a
1577 2903 1774 2968 Pau10,

421 2986 538 3042 ait:
577 3006 602 3036 «
630 2994 723 3040 An
766 2983 1075 3040 dicendum
1103 2991 1186 3040 est
1214 2985 1501 3042 voluntati
1549 2985 1648 3041 Dei
1679 2984 1781 3039 hu-

425 3087 451 3117 «
480 3079 682 3119 manas
707 3062 980 3120 obsistere
1010 3064 1370 3120 voluntates?
1393 3059 1516 3119 »Et
1538 3065 1777 3121 iterum:

426 3166 451 3197 «
481 3146 618 3208 Quis
645 3146 753 3200 ista
778 3144 947 3201 corda
993 3147 1257 3212 mutavit,
1286 3146 1399 3201 nisi
1456 3146 1555 3219 qui
1610 3144 1779 3201 finxit

424 3245 449 3275 «
491 3223 832 3296 singillatim
860 3222 1029 3281 corda
1050 3240 1251 3281 eorum
1273 3230 1300 3282 t)
1323 3220 1463 3290 Quis
1490 3227 1661 3299 hujus
1703 3224 1779 3279 ri-

423 3327 448 3357 «
489 3305 642 3378 goris
669 3303 942 3362 duritiem
972 3304 1041 3361 ad
1070 3305 1377 3364 obediendi
1403 3307 1658 3364 mollivit
1686 3307 1778 3362 af-

421 3406 446 3438 «
488 3386 717 3449 fectum,
751 3384 863 3439 nisi
891 3385 988 3456 qui
1016 3390 1214 3456 potens
1260 3391 1345 3443 est
1372 3386 1463 3443 -de
1489 3384 1778 3459 lapidibus

421 3487 447 3516 «
488 3464 731 3521 Abrahae
753 3463 902 3521 filios
922 3466 1171 3521 excitare
1193 3469 1219 3521 P
1237 3487 1263 3518 »
1299 3468 1396 3522 Est
1423 3472 1614 3523 autern
1636 3465 1776 3522 adeo

414 3544 681 3617 frequens
705 3546 766 3600 D.
793 3546 1035 3617 Prosper
1052 3546 1114 3601 in
1134 3546 1441 3619 repetendo
1463 3547 1610 3603 hanc
1628 3563 1775 3619 prze-

414 3628 968 3701 ceptorisAugustini
992 3629 1362 3696 sententiam,
1398 3636 1458 3686 ut
1480 3630 1632 3685 nihil
1667 3630 1777 3685 fre·

412 3710 677 3783 quentius
715 3710 926 3782 scripta
977 3710 1100 3782 ejus
1146 3716 1452 3767 eructent:
1512 3712 1774 3785 quocirca

411 3794 897 3864 supervacaneum
927 3795 1011 3845 est
1036 3789 1361 3864 singularia
1389 3793 1510 3848 loca
1526 3791 1771 3849 referre.

487 3872 549 3926 D.
579 3873 826 3926 Irenaeus
873 3869 965 3924 lib.
991 3870 1044 3936 4,
1071 3870 1333 3927 adversus
1401 3870 1768 3937 Valentinum,

410 3968 532 4023 cap.
557 3952 650 4016 76,
681 3949 868 4022 inquit
903 3969 914 4003 ε
957 3948 1084 4005 Non
1111 3953 1258 4005 enim
1297 3960 1357 4006 tu
1386 3950 1560 4008 Deum
1603 3954 1767 4025 faciS,

411 4032 502 4086 sed
529 4029 675 4086 Deus
701 4039 750 4084 te
769 4032 925 4102 facit.
968 4028 1038 4085 Si
1064 4046 1186 4100 erqo
1225 4050 1390 4104 opera
1421 4031 1524 4088 Dei
1548 4051 1620 4099 es,
1645 4051 1772 4088 ma-

411 4131 544 4169 num
571 4114 803 4184 artificis
841 4112 925 4165 tui
974 4119 1197 4182 εωρεοια
1239 4122 1536 4185 opportune
1582 4118 1770 4170 omnia

406 4194 712 4266 facientem.
746 4193 814 4246 Et
835 4188 992 4246 infra
1014 4189 1173 4246 addit
1201 4213 1212 4247 :
1239 4190 1448 4250 Manus
1472 4196 1589 4265 ejus
1617 4195 1769 4251 liniet

405 4277 644 4332 ceincias,
670 4272 780 4328 Ubi
809 4271 1029 4338 asserit,
1062 4272 1210 4346 quod
1250 4274 1397 4331 sicut
1424 4292 1457 4332 a
1488 4278 1600 4333 Deo
1645 4275 1770 4332 effi-

299 4410 306 4419 .
403 4358 610 4424 cimur,
643 4357 767 4412 itaa
791 4357 901 4411 Deo
923 4354 1168 4428 agimur,
1197 4356 1419 4428 ipsique
1455 4358 1767 4430 primatum

190 4728 370 4784 D.Fulg.

404 4441 467 4496 in
539 4438 750 4496 nostris
804 4435 1072 4509 operibus
1126 4434 1437 4494 debeamus
1505 4441 1719 4499 referre
1752 4463 1764 4499 :

403 4518 553 4592 quod
580 4516 863 4574 verificari
892 4516 1105 4588 nequit,
1129 4516 1243 4573 nisi
1274 4519 1421 4575 Deus
1441 4536 1615 4594 opera
1631 4539 1768 4580 nos-

405 4609 496 4658 tra
536 4600 763 4657 inchoet
809 4614 909 4670 per
955 4598 1174 4654 auxilia
1224 4615 1295 4655 ex
1338 4617 1398 4657 se
1456 4601 1768 4663 inferentia

409 4697 766 4740 consensum.
798 4682 861 4736 D.
895 4679 1228 4753 Fulgentius
1255 4681 1350 4737 lib.
1377 4683 1443 4738 de
1471 4684 1762 4744 Incarnat.

408 4773 459 4822 et
480 4766 669 4836 qratia
691 4762 919 4842 Christi,
949 4778 1068 4834 cap.
1095 4763 1150 4829 8,
1181 4762 1369 4837 inquit
1400 4787 1415 4822 ε
1452 4787 1477 4818 «
1502 4769 1650 4824 Deus
1669 4784 1765 4825 er-

415 4871 440 4902 «
469 4863 560 4923 go,
601 4844 698 4918 qui
745 4843 970 4899 homini
1017 4843 1415 4915 poenitentiam
1475 4847 1588 4916 dat,
1648 4851 1766 4923 ipse

413 4935 647 4987 «mutat
691 4925 949 4982 hominis
1002 4926 1374 4985 voluntatem.
1417 4930 1666 4990 Proinde
1715 4934 1764 4989 si

417 5035 443 5068 «
471 5011 600 5084 quis
650 5007 787 5065 dicit
821 5027 833 5063 :
860 5009 1053 5065 Meum
1073 5012 1159 5066 est
1198 5010 1351 5067 velle
1387 5010 1637 5084 credere,
1665 5014 1763 5071 Dei

1459 385 1551 439 DE
1593 384 1864 460 GRAT1A
1905 385 2248 441 EFrtcAm.

1935 586 1959 614 α
1989 569 2181 620 autem
2209 563 2411 637 gratiae
2444 569 2530 620 est
2581 563 2873 638 adjuvare,
2906 568 3088 619 mutet
3113 562 3293 619 dicto-

1935 664 1958 694 «
1992 659 2120 698 rum
2168 641 2452 709 ordinem,
2488 659 2668 715 neque
2706 642 2855 716 quod
2899 642 3197 715 posteriuS,
3228 643 3292 698 in

1934 745 1958 776 «
1989 723 2170 797 priori
2198 724 2317 780 loco
2338 717 2663 781 constituat.
2690 726 2842 780 Male
2861 725 3020 780 enim
3044 725 3292 798 gratiam

1936 828 1958 855 a
1987 802 2088 860 Dei
2130 820 2245 860 suae
2315 806 2593 862 voluntati
2647 805 2952 879 postponit,
3002 821 3132 861 cum
3184 805 3293 861 ista

1934 907 1959 935 <e
1989 881 2137 941 bona
2182 901 2302 941 esse
2345 901 2461 943 non
2505 886 2741 958 possint,
2767 887 2815 941 si
2870 887 2975 942 illa
3020 884 3285 942 defuerit.

1933 985 1957 1016 «
1989 966 2115 1021 Non
2136 965 2294 1020 enim
2319 965 2464 1021 dicat
2488 987 2500 1021 :
2530 967 2722 1021 Meum
2751 971 2833 1022 est
2857 966 3005 1022 velle
3034 964 3285 1031 credere,

1933 1066 1957 1096 α
1991 1046 2089 1101 Dei
2138 1051 2329 1102 autem
2374 1047 2572 1120 gratiae
2617 1046 2936 1120 adjuvare;
2976 1045 3075 1103 sed
3102 1045 3283 1101 dicat:

1932 1148 1957 1177 «
1988 1127 2196 1184 Gratiae
2247 1128 2348 1185 Dei
2393 1144 2515 1185 esse
2567 1126 2857 1201 adjuvare,
2888 1133 2947 1182 ut
2996 1128 3071 1183 sit
3092 1143 3289 1184 meum

1846 1226 1852 1232 ·
1933 1231 1958 1261 «
1987 1210 2136 1265 velle
2158 1208 2388 1266 credere
2416 1231 2429 1265 z
2478 1215 2609 1266 tunc
2636 1211 2795 1265 enim
2845 1225 2996 1275 vere,
3031 1215 3290 1282 recteque

1932 1311 1958 1343 α
1989 1290 2087 1355 ait,
2119 1293 2238 1365 ejus
2259 1308 2380 1348 esse
2400 1293 2504 1348 hoc
2526 1293 2692 1351 velle.
2713 1293 3047 1365 cumgratia
3070 1291 3288 1365 praevia

1932 1392 1957 1422 «
1984 1372 2219 1443 coeperit
2241 1371 2530 1445 adjuvare.
2559 1392 2584 1423 »
2613 1371 2828 1436 Quibus
2860 1370 3051 1427 verbis
3078 1370 3288 1428 diserte

1924 1450 2101 1519 docet,
2132 1452 2379 1526 gratiam
2418 1451 2698 1508 efficacem
2726 1451 2817 1522 (ad
2856 1468 3029 1524 quam
3069 1451 3288 1508 scilicet

1923 1532 2182 1603 sequitur
2223 1534 2408 1603 velle),
2439 1547 2562 1589 esse
2614 1532 2717 1588 illo
2764 1532 3040 1604 priorem,
3085 1538 3139 1588 et
3174 1532 3286 1605 ipsi

1928 1612 2222 1684 praeviam,
2298 1617 2355 1668 et
2412 1613 2767 1668 voluntatem
2816 1618 3088 1668 mutare:
3135 1612 3287 1685 quod

1923 1693 2121 1767 gratia}
2164 1710 2234 1751 ex
2261 1711 2320 1751 se
2367 1693 2720 1750 indifferenti
2750 1694 3025 1767 applicari
3069 1695 3281 1767 nequit,

1923 1792 2052 1831 cum
2076 1776 2193 1833 hanc
2242 1791 2516 1848 suspensa
2555 1781 2788 1832 maneat
2834 1774 3150 1848 usquedum
3178 1792 3285 1833 vo-

1925 1860 2115 1916 luntas
2144 1858 2380 1930 incipiat
2401 1860 2568 1915 velle.
2596 1858 2750 1914 Idem
2775 1858 3135 1931 apertissime
3160 1873 3287 1913 sen·

1917 1942 1991 1996 tit
2029 1943 2095 2003 D.
2138 1940 2382 1995 Basilius
2422 1941 2662 2013 Magnus
2709 1939 2770 1994 in
2845 1939 3102 1996 oratione
3139 1937 3477 1994 sacriunasn.

1921 2021 2153 2089 AltariS,
2201 2037 2372 2093 quam
2405 2020 2578 2077 refert
2630 2023 2831 2077 Petrus
2871 2021 3151 2075 Diaconus
3179 2018 3281 2074 lib.

1921 2102 1991 2159 de
2019 2105 2305 2159 Incarnat.
2335 2107 2389 2159 et
2415 2103 2619 2175 gratia,
2646 2118 2767 2173 cap.
2794 2104 2827 2156 8
2854 2126 2867 2157 ς
2899 2125 2924 2153 «
2967 2103 3144 2165 Dona,
3170 2102 3285 2156 Do-

1928 2206 1952 2238 «
1984 2184 2161 2252 mine,
2225 2185 2520 2250 virtutem,
2571 2201 2634 2240 ac
2696 2189 2952 2239 tutamen
2987 2204 2999 2237 :
3078 2183 3279 2247 malosi,

1927 2286 1952 2316 «
1979 2280 2324 2334 quaesumuS,
2369 2262 2547 2320 bonos
2593 2262 2780 2327 facito,
2824 2261 3004 2318 bonos
3027 2262 3089 2317 in
3112 2261 3285 2317 boni-

1927 2365 1952 2394 «
1982 2350 2095 2400 tate
2120 2359 2394 2399 conserva
2430 2364 2441 2398 :
2467 2342 2665 2399 omnia
2686 2342 2844 2398 enim
2872 2347 3047 2413 potes,
3079 2347 3135 2398 et
3166 2357 3284 2398 non

1926 2445 1951 2473 «
1979 2425 2182 2495 estqui
2204 2422 2555 2479 contradicat
2576 2421 2681 2476 tibi
2708 2438 2869 2477 :cum
2893 2421 3050 2477 enim
3083 2422 3282 2479 volue-

1925 2525 1951 2556 «
1982 2504 2079 2571 riS,
2132 2506 2341 2571 salvaS,
2386 2511 2441 2561 et
2488 2506 2683 2560 nullus
2739 2503 2952 2559 resistit
3000 2504 3283 2560 voluntati

1925 2604 1949 2634 «
1979 2588 2106 2639 tuae.
2142 2604 2167 2635 >2
2203 2588 2338 2648 Quae
2384 2583 2453 2639 de
2480 2569 2593 2639 Deo
2633 2589 2694 2638 ut
2735 2588 3002 2639 movente
3025 2598 3123 2655 per
3148 2599 3284 2656 gra-

1919 2663 2057 2718 tiam
2106 2678 2174 2719 ex
2231 2679 2291 2719 se
2339 2662 2766 2719 indifferentem
2831 2661 3114 2718 verificari
3166 2679 3286 2719 non

1917 2743 2133 2809 valent,
2163 2758 2293 2799 cum
2318 2742 2582 2816 praedicta
2603 2742 2789 2814 gratia
2810 2740 3153 2813 simpliciter
3179 2759 3285 2799 suo

1916 2821 2113 2880 effectu
2144 2824 2363 2896 privari
2408 2823 2598 2896 possit.
2632 2821 2885 2893 Denique
2930 2825 2990 2875 ut
3034 2822 3285 2893 prolixi-

1916 2909 2090 2961 tatem
2107 2906 2371 2972 vitemuS,
2403 2904 2647 2979 gratiam
2663 2919 2734 2958 ex
2766 2918 2826 2958 se
2847 2901 3129 2958 efficacem
3172 2901 3282 2960 do—

1916 2989 2060 3049 cent,
2094 2987 2185 3042 vel
2216 2989 2547 3058 supponunt
2583 2982 2971 3039 communiter
3019 2982 3122 3037 alii
3165 2984 3280 3039 Pa-

1917 3070 2051 3121 tres:
2070 3067 2376 3139 Dionysius
2401 3083 2521 3137 cap.
2539 3066 2593 3130 5,
2618 3064 2681 3117 de
2697 3063 2905 3118 divinis
2926 3062 3242 3118 nominibus
3264 3082 3281 3119 .·
3296 3078 3488 3130 Dionysi.

1914 3147 1969 3202 S.
2014 3147 2287 3218 Ephrem.
2335 3164 2496 3202 serm.
2552 3146 2615 3199 de
2655 3145 2772 3200 vita
2824 3145 3099 3214 reliyiosa,
3159 3131 3328 3217 pole
3354 3128 3488 3220 ggeff·

1911 3228 2170 3294 medinm,
2220 3234 2293 3281 et.
2319 3244 2480 3283 ser-m.
2526 3226 2580 3291 3,
2623 3226 2687 3280 cle
2732 3231 3037 3297 compuncl.
3071 3225 3488 3284 cordisssamasc-

1911 3310 1966 3364 S.
1994 3309 2105 3364 1.eo
2127 3310 2168 3365 Ι.
2212 3326 2372 3364 εει-ηε.
2405 3309 2467 3362 de
2486 3310 2740 3380 passione
2765 3304 3011 3369 Domini,
3038 3312 3084 3359 et
3110 3277 3490 3382 εον-ημῗῧῗῦῗὲξζ

1920 3389 1936 3442 l
1970 3388 2032 3442 cle
2060 3390 2275 3460 jejunio
2306 3390 2370 3444 10
2423 3389 2646 3454 mensis,
2703 3394 2751 3441 et
2791 3403 2951 3440 serm.
2983 3386 3036 3453 9,
3071 3385 3132 3439 Ι).
3163 3376 3466 3441 Da-nfflf‘m·

1910 3485 2207 3527 mascenus
2225 3489 2384 3528 serm.
2426 3473 2443 3526 l
2478 3471 2730 3527 desacris
2750 3464 3100 3539 imaginibus,
3121 3484 3274 3539 pau-

1912 3550 1962 3605 lo
1978 3559 2098 3624 post
2117 3554 2476 3625 principium.
2493 3554 2558 3608 D.
2584 3552 2980 3607 Nazianzenus
3000 3553 3140 3602 orat.
3172 3548 3266 3614 31,

1912 3640 2158 3692 tractans
2194 3636 2337 3692 illud
2360 3635 2615 3708 Apostoli
2639 3633 2708 3690 ad
2752 3636 2917 3689 Rom.
2950 3633 3016 3688 9:
3041 3630 3169 3688 Non
3195 3639 3271 3686 est

1907 3714 2152 3785 volenti-3,
2175 3724 2274 3773 etc.
2306 3719 2369 3773 D.
2408 3714 2674 3771 AmbrOS.
2709 3714 2802 3769 lib.
2838 3715 2919 3778 lo,
2954 3714 3013 3767 in
3039 3710 3271 3778 Lucam,

1909 3796 1979 3853 ad
2026 3798 2127 3854 illa
2169 3798 2345 3855 verba
2371 3814 2492 3870 cap.
2524 3799 2596 3852 22
2623 3818 2635 3851 :
2671 3794 2975 3853 Gom-ersus
3004 3792 3274 3849 Dominus

1906 3880 2143 3951 respexit
2166 3878 2391 3934 Petrum
2419 3886 2504 3932 :et
2533 3877 2623 3933 lib.
2654 3876 2717 3930 de
2743 3877 2880 3947 fuya
2925 3874 3120 3939 saculi,
3146 3890 3267 3944 cap.

1915 3959 1961 4013 1.
1988 3960 2055 4013 D.
2082 3958 2423 4033 Hieronym.
2453 3958 2543 4013 lib.
2580 3957 2631 4025 3,
2662 3964 2853 4012 contra
2882 3953 3072 4021 Pelaq.
3097 3952 3271 4024 paulo

1902 4047 2021 4111 post
2060 4041 2315 4106 medium,
2341 4048 2387 4095 et
2416 4057 2577 4113 super
2614 4040 2768 4111 epist.
2816 4036 2889 4090 acl
2914 4033 3116 4106 Ephes,
3142 4049 3267 4103 cap.

1914 4121 1959 4185 l,
1991 4124 2048 4176 et
2092 4121 2190 4176 alii
2240 4123 2451 4193 plureS,
2483 4135 2727 4193 quorum
2770 4114 2944 4172 verba
2990 4112 3271 4169 transcri-

1905 4200 2049 4258 bunt
2078 4205 2273 4260 Zumel
2314 4210 2444 4260 tom.
2494 4207 2529 4260 2
2572 4219 2753 4275 opusc.
2799 4199 2938 4270 disp.
2978 4197 3031 4262 5,
3089 4214 3125 4250 a
3166 4196 3264 4267 fol.

1913 4284 2032 4354 147,
2057 4286 2303 4342 Alvarez
2330 4286 2393 4340 de
2438 4277 2680 4341 auoeiliis‘
2720 4282 2861 4354 disp.
2904 4281 2997 4346 22,
3024 4285 3075 4332 et
3122 4278 3265 4350 disp.

1903 4368 2016 4435 85„
2043 4373 2092 4421 et
2140 4366 2300 4423 lia-2
2352 4365 2608 4438 Respons.
2652 4382 2771 4437 cap.
2808 4365 2850 4429 l,
2888 4359 3076 4415 Estius
3115 4360 3176 4413 in
3214 4359 3265 4424 2,

1901 4450 2049 4504 dist.
2098 4447 2171 4501 29
2217 4449 2248 4516 ἓ
2286 4447 2337 4515 3,
2384 4449 2664 4503 Navarete
2710 4453 2838 4499 tom.
2906 4444 2961 4510 2,
3024 4447 3268 4496 controv.

1902 4530 1995 4596 21,
2016 4531 2047 4597 ξ
2068 4528 2123 4596 6,
2147 4533 2198 4580 et
2218 4529 2273 4595 7,
2299 4528 2448 4583 circa
2467 4528 2648 4599 finem,
2673 4529 2731 4580 et
2759 4522 2881 4579 alii.

1984 4609 2105 4664 138.
2150 4605 2540 4663 confirmatur
2578 4605 2748 4662 tertio
2787 4618 2859 4659 ex
2908 4597 3268 4659 orationibus
3321 4632 3445 4675 mem

1902 4687 2182 4752 Ecclesiae,
2202 4704 2329 4759 quae
2346 4687 2485 4744 satir.
2501 4692 2695 4760 aperte
2715 4686 3063 4758 supponunt,
3084 4681 3266 4736 Deum
3289 4681 3475 4772 wolffg}

1900 4786 2004 4826 sua
2032 4767 2263 4826 infinita
2291 4770 2504 4826 virtute
2526 4785 2687 4843 posse
2720 4767 3026 4824 hominum
3054 4762 3266 4819 volun·
3295 4739 3469 4836 ἷέἓὲς.

1900 4855 2044 4907 tates
2070 4855 2421 4919 convertere,
2451 4865 2635 4923 neque
2681 4848 2828 4904 hanc
2853 4845 2976 4901 vim
3007 4841 3267 4933 referunt
3302 4830 3457 4920 {fffflffi

1903 4933 1964 4988 in
2007 4931 2426 5005 praescientiam
2444 4932 2626 4988 futuri
2651 4932 2910 4993 eventuS,
2940 4924 3123 4982 sedin
3166 4924 3266 4980 Dei
3328 4928 3441 4971 nem.

1901 5014 2239 5087 potentiam,
2270 5019 2326 5071 et
2342 5015 2695 5073 auxiliorum
2710 5000 2913 5086 grati'ae
2934 5005 3261 5067 efficaciam.

3143 5090 3268 5153 Quo
