3647 5753
562 438 645 511 62
1591 429 1689 484 DE
1724 426 1993 483 GRATIA
2032 420 2378 483 EFFICACI:

2060 604 2224 677 paida
2246 611 2374 660 tom
2401 607 2455 671 2,
2493 604 2621 659 dist
2668 603 2789 667 109,
2820 609 2944 658 sect.
2979 602 3033 667 3,
3068 599 3161 656 ubi
3195 599 3279 655 ait
3305 603 3572 659 tes-,iliata

569 612 878 671 absurdior
923 620 1025 677 est,
1057 614 1227 685 quam
1278 608 1643 684 praecedens,
1630 629 1643 643 ·
1673 623 1808 664 nam
1854 621 1926 663 ex

2057 686 2298 742 timonia
2343 701 2517 757 supra
2560 684 2738 740 relata
2762 683 3047 749 evincere,
3092 679 3244 754 quod
3275 667 3570 765 Βρυε,ἓξὲξ

567 710 638 751 ea
666 693 885 766 liquido
911 694 1179 758 infertur,
1226 695 1405 749 Deum
1434 705 1550 746 non
1576 704 1697 745 esse
1725 687 1920 780 logice,

565 780 624 831 et
668 775 1053 850 metaphysice
1093 774 1567 863 omnipotentem.
1615 770 1762 824 Tum
1790 768 1926 840 quia

568 857 634 911 in
675 853 1155 912 Adversariorum
1183 853 1471 925 opinione,
1505 847 1632 905 fieri
1663 864 1778 904 non
1821 863 1926 919 po-

567 939 678 990 test
705 935 899 1009 logice,
928 933 1436 1008 telmetaph3s1ce
1462 929 1611 1002 quod
1633 932 1779 984 Deus
1798 943 1928 985 cau·

563 1020 652 1071 set
676 1015 990 1071 efficaciter
1002 1030 1257 1072 consens¹
1262 1029 1341 1068 im
1372 1011 1641 1077 liberum,
1683 1010 1795 1065 nisi
1822 1008 1928 1064 de-

568 1092 887 1164 pendenter
934 1109 966 1149 a
995 1092 1348 1165 praescientia
1393 1105 1696 1147 consensus
1723 1087 1925 1144 condi-

566 1173 787 1229 tionate
814 1173 993 1229 futuri
1027 1194 1039 1228 ι
1074 1172 1172 1229 sed
1217 1170 1342 1228 fieri
1371 1177 1487 1226 tam
1516 1168 1920 1242 metaphysice,

566 1269 739 1325 quam
778 1254 955 1327 logice
982 1253 1151 1319 valet,
1183 1251 1330 1325 quod
1361 1250 1687 1323 praeviderit
1713 1251 1925 1305 volun-

568 1340 746 1391 tatem
804 1336 1133 1391 restituram
1187 1334 1308 1391 fore
1352 1331 1622 1390 omnibus
1667 1329 1920 1397 auxiliis,

567 1413 781 1487 quibus
828 1420 1004 1487 potest
1048 1430 1176 1471 eam
1227 1413 1563 1487 praevenire,
1616 1417 1677 1466 ut
1724 1411 1927 1467 asserit

566 1496 806 1552 Suarius
839 1518 851 1552 :
880 1512 1016 1571 ergo
1064 1497 1126 1552 in
1154 1511 1220 1553 eo
1258 1500 1464 1552 eventu
1495 1497 1640 1549 Deus
1681 1508 1797 1549 non
1844 1497 1927 1547 est

563 1576 934 1649 omnipotens
961 1576 1154 1650 logice,
1185 1582 1244 1633 et
1269 1574 1653 1648 metaphysice
1692 1571 1761 1629 ad
1788 1589 1925 1630 cau-

526 1649 530 1659 ’
568 1658 816 1714 sandum
836 1657 1170 1731 praedictum
1189 1672 1546 1714 consensum
1563 1657 1710 1710 Tum
1726 1656 1920 1717 etiam

568 1737 706 1811 quia
751 1739 1166 1812 omnipotentia
1212 1738 1404 1817 logice,
1452 1743 1508 1793 et
1542 1735 1925 1810 metaph3sice

567 1820 929 1877 considerata
993 1820 1221 1893 respicit
1279 1835 1451 1876 omne
1529 1816 1796 1882 factibile,
1870 1823 1927 1873 et

570 1899 928 1970 producibile
982 1898 1275 1956 absolute:
1324 1899 1422 1955 sed
1477 1900 1540 1954 in
1605 1913 1671 1954 eo
1716 1903 1924 1953 eventu

527 2034 530 2038 l
564 1995 873 2036 consensus
900 1979 1210 2037 voluntatis
1229 1986 1314 2036 est
1339 1978 1592 2037 absolute
1615 1976 1918 2051 possibilis,

568 2060 716 2116 alias
757 2062 1022 2117 voluntas
1065 2067 1209 2118 esset
1255 2061 1496 2117 omnino
1541 2058 1925 2114 determinata

566 2138 640 2194 ad
684 2140 1007 2198 dissensum
1053 2163 1065 2197 ε
1108 2156 1243 2217 ergo
1270 2140 1319 2196 si
1369 2141 1429 2196 in
1480 2137 1748 2213 praedicto
1792 2152 1923 2191 casu

570 2223 717 2277 Deus
740 2222 856 2279 no'n
887 2228 1065 2294 potest
1090 2221 1385 2278 efficaciter
1408 2223 1760 2277 voluntatem
1782 2233 1923 2274 con-

563 2309 810 2368 vertere,
839 2318 955 2359 non
982 2308 1178 2358 manet
1199 2303 1578 2374 omnipotens,
1605 2302 1752 2354 Tum
1777 2314 1924 2370 prae-

566 2387 742 2450 terea,
769 2387 902 2455 quia
927 2382 1070 2439 illud
1096 2383 1444 2457 principium
1468 2398 1586 2439 non
1614 2389 1698 2438 est
1724 2381 1917 2453 logice,

564 2467 622 2517 et
650 2464 1053 2538 metaphysice,
1087 2469 1252 2535 atque
1279 2467 1417 2519 adeo
1444 2461 1699 2518 absolute
1727 2460 1923 2517 omni-

564 2546 784 2614 potens,
811 2543 959 2613 quod
977 2542 1172 2613 nequit
1192 2541 1451 2598 effectum
1468 2540 1763 2597 efficaciter
1779 2555 1923 2595 asse·

562 2623 680 2695 qui,
705 2629 1206 2694 quantumcunque
1232 2624 1525 2696 excogitet,
1560 2622 1836 2685 inveniat,
1868 2626 1925 2676 et

481 2767 484 2771 ,
564 2704 812 2776 applicet
838 2704 1035 2760 omnia
1070 2702 1259 2759 media
1285 2702 1393 2759 sibi
1426 2702 1736 2776 possibilia,
1773 2708 1922 2757 utex

563 2784 833 2841 terminis
854 2788 1112 2840 constare
1141 2783 1368 2841 videtur
1395 2805 1407 2840 :
1439 2784 1594 2856 atqui
1617 2782 1921 2856 metaphy-

560 2866 696 2929 sice,
722 2871 778 2922 et
800 2865 977 2939 logice
999 2864 1125 2924 fieri
1155 2872 1350 2940 potest,
1372 2865 1519 2939 quod
1545 2868 1686 2922 Deus
1712 2880 1782 2920 ex
1808 2881 1923 2921 una

562 2954 722 3018 parte
767 2945 1057 3018 excogitet,
1105 2953 1162 3003 et
1201 2947 1443 3019 applicet
1490 2945 1686 3002 omnia
1733 2944 1922 3002 media

558 3026 672 3083 sibi
723 3026 1018 3100 possibilia
1063 3028 1132 3085 ad
1172 3028 1632 3101 consequendum
1678 3043 1922 3084 consen-

559 3103 691 3164 sum
741 3109 989 3167 liberum
1036 3110 1375 3176 voluntatis;
1425 3108 1653 3184 etquod
1688 3125 1759 3165 ex
1807 3109 1922 3165 alia

562 3197 725 3263 parte
751 3193 1016 3248 voluntas
1038 3193 1234 3248 omnia
1259 3193 1524 3266 praedicta
1552 3191 1740 3248 media
1764 3192 1921 3248 refu-

560 3277 660 3336 tet,
691 3278 747 3327 et
773 3271 1001 3345 abjiciat
1026 3273 1191 3341 (alias
1220 3274 1413 3348 logice,
1453 3279 1509 3330 et
1536 3272 1922 3345 metaphysice

564 3349 694 3407 fieri
725 3366 839 3407 non
871 3358 1070 3424 posset,
1102 3352 1251 3426 quod
1279 3355 1544 3410 voluntas
1574 3351 1921 3426 praevidere-

565 3435 663 3485 tur
714 3431 982 3488 restitura
1022 3432 1307 3501 omnibuS,
1357 3441 1411 3490 et
1454 3433 1697 3507 singulis
1723 3432 1922 3506 gratiae

563 3513 820 3583 auxiliiS,
873 3520 933 3569 ut
977 3516 1211 3572 Suarius
1251 3518 1474 3586 asserit)
1521 3533 1534 3567 :
1590 3531 1725 3588 ergo
1768 3516 1916 3569 Deus

564 3593 761 3667 logice,
813 3600 869 3651 et
914 3596 1299 3670 metaphysice
1347 3594 1629 3668 loquendo
1676 3610 1791 3650 non
1838 3598 1921 3649 est

560 3676 953 3748 omnipotens.
1000 3680 1147 3735 Tum
1195 3678 1459 3751 denique,
1510 3683 1566 3733 et
1611 3676 1913 3749 praecipue,

559 3757 698 3829 quia
741 3758 886 3814 illud
932 3760 1280 3834 principium
1328 3775 1445 3816 non
1490 3765 1573 3816 est
1622 3758 1814 3832 logice,
1865 3762 1921 3813 et

558 3838 945 3914 metaphysice
982 3841 1345 3912 omnipotens
1398 3839 1461 3895 in
1513 3837 1813 3905 movendo,
1864 3841 1921 3893 et

558 3916 796 3990 agendo,
847 3919 938 3974 cui
984 3922 1658 3993 quantumcunqueagat,
1706 3917 1921 3974 resistit

559 4004 818 4056 creatura
837 4022 848 4055 :
864 4017 998 4057 nam
1018 4002 1267 4074 potentia
1285 3998 1515 4057 infinita
1531 3999 1709 4055 vincit
1723 4016 1920 4073 quam-

558 4094 784 4152 cunque
832 4082 1213 4138 resistentiam
1234 4105 1248 4150 3
1279 4086 1335 4138 et
1379 4081 1427 4136 si
1458 4094 1573 4137 non
1619 4080 1818 4145 vincit,
1851 4095 1918 4137 eo

559 4159 686 4232 ipso
731 4177 848 4218 non
873 4167 958 4220 est
1000 4162 1248 4229 infinita,
1280 4161 1379 4219 sed
1407 4161 1575 4219 habet
1600 4162 1917 4218 terminum

557 4242 624 4298 in
666 4242 885 4317 agendo
917 4265 930 4300 ε
960 4245 1115 4317 atqui
1146 4242 1270 4300 fieri
1300 4244 1702 4319 metaphysice,
1746 4248 1801 4301 et
1831 4244 1916 4301 lo·-

555 4322 681 4396 gice
731 4329 929 4397 potest,
976 4331 1038 4379 ut
1065 4325 1365 4381 licetDeus
1394 4330 1619 4382 moveat
1646 4326 1917 4382 volunta-

558 4407 677 4459 tem
743 4403 1014 4460 omnibus
1075 4404 1279 4461 mediis
1341 4405 1451 4462 sibi
1512 4403 1911 4478 possibilibus,

560 4498 771 4557 nempe
796 4487 1013 4543 cunctis
1032 4487 1267 4543 auxiliis
1286 4489 1502 4562 gratiae,
1529 4488 1793 4544 voluntas
1820 4488 1917 4543 ni-

560 4565 882 4623 hilominus
907 4569 1021 4625 Deo
1048 4569 1303 4624 moventi
1327 4569 1568 4638 resistat,
1599 4574 1655 4625 et
1673 4584 1917 4625 consen-

560 4659 691 4699 sum
739 4644 976 4722 deneget
1026 4669 1039 4704 ε
1079 4664 1216 4722 ergo
1252 4649 1299 4704 si
1347 4665 1483 4705 vera
1529 4653 1612 4706 est
1656 4648 1916 4705 doctrina

559 4725 772 4792 Suarii,
805 4729 951 4784 Deus
979 4743 1095 4786 no‘n
1120 4735 1204 4787 est
1231 4730 1595 4801 omnipotens
1634 4729 1830 4803 logice,
1861 4734 1918 4786 et

559 4809 966 4883 metaphysice.
998 4809 1158 4876 Quod
1199 4826 1314 4868 non
1342 4818 1424 4868 est
1453 4811 1647 4867 minus
1680 4811 1910 4876 falsum,

559 4892 619 4944 et
640 4887 906 4962 impium,
934 4906 996 4947 ac
1016 4892 1203 4949 dicere
1224 4895 1401 4949 Deum
1421 4907 1537 4950 non
1552 4907 1671 4949 esse
1688 4890 1916 4949 infinite

562 4968 876 5041 perfectum
905 4972 1098 5045 logice,
1129 4977 1186 5029 et
1213 4973 1615 5047 metaphysice.

636 5052 728 5107 90.
761 5052 1018 5111 Secundo
1058 5061 1264 5113 nostrae
1294 5057 1502 5113 rationi
1538 5057 1784 5113 occurrit
1810 5057 1915 5113 Ri-

2058 765 2475 837 omnipotentia
2502 781 2603 821 sua
2634 768 2798 819 utens
2826 763 2976 819 valet
3001 726 3307 818 eilicaciter
3327 775 3416 815 as·

2057 848 2214 919 sequi
2237 862 2576 904 consensum
2610 845 2948 912 voluntatis3
2979 845 3230 900 minime
3257 857 3409 909 vero,

2056 927 2206 1001 quod
2233 935 2563 1001 assequatur
2606 944 2948 986 consensum
2990 925 3266 990 liberum,
3299 923 3417 978 sive

2057 1012 2135 1082 (et
2159 1010 2219 1064 in
2245 1009 2395 1066 idem
2427 1010 2594 1082 redit)
2620 1010 2769 1082 quod
2801 1010 3087 1081 relinquat
3113 1008 3175 1062 in
3208 1006 3414 1061 volun·

2058 1096 2173 1148 tate
2225 1090 2559 1164 potestatem
2609 1091 2904 1166 physicam
2951 1089 3021 1145 ad
3066 1088 3414 1144 dissentien-

2058 1171 2220 1227 dum.
2250 1173 2396 1236 Quia
2421 1174 2563 1228 Deus
2580 1177 2775 1244 potest,
2799 1172 2986 1243 inquit
3009 1170 3125 1236 ille,
3156 1168 3417 1223 illustra-

2059 1253 2258 1320 tiones,
2288 1259 2344 1310 et
2370 1253 2694 1310 affectiones
2720 1252 2859 1309 adeo
2907 1254 3161 1308 intensas
3189 1249 3414 1305 homini

2059 1333 2502 1400 communicare,
2531 1338 2592 1388 ut
2617 1332 2882 1404 quamvis
2902 1332 3072 1387 homo
3094 1329 3273 1403 possit
3295 1328 3416 1382 sin-

2057 1415 2209 1489 gulis
2249 1431 2449 1471 earum
2477 1413 2750 1489 gradibus
2778 1413 3023 1469 divisive
3051 1411 3294 1483 acceptis
3324 1425 3412 1465 re-

2058 1495 2290 1561 sistere,
2349 1496 2450 1552 toti
2503 1503 2696 1551 tamen
2744 1493 3027 1567 graduum
3092 1490 3414 1547 collectioni

2058 1573 2339 1632 obluctari
2367 1592 2483 1633 non
2513 1578 2716 1639 valeat,
2767 1573 2865 1629 sed
2907 1572 3230 1629 necessario
3271 1570 3414 1643 phy·

1969 1659 1978 1671 '
2057 1655 2170 1713 sice
2214 1657 2547 1713 consentiat.
2581 1654 2738 1720 Quod
2769 1653 2986 1726 probat,
3030 1652 3164 1725 quia
3197 1653 3410 1716 Patres,

2057 1742 2113 1793 et
2180 1737 2451 1811 Theologi
2498 1736 2724 1810 mystici
2776 1734 3161 1791 communiter
3214 1731 3413 1788 docent

2058 1818 2273 1874 eximie
2298 1824 2519 1874 sanctos
2542 1818 2604 1874 in
2627 1818 2908 1873 altissima
2935 1812 3414 1885 contemplatione

2060 1901 2337 1973 patientes
2364 1916 2505 1967 esse,
2535 1905 2591 1955 et
2613 1915 2728 1955 non
2752 1904 2979 1973 agentes
3000 1895 3217 1951 divinae
3239 1893 3415 1950 dilec-

2060 1983 2272 2039 tionis:
2297 1981 2444 2056 quod
2466 1981 2663 2054 nequit
2686 1980 2932 2052 intelligi
2955 1975 3311 2035 excludendo
3333 1990 3413 2030 ac-

2059 2064 2341 2120 tivitatem
2366 2063 2678 2137 physicam,
2706 2078 2835 2117 cum
2858 2060 3058 2116 divina
3086 2055 3412 2114 dilectio-sit

2059 2151 2213 2199 actus
2244 2144 2464 2210 vitalis;
2501 2142 2598 2198 sed
2645 2142 2779 2214 quia
2823 2139 3116 2212 supposita
3142 2136 3412 2192 intentis

2057 2224 2205 2279 sima
2248 2222 2747 2295 contemplatione,
2787 2236 2904 2276 non
2955 2218 3151 2282 libere,
3183 2216 3284 2272 sed
3314 2231 3410 2271 ne-

2057 2304 2302 2360 cessario
2322 2303 2570 2378 diligunt
2595 2305 2795 2359 Deum.

2133 2384 2261 2440 Haec
2304 2390 2498 2441 tamen
2527 2382 2787 2439 doctrina
2833 2397 2949 2436 non
2977 2377 3273 2443 satisfacit,
3315 2336 3566 2440 sednefffl„

2056 2464 2244 2522 deficit
2271 2466 2684 2538 multipliciter.
2695 2463 2901 2530 Primo,
2928 2463 3062 2535 quia
3083 2458 3405 2517 testimonia
3467 2453 3532 2489 '¹¹‘

2059 2547 2238 2602 relata
2279 2562 2395 2602 non
2425 2546 2677 2602 limitant
2704 2542 3187 2615 omnipotentiam
3215 2539 3312 2596 Dei
3341 2535 3404 2594 ad

2058 2635 2211 2685 actus
2254 2629 2618 2693 necessarios,
2650 2627 2747 2683 sed
2793 2626 2956 2681 illam
2986 2623 3160 2681 etiam
3209 2628 3405 2679 exten-

2056 2707 2201 2764 dunt
2227 2708 2295 2766 ad
2324 2715 2480 2765 actus
2501 2708 2730 2772 liberos,
2764 2712 2823 2761 ut
2848 2722 2915 2761 ea
2949 2704 3158 2778 legenti
3186 2707 3406 2760 consta-

2056 2788 2155 2854 bit,
2200 2795 2257 2847 et
2294 2789 2430 2846 satis
2477 2790 2655 2862 liquet
2699 2803 2768 2843 ex
2815 2784 3007 2843 verbis
3053 2782 3402 2858 Augustini:
3427 2790 3594 2853 Mna*

2057 2871 2197 2945 Quis
2214 2872 2362 2928 dicat
2389 2872 2623 2943 defuisse
2643 2868 2753 2926 Deo
2782 2869 2998 2924 modum
3025 2868 3280 2931 vocandi,
3307 2882 3404 2944 quo
3496 2922 3504 2935 ,

2054 2956 2222 3009 etiam
2244 2952 2402 3010 Esau
2423 2953 2500 3007 ad
2520 2969 2638 3007 eam
2659 2950 2818 3015 fidem
2841 2956 3069 3005 mentem
3090 2949 3404 3022 applicaret,

2058 3035 2488 3112 voluntatemque
2508 3052 2625 3106 con]
2620 3036 2866 3104 aufferat,
2893 3035 2952 3087 in
2973 3050 3082 3109 qua
3103 3030 3274 3087 Jacob
3284 3034 3407 3103 jus-

2056 3120 2295 3190 tificatus
2318 3118 2445 3172 est?
2480 3120 2710 3173 Certum
2750 3116 2909 3172 enim
2955 3119 3058 3179 est,
3102 3114 3275 3170 Jacob
3316 3128 3408 3186 per

2054 3197 2456 3270 dispositiones
2479 3195 2688 3252 liberas
2711 3193 3081 3266 justificatum
3110 3193 3305 3260 fuisse,
3336 3193 3404 3247 si·

2054 3282 2146 3334 cut
2168 3278 2268 3333 alii
2291 3277 2360 3335 de
2383 3278 2528 3334 facto
2538 3275 2943 3350 justificantur.
2963 3273 3218 3354 Secundo
3237 3319 3250 3341 ‚
3281 3287 3408 3330 nam

2057 3357 2182 3414 ideo
2204 3358 2513 3430 Scriptura,
2540 3365 2596 3414 et
2633 3360 2826 3413 Patres
2853 3356 3072 3420 docent,
3106 3358 3287 3411 Deum
3314 3369 3409 3409 sua

2055 3438 2475 3511 omnipotentia
2523 3454 2681 3512 posse
2728 3436 3120 3493 infallibiliter
3169 3451 3409 3493 consen—

2055 3535 2183 3574 sum
2206 3520 2519 3575 voluntatis
2534 3518 2773 3590 assequi,
2799 3518 2931 3589 quia
2955 3515 3259 3590 praedictus
3281 3530 3405 3573 con·

2052 3616 2253 3657 sensus
2277 3601 2431 3657 intra
2454 3600 2713 3657 divinam
2739 3601 3008 3655 virtutem
3033 3600 3360 3655 continetur
3390 3616 3404 3650 ε

2052 3680 2149 3737 sed
2190 3685 2343 3737 intra
2383 3680 2623 3738 eandem
2646 3680 3122 3752 omnipotentiam
3152 3679 3407 3735 contine·

2055 3770 2146 3820 tur
2196 3779 2312 3820 non
2357 3765 2544 3820 solum
2590 3779 2899 3819 consensus
2938 3768 3262 3833 utcumque,
3313 3757 3408 3816 sed

2023 3857 2026 3858 ’
2052 3846 2228 3901 etiam
2249 3860 2557 3900 consensus
2574 3850 2637 3899 ut
2659 3842 2834 3909 liber;
2854 3844 2933 3899 ita
2953 3840 3101 3915 quod
3119 3847 3233 3897 tam
3256 3839 3407 3895 subs·

2053 3926 2232 3982 tantia
2269 3926 2408 3998 ejuS,
2459 3941 2630 3997 quam
2677 3924 2857 3998 ipsius
2896 3915 3178 3980 libertatis
3206 3920 3409 3979 modus

2051 4006 2168 4063 sint
2191 4006 2346 4062 intra
2365 4005 2651 4076 sphaeram
2677 4004 3026 4076 adaequatam
3048 4002 3263 4058 divinae
3288 4002 3404 4056 vir-

2053 4087 2189 4143 tutis
2209 4102 2338 4142 cum
2361 4084 2608 4142 babeant
2630 4086 2912 4142 rationem
2933 4084 3083 4141 entis
3098 4100 3131 4139 a
3154 4086 3266 4141 Deo
3292 4084 3402 4139 t'ac·

2052 4167 2234 4224 tibilis
2262 4189 2274 4224 :
2305 4183 2439 4242 ergo
2462 4182 2760 4240 perperam
2787 4166 3050 4240 praedicta
3077 4163 3407 4222 testimonia

2051 4248 2483 4323 distinguuntur
2511 4246 2580 4304 ad
2605 4263 2944 4306 consensum
3001 4247 3406 4307 necessarium,

2050 4334 2104 4385 et
2138 4344 2254 4385 non
2282 4329 2644 4402 applicantur
2667 4327 2736 4384 ad
2761 4327 3032 4384 liberum.

2131 4411 2327 4475 Tertio,
2372 4412 2508 4483 quia
2532 4410 2580 4466 si
2605 4412 2751 4466 Deus
2780 4407 2895 4468 non
2938 4416 3120 4483 posset
3145 4425 3249 4466 sua
3279 4423 3403 4466 om·

2052 4492 2369 4566 nipotentia
2396 4492 2615 4564 assequi
2645 4489 3039 4548 infallibiliter
3064 4503 3408 4548 consensum

2051 4573 2323 4641 liberum,
2373 4589 2439 4630 eo
2486 4573 2610 4646 ipso
2646 4587 2763 4629 non
2808 4577 2954 4628 esset
2998 4572 3398 4664 omnipotenS,

2048 4655 2257 4727 quippe
2285 4653 2647 4731 omnipotens
2677 4667 2792 4707 non
2818 4656 2980 4719 esset,
3010 4652 3059 4708 si
3090 4649 3308 4723 aliquid
3335 4664 3402 4705 ex

2048 4750 2108 4791 se
2130 4750 2245 4791 non
2267 4733 2622 4808 impossibile
2636 4733 2850 4790 divinae
2866 4734 3130 4805 potentiae
3146 4747 3262 4788 non
3277 4728 3401 4786 sub·

2049 4818 2463 4874 ordinaretur.
2508 4815 2662 4889 atqui
2709 4829 3015 4872 consensus
3062 4819 3122 4868 ut
3148 4812 3296 4870 liber
3323 4815 3403 4868 est

2050 4898 2268 4971 aliquid
2297 4898 2449 4954 reale
2473 4913 2542 4954 ex
2564 4913 2623 4953 se
2651 4912 2768 4953 non
2792 4910 3117 4970 repugnans
3150 4919 3162 4950 :
3193 4909 3328 4967 ergo
3352 4890 3402 4945 si

2047 4993 2355 5035 consensus
2377 4982 2436 5033 ut
2451 4976 2603 5034 liber
2622 4993 2738 5034 non
2760 4974 3023 5033 subditur
3043 4974 3261 5031 divinae
3277 4975 3398 5030 vir-

2049 5059 2175 5126 tuti,
2208 5060 2287 5115 ita
2331 5065 2393 5114 ut
2422 5056 2830 5124 infallibiliter,
2873 5062 2929 5114 et
2954 5055 3256 5114 efficaciter
3289 5070 3398 5191 lva-

3312 5140 3399 5192 ent
