3647 5753
1420 357 1603 413 mse.
1647 358 1690 426 1,
1733 357 1902 413 DUB.
1946 359 2043 412 111.
3029 355 3135 410 681

96 538 240 592 Objec-

121 587 194 633 'io‘
359 528 451 585 22.
479 530 593 585 Nec
615 527 788 585 refert
814 529 862 585 si
889 528 1124 602 objicias
1170 529 1318 604 quod
1339 546 1648 587 consensus

286 617 443 669 metu
470 616 725 668 extortus
761 614 838 683 (et
863 620 948 670 est
972 629 1163 670 sermo
1189 613 1259 670 de
1299 621 1454 671 metu
1480 614 1644 689 gravi

288 692 530 751 cadente
559 692 622 748 in
666 693 857 750 virum
884 697 1263 767 constantem)
1289 711 1407 753 non
1445 695 1647 752 sufficit

286 773 358 831 ad
380 774 665 830 humanos
691 779 1028 842 contractuS,
1061 783 1120 832 ut
1161 782 1314 850 patet
1347 778 1410 833 in
1438 777 1646 833 matri-

284 856 502 922 moni0,
553 855 703 928 quod
759 856 1025 930 praedicto
1091 866 1246 916 metu
1292 864 1645 917 contractum

285 937 521 993 irritum
543 942 661 1003 est;
702 938 981 995 sufficeret
1021 946 1229 1009 autem,
1260 941 1309 997 si
1350 947 1505 997 actus
1546 956 1646 1013 per

284 1024 504 1074 metum
551 1018 776 1074 elicitus
821 1025 965 1076 esset
1006 1022 1369 1079 voluntarius
1414 1022 1646 1096 simpli-

283 1100 426 1155 citer
455 1117 468 1152 ε
500 1114 658 1172 erg0.

68 1177 272 1226 Dilutmr.
359 1171 757 1247 Respondetur
784 1175 1044 1249 negando
1083 1176 1421 1235 antecedens
1450 1201 1466 1245 3
1509 1192 1646 1233 nam

289 1261 502 1313 attento
526 1256 755 1330 praecise
779 1258 908 1331 jure
934 1262 1206 1329 naturali,
1239 1262 1415 1319 etiam
1438 1261 1648 1317 matri—

285 1338 563 1396 monialis
600 1345 921 1397 contractus
966 1342 1232 1416 praedicto
1270 1350 1426 1401 metu
1469 1346 1649 1401 factus

73 1409 516 1503 §anlidus
542 1427 706 1489 esset,
753 1428 813 1478 ut
852 1423 1012 1482 docet
1050 1426 1195 1485 bene
1235 1428 1483 1484 Thomas
1511 1429 1649 1484 San-

288 1504 423 1561 chez
450 1505 543 1562 lib.
576 1506 630 1571 4,
654 1506 718 1560 de
746 1509 993 1563 matrim.
1028 1509 1172 1583 disp.
1210 1511 1294 1566 14.
1326 1507 1484 1574 Quod
1513 1524 1650 1567 vero

288 1584 358 1642 de
381 1585 526 1642 facto
549 1586 610 1641 in
632 1586 946 1660 Republica
972 1589 1297 1647 Christiana
1319 1596 1504 1646 metus
1523 1606 1650 1663 gra·

290 1668 377 1724 vis
398 1667 636 1726 dirimat
663 1671 1125 1739 matrimonium,
1157 1690 1227 1730 ex
1248 1674 1378 1746 jure
1406 1672 1651 1745 positivo

288 1749 587 1822 provenit,
644 1750 794 1824 quod
846 1750 917 1808 ob
968 1754 1403 1827 urgentissimas
1455 1769 1650 1810 causas

288 1831 547 1906 legitime
572 1834 787 1895 statuit.
821 1849 894 1890 ne
932 1851 1238 1892 consensus
1272 1841 1427 1893 metu
1456 1841 1651 1894 extor—

288 1919 380 1970 tus
403 1921 567 1988 aptus
586 1920 733 1973 esset
753 1914 823 1972 ad
847 1917 1289 1975 matrimonium
1312 1919 1652 1976 contrahen-

288 1996 427 2052 dum
456 2018 470 2052 ε
497 1997 643 2052 sicut
672 1996 822 2054 idem
852 1999 1027 2055 etiam
1054 1999 1252 2055 statuit
1278 1999 1347 2056 de
1372 2017 1652 2057 consensu

289 2076 666 2145 clandestino,
689 2079 787 2151 qui
816 2079 879 2135 in
903 2080 1167 2137 omnium
1189 2082 1474 2137 sententia
1493 2081 1652 2137 sufli-

246 2155 251 2162 ’
289 2158 445 2215 ciens
483 2164 629 2216 esset
656 2158 726 2215 ad
754 2166 1107 2217 contractum
1137 2162 1461 2218 humanum
1505 2178 1652 2236 praa-

287 2239 404 2295 cise
470 2241 824 2298 naturalem.
884 2244 1007 2299 lmo
1063 2248 1120 2298 et
1182 2241 1253 2299 de
1299 2243 1446 2299 iacto
1502 2244 1655 2300 inter

292 2320 576 2390 infideles,
624 2323 722 2380 ubi
752 2325 874 2399 lege
900 2325 1060 2382 civili
1089 2325 1147 2381 id
1180 2342 1294 2383 non
1325 2326 1499 2383 fuerit
1520 2342 1654 2400 pro·

290 2402 565 2471 hibitum,
617 2403 877 2460 validum
918 2406 1031 2462 erit
1076 2406 1539 2472 matrimonium,
1584 2423 1656 2463 ex

289 2484 496 2556 quovis
559 2490 715 2541 metu
781 2487 1175 2553 contrahatur,
1227 2493 1288 2544 ut
1353 2488 1657 2562 praedictus

293 2566 545 2623 Thomas
566 2567 817 2625 Sanchez
844 2568 1002 2627 docet
1023 2569 1144 2628 loco
1167 2570 1356 2628 citato,

102 2651 250 2696 Tertia
370 2649 465 2705 23.
492 2647 805 2706 Dicendum
827 2658 911 2709 est
928 2653 1112 2722 tertio,
1132 2658 1320 2710 actum
1339 2652 1659 2725 semiplene

88 2702 263 2796 ⁰223&
298 2728 682 2787 deliberatum
745 2748 863 2790 non
919 2751 1079 2807 posse
1141 2751 1263 2792 esse
1318 2735 1658 2808 simpliciter

296 2810 686 2878 meritorium,
716 2812 822 2870 hoc
869 2819 953 2870 est
1005 2815 1065 2870 in
1113 2814 1318 2871 ordine
1358 2812 1428 2871 ad
1476 2814 1656 2870 vitam

297 2896 612 2962 aeternam;
653 2893 724 2951 de
749 2911 859 2968 quo
885 2896 1095 2953 merito
1131 2898 1412 2970 praecipue
1452 2896 1545 2953 hic
1570 2896 1660 2952 lo-

72 2967 136 3009 1).
159 2963 267 3007 ”¹⁰-
298 2974 555 3048 quimur.
590 2977 673 3033 Ita
699 2979 766 3033 D.
811 2977 1018 3035 Thom.
1047 2988 1226 3052 quaest.
1258 2982 1351 3046 26,
1384 2979 1447 3034 de
1487 2977 1653 3037 Verit.

89 3063 260 3107 zumet.
299 3068 408 3116 art.
459 3062 494 3114 6
530 3060 604 3114 ad
651 3060 733 3125 1·7,
777 3077 948 3134 quem
994 3068 1313 3134 sequuntur
1352 3063 1547 3119 Zumel
1596 3063 1660 3120 in

74 3139 255 3181 Sum·
302 3142 587 3215 praesenti,
619 3149 726 3197 art.
768 3144 813 3208 l,
838 3142 980 3215 disp,
1021 3145 1067 3210 l,
1099 3145 1310 3201 Suarez
1339 3142 1434 3199 uhi
1463 3160 1655 3217 supra,

92 3233 270 3278 runda-
299 3241 417 3297 cap.
444 3225 497 3292 3,
530 3229 585 3281 et
625 3223 745 3280 alii.
780 3223 1064 3281 Probatur
1095 3226 1316 3282 ratione
1344 3246 1355 3279 ε
1386 3225 1662 3297 quoniam

78 3288 456 3366 mmm'actus
506 3305 827 3378 semiplene
884 3304 1234 3362 deliberatus
1299 3312 1523 3362 tantum
1581 3310 1665 3362 est

301 3388 470 3457 liber,
523 3394 578 3445 et
631 3388 998 3444 voluntarius
1043 3387 1357 3445 secundum
1396 3388 1555 3461 quid,
1609 3391 1666 3443 et

301 3469 470 3527 valde
492 3467 825 3541 imperfecte
851 3484 1023 3543 :ergo
1044 3481 1162 3525 non
1190 3472 1367 3541 potest
1387 3484 1508 3524 esse
1539 3482 1666 3523 me-

304 3548 542 3607 ritorius
594 3547 954 3622 simpliciter.
1009 3551 1171 3606 Patet
1219 3548 1623 3620 consequentia
1649 3571 1661 3612 ;

304 3647 443 3687 nam
467 3628 536 3685 ad
564 3629 840 3684 meritum
868 3630 1212 3703 simpliciter
1240 3629 1559 3686 necessaria
1583 3632 1666 3684 est

306 3711 545 3769 libertas
564 3710 927 3783 simpliciter.

111 3819 276 3864 conflr-
380 3791 789 3857 confirmatur,
840 3791 976 3863 quia
1022 3807 1140 3848 non
1187 3790 1383 3846 minor
1434 3789 1669 3848 libertas

110 3873 265 3915 ¹¹¹⁰*st-
307 3874 628 3932 necessaria
653 3879 739 3931 est
766 3873 836 3930 ad
864 3873 1157 3938 meritum,
1184 3888 1356 3946 quam
1385 3871 1454 3928 ad
1481 3872 1670 3929 deme·

309 3956 525 4023 ritnm;
553 3953 651 4012 sed
679 3953 749 4011 ad
776 3953 1125 4011 demeritum
1151 3955 1512 4027 simpliciter,
1555 3952 1669 4009 sci-

307 4037 441 4094 licet
465 4036 536 4093 ad
564 4034 913 4092 demeritum
941 4034 1330 4103 beatitudiniS,
1366 4050 1484 4092 non
1509 4033 1670 4089 suffi-

309 4119 384 4176 cit
441 4119 762 4191 semiplena
829 4115 1063 4173 libertas
1097 4139 1109 4173 :
1160 4133 1295 4192 ergo
1352 4131 1534 4188 neque
1598 4113 1668 4171 ad

308 4202 585 4259 meritum
607 4200 967 4274 simpliciter.
998 4200 1190 4257 Minor
1219 4198 1509 4272 probatur,
1536 4197 1670 4270 quia

310 4297 411 4355 per
432 4283 555 4338 sola
577 4285 798 4354 peccata
827 4280 1097 4337 mortalia
1127 4284 1307 4352 potest
1334 4279 1506 4336 homo
1532 4277 1672 4334 bea-

308 4363 618 4420 titudinem
645 4362 929 4421 demereri
953 4386 966 4429 ;
993 4362 1222 4418 nullum
1251 4366 1439 4417 autem
1476 4374 1672 4434 pecca·

312 4449 437 4501 tum
461 4449 640 4518 potest
666 4460 785 4501 esse
808 4444 1070 4512 mortale,
1100 4442 1213 4498 nisi
1236 4443 1309 4498 sit
1330 4443 1498 4515 plene
1525 4441 1673 4499 libe-

318 4544 450 4584 rum
480 4541 667 4611 :ergo,
693 4531 799 4582 etc.
1095 4598 1107 4610 .

80 4608 291 4664 obtectio
391 4602 487 4659 24.
531 4604 730 4656 Dices:
772 4604 926 4657 actus
965 4600 1283 4672 semiplene
1327 4597 1674 4655 deliberatus

81 4660 499 4757 difflatu-potest
540 4697 661 4738 esse
708 4680 891 4738 bonus
937 4680 1255 4746 moraliter,
1306 4680 1356 4735 si
1402 4681 1478 4736 sit
1525 4680 1677 4737 circa

314 4762 534 4821 bonum
562 4762 880 4836 objectum:
909 4776 1044 4835 ergo
1071 4765 1249 4833 potest
1275 4775 1397 4816 esse
1435 4762 1676 4817 merito-

317 4844 463 4900 rius.
519 4843 681 4899 Patet
730 4840 1160 4912 consequentia;
1208 4855 1364 4904 nam,
1423 4844 1483 4895 ut
1528 4856 1678 4914 saepe

316 4923 533 4982 dictum
572 4929 671 4993 est,
703 4923 977 4981 meritum
1004 4922 1368 4996 consequitur
1396 4925 1678 4981 moralem

317 5007 656 5066 bonitatem.

467 5088 753 5150 Salmone.
779 5087 943 5148 Curs.
974 5086 1197 5159 theologi.
1222 5092 1354 5145 tom.
1384 5084 1457 5145 X.

1853 527 2247 600 Respondetur
2275 526 2586 584 bonitatem
2627 527 2793 581 illam
2836 524 3139 587 moralem,

1775 626 1903 683 quae
1933 609 1995 664 in
2024 615 2146 665 actu
2174 608 2492 680 semiplene
2513 608 2828 664 deliberato
2857 605 3144 678 reperitur

1777 691 1848 762 (si
1874 707 1998 762 quse
2025 691 2088 747 in
2111 707 2178 748 eo
2222 690 2527 763 reperitur)
2554 693 2742 747 solum
2770 703 2891 746 esse
2914 687 3145 743 honita-

1776 778 1894 830 tem
1915 772 2227 830 secundum
2256 772 2412 845 quid,
2441 772 2827 845 pertinentem
2855 768 3146 827 reductive

1778 855 1849 912 ad
1871 856 2115 930 speciem
2145 863 2299 912 actus
2321 857 2488 929 plene
2529 854 2831 911 deliberati
2854 877 2868 920 ;
2895 852 3048 908 unde
3075 851 3146 908 ad

1778 955 2074 994 summum
2133 938 2436 995 constituet
2500 937 2778 993 meritum
2828 933 3144 992 secundum

1777 1019 1934 1093 quid,
1979 1022 2146 1093 quale
2179 1024 2264 1077 est
2302 1020 2577 1076 meritum
2627 1018 2867 1093 alicujus
2914 1016 3144 1090 praemii

1779 1104 2153 1176 temporalis:
2188 1104 2334 1159 sicut
2361 1104 2535 1159 etiam
2578 1100 2803 1157 malitia
2832 1106 2986 1156 actus
3028 1115 3145 1155 non

1780 1186 1950 1259 plene
1987 1184 2288 1242 deliberati
2323 1186 2508 1242 solum
2549 1188 2634 1240 est
2673 1181 2899 1238 malitia
2936 1196 3144 1237 secun-

1779 1268 1919 1324 dum
1963 1265 2119 1339 quid,
2151 1271 2209 1323 et
2234 1267 2422 1323 solum
2451 1265 2743 1322 constituit
2790 1262 3140 1320 demeritum

1778 1347 2093 1407 secundum
2133 1347 2290 1419 quid,
2337 1353 2397 1403 ut
2422 1353 2508 1404 est
2543 1346 2890 1404 demeritum
2933 1343 3141 1417 peccati

1779 1432 2047 1491 venialis.
2093 1431 2374 1499 DiximuS,
2417 1433 2467 1487 si
2500 1449 2612 1505 (με
2652 1432 2710 1485 in
2747 1447 2805 1483 eo
2844 1429 3113 1501 reperitur
3128 1445 3148 1494 ;

1779 1512 1915 1586 quia
1938 1510 2293 1584 probabilius
2312 1516 2414 1575 est,
2442 1512 2506 1567 in
2529 1514 2651 1566 actu
2676 1508 2993 1580 semiplene
3015 1512 3149 1563 tan-

1783 1601 1903 1650 tum
1931 1591 2245 1649 deliberato
2287 1593 2512 1649 nullam
2556 1591 2802 1666 reperiri
2843 1591 3148 1648 formalem

1782 1673 2158 1737 houestatem,
2204 1677 2300 1728 aut
2327 1672 2643 1730 bonitatem
2673 1671 2977 1737 moralem,
3027 1687 3152 1743 quae

1783 1769 1933 1821 vere,
1959 1762 2013 1810 et
2035 1754 2360 1811 formaliter
2382 1754 2457 1810 sit
2474 1752 2717 1820 bonitas,
2741 1751 2924 1809 adhuc
2944 1768 3152 1809 secun-

1736 1833 1739 1840 *
1782 1839 1921 1894 dum
1967 1836 2134 1910 quid;
2164 1836 2304 1893 adeo
2332 1838 2490 1893 enlm
2539 1835 2769 1893 excellit
2817 1835 2961 1891 ratio
3012 1833 3150 1891 boni

1784 1920 2027 1986 honesti,
2062 1925 2123 1974 ut
2164 1920 2279 1974 nisi
2323 1919 2569 1993 perfecta
2606 1918 2949 1992 cognitione,
2984 1923 3151 1990 atque

1783 2000 1924 2059 adeo
1951 2018 2051 2074 per
2094 2009 2280 2058 actum
2319 2002 2486 2074 plene
2530 1999 2781 2057 liberum
2811 2018 2926 2059 non
2973 1999 3149 2073 possit

1785 2085 2009 2158 attingi.

1859 2167 1952 2220 25.
1979 2167 2074 2221 Est
2097 2170 2285 2221 autem
2316 2164 2408 2220 hic
2435 2162 2877 2232 observandum,
2911 2164 3060 2237 quod
3089 2169 3148 2220 ut
3186 2172 3309 2215 Nota.

1787 2251 1941 2302 actus
1980 2247 2055 2301 sit
2101 2249 2266 2321 plene
2313 2245 2477 2313 liber,
2509 2250 2677 2317 prout
2725 2245 3038 2317 requiritur
3078 2243 3148 2301 ad

1788 2329 2082 2394 meritum,
2107 2344 2222 2383 non
2244 2327 2494 2402 exigitur
2508 2326 2868 2384 exactissima
2889 2325 3149 2398 quaedam

1788 2408 2148 2475 deliberatio,
2176 2414 2273 2464 aut
2302 2425 2513 2483 magna
2546 2406 2904 2473 consultatio,
2936 2412 2990 2463 et
3019 2422 3151 2480 per-

1790 2490 1988 2564 pensio
2004 2491 2268 2548 omnium
2292 2491 2870 2556 circunstantiarum;
2898 2489 2995 2546 sed
3017 2489 3155 2544 satis

1787 2580 1873 2631 est
1900 2574 2153 2630 humana
2175 2572 2434 2646 quaedam
2465 2572 2844 2638 advertentia,
2877 2577 2933 2629 et
2959 2588 3026 2628 ea
3053 2570 3157 2629 de-

1790 2655 2073 2721 liberatio,
2106 2672 2278 2729 quam
2308 2656 2572 2712 homines
2596 2656 2787 2712 solent
2823 2655 3157 2711 communi—

1790 2743 1878 2797 ter
1904 2738 1967 2794 in
1994 2738 2114 2793 suis
2141 2736 2357 2793 actibus
2386 2735 2677 2801 adhibere,
2709 2734 2848 2806 dum
2892 2737 3157 2794 intellec-

1793 2826 1882 2875 tus
1922 2834 2038 2875 non
2065 2824 2148 2875 est
2192 2819 2274 2874 sic
2324 2817 2586 2891 passione
2629 2816 2854 2892 ligatuS,
2901 2823 2998 2874 aut
3041 2819 3155 2876 alio

1790 2902 2108 2967 distractus,
2141 2898 2290 2973 quod
2317 2900 2371 2955 ei
2412 2898 2558 2955 desit
2598 2898 2925 2957 dominium
2954 2916 3156 2957 earum

1790 2984 2210 3055 operationum,
2229 2982 2436 3055 quibus
2455 2982 2625 3038 homo
2643 2982 2943 3038 incumbit.
2966 2985 3157 3046 Quare

1793 3065 1895 3121 illa
1925 3065 2307 3131 advertentia,
2338 3079 2435 3118 scu
2463 3062 2803 3118 deliberatio
2830 3064 3159 3119 communi-

1794 3151 1882 3201 ter
1930 3148 2226 3216 reputatur
2268 3141 2554 3198 sufficiens
2596 3141 2665 3197 ad
2706 3141 3001 3206 meritum,
3034 3157 3160 3212 quai

1796 3223 2075 3279 sufficeret
2120 3221 2191 3277 ad
2238 3222 2483 3277 mortale
2530 3226 2837 3293 peccatum,
2870 3220 3162 3293 supposita

1794 3302 2075 3378 gravitate
2112 3316 2184 3355 ex
2214 3305 2373 3371 parte
2400 3301 2675 3355 materias.
2711 3299 2870 3363 Quod
2900 3300 3162 3374 intellige

1797 3383 1866 3439 de
1910 3381 2286 3447 advertentia,
2343 3385 2398 3437 et
2434 3378 2850 3436 deliberatione
2899 3380 3155 3447 formali,

1798 3463 1889 3521 vel
1919 3462 2186 3525 virtuali;
2219 3478 2353 3518 narn
2379 3477 2518 3533 pure
2559 3461 2997 3534 interpretativa
3044 3477 3161 3517 non

1798 3543 1937 3600 satis
1977 3547 2212 3615 apparet
2237 3543 2484 3614 qualiter
2513 3539 2721 3597 habere
2758 3542 2934 3614 possit
2974 3542 3161 3597 locum

1799 3625 1863 3680 in
1891 3623 2096 3680 ordine
2121 3621 2189 3678 ad
2220 3622 2494 3678 meritum
2516 3645 2529 3687 ;
2554 3636 2727 3694 quam
2758 3627 2950 3679 tamen
2973 3622 3043 3678 ad
3071 3620 3165 3678 de·

1799 3706 2094 3769 meritum,
2115 3707 2170 3759 et
2195 3706 2481 3775 peccatum
2500 3704 2744 3759 mortale
2763 3703 3018 3760 sufficere
3035 3719 3162 3760 cer-

1800 3792 1924 3842 tum
1997 3789 2099 3851 est,
2150 3789 2212 3839 ut
2283 3782 2574 3858 tetigimus
2648 3782 2719 3839 de
2785 3782 3058 3851 bonitate,
3108 3791 3164 3841 et

1800 3869 2047 3925 malitia.

1877 3952 1980 4007 Hic
2005 3948 2426 4007 discutiendum
2466 3954 2607 4015 erat,
2638 3954 2831 4005 utrum
2881 3949 2953 4007 ad
2980 3950 3363 4012 meri-Atium.

1801 4038 1926 4090 tum
1953 4035 2280 4106 requiratur
2307 4038 2460 4091 actus
2487 4048 2557 4089 ex
2587 4034 2748 4089 omni
2768 4039 2926 4107 parte
2956 4032 3156 4100 bonuS,
3196 4019 3356 4112 ξξξξξξξ

1803 4133 1878 4172 an
1907 4132 2043 4173 vero
2072 4133 2212 4189 opus
2233 4132 2303 4172 ex
2332 4116 2522 4188 aliqua
2551 4121 2711 4188 parte
2740 4117 2959 4173 malum
2991 4118 3164 4191 possit
3226 4117 3332 4162 sive.

1801 4214 1924 4255 esse
1939 4198 2346 4254 meritorium?
2367 4196 2473 4254 Sed
2503 4196 2670 4270 hujus
2692 4195 2855 4253 dubii
2889 4199 3164 4256 resolutio

1804 4279 2046 4337 habetur
2073 4296 2143 4336 ex
2170 4278 2334 4335 dictis
2362 4294 2395 4334 a
2422 4278 2589 4335 nobis
2617 4285 2781 4334 tract.
2812 4278 2876 4333 de
2902 4279 3162 4347 bonitate,

1802 4368 1852 4415 et
1879 4360 2059 4417 malit.
2110 4360 2250 4433 disp.
2284 4358 2338 4425 6,
2369 4359 2496 4416 dub.
2532 4362 2577 4424 1,
2607 4358 2703 4414 ubi
2760 4359 2872 4415 late
2913 4361 3169 4418 ostendi-

1805 4458 1934 4497 mus
1963 4446 2149 4497 actum
2174 4456 2242 4495 ex
2271 4440 2463 4514 aliqua
2487 4445 2646 4513 parte
2674 4438 3170 4508 defectuosum,ex

1807 4524 1970 4580 nulla
1999 4520 2209 4578 habere
2237 4537 2395 4595 posse
2436 4520 2750 4577 bonitatem
2782 4542 2793 4577 :
2836 4528 3057 4579 certum
3086 4528 3172 4578 est

1806 4609 2019 4670 autem,
2053 4618 2194 4675 opus
2219 4602 2381 4658 omni
2411 4602 2622 4658 morali
2655 4600 2908 4659 bonitate
2936 4603 3170 4660 destitu-

1807 4690 1950 4751 tum,
1971 4682 2322 4756 apudDeum,
2343 4682 2433 4739 cui
2459 4699 2574 4740 non
2593 4683 2704 4740 nisi
2728 4682 2943 4741 bonum
2967 4685 3168 4757 placet,

1809 4764 2176 4822 meritorium
2199 4779 2320 4821 esse
2341 4778 2458 4821 non
2484 4779 2665 4836 posse.
2680 4766 2759 4820 Eo
2782 4766 2873 4821 vel
2896 4766 3171 4833 maxime,

1808 4845 1958 4921 quod
1985 4850 2046 4900 ut
2069 4850 2224 4900 actus
2245 4845 2578 4903 meritorius
2600 4845 2691 4913 sit,
2707 4844 2875 4903 debet
2894 4846 3174 4920 imperari

1809 4944 1844 4983 a
1870 4926 2146 4984 charitate
2165 4969 2178 4992 ,
2225 4933 2281 4984 et
2306 4925 2570 4984 ordinari
2600 4925 2672 4982 ad
2723 4927 2845 5001 ejus
2890 4925 3087 4993 finem,
3117 4934 3178 4983 ut

1810 5010 1970 5068 infra
2014 5009 2409 5075 ostendemus;
2457 5009 2607 5082 quod
2661 5014 2855 5067 tamen
2909 5009 3059 5065 actui
3104 5025 3176 5066 ex
