3647 5753
461 403 533 458 32
1429 414 1437 427 ·
1488 406 1580 460 DE
1620 405 1892 460 GRATIA
1932 405 2274 462 EFFICACI.

462 586 676 658 gratiae,
728 586 806 642 ita
851 592 905 643 et
945 586 1093 660 quod
1123 602 1239 645 non
1279 593 1688 661 attemperetur
1727 602 1821 645 se-

464 665 681 731 cundae,
712 673 768 724 et
794 669 873 725 sic
900 668 971 726 de
997 670 1148 727 aliis.
1200 670 1439 727 Falsitas
1465 675 1655 728 autem
1681 685 1823 728 con-

279 772 416 816 nau·
465 750 752 820 sequentis
780 749 1055 822 probatur
1080 766 1152 810 ex
1185 754 1250 808 D.
1281 752 1597 827 Augustino
1637 751 1730 807 lib.
1759 751 1822 807 de

277 822 406 916 8322·
466 831 788 884 correctione
813 837 862 884 ct
879 832 1066 899 qratia
1101 848 1221 905 cap.
1262 833 1344 899 14,
1371 830 1468 889 ubi
1489 831 1568 888 ait
1601 852 1615 888 :
1645 852 1671 884 α
1694 833 1823 888 Non

386 905 394 915 '
473 929 498 961 α
528 914 609 965 est
632 908 819 981 itaque
845 909 1247 978 dubitandum,
1279 912 1562 969 voluntati
1603 911 1702 968 Dei
1723 910 1821 985 qui

473 1010 497 1040 α
530 988 591 1045 iu
634 990 790 1053 coelo,
832 989 978 1047 etin
1016 995 1171 1047 terra
1216 993 1412 1049 omnia
1458 1006 1826 1065 quaecumque

471 1092 496 1121 α
528 1069 725 1132 voluit,
754 1069 883 1124 fecit
916 1074 1009 1136 ;et
1026 1071 1124 1143 qui
1159 1072 1334 1129 etiam
1358 1073 1459 1130 illa
1481 1090 1606 1146 quae
1628 1073 1826 1129 futura

470 1174 494 1203 «
524 1155 676 1215 sunt.
705 1150 853 1218 fecit,
875 1153 1158 1209 humanas
1179 1154 1501 1212 voluntates
1522 1171 1641 1213 non
1664 1170 1827 1228 posse

470 1253 492 1283 α
526 1231 807 1298 resistere,
832 1235 1142 1305 quominus
1164 1233 1332 1291 faciat
1353 1236 1474 1308 ipse
1493 1235 1643 1310 quod
1666 1236 1821 1303 vult;

471 1333 493 1363 «
523 1309 982 1383 quandoquidem
1004 1312 1075 1371 de
1116 1313 1257 1386 ipsis
1296 1316 1473 1372 etiam
1514 1316 1823 1374 hominum

470 1414 494 1445 α
525 1392 932 1459 voluntatibus,
976 1394 1124 1468 quod
1149 1395 1290 1461 vult,
1315 1412 1445 1453 cum
1488 1399 1631 1466 vult,
1667 1396 1819 1454 facit.

473 1497 496 1527 «
528 1474 650 1530 Nisi
693 1475 855 1542 torte,
907 1482 968 1533 ut
992 1492 1064 1534 ex
1091 1478 1290 1534 multis
1326 1480 1520 1552 aliqua
1569 1495 1828 1537 comme-

472 1578 495 1606 «
527 1570 768 1619 morem,
788 1556 1016 1628 quando
1042 1560 1189 1614 Deus
1205 1559 1386 1615 voluit
1401 1560 1558 1616 Sauli
1583 1574 1825 1634 regnum

473 1658 495 1688 «
527 1634 681 1702 dare,
728 1638 807 1692 sic
845 1643 970 1693 erat
1012 1638 1076 1693 in
1120 1644 1393 1711 potestate
1432 1641 1825 1697 Israelitarum

472 1739 493 1769 α
526 1715 770 1773 subdere
788 1734 848 1774 se
893 1724 1211 1776 memorato
1251 1720 1380 1777 viro
1423 1741 1447 1771 υ
1500 1719 1828 1792 (habebant

465 1802 655 1853 autem
697 1802 776 1853 tot
822 1798 1091 1856 Israelitae
1116 1799 1254 1855 satis
1295 1798 1552 1857 diversas
1577 1800 1827 1873 disposi-

464 1875 668 1940 tiones,
694 1881 750 1931 et
771 1878 1059 1934 naturales
1079 1880 1621 1952 attemperationes)
1648 1901 1673 1934 a
1702 1880 1827 1937 sive

471 1977 496 2007 «
527 1971 643 2013 nou
669 1955 931 2022 subdere,
987 1958 1134 2030 quod
1165 1959 1357 2031 utique
1384 1960 1447 2016 in
1474 1976 1675 2017 eorum
1702 1966 1829 2017 erat

472 2059 496 2089 «
529 2037 775 2109 positum
803 2038 1119 2105 voluntate,
1144 2044 1208 2094 ut
1226 2039 1400 2097 etiam
1430 2043 1544 2098 Deo
1565 2042 1828 2097 valerent

472 2140 495 2170 (ι
530 2119 810 2176 resistere.
865 2120 972 2185 Qui
1002 2126 1197 2177 tamen
1236 2120 1339 2178 hoc
1367 2137 1484 2179 non
1527 2122 1676 2191 fecit,
1710 2122 1823 2178 nisi

472 2227 495 2252 «ι
530 2215 627 2272 per
668 2200 923 2273 ipsorum
954 2201 1261 2258 hominum
1309 2204 1650 2272 voluntates,
1698 2203 1827 2261 sine

473 2304 497 2333 α
521 2281 695 2339 dubio
735 2281 950 2339 habens
988 2282 1379 2341 humanorum
1406 2284 1689 2348 cordium,
1713 2300 1827 2356 quo

375 2422 382 2429 1
473 2384 496 2411 α
523 2363 784 2433 placeret,
833 2362 1304 2419 inclinandorum
1332 2363 1828 2436 omnipotentissi-

475 2464 499 2494 (ι
532 2457 687 2496 mam
712 2447 1067 2512 potestatem.
1099 2464 1124 2493 ι)
1177 2444 1337 2507 Quod
1366 2443 1446 2500 ibi
1469 2444 1601 2501 aliis
1625 2459 1828 2501 exem·

252 2524 454 2577 D-Prose·
472 2521 580 2593 plis
626 2519 951 2577 confirmat.
1008 2520 1171 2579 Unde
1223 2524 1289 2579 D.
1345 2526 1590 2596 Prosper
1636 2523 1739 2580 hac
1765 2524 1820 2579 S.

470 2603 723 2660 Doctoris
749 2601 1310 2669 doctrina'imbutus,
1356 2605 1545 2678 inquit
1568 2605 1629 2661 in
1656 2604 1823 2677 epist.

469 2682 538 2739 ad
586 2682 796 2739 R'uffin.
828 2681 899 2738 de
929 2681 1028 2739 lib.
1069 2682 1273 2740 arbitr.
1330 2707 1355 2737 α
1402 2689 1492 2741 An
1519 2683 1826 2742 dicendum

472 2786 495 2814 «
529 2763 810 2819 voluntati
855 2762 1268 2820 Dei'humanas
1314 2763 1588 2823 obsistere
1614 2766 1828 2823 volun-

470 2868 493 2898 «
526 2850 681 2907 tates,
714 2849 768 2902 et
796 2850 912 2901 tam
942 2844 1110 2914 feros,
1162 2852 1391 2919 tamque
1436 2845 1828 2906 intractabiles

469 2948 491 2979 (ι
525 2926 733 2983 horum
762 2926 1069 2982 hominum
1099 2943 1308 2993 mores,
1345 2934 1407 2983 ut
1447 2929 1827 3003 Evangelium

468 3033 491 3061 «
524 3007 652 3064 ideo
669 3023 785 3063 non
809 3007 1063 3072 audiant,
1082 3009 1217 3080 quia
1235 3006 1621 3080 praedicationi
1646 3009 1829 3083 impia

469 3085 692 3144 «corda
739 3103 855 3144 non
899 3091 1182 3160 pateant?
1231 3089 1299 3143 Et
1324 3089 1452 3160 quis
1487 3089 1611 3145 istis
1658 3089 1828 3148 corda

472 3193 497 3220 ι(
530 3167 791 3234 mutavit,
822 3167 933 3222 nisi
954 3167 1051 3240 qui
1075 3166 1245 3223 finxit
1284 3167 1630 3242 singillatim
1658 3169 1830 3228 corda

475 3262 729 3303 «eorum
752 3249 779 3302 ’ἓ
819 3248 957 3311 Quis
996 3248 1166 3320 hujus
1196 3247 1403 3321 rigoris
1441 3247 1717 3306 duritiem
1757 3250 1829 3307 ad

475 3350 497 3379 α
530 3325 831 3383 obediendi
862 3328 1113 3383 mollivit
1141 3327 1420 3392 affectum,
1445 3328 1569 3385 -nisi
1597 3331 1693 3402 qui
1726 3347 1829 3404 po-

476 3429 499 3458 «
531 3413 655 3463 tens
693 3412 778 3463 est
815 3405 885 3463 de
914 3406 1200 3480 lapidibus
1240 3406 1485 3464 Abrahae
1529 3407 1681 3466 filios
1724 3427 1828 3467 ex-

476 3512 501 3540 «
533 3488 708 3545 citare
729 3491 756 3544 ‘1’
779 3510 803 3539 υ

275 3585 431 3630 infelix
544 3570 638 3624 48.
682 3572 793 3626 Nec
844 3575 1077 3641 apparet
1142 3569 1326 3638 nobis,
1390 3571 1674 3643 quomodo
1714 3572 1831 3630 baec

252 3646 459 3730 ξῇθξζῗᾶξ
474 3650 938 3707 inconvenientia
960 3651 1133 3707 vitari
1157 3653 1402 3719 valeant,
1431 3652 1543 3708 nisi
1568 3652 1713 3710 forte
1729 3669 1830 3726 per

257 3736 451 3794 tiammo·
476 3749 769 3802 recursum
812 3732 879 3788 ad
921 3733 1220 3789 scientiam
1262 3732 1533 3800 mediam,
1590 3734 1830 3793 dicendo

289 3785 424 3893 22¹&
473 3813 1005 3885 attemperationem
1034 3828 1066 3869 a
1094 3813 1342 3885 Vasquio
1386 3818 1661 3871 assertam
1689 3831 1832 3873 con-

286 3883 450 3977 nugatus
473 3893 673 3949 sistere
694 3893 755 3948 iu
775 3907 861 3958 e0,
887 3892 1035 3965 quod
1061 3895 1205 3950 Deus
1228 3892 1558 3966 praeviderit
1595 3896 1831 3950 Petrum

273 3982 441 4040 vasqnij
474 3990 530 4029 v.
560 3989 617 4047 g.
651 3972 756 4028 sub
785 3973 874 4030 his
899 3973 1327 4029 circunstantiis
1355 3974 1481 4039 loci,
1532 3975 1828 4046 temporiS,

269 4039 447 4126 ffi'fflf*
472 4058 575 4109 etc.
599 4069 1012 4110 consensurum
1037 4054 1166 4109 huic
1189 4053 1489 4119 vocationi,
1514 4060 1571 4110 et
1594 4069 1709 4109 non
1726 4054 1831 4110 sub

473 4133 622 4190 aliis.
686 4132 792 4190 Sed
823 4134 973 4190 hunc
1014 4149 1308 4190 recursum
1342 4148 1488 4205 saepe
1534 4133 1833 4206 praeclusi-

474 4231 620 4279 mue,
645 4223 693 4269 et
721 4214 845 4270 dub.
878 4232 986 4292 seq.
1009 4230 1079 4270 ex
1112 4213 1362 4286 professo
1383 4213 1827 4272 confutabimus.

475 4297 636 4350 Nunc
656 4293 909 4351 breviter
934 4295 1217 4351 refellitur
1244 4316 1256 4360 ;
1282 4307 1418 4349 nam
1450 4294 1834 4366 permittendo

475 4375 642 4448 liujus
698 4375 949 4431 scientiae
1002 4373 1208 4430 mediae'
1255 4374 1643 4441 existentiam,
1700 4392 1831 4435 cum

478 4458 620 4511 Deus
644 4454 905 4528 praevidit
923 4453 1069 4527 quod
1095 4457 1315 4520 Petrus,
1336 4455 1384 4509 si
1403 4461 1711 4527 poneretur
1727 4457 1833 4512 sub

477 4538 565 4592 tiis
610 4537 1074 4603 circumstantiis,
1131 4536 1516 4603 consentiret;
1559 4553 1630 4594 ex
1672 4543 1833 4611 parte

477 4618 876 4683 antecedentis
932 4634 1030 4674 seu
1059 4616 1405 4675 conditionis
1449 4617 1656 4675 debent
1698 4621 1832 4692 poni

474 4699 672 4757 omnia
716 4698 984 4770 requisita
1013 4696 1085 4754 ad
1122 4712 1484 4764 consensum,
1530 4699 1674 4755 alias
1716 4716 1835 4757 non

479 4779 883 4856 praevidebitur
910 4794 1236 4843 consensus,
1266 4778 1363 4835 sed
1391 4780 1514 4853 ejus
1540 4781 1831 4848 carentia;

478 4878 613 4919 nam
637 4861 856 4916 malum
876 4875 946 4917 ex
967 4874 1321 4932 quocumque
1340 4858 1559 4917 defectu
1580 4883 1594 4917 ε
1618 4865 1836 4917 constat

477 4949 686 5010 autem,
728 4942 876 5015 quod
906 4941 974 4998 ad
994 4957 1332 4999 consensum
1378 4943 1691 5014 requiritur
1709 4959 1836 5017 gra-

473 5032 555 5085 tia
584 5041 873 5100 congrua:
903 5025 1019 5082 haec
1059 5025 1235 5098 igitur
1274 5039 1333 5080 se
1376 5029 1527 5081 tenet
1564 5041 1635 5083 ex
1678 5031 1836 5098 parte

1954 588 2361 655 antecedentis,
2391 604 2491 647 seu
2519 587 2884 646 conditionis.
2931 588 3092 643 Tunc
3121 585 3305 640 ultr-a
3343 604 3360 637 ε

1955 670 2048 726 vel
2088 670 2151 726 in
2192 670 2295 727 illo
2335 668 2689 727 antecedenti
2743 666 3060 725 includitur
3122 678 3365 721 neees-

1953 749 2110 807 sario
2124 751 2522 824 attemperatio
2535 748 2705 806 liberi
2716 747 2948 806 arbitrii
2959 762 3090 804 cum
3105 744 3328 820 gratia
3338 788 3353 806 .

1955 845 2301 905 consurgens
2318 846 2392 888 ex
2410 829 2593 888 variis
2622 827 3049 887 circumstantiis
3075 824 3365 898 comple·

1955 910 2166 978 xionis,
2212 911 2340 979 loci,
2385 912 2679 986 temporis,
2710 916 2815 969 etc.
2859 910 2952 967 vel
2980 908 3085 965 illa
3110 910 3364 963 attem-

1958 992 2178 1065 peratio
2194 1007 2311 1050 non
2327 988 2649 1051 necessario
2664 991 3010 1048 includitur?
3021 988 3078 1043 Si
3094 985 3358 1043 dicatur

1957 1074 2062 1132 hoc
2089 1073 2361 1130 ultimum
2389 1096 2404 1131 ε
2448 1088 2584 1149 ergo
2609 1072 2794 1149 gratia
2823 1088 2940 1130 non
2959 1074 3044 1128 est
3068 1083 3360 1142 congrua

1957 1153 2347 1228 dependenter
2361 1154 2433 1212 ab
2454 1154 2928 1227 attemperatione
2942 1148 3171 1208 arbitrii
3186 1163 3357 1205 cum

1958 1238 2081 1303 illa,
2100 1241 2157 1294 et
2178 1252 2479 1310 perperam
2501 1234 2794 1301 definitur,
2811 1232 2963 1307 quod
2981 1231 3167 1307 gratia
3189 1245 3355 1287 con-

1956 1333 2101 1393 grua
2124 1322 2209 1374 est
2230 1317 2352 1385 illa,
2402 1319 2494 1374 cui
2530 1322 2964 1389 contemperatur
2987 1312 3308 1368 arbitrium
3333 1329 3358 1364 .·

1956 1398 2242 1473 siquidem
2280 1398 2341 1455 in
2387 1399 2491 1455 illa
2530 1397 2830 1474 hypothesi
2876 1397 3227 1469 importatur
3252 1408 3350 1450 ex

1959 1487 2119 1555 parte
2137 1479 2483 1538 conditionis
2508 1480 2693 1557 gratia
2719 1493 2973 1552 congrua
3003 1500 3019 1544 ;
3040 1480 3095 1532 et
3122 1482 3348 1531 tamen

1958 1577 2077 1619 non
2125 1561 2472 1633 importatur
2514 1559 2913 1633 attemperatio
2951 1555 3203 1614 arbitrii.
3266 1554 3346 1609 Si

1956 1643 2204 1716 eligatur
2245 1641 2500 1714 primum
2535 1662 2549 1697 ε
2602 1656 2738 1715 ergo
2773 1639 2876 1695 illa
2921 1634 3349 1710 attemperatio

1958 1737 2077 1779 non
2102 1721 2371 1794 supponit
2414 1720 2716 1778 scientiam
2743 1717 3013 1788 mediam,
3063 1714 3162 1773 sed
3189 1730 3342 1771 eam

1958 1801 2237 1860 antecedit
2268 1808 2361 1869 ;et
2380 1806 2515 1858 tunc
2543 1800 2785 1858 redeunt
2809 1798 3007 1856 omnia
3040 1796 3344 1853 inconve-

1959 1883 2180 1941 nientia
2199 1899 2374 1956 supra
2396 1882 2653 1939 adducta.
2672 1883 2819 1936 Nam
2838 1879 2887 1935 si
2910 1894 2981 1936 ex
3004 1885 3166 1950 parte
3179 1892 3344 1933 con-

1957 1963 2213 2031 ditionis,
2288 1961 2736 2037 hypothesis,vel
2777 1956 3161 2016 antecedentis
3202 1971 3340 2013 non

1957 2043 2115 2102 adest
2151 2043 2568 2116 attemperatio,
2615 2056 2716 2099 nec
2755 2039 2940 2098 aderit
2963 2038 3152 2113 gratia
3178 2052 3339 2094 con-

1956 2140 2118 2199 grua,
2144 2131 2199 2181 et
2219 2125 2300 2181 ita
2321 2126 2469 2181 Deus
2492 2139 2608 2181 non
2633 2122 2839 2195 poterit
2858 2120 3156 2178 hominem
3177 2134 3336 2175 con·

1957 2210 2180 2263 vertere
2191 2207 2276 2261 .Et
2289 2205 2337 2261 si
2353 2204 2510 2262 adest
2521 2202 2934 2276 attemperatio,
2943 2199 3127 2257 aderit
3139 2199 3334 2256 etiam

1956 2287 2141 2360 gratia
2174 2303 2444 2362 congrua,
2487 2292 2542 2344 et
2587 2286 2782 2344 efficax
2803 2282 3234 2341 antecedenter:
3263 2286 3332 2338 et

1959 2368 2038 2424 ita
2058 2368 2231 2425 homo
2259 2383 2376 2424 non
2399 2367 2606 2440 poterit
2628 2382 2746 2423 non
2772 2364 3048 2422 converti.
3094 2364 3162 2417 Et
3185 2367 3333 2417 tan-

1958 2447 2090 2505 dem
2136 2446 2401 2505 discretio
2442 2448 2594 2504 inter
2612 2463 2747 2504 eum
2768 2446 2865 2519 qui
2899 2442 3332 2502 convertendus

1958 2533 2062 2596 est,
2085 2533 2141 2585 et
2168 2529 2335 2585 illum
2358 2529 2598 2601 quinon
2618 2532 2701 2585 est
2729 2523 3165 2590 convertendus,
3198 2538 3327 2579 non

1959 2607 2023 2663 in
2042 2608 2308 2682 gratiam,
2329 2609 2448 2666 imo
2469 2624 2572 2665 nec
2595 2608 2656 2663 in
2681 2605 3115 2680 praescientiam,
3135 2602 3327 2660 sedin

1959 2690 2151 2746 varias
2194 2690 2576 2764 subjectorum
2626 2688 3141 2761 attemperationes‚
3193 2685 3331 2743 sive

1959 2767 2357 2842 dispositiones
2385 2770 2655 2843 primitus
2702 2767 3079 2833 revocabitur.
3123 2766 3181 2820 Si
3212 2781 3329 2821 au-

1960 2854 2074 2906 tem
2091 2847 2329 2918 dicatur,
2349 2851 2594 2927 gratiam
2614 2864 2730 2908 non
2747 2860 2869 2907 esse
2884 2862 3196 2922 congruam
3222 2861 3335 2904 an-

1959 2930 2298 2998 tecedenter,
2336 2931 2435 2989 sed
2469 2932 2920 2990 concomitanter
2961 2929 3033 2986 ob
3076 2943 3332 2986 consen-

1958 3027 2108 3076 sum,
2132 3012 2230 3086 qui
2258 3012 2363 3069 sub
2393 3014 2495 3069 illa
2510 3013 2712 3088 gratia,
2730 3018 2786 3069 et
2805 3011 2911 3067 sub
2933 3011 3052 3066 illis
3072 3010 3334 3066 circuns-

1960 3095 2158 3150 tantiis
2180 3095 2546 3168 praevidetur,
2565 3095 2821 3168 sequitur
2836 3092 3152 3156 evidenter,
3172 3091 3332 3165 quod

1958 3175 2145 3249 gratia
2198 3176 2598 3233 antecedenter
2649 3174 2717 3231 ad
2765 3189 3104 3231 consensum
3149 3171 3331 3229 fuerit

1961 3257 2024 3311 in
2051 3272 2418 3325 consensuro,
2471 3263 2528 3314 et
2550 3272 2668 3314 non
2692 3271 3040 3313 consensuro
3086 3270 3328 3328 prorsus

1961 3337 2221 3409 aequalis,
2267 3342 2322 3394 et
2348 3335 2497 3410 quod
2526 3336 2851 3394 differentia
2892 3337 3044 3396 inter
3070 3334 3323 3408 gratiam

1960 3433 2292 3492 congruam,
2314 3421 2369 3475 et
2390 3433 2509 3474 non
2526 3433 2857 3492 congruam,
2890 3417 3012 3473 sive
3035 3416 3187 3473 inter
3207 3414 3325 3472 effi-

1960 3513 2168 3564 cacem,
2193 3504 2249 3555 et
2273 3514 2388 3555 non
2408 3497 2687 3555 efficacem
2710 3496 3043 3555 desumatur
3065 3495 3135 3553 ab
3160 3495 3325 3553 effec-

1963 3587 2041 3640 tu.
2075 3581 2144 3634 Et
2170 3581 2249 3637 ita
2276 3579 2391 3647 fiet,
2417 3579 2566 3653 quod
2594 3580 2825 3637 tandem
2856 3578 3146 3636 relabatur
3175 3580 3323 3634 Vas-

1955 3671 2101 3728 quez
2123 3655 2184 3710 in
2205 3655 2539 3728 opinionem
2561 3655 2810 3721 Molinae,
2837 3670 3009 3727 quam
3031 3653 3324 3710 declinare

1961 3735 2264 3794 videbatur
2298 3752 2510 3812 magna
2542 3736 2788 3810 quadam
2841 3735 3152 3794 verborum
3193 3750 3323 3790 am·

1963 3818 2123 3893 bage,
2175 3819 2323 3875 utin
2371 3820 2538 3893 hujus
2577 3818 2737 3875 dubii
2794 3819 2999 3876 limine
3045 3816 3316 3874 vidimus

1962 3901 2122 3967 Quod
2150 3901 2358 3958 merito
2384 3898 2672 3957 credimus
2696 3925 2709 3968 ς
2761 3915 2896 3956 nam
2923 3899 3020 3972 qui
3049 3898 3322 3972 Augusti-

1964 3984 2223 4048 manem,
2276 3987 2334 4039 et
2361 3998 2461 4055 per
2487 3996 2547 4038 se
2597 3980 2874 4038 efficacem
2927 3980 3173 4054 gratiam
3201 3993 3322 4035 non

1964 4063 2293 4129 admittunt,
2310 4062 2502 4120 verbis
2516 4061 2748 4135 quidem
2760 4060 3028 4118 videntur
3039 4060 3321 4118 Molinam

1962 4142 2245 4210 deserere,
2300 4141 2397 4199 sed
2427 4157 2459 4198 a
2487 4147 2693 4206 mente,
2736 4146 2792 4197 et
2829 4140 3056 4212 capitali
3078 4141 3202 4214 ejus
3229 4155 3316 4196 ase

1963 4229 2133 4292 serto,
2185 4238 2392 4294 nempe
2431 4236 2550 4279 non
2588 4222 2714 4277 dari
2755 4221 3000 4295 gratiam
3041 4219 3321 4278 efficacem

1966 4304 2079 4359 nisi
2131 4303 2201 4360 ab
2238 4302 2458 4368 effectu,
2506 4308 2563 4358 et
2607 4316 2838 4358 omnem
2892 4301 3138 4374 gratiam
3194 4298 3324 4357 fieri

1964 4387 2241 4443 efficacem
2261 4400 2359 4457 per
2385 4383 2711 4450 arbitrium,
2734 4383 2796 4438 in
2814 4398 2875 4439 re
2891 4398 3007 4439 non
3030 4381 3319 4445 recedunt,

1964 4475 2027 4524 ut
2056 4467 2199 4524 bene
2244 4465 2569 4524 observavit
2614 4465 2886 4540 Magister
2927 4465 3179 4522 Joannes
3205 4481 3239 4521 a
3265 4466 3322 4521 S.
3340 4477 3538 4520 amnne<

1965 4549 2187 4606 Thoma
2210 4548 2271 4604 in
2295 4547 2560 4619 praesenti
2581 4546 2722 4619 disp.
2742 4546 2833 4611 24,
2858 4553 2968 4601 art.
2995 4547 3048 4613 2,
3074 4548 3106 4615 ς
3155 4543 3328 4619 Prop-
3353 4530 3534 4621 Tssffffia,

1966 4640 2045 4689 ter
2072 4634 2320 4687 istorum.

3171 5104 3201 5171 δ
3231 5120 3319 5175 1v.
