3647 5753
1340 432 1521 488 DISP.
1565 432 1685 496 VII,
1730 431 1895 485 DUB.
1940 430 2012 485 11.
3005 412 3077 468 33

830 615 862 683 s
903 615 995 668 lv,

420 771 825 829 convelluntur
861 773 1068 865 motiva
1106 770 1393 827 contraries

682 905 691 919 ,
753 869 1073 928 opinionis„

129 1039 192 1071 en·
294 1012 384 1067 49.
429 1008 763 1083 oppositam
806 1009 1151 1069 sententiam
1199 1012 1391 1066 tuetur
1435 1008 1583 1063 Vas-

128 1089 357 1169 {unez
396 1091 536 1148 locis
576 1091 641 1146 in
681 1090 969 1163 principio
1007 1088 1168 1147 dubii
1210 1089 1436 1157 citatis;
1490 1086 1582 1144 cui

130 1176 204 1221 nur
217 1170 574 1229 subscribere
614 1170 842 1228 videtur
887 1169 1280 1228 Bellarminus
1307 1170 1402 1226 lib.
1433 1169 1489 1234 4,
1517 1164 1584 1222 de

128 1229 188 1318 ἐξ·
215 1254 417 1323 qratia,
437 1260 492 1307 ee
522 1252 689 1308 libero
728 1253 981 1319 arbitrio,
1012 1268 1133 1325 cap.
1169 1252 1252 1307 12.
1300 1248 1583 1307 Probatur

128 1335 159 1427 g·
222 1334 404 1408 primo
438 1332 665 1389 difficili
705 1333 953 1407 quodam
981 1331 1311 1390 testimon10
1350 1333 1416 1388 D.
1460 1334 1582 1386 Au-

128 1408 203 1468 ·r'm.
217 1413 425 1488 gustini
455 1415 517 1467 in
544 1413 642 1469 lib.
675 1415 722 1479 1,
746 1412 821 1470 ad
847 1412 1281 1486 Simplicianum
1308 1418 1491 1489 quaest.
1520 1413 1576 1478 2,

221 1493 310 1550 ubi
337 1510 457 1552 non
482 1494 670 1551 semel
708 1493 856 1550 hanc
883 1492 1220 1567 opinionem
1267 1492 1576 1559 inculcare,

217 1581 269 1632 et
319 1572 642 1647 approbare
685 1573 918 1631 videtur
949 1597 965 1641 ;
1030 1575 1112 1630 sic
1160 1572 1321 1630 enim
1369 1571 1539 1629 habet
1565 1592 1579 1627 z

224 1680 246 1709 α
274 1660 362 1713 An
406 1656 559 1714 forte
586 1656 701 1723 illi,
751 1657 850 1729 qui
878 1656 985 1714 hoc
1035 1655 1207 1712 modo
1250 1655 1434 1712 vocati
1463 1670 1581 1711 non

222 1761 245 1791 α
273 1738 663 1803 consentiunt,
732 1741 963 1810 possent
1012 1736 1130 1792 alio
1175 1734 1345 1793 modo
1397 1737 1579 1793 vocati

223 1841 246 1871 α
274 1815 708 1876 accommodare
747 1817 909 1886 Fidei
937 1817 1312 1882 voluntatem,
1344 1820 1481 1873 utet
1503 1815 1581 1872 il-

222 1919 246 1948 «
275 1896 369 1953 lud
413 1913 626 1955 verum
647 1898 723 1954 sit
752 1917 766 1953 ε
794 1896 965 1953 Multi
993 1895 1198 1960 vocati,
1242 1895 1405 1968 pauci
1440 1911 1580 1952 vero

224 2002 246 2030 a
273 1979 474 2035 electi:
506 1985 568 2035 ut
615 1978 884 2052 quamvis
923 1977 1094 2033 multi
1127 1992 1242 2034 uno
1281 1975 1455 2034 modo
1472 1992 1580 2034 vo-

222 2061 378 2116 oecati
421 2061 561 2125 sint,
631 2067 826 2117 tamen
868 2059 1006 2131 quia
1053 2074 1172 2116 non
1216 2075 1416 2117 omnes
1463 2074 1580 2116 uno

224 2164 246 2192 u
275 2139 439 2198 modo
478 2141 670 2198 affecti
698 2145 851 2200 sunt.
884 2139 971 2195 illi
999 2139 1108 2196 soli
1134 2145 1446 2212 sequantur
1473 2155 1578 2197 vo-

224 2243 246 2274 a
274 2222 574 2286 cationem,
632 2224 732 2295 qui
772 2222 826 2279 ei
869 2220 1160 2293 capiendas
1207 2221 1579 2293 reperiuntur

223 2324 246 2353 α
274 2300 605 2359 idonei?Et
652 2301 801 2359 illud
828 2317 947 2358 non
991 2303 1187 2357 minus
1235 2317 1438 2358 verum
1466 2302 1576 2358 sit:

224 2406 248 2433 a
278 2382 449 2455 igitur
471 2397 589 2439 non
616 2381 886 2447 volentiS,
935 2396 1117 2453 neque
1143 2381 1446 2447 currentiS,
1478 2380 1576 2438 sed

225 2484 250 2513 κ
278 2461 606 2518 miserentis
634 2467 720 2518 est
742 2462 864 2527 Dei,
891 2461 991 2533 qui
1014 2460 1309 2519 hoc·modo
1329 2463 1572 2529 vocavit,

224 2564 249 2593 a
276 2541 552 2614 quomodo
579 2547 782 2614 aptum
809 2546 935 2598 erat
960 2541 1043 2598 eis
1070 2542 1168 2614 qui
1194 2542 1418 2615 sequuti
1444 2547 1577 2598 sunt

226 2644 250 2672 ο
277 2622 629 2679 vocationem
652 2625 680 2678 P
705 2619 791 2676 Ad
816 2621 960 2679 alios
982 2626 1175 2679 autem
1203 2622 1423 2680 vocatio
1444 2623 1578 2696 qui-

227 2725 253 2753 «
279 2699 401 2758 dem
444 2703 755 2774 pervenit;
803 2701 901 2759 sed
946 2703 1083 2775 quia
1122 2703 1253 2759 talis
1294 2702 1423 2770 fuit,
1466 2719 1577 2777 qua

226 2804 251 2833 u
278 2783 489 2839 moveri
541 2799 668 2840 non
709 2787 959 2857 possent,
1017 2797 1198 2855 neque
1237 2800 1438 2856 capere
1459 2784 1575 2857 apti

225 2870 498 2932 «essent3
568 2866 759 2923 vocati
797 2865 1029 2938 quidem
1083 2864 1195 2921 dici
1246 2871 1570 2939 potuerunt,

226 2968 248 2997 a
273 2946 365 3003 sed
380 2961 495 3004 non
512 2947 704 3004 electi.
733 2949 803 3003 Et
817 2963 935 3005 non
945 2948 1066 3021 jam
1081 2946 1356 3004 similiter
1373 2963 1574 3003 verum

225 3049 247 3078 α
273 3032 390 3084 est:
437 3026 625 3101 igitur
652 3043 769 3085 non
811 3028 1141 3084 miserentis
1186 3027 1308 3093 Dei,
1351 3026 1449 3084 sed
1472 3044 1577 3085 vo·-

225 3129 246 3158 «
274 3107 455 3174 lentis,
479 3113 536 3166 et
556 3109 851 3166 currentis
869 3113 954 3167 est
974 3109 1231 3166 hominis
1256 3132 1269 3175 ;
1299 3108 1576 3180 quoniam

225 3211 246 3238 «
273 3203 386 3245 non
411 3195 596 3262 potest
623 3189 853 3247 effectus
880 3188 1293 3247 misericordiae
1336 3188 1436 3246 Dei
1455 3204 1576 3245 esse

225 3291 247 3320 ι
275 3268 332 3326 in
358 3269 617 3328 hominis
642 3276 932 3344 potestate,
959 3277 1020 3326 ut
1042 3271 1258 3327 trustra
1282 3270 1384 3327 ille
1409 3270 1577 3326 mise·

226 3372 248 3401 α
270 3355 472 3416 reatur,
504 3351 555 3406 si
586 3351 766 3408 homo
794 3351 957 3407 nolit.
985 3351 1132 3415 Quia
1150 3351 1198 3406 si
1222 3351 1395 3408 vellet
1422 3350 1578 3422 ipso-

227 3451 250 3480 «
279 3445 401 3485 rum
431 3430 729 3496 misereri,
750 3436 935 3503 posset
955 3430 1035 3487 ita
1050 3446 1272 3496 vocare,
1292 3429 1577 3501 quomodo

229 3531 251 3561 ιι
276 3511 353 3566 eis
378 3515 572 3584 aptum
596 3517 765 3578 esset,
796 3515 931 3568 utet
979 3517 1370 3576 moverentur,
1396 3516 1454 3567 et
1480 3510 1577 3567 in-

228 3610 250 3640 «
277 3590 615 3665 telligerent,
668 3595 732 3646 'et
780 3596 1176 3663 sequerentur.
1228 3592 1442 3647 Verum
1493 3595 1579 3647 est

229 3689 253 3718 «ι
276 3683 420 3744 ergo,
451 3670 629 3725 multi
658 3670 859 3734 vocati,
906 3671 1068 3742 pauci
1088 3685 1227 3726 vero
1253 3669 1415 3726 electi
1444 3689 1458 3725 ε
1487 3669 1575 3725 illi

233 3771 254 3798 u
276 3750 421 3805 enim
442 3750 632 3814 electi,
683 3750 787 3823 qui„
818 3755 1197 3823 congruenter
1235 3750 1455 3817 vocati;
1486 3750 1575 3805 illi

234 3853 256 3878 α
295 3837 473 3887 autem
493 3831 594 3904 qui
620 3846 739 3887 non
760 3831 1169 3906 congruebant,
1196 3846 1297 3888 nec
1317 3836 1578 3888 contem-

236 3931 258 3961 «
284 3911 632 3983 perabantur
677 3911 985 3981 vocationi,
1045 3928 1164 3969 non
1215 3912 1399 3977 electi,
1441 3912 1578 3984 quia

235 4011 256 4042 e
285 4007 393 4048 non
411 3993 671 4065 sequuti3
695 3993 959 4065 quamvis
980 3994 1183 4052 vocati.
1210 3996 1349 4051 Item
1373 4009 1576 4050 verum

235 4093 257 4123 α
286 4079 379 4139 est,
428 4090 544 4131 non
587 4074 856 4140 volentis,
913 4091 1096 4148 neque
1131 4074 1434 4142 currentis,
1477 4073 1578 4131 sed

236 4175 259 4204 α
283 4155 602 4212 miserentis
632 4162 716 4212 est
759 4159 859 4214 Dei
887 4182 901 4217 z
950 4158 1086 4231 quia
1110 4158 1339 4214 etiamsi
1368 4158 1578 4214 multos

237 4259 260 4286 ιι
288 4244 450 4307 vocet,
505 4255 714 4296 eorum
755 4245 948 4297 tamen
989 4241 1314 4307 miseretur,
1359 4241 1455 4314 qui
1483 4257 1581 4299 eos

240 4341 263 4368 a
289 4317 363 4374 ita
389 4326 567 4386 vocat,
625 4321 910 4392 quomodo
935 4321 1019 4378 eis
1040 4322 1230 4379 vocari
1259 4327 1454 4394 aptum
1475 4327 1574 4388 est,

239 4420 264 4448 a
292 4405 348 4453 ut
374 4407 707 4472 sequantur.
759 4403 990 4458 Falsum
1017 4407 1101 4458 est
1141 4406 1351 4470 autem,
1377 4402 1425 4457 si
1453 4401 1580 4474 quis

240 4501 266 4528 ιι
292 4477 418 4536 dicit
443 4501 456 4535 ε
487 4483 669 4554 Igitur
698 4496 816 4537 non
855 4480 1183 4539 miserentis
1209 4481 1330 4548 Dei,
1356 4479 1454 4537 sed
1476 4496 1580 4537 vo-

239 4582 264 4610 «
292 4561 471 4626 lentis,
502 4567 672 4634 atque
697 4563 982 4619 currentis
1006 4567 1091 4620 est
1116 4562 1371 4619 hominis
1403 4585 1417 4629 ;
1447 4561 1582 4634 quia

244 4664 267 4692 a
296 4642 507 4698 nullius
560 4643 777 4700 frustra
828 4646 975 4700 Deus
1025 4643 1331 4700 miseretur
1356 4665 1370 4708 ;
1422 4642 1582 4716 cujus

240 4742 268 4774 «ι
294 4727 472 4778 autem
532 4723 860 4790 miseretur,
926 4723 1005 4779 sic
1041 4738 1174 4779 eum
1215 4726 1393 4789 vocat,
1435 4739 1583 4795 quo-

243 4823 269 4854 <t
298 4802 457 4860 modo
481 4805 586 4861 scit
610 4805 665 4861 ei
690 4819 1023 4880 congruere,
1057 4808 1116 4860 ut
1138 4810 1436 4861 vocantem
1465 4820 1582 4861 non

245 4903 272 4934 α
300 4889 537 4957 respuat.
567 4905 593 4936 ιο
628 4884 847 4949 Quibus
873 4883 1064 4941 verbis
1103 4889 1277 4942 totam
1305 4883 1584 4941 differen—

246 4965 372 5021 tiam
419 4967 572 5022 inter
611 4968 967 5024 vocationem
1010 4968 1296 5041 efficacem,
1340 4966 1462 5023 sive
1512 4966 1582 5023 ad

243 5063 402 5118 quam
422 5048 677 5120 sequitur
690 5063 997 5106 consensus
1012 5071 1025 5114 ;
1042 5053 1097 5105 et
1110 5049 1460 5106 vocationem
1475 5066 1580 5104 non

1712 608 2001 681 efficacem,
2035 607 2157 663 sive
2185 604 2254 662 ad
2275 617 2446 678 quam
2471 614 2586 657 non
2625 594 2885 669 sequitur
2904 590 3075 683 eissec-

1715 693 1825 753 tus,
1871 691 2097 744 revocat
2116 687 2171 742 S.
2220 678 2506 743 Doctor'in
2531 678 2824 735 diversam
2848 672 3075 747 subjec-

1715 772 1910 823 torum
1937 765 2334 839 aptitudinem,
2358 766 2422 818 ut
2440 757 2798 817 vocationem
2826 767 3077 826 sequan-

1714 851 1825 914 tur,
1868 847 1961 903 vel
1984 861 2101 903 non
2140 848 2492 918 sequantur;
2533 842 2589 895 et
2629 835 2759 892 ideo
2805 832 3071 897 affirmat,

1712 944 1810 986 eos
1823 928 2038 993 vocari,
2057 926 2154 984 sed
2171 941 2288 983 non
2304 921 2461 997 eligi,
2478 918 2579 994 qui
2596 933 2714 974 non
2728 918 3072 989 congruunt,

1713 1014 1770 1067 et
1802 1013 2257 1083 attemperantur
2294 1001 2615 1063 vocationi:
2645 998 2777 1055 illos
2805 1011 2943 1053 vero
2968 1011 3078 1053 vo-
3104 1064 3107 1067 Α

1713 1090 1855 1158 cari,
1896 1097 1957 1148 et
1994 1091 2154 1165 eligi,
2200 1087 2299 1161 qui
2340 1086 2421 1142 ita
2461 1085 2758 1144 vocantur,
2790 1075 3074 1169 quomodo

1714 1179 1911 1245 aptum
1933 1177 2016 1229 est
2036 1171 2193 1246 ipsis,
2218 1176 2280 1226 ut
2300 1171 2595 1226 vocentur.
2619 1165 2741 1227 Quo
2768 1160 2919 1216 nihil
2945 1174 3073 1215 am·-

1716 1255 1867 1328 plius
1886 1254 2116 1311 videtur
2142 1252 2332 1309 dicere
2349 1251 2625 1319 vasquez.

1788 1333 2176 1392 confirmatur
2199 1349 2272 1390 ex
2297 1329 2496 1389 eodem
2525 1328 2579 1383 S.
2630 1327 2867 1380 Doctore
2894 1324 2954 1377 in
2974 1321 3068 1377 lib.
3105 1332 3261 1375 counr-

1711 1416 1936 1472 dedono
1972 1414 2402 1489 perseverantia,
2432 1425 2556 1481 cap.
2594 1407 2677 1469 14,
2712 1403 2809 1459 uhi
2838 1401 3027 1474 inquit
3060 1422 3072 1456 ε
3116 1388 3258 1424 matur.

1720 1518 1745 1550 α
1775 1498 1861 1553 Ex
1884 1513 1997 1570 quo
2017 1498 2269 1569 apparet,
2320 1489 2533 1548 habere
2555 1484 2830 1560 quosdam
2856 1483 2920 1538 in
2948 1482 3072 1572 ipso

1723 1598 1746 1631 x
1775 1577 2011 1651 ingenio
2049 1575 2315 1632 divinum
2345 1569 2689 1628 naturaliter
2734 1579 2948 1621 munus
2975 1578 3074 1617 in-

1720 1679 1746 1711 α
1773 1657 2122 1731 telligentiae,
2167 1672 2279 1729 quo
2307 1653 2646 1709 moveantur
2675 1644 2747 1702 ad
2792 1643 2990 1708 finem,
3022 1645 3071 1698 si

1719 1759 1744 1790 α
1770 1752 2022 1811 congrua
2041 1737 2160 1792 suis
2183 1730 2470 1790 mentibus
2496 1730 2587 1785 vel
2608 1725 2845 1783 audiant
2872 1721 3066 1814 verba,

1718 1839 1745 1871 α
1767 1819 1860 1874 vel
1898 1818 2064 1892 signa
2101 1814 2424 1886 concipiant
2474 1831 2488 1866 ε
2548 1814 2606 1866 et
2642 1813 2837 1863 tamen
2876 1821 2933 1860 ειν
2971 1805 3069 1860 Dei

1718 1919 1745 1951 «
1775 1898 1981 1955 altiore
2013 1896 2230 1971 judicio
2269 1911 2301 1951 a
2343 1887 2682 1966 perditionis
2723 1900 2908 1941 massa
2957 1898 3074 1940 non

1718 2000 1745 2031 α
1772 1983 1909 2035 sunt
1934 1976 2135 2052 gratiae
2163 1968 2661 2048 praedestinatione
2686 1965 2937 2038 discreti,
2973 1978 3074 2020 nec

1717 2079 1745 2112 α
1774 2059 1900 2131 ipsa
1923 2058 2008 2115 eis
2035 2055 2361 2117 adhibetur,
2410 2051 2503 2107 vel
2529 2045 2707 2106 verba
2732 2044 2953 2108 divina,
2981 2043 3073 2131 vel

1717 2160 1744 2192 «
1775 2139 1940 2205 facta,
1998 2152 2099 2209 per
2125 2150 2249 2208 quae
2279 2136 2505 2206 possent
2529 2126 2780 2190 credere,
2824 2121 3073 2212 standi--

1717 2240 1743 2271 α
1774 2222 1904 2275 rent
1925 2218 2119 2288 utique
2140 2215 2296 2280 talia,
2317 2213 2409 2269 vel
2433 2209 2712 2267 viderent.
2735 2224 2760 2256 >2
2790 2202 2900 2258 Ubi
2925 2217 3077 2273 pers-

1712 2299 1874 2373 picue
1894 2296 2293 2364 docet,habere
2311 2292 2586 2369 quosdam
2608 2285 2873 2346 homines
2889 2284 3075 2339 latens

1710 2379 1928 2453 aliquid
1948 2395 2060 2453 quo
2080 2377 2294 2435 divinae
2319 2371 2605 2433 vocationi
2632 2373 3074 2456 contemperen-

1710 2467 1825 2527 tur,
1882 2463 2065 2534 eique,
2097 2461 2145 2516 si
2189 2458 2452 2517 viderent
2471 2455 2652 2528 signa,
2684 2453 2780 2506 aut
2808 2445 3074 2535 audirent

1709 2541 1887 2599 verba
1914 2540 2024 2598 sibi
2066 2556 2335 2616 congrua,
2392 2532 2738 2595 infallibiter
2783 2530 3074 2583 consenti-

1781 2702 1869 2758 Ad
1910 2706 2317 2777 argumentum
2371 2695 2718 2771 respondent
2769 2687 2949 2760 aliqui
3000 2689 3064 2742 D.
3096 2702 3269 2755 Aliquo-

1708 2785 2093 2859 Augustinum
2134 2784 2299 2840 illam
2334 2777 2680 2839 sententiam
2727 2770 2979 2829 tenuisse
3007 2760 3266 2860 in‘gffiss‘i‘gj

1709 2864 2001 2940 prioribus
2041 2865 2247 2933 libris;
2288 2880 2417 2922 eam
2454 2876 2592 2919 vero
2634 2859 2965 2914 retractasse.
3006 2866 3067 2905 ιη

1707 2949 1798 3004 his
1826 2964 1950 3022 quae
1969 2949 2092 3022 jam
2120 2962 2295 3003 senex
2323 2945 2597 3008 adversus
2625 2936 2980 3009 PelagianoS,
3011 2937 3065 2988 et

1707 3028 2194 3102 semipelagianos
2219 3025 2465 3099 scripsit,
2499 3038 2569 3079 ex
2590 3018 2797 3094 quibus
2817 3026 3073 3071 commu-

1708 3111 1864 3167 niter
1893 3109 2315 3181 desumpsimus
2339 3103 2669 3164 testimonia
2700 3101 2900 3156 contra
2938 3095 3066 3185 Mo·

1709 3189 1750 3247 li
1761 3195 1972 3256 nam,et
1994 3191 2451 3262 vasquez.Quam
2474 3181 2905 3257 responsionem
2935 3190 3075 3229 insi-

1708 3278 1850 3328 nuat
1888 3274 2060 3328 Lorca
2092 3272 2234 3342 disp.
2264 3271 2357 3335 21,
2387 3269 2451 3323 de
2486 3267 2695 3337 qratia,
2738 3257 3061 3348 conclusa,
3109 3269 3254 3309 corea.

1708 3352 1805 3408 ubi
1846 3357 2102 3408 statuens
2141 3348 2446 3407 efficaciam
2489 3345 2784 3420 physicam
2847 3342 3063 3426 gratiaer

1709 3432 1897 3505 inquit
1930 3452 1943 3488 ε
1974 3454 1999 3483 α
2039 3427 2295 3487 Secundo
2317 3427 2590 3500 probatur
2612 3440 2683 3481 ex
2713 3423 2946 3493 August.
2969 3433 3066 3489 qui
3131 3476 3133 3480 ¹

1715 3535 1739 3566 «
1768 3512 2032 3586 quamvis
2073 3509 2362 3584 prioribus
2403 3507 2569 3564 libris
2609 3506 2937 3577 frequenter
2964 3512 3069 3553 ex-

1715 3617 1739 3647 α
1771 3594 1940 3667 plicet
1963 3592 2347 3649 efficacitatem
2377 3586 2582 3644 auxilii
2620 3584 2857 3641 nomine
2895 3590 3068 3666 voca-

1715 3697 1740 3728 α
1769 3673 1965 3738 tionis,
2026 3669 2330 3733 suasionis
2375 3675 2431 3724 et
2468 3664 2799 3728 similibus;
2865 3656 2963 3748 sed
3006 3670 3066 3711 in

1715 3776 1741 3806 α
1771 3749 2183 3824 posterioribus
2237 3746 2401 3803 libris
2442 3746 2631 3802 rarius
2689 3742 2778 3797 his
2836 3736 3070 3794 vocibus

1716 3855 1742 3887 α
1769 3833 1970 3896 utitur,
2001 3834 2058 3886 et
2077 3829 2219 3885 alias
2247 3827 2499 3900 apponit,
2530 3840 2654 3897 quae
2680 3821 2750 3878 ad
2776 3819 3063 3877 auxilium

1716 3937 1741 3969 «
1770 3913 1990 3970 morale
2017 3911 2201 3983 aptari
2224 3925 2340 3966 non
2364 3911 2617 3981 possunt.
2647 3927 2672 3956 ³>

1782 3994 1889 4053 Sed
1916 3992 2179 4068 quamvis
2205 3992 2322 4047 haec
2345 3988 2638 4061 responsio
2676 4000 2881 4043 verum
2922 3981 3066 4038 alias
3093 4003 3184 4060 150,ss
3203 4013 3266 4058 μ-

1708 4093 1939 4137 sensum
1961 4075 2298 4140 contineret,
2320 4071 2495 4129 robur
2510 4076 2702 4127 tamen
2725 4063 3062 4127 testimonii,
3082 4054 3253 4093 ‘'Smn-

1708 4160 1858 4235 quod
1880 4157 2042 4216 nobis
2063 4155 2347 4228 objicitur,
2369 4154 2709 4212 labefactare
2724 4165 2840 4207 non
2864 4151 3065 4220 potest:
3085 4199 3119 4240 D
3152 4198 3271 4241 nitar

1712 4258 1848 4299 nam
1867 4257 1997 4297 cum
2028 4242 2090 4294 D.
2118 4237 2390 4304 Hilarius,
2420 4242 2477 4293 et
2497 4239 2560 4292 D.
2593 4236 2837 4305 Prosper
2856 4231 2911 4285 S.
2945 4231 3063 4320 Au·
3083 4231 3284 4300 nssrrosp'

1710 4324 2004 4399 gustinum
2018 4322 2140 4395 jam
2167 4335 2362 4376 senem
2376 4318 2446 4375 de
2471 4314 2852 4390 querimoniis
2879 4312 3066 4367 Semi·
3098 4323 3103 4328 ·

1712 4404 2147 4478 pelagianorum
2230 4398 2706 4460 ammonuissent‚
2782 4391 3068 4463 simulque

1714 4484 2107 4558 postulassent,
2152 4486 2215 4536 ut
2253 4477 2403 4552 quod
2451 4476 2522 4535 de
2570 4474 2815 4534 efficacia
2854 4472 3070 4527 divinae

1710 4563 1917 4639 gratiae.
1934 4561 2192 4627 sentiret,
2225 4557 2519 4631 operosius
2544 4558 2874 4629 exponeret,
2906 4555 3073 4640 atqu-e

1711 4644 2078 4707 enuclearet;
2122 4641 2177 4696 S.
2236 4641 2406 4696 Pater
2430 4653 2526 4694 eos
2553 4634 2785 4692 tandem
2832 4631 3075 4690 remittit

1713 4723 1783 4783 ad
1816 4739 1885 4780 ea
1910 4739 2036 4797 quae
2063 4720 2370 4793 scripserat
2396 4719 2458 4775 in
2485 4717 2655 4774 libris
2691 4714 3071 4789 quaestionum

1714 4805 1785 4863 ad
1806 4800 2268 4876 simplicianum,
2297 4799 2393 4856 ubi
2417 4798 2627 4855 fatetur
2655 4794 2899 4869 reperiri
2925 4795 3075 4851 solu·

1715 4886 1932 4943 tionem
1963 4881 2132 4956 hujus
2156 4879 2506 4953 quaestionis,
2540 4880 2610 4932 Et
2634 4876 2716 4933 ita
2741 4876 2805 4933 in
2832 4874 2984 4932 libro
3005 4873 3075 4929 de

1716 4962 1974 5038 praedest.
2023 4961 2120 5016 SS.
2149 4974 2318 5032 quem
2344 4956 2418 5028 ob
2461 4955 2813 5014 occasionem
2862 4954 3072 5009 imme-

1714 5045 1867 5101 diate
1888 5042 2129 5099 relatam
2156 5036 2401 5112 scripsit,
2435 5036 2516 5094 ait
2536 5033 2656 5109 cap.
2689 5038 2724 5091 4
2753 5056 2766 5092 :
2797 5058 2821 5088 «
2851 5035 3069 5092 Videtis
