3647 5753
470 404 582 460 530

456 579 606 646 'lem‚
631 584 686 635 et
712 580 1001 637 venialem
1037 603 1048 636 :
1078 580 1178 638 sed
1204 585 1267 637 ut
1292 581 1612 654 baptismus
1638 582 1829 640 debite

251 1137 459 1185 secundo.

276 1727 432 1772 Tertio.

272 2859 457 2914 Respon-

287 2916 351 2949 sm
362 2904 416 2949 ad

291 2965 410 3007 argu·

262 3010 456 3050 mentum.

468 660 828 732 suscipiatur,
879 676 998 718 non
1029 662 1345 734 requiritur
1391 663 1663 720 contritio
1709 663 1834 720 for-

469 741 658 807 mali5‚
675 743 765 798 vel
789 737 1071 805 virtualis,
1090 742 1190 798 sed
1210 742 1415 799 sufficit
1434 744 1599 802 dolor
1622 744 1848 817 aliquis¹

468 821 837 894 imperfectus
877 823 1214 892 attritioniS,
1240 828 1295 880 et
1350 825 1706 897 propositum
1735 826 1833 881 in-

467 902 712 960 choandi
740 919 951 961 novam
980 903 1179 971 vitam,
1226 911 1287 960 ut
1315 905 1519 962 docent
1565 921 1832 963 commu-

470 983 623 1039 niter
643 982 914 1057 Theologi
948 1004 961 1039 ε
1009 999 1144 1058 ergo
1186 985 1440 1042 venialia
1483 986 1833 1042 auferuntur

472 1079 574 1136 per
600 1065 781 1120 solam
804 1064 1159 1121 attritionem
1182 1082 1313 1138 *cum
1336 1072 1715 1124 sacramento.

550 1144 934 1201 Confirmatur
958 1145 1369 1220 secundo‚quia
1391 1147 1647 1204 venialia
1668 1152 1835 1204 extra

470 1231 894 1282 sacramentum
936 1226 1283 1284 sufficienter
1329 1228 1678 1285 auferuntur
1731 1245 1834 1303 per

466 1309 894 1375 contritionem,
921 1314 982 1364 ut
1002 1327 1177 1382 supra
1190 1311 1497 1366 statuimus
1517 1333 1529 1367 :
1547 1310 1645 1367 sed
1671 1311 1834 1367 attri-

467 1389 547 1445 tio
588 1388 743 1445 intra
789 1396 1212 1448 sacramentum
1261 1392 1395 1448 facit
1435 1392 1735 1449 hominem
1762 1391 1835 1449 de

467 1471 661 1540 attrito
674 1473 1003 1542 contritum,
1015 1479 1075 1529 ut
1094 1480 1178 1531 est
1189 1490 1493 1532 commune
1521 1476 1835 1550 Theologo-

470 1572 599 1611 rum
628 1555 890 1612 axioma:
915 1574 1049 1632 ergo
1071 1559 1291 1615 attritio
1311 1575 1442 1613 cum
1469 1565 1833 1617 sacramento

468 1635 671 1692 sufficit
699 1636 769 1691 ad
790 1639 1043 1695 tollenda
1062 1640 1341 1697 venialia.

545 1716 929 1775 confirmatur
975 1723 1152 1786 tertio,
1185 1722 1321 1793 quia
1365 1738 1433 1779 eo
1487 1721 1632 1793 ipso,
1682 1722 1833 1794 quod

472 1798 690 1854 attritio
711 1797 781 1855 de
808 1800 1147 1857 mortalibus
1168 1804 1548 1877 conjungatur
1576 1819 1708 1858 cum
1736 1819 1834 1860 sa-

470 1885 763 1938 cramento
803 1884 1172 1954 poenitentiae,
1224 1883 1618 1942 infallibiliter
1668 1885 1834 1943 aufe-

472 1967 680 2018 runtur
726 1969 949 2037 peccata
1000 1967 1272 2023 mortalia
1301 1988 1313 2022 :
1361 1982 1497 2039 ergo
1542 1982 1609 2024 eo
1661 1967 1785 2040 ipso
1807 2009 1820 2034 ,

468 2042 619 2115 quod
683 2046 899 2102 attritio
948 2045 1019 2103 de
1077 2046 1406 2104 venialibus
1451 2048 1834 2123 conjungatur

467 2140 598 2181 cum
625 2122 999 2194 sacramento,
1044 2126 1440 2184 infallibiliter
1486 2129 1834 2186 auferuntur

467 2205 736 2263 venialia.
765 2209 926 2265 Patet
952 2207 1373 2282 consequentia,
1399 2207 1536 2281 quia
1555 2225 1628 2265 ex
1650 2226 1830 2282 oppo-

466 2285 575 2343 sito
627 2285 790 2344 fieret
809 2331 822 2355 ,
873 2289 1250 2356 attritionem,
1302 2294 1357 2346 et
1403 2295 1833 2346 sacramentum

467 2369 822 2441 prenitentiae
848 2369 1060 2427 habere
1081 2372 1360 2444 majorem
1383 2372 1505 2429 vim
1530 2372 1600 2429 ad
1629 2375 1835 2431 tollen-

465 2448 605 2512 dum
636 2452 924 2517 mortalia,
949 2470 1121 2527 quam
1150 2454 1428 2519 venialia;
1456 2456 1605 2528 quod
1634 2461 1832 2512 tamen

467 2537 702 2603 apparet
723 2533 934 2590 falsum
961 2550 1032 2590 ex
1055 2549 1142 2600 e0,
1174 2535 1323 2607 quod
1353 2538 1624 2594 mortalia
1647 2537 1835 2609 majo-

471 2627 595 2667 rem
618 2613 1006 2671 resistentiam
1045 2614 1356 2686 praebeant,
1407 2634 1583 2690 quam
1624 2619 1833 2675 venia-

469 2693 550 2748 lia
574 2715 587 2759 ;
614 2708 751 2747 nam
778 2693 962 2767 magis
1003 2692 1316 2751 obfirmant
1342 2696 1640 2754 hominem
1682 2700 1835 2756 circa

470 2774 713 2829 malum.

542 2853 630 2910 Ad
677 2861 1081 2928 argumentum
1131 2857 1433 2931 respondet
1461 2859 1561 2918 ille
1599 2862 1828 2930 Junior,

470 2941 895 2994 sacramentum
949 2938 1298 3012 poenitentiae
1344 2944 1546 3000 tollere
1610 2951 1833 3017 peccata

470 3019 722 3075 venialia
766 3020 828 3076 in
849 3036 1058 3094 genere
1077 3037 1258 3080 causae
1285 3022 1598 3092 efficientiS,
1627 3026 1835 3099 produ-

469 3101 648 3159 cendo
668 3102 933 3159 videlicet
960 3103 1228 3172 formam,
1250 3120 1353 3178 per
1381 3122 1554 3179 quam
1576 3109 1833 3166 venialia

471 3183 846 3240 remittuntur
879 3208 894 3251 ;
933 3200 1052 3241 non
1080 3191 1270 3243 autem
1322 3187 1385 3243 in
1410 3203 1620 3261 genere
1646 3206 1832 3248 causas

464 3264 756 3332 formalis,
780 3280 988 3339 nempe
1004 3283 1073 3323 au
1084 3266 1318 3326 ferendo
1339 3270 1595 3326 venialia
1618 3271 1834 3328 imme-

464 3347 616 3404 diate
645 3363 745 3419 per
771 3349 1043 3421 seipsum.
1078 3351 1315 3408 Attritio
1359 3352 1536 3408 etiam
1565 3357 1650 3410 est
1669 3354 1833 3410 suffi-

463 3427 620 3485 ciens
642 3425 712 3484 ad
743 3428 1019 3497 valorem,
1051 3435 1107 3487 et
1152 3430 1417 3488 effectum
1449 3434 1704 3506 praedicti
1734 3452 1833 3492 sa-

464 3511 745 3566 cramenti
769 3509 831 3566 in
852 3526 1062 3585 genere
1083 3528 1265 3569 causae
1284 3513 1652 3587 dispositivae,
1684 3522 1741 3573 et
1768 3518 1833 3573 in

462 3605 673 3664 genere
700 3606 881 3648 causae
918 3592 1234 3662 efficientis,
1281 3601 1564 3668 quatenus
1608 3597 1675 3653 fit
1700 3614 1834 3671 pars

465 3669 719 3744 ejusdem
747 3673 1091 3730 sacramenti
1114 3697 1129 3741 ;
1163 3691 1280 3732 non
1310 3681 1502 3733 autem
1531 3679 1595 3734 in
1621 3694 1835 3753 genere

467 3768 646 3809 causae
687 3751 966 3822 formalis,
1017 3761 1074 3811 et
1127 3757 1448 3830 praestando
1499 3759 1836 3818 immediate

470 3848 572 3906 per
591 3833 837 3907 seipsam
857 3836 1120 3893 effectum
1141 3840 1512 3896 sacramenti.
1541 3843 1611 3896 Et
1637 3842 1701 3898 in
1728 3842 1836 3900 hoc

470 3929 639 3971 sensu
694 3916 1034 3984 omittendo,
1079 3920 1172 3975 vel
1217 3919 1625 3996 distinguendo
1677 3938 1834 3996 prae-

473 3996 693 4064 missas,
723 4003 889 4072 negat
904 3999 1158 4057 absolute
1178 4005 1835 4077 consequentiam.Sicut

469 4074 629 4135 enim
647 4093 748 4149 per
769 4078 1050 4151 hoc,quod
1071 4082 1292 4140 attritio
1320 4100 1452 4141 cum
1473 4092 1835 4146 sacramento

471 4158 822 4231 poenitentiae
862 4159 1085 4217 dicatur
1130 4164 1415 4222 sufficiens
1465 4164 1538 4222 ad
1579 4167 1835 4225 tollenda

469 4247 692 4314 peccata
736 4245 1023 4311 mortalia,
1050 4261 1170 4302 non
1221 4247 1617 4322 significamus
1673 4250 1836 4306 suffi-

469 4322 742 4380 cientiam
764 4323 826 4379 in
853 4325 1012 4381 omni
1040 4342 1268 4401 genere,
1307 4329 1407 4386 sed
1436 4332 1624 4388 solum
1648 4332 1711 4388 in
1732 4349 1836 4408 ge-

471 4419 610 4460 nere
661 4420 841 4461 causae
891 4404 1258 4480 dispositivae,
1294 4414 1390 4466 aut
1410 4411 1705 4470 efficientis
1733 4439 1748 4482 ;
1779 4419 1838 4472 et

475 4500 593 4543 non
615 4501 889 4559 negamus
916 4491 1308 4547 necessitatem
1331 4494 1531 4551 formae
1552 4495 1837 4556 intrinse-

474 4583 570 4634 cae,
604 4583 812 4641 nempe
835 4572 1034 4644 gratias
1061 4573 1485 4646 sanctificantis,
1533 4595 1633 4650 per
1660 4597 1833 4654 quam

478 4649 750 4708 mortalia
771 4649 1177 4720 formaliter,et
1197 4653 1532 4717 immediate
1548 4662 1833 4720 auferun-

473 4737 570 4788 tur
599 4753 612 4788 :
637 4731 720 4788 ita
739 4748 871 4789 cum
892 4735 1277 4793 communiter
1312 4737 1540 4810 dicitur,
1575 4744 1833 4802 attritio-

483 4828 617 4870 nem
644 4810 714 4869 de
734 4815 1061 4872 venialibus
1086 4818 1450 4892 conjunctam
1470 4832 1833 4884 sacramento

476 4893 834 4968 poenitentiae
879 4912 1001 4954 esse
1043 4897 1415 4960 sufficientem
1457 4904 1528 4961 ad
1573 4922 1640 4964 ea
1672 4907 1838 4965 aufe-

481 4972 677 5040 renda,
699 4990 817 5051 non
836 4975 1196 5052 significatur
1215 4982 1552 5043 sufficientia
1574 4987 1638 5044 in
1671 4989 1835 5045 omni

474 5070 708 5129 genere,
740 5057 840 5113 sed
865 5059 1053 5116 solum
1074 5060 1138 5118 in
1164 5078 1374 5138 genere
1399 5083 1580 5126 causae
1599 5068 1838 5144 disposi-

1434 406 1527 459 DE
1565 406 1594 459 J
1602 406 2152 461 USTIFICATIONE
2193 408 2396 463 IMPII.

1967 584 2118 652 tivae,
2147 589 2246 640 aut
2269 583 2566 642 efficientis
2600 608 2613 642 ε
2641 587 2792 642 ultra
2816 603 2956 660 quas
2975 585 3337 644 desideratur

1967 668 2283 735 forma,aut
2309 671 2471 742 quasi
2497 670 2684 726 forma
2701 671 2984 737 ultim0,et
3000 670 3337 728 immediate

1965 750 2276 808 excludens
2288 752 2739 826 venialia,quam
2759 770 2863 810 nos
2878 753 3192 811 asserimus
3215 770 3336 811 non

1965 847 2087 889 esse
2108 832 2290 905 ipsam
2313 834 2685 901 attritionem,
2709 832 2808 890 sed
2825 834 3009 891 alium
3037 834 3336 907 perfectio-

1970 929 2094 991 rem
2120 912 2398 981 dolorem,
2431 914 2528 989 qui
2557 916 2771 972 virtute
2801 915 3152 973 sacramenti
3176 917 3335 973 exci-

1967 995 2313 1052 tam-‚Unde
2328 1001 2445 1052 tam
2476 997 2539 1052 in
2564 996 3101 1071 poenitentia,quam
3116 997 3179 1054 in
3201 998 3334 1054 aliis

1963 1078 2339 1134 sacramentis
2365 1079 2584 1137 attritio
2610 1096 2671 1136 se
2711 1079 2882 1136 habet
2908 1079 3327 1147 antecedenter,

1965 1162 2022 1214 et
2042 1156 2396 1231 dispositive,
2423 1166 2520 1217 aut
2540 1161 2716 1217 etiam
2743 1160 2997 1218 effective
3022 1161 3093 1218 ad
3123 1163 3330 1220 remis-
3383 1210 3388 1214 .

1965 1239 2191 1297 sionem
2213 1240 2534 1298 venialium
2559 1266 2574 1309 ς
2613 1258 2732 1299 non
2755 1245 2947 1299 autem
2981 1243 3323 1315 formaliter,
3391 1288 3396 1292 ·

1965 1327 2022 1379 et
2061 1321 2413 1390 immediate,
2458 1322 2556 1378 sed
2606 1326 2762 1382 ultra
2806 1325 2994 1393 illam,
3044 1330 3101 1382 et
3147 1331 3329 1384 totum

1967 1408 2409 1473 sacramentum,
2441 1410 2496 1462 et
2542 1408 2791 1480 gratiam
2837 1409 3196 1465 habitualem
3235 1426 3331 1468 sa-

1968 1486 2383 1542 cramentalem
2407 1487 2728 1559 requiritur
2751 1488 2898 1544 alius
2924 1489 3227 1561 perfectior
3246 1506 3332 1548 ac·

1966 1570 2074 1631 tuS,
2101 1567 2197 1640 qui
2221 1567 2545 1625 formaliter
2573 1568 2643 1626 ad
2684 1571 3004 1627 venialium
3047 1570 3330 1644 expiatio-

1953 1663 2104 1706 -nem
2133 1655 2456 1707 concurrat.

2040 1732 2172 1786 328.
2216 1733 2350 1795 Quae
2398 1734 2688 1800 resolutio,
2732 1738 2787 1790 et
2831 1709 3098 1792 doctrina
3131 1741 3325 1808 aperte
3360 1733 3523 1827 (ἔρξας-
3609 1769 3620 1788 .

1966 1811 2188 1868 desumi
2211 1812 2441 1868 videtur
2460 1828 2532 1869 ex
2561 1817 2622 1870 D.
2656 1814 2860 1872 Thom.
2893 1816 2991 1888 qui
3025 1822 3328 1889 perpetuus
3371 1842 3529 1886 praee-
3619 1835 3630 1848 ·

1966 1898 2050 1949 est
2076 1894 2139 1949 in
2167 1893 2527 1961 affirmando,
2570 1901 2929 1952 sacramenta
2965 1899 3167 1954 tollere
3193 1915 3326 1972 pec·
3343 1883 3546 1975 1102?ssOE

1966 1979 2088 2030 cata
2109 1975 2382 2043 venialia,
2402 1981 2681 2048 quatenus
2702 1977 2890 2035 debite
2913 1984 3136 2051 recepta
3157 1996 3327 2052 praes-
3341 1989 3398 2024 21
3409 1981 3553 2024 Dffh·

1967 2048 2089 2114 tant
2117 2058 2282 2116 nobis
2303 2076 2373 2116 ex
2392 2076 2563 2132 opere
2584 2067 2833 2133 operat0,
2859 2063 2983 2118 sive
3009 2078 3081 2119 ex
3101 2064 3327 2120 meritis

1968 2142 2201 2206 Christi,
2233 2144 2499 2216 gratiam,
2534 2147 2590 2200 et
2618 2144 2838 2202 auxilia
2883 2146 2954 2203 ad
2982 2146 3329 2205 eliciendum

1966 2225 2227 2283 dolorem
2252 2228 2577 2294 formalem,
2611 2232 2705 2287 vel
2732 2231 3061 2298 virtualem,
3081 2249 3192 2304 quo
3219 2249 3317 2291 ve·

1968 2308 2153 2364 nialia
2204 2306 2575 2366 detestamur.
2628 2309 2793 2368 Unde
2819 2317 3007 2384 aperte
3056 2316 3334 2386 supponit

1969 2389 2321 2461 praecessisse
2343 2390 2720 2458 attritionem,
2776 2397 2832 2448 et
2860 2392 3049 2465 perfici
3074 2392 3336 2451 absolute

1967 2474 2391 2532 sacramentum
2422 2496 2436 2539 ;
2484 2477 2540 2529 et
2598 2477 2792 2530 tamen
2844 2474 2916 2531 ad
2967 2472 3319 2532 ablationem

1966 2551 2292 2608 venialium
2348 2553 2685 2611 ulteriorem
2736 2554 2997 2613 dolorem
3043 2558 3332 2629 exposcit,

1969 2632 2227 2704 alioquin
2271 2632 2551 2691 sufficeret
2599 2635 2817 2693 attritio
2853 2637 3194 2710 praeoedenS,
3238 2644 3338 2696 aut

1967 2714 2302 2771 virtualiter
2332 2730 2706 2787 perseverans
2732 2741 2745 2783 ;
2777 2722 2833 2773 et
2857 2734 2999 2791 opus
3027 2735 3146 2776 non
3167 2725 3333 2786 esset,

1967 2796 2116 2869 quod
2136 2796 2322 2871 g‘ratia
2344 2799 2407 2854 in
2434 2800 2810 2855 sacramentis
2841 2798 2974 2857 data
3004 2801 3334 2871 inclinaret,

1967 2884 2024 2937 et
2063 2887 2465 2952 prorumperet
2492 2883 2558 2938 in
2606 2899 2819 2940 novum
2877 2884 3096 2942 doloris
3122 2891 3334 2945 actum.

1969 2964 2053 3018 Ita
2081 2964 2377 3034 perspicue
2403 2962 2561 3021 docet
2581 2965 2616 3019 3
2635 2974 2783 3037 part.
2811 2979 2994 3045 quaest.
3017 2970 3110 3035 87,
3143 2977 3251 3026 art.
3278 2972 3333 3036 3,

1969 3043 2067 3100 ubi
2099 3043 2292 3109 tradit,
2324 3043 2474 3117 quod
2520 3045 2712 3118 aliqua
2755 3054 2995 3105 causant
3038 3051 3336 3108 remissio-

1970 3140 2104 3181 nem
2127 3125 2450 3182 venialium
2487 3146 2500 3181 ε
2535 3148 2561 3179 «
2607 3128 2735 3183 Uno
2763 3128 2933 3185 modo
2960 3131 3025 3186 in
3053 3137 3333 3203 quantum

1973 3225 2000 3257 α
2044 3205 2107 3260 in
2136 3205 2219 3261 eis
2257 3205 2588 3263 infunditur
2614 3208 2818 3282 gratia,
2852 3210 2988 3282 quia
3016 3227 3116 3284 per
3163 3212 3325 3269 infu-

1973 3304 2000 3338 α
2043 3285 2266 3343 sionem
2294 3288 2494 3360 gratiae
2511 3289 2795 3345 tolluntur
2816 3290 3070 3348 venialia
3088 3298 3330 3365 peccata,

1973 3389 1998 3421 α
2043 3374 2107 3424 ut
2155 3386 2331 3443 supra
2376 3368 2595 3426 dictum
2641 3377 2744 3428 est.
2791 3374 2859 3441 Et
2898 3373 3002 3430 hoc
3033 3375 3202 3433 modo
3238 3393 3342 3450 per

1974 3470 2000 3502 α
2044 3450 2487 3530 Eucharistiam,
2519 3457 2576 3508 et
2597 3453 2932 3511 Extremam
2965 3455 3333 3523 Unctionem,

1975 3552 2002 3584 α
2042 3534 2096 3588 et
2143 3531 2555 3589 universaliter
2606 3548 2706 3605 per
2745 3535 2947 3592 omnia
2983 3545 3342 3597 sacramenta

1973 3630 2000 3663 α
2044 3625 2209 3667 novae
2249 3612 2405 3686 legiS,
2458 3612 2522 3668 in
2549 3613 2758 3686 quibus
2796 3616 3089 3674 confertur
3127 3620 3337 3691 gratia,

1973 3710 2000 3743 «
2046 3695 2270 3763 peccata
2316 3692 2571 3749 venialia
2620 3695 3078 3754 remittuntur.»
3131 3698 3338 3756 Modus

1969 3778 2180 3838 autem,
2200 3788 2311 3844 quo
2332 3788 2434 3845 per
2452 3774 2806 3833 infusionem
2828 3779 3024 3851 gratiae
3043 3780 3330 3836 tolluntur

1968 3853 2243 3920 venialia,
2275 3857 2359 3909 est
2383 3853 2502 3922 ille,
2522 3871 2694 3927 quem
2712 3858 2889 3914 tradit
2917 3860 2972 3915 S.
2996 3861 3194 3916 Doctor
3221 3867 3336 3917 art.

1967 3936 2022 4000 2,
2043 3932 2113 3989 ad
2128 3949 2299 4006 quem
2325 3950 2386 3991 se
2407 3936 2671 4003 remittit,
2699 3955 2907 4012 nempe
2931 3941 3066 4013 quia
3083 3940 3146 3996 in
3166 3940 3336 3998 adul-

1971 4016 2044 4071 tis
2071 4032 2181 4071 non
2201 4018 2466 4088 contirtyit
2486 4034 2594 4073 esse
2638 4020 2973 4090 infusionem
3009 4024 3201 4091 qratia
3224 4025 3344 4081 sine

1967 4099 2179 4156 actuali
2222 4106 2374 4155 motu
2403 4100 2578 4167 ⁴liberi
2600 4103 2826 4159 arbitrii
2852 4107 2913 4159 in
2938 4104 3135 4171 Deum,
3184 4114 3235 4163 et
3278 4108 3343 4163 in

1962 4187 2246 4254 peccatum
2266 4198 2286 4246 ,·
2308 4187 2358 4235 et
2390 4180 2507 4236 ideo
2535 4184 2855 4263 quandoque
2880 4186 2943 4240 de
2986 4203 3125 4242 novo
3147 4190 3339 4259 qratia

1968 4263 2316 4336 infunditur,
2367 4272 2592 4335 peccata
2639 4269 2885 4324 venialia
2930 4272 3293 4328 remittuntur
3319 4290 3338 4325 .·

1965 4344 2105 4417 quia
2125 4343 2413 4399 nimirum
2437 4344 2507 4400 ad
2535 4345 2892 4405 infusionem
2913 4350 3114 4423 gratiae
3139 4352 3339 4424 sequi-

1969 4430 2083 4491 tur,
2112 4439 2212 4497 per
2233 4440 2293 4481 se
2320 4424 2623 4498 loquendo,
2672 4429 2881 4501 aliquis
2902 4436 3092 4487 motus
3119 4433 3341 4489 contri-

1970 4506 2167 4574 tionis,
2214 4516 2312 4567 aut
2355 4508 2696 4576 dilectionis,
2727 4527 2838 4583 quo
2886 4510 3193 4586 displicent
3219 4530 3324 4574 ve·

1970 4590 2177 4648 nialia.
2217 4591 2385 4649 Unde
2410 4600 2593 4669 quaest.
2644 4594 2737 4659 79,
2789 4601 2901 4649 art.
2929 4594 2984 4662 4,
3037 4597 3341 4668 explicans

1969 4672 2229 4739 modum,
2256 4690 2367 4746 quo
2390 4689 2491 4747 per
2515 4674 2938 4731 Eucharistiam
2963 4676 3343 4736 remittuntur

1969 4754 2244 4822 venialia,
2291 4755 2482 4829 inquit
2514 4776 2527 4811 ε
2582 4777 2609 4809 c<
2639 4757 2749 4813 Res
2794 4758 2965 4832 hujus
2990 4762 3344 4819 sacramenti

1976 4858 2001 4888 α
2045 4841 2130 4893 est
2157 4838 2428 4907 charitas,
2463 4854 2580 4896 non
2606 4841 2796 4896 solum
2824 4844 3105 4913 quantum
3135 4842 3206 4901 ad
3233 4843 3345 4902 ha-

1978 4938 2005 4970 «
2048 4916 2256 4986 bitum,
2288 4919 2388 4977 sed
2410 4919 2586 4978 etiam
2615 4926 2896 4994 quantum
2914 4921 2984 4978 ad
3006 4929 3216 4994 actum,
3240 4927 3346 4998 qui

1980 5019 2008 5051 α
2048 4998 2330 5057 excitatur
2376 5001 2440 5058 in
2468 5001 2574 5058 hoc
2616 5007 2993 5071 sacramento,
3034 5020 3137 5077 per
3185 5005 3343 5079 quod

1985 5098 2012 5128 α
2056 5086 2280 5150 peccata
2304 5081 2570 5138 venialia
2585 5084 2914 5142 solvuntur.
2961 5104 2988 5137 »
3017 5086 3086 5142 Et
3113 5088 3174 5141 in
3191 5103 3338 5160 resp.

3266 5166 3345 5225 ad
