3647 5753
1449 393 1626 449 DISP.
1670 395 1738 460 ΙΙ,
1784 393 1952 451 DUB.
1995 397 2089 453 VI.

280 568 406 623 vari
428 566 712 640 dependet
737 589 750 624 ε
778 584 903 642 quae
927 568 1251 626 retractatio
1273 567 1515 625 habetur
1542 581 1644 640 per

278 666 560 716 amorem,
594 668 705 723 quo
736 651 907 708 homo
934 652 1291 708 convertitur
1323 651 1393 707 ad
1435 654 1632 716 Deum,

206 777 210 780 Α
279 735 557 803 tanquam
586 730 655 787 ad
706 731 976 787 ultimum
1008 730 1184 787 finem
1225 735 1641 804 supernatura-

111 1864 246 1904 Gonet.

280 811 393 868 lem
420 829 433 874 ;
461 811 745 867 destructa
772 816 963 868 autem
988 810 1289 868 moraliter
1319 812 1643 884 privatione

275 893 496 967 gratiae,
517 893 874 967 impossibile
894 898 997 960 est,
1021 892 1171 966 quod
1197 899 1490 950 remaneat
1511 910 1643 967 pec-

276 978 490 1040 catum,
538 990 606 1032 eo
644 975 794 1047 quod
824 979 1110 1048 peccatum
1142 974 1434 1031 habituale
1473 976 1642 1050 hujus

277 1059 460 1111 status
508 1070 626 1111 non
665 1056 925 1114 consistit
967 1056 1029 1111 in
1081 1056 1404 1128 privatione
1442 1057 1643 1130 gratias

279 1134 513 1209 physice
538 1140 785 1209 sumpta,
804 1135 904 1193 sed
931 1136 1232 1193 moraliter
1260 1137 1635 1203 considerata,

279 1222 341 1273 ut
359 1232 428 1273 ex
453 1233 515 1274 se
537 1218 715 1291 liquet
738 1236 750 1271 ε
784 1234 920 1292 ergo
947 1222 1101 1274 actus
1121 1220 1339 1275 amoris
1359 1235 1643 1292 superna-

280 1298 491 1355 turalis
520 1299 619 1356 Dei
645 1316 816 1372 super
843 1300 1042 1356 omnia
1067 1304 1362 1372 separatus
1389 1316 1420 1356 a
1455 1300 1642 1374 gratia

278 1380 344 1449 (si
375 1380 448 1435 ab
490 1396 557 1437 ea
594 1382 978 1438 essentialiter
1024 1397 1141 1437 non
1169 1379 1472 1453 dependet)
1510 1381 1644 1437 des-

280 1465 429 1518 truet
471 1461 784 1529 efficaciter,
835 1463 964 1519 licet
1003 1461 1300 1528 indirecte,
1353 1467 1645 1535 peccatum

281 1541 574 1599 habituale
615 1543 869 1600 hominis
896 1544 1100 1600 elevati
1130 1536 1200 1599 ad
1228 1549 1643 1616 supernatura-

282 1623 395 1679 lem
422 1622 624 1680 finem.

355 1706 491 1768 Quae
511 1704 708 1760 omnia
726 1709 960 1777 possunt
986 1706 1236 1778 amplius
1281 1704 1637 1773 confirmari,

286 1788 339 1839 et
366 1784 556 1858 urgeri
580 1783 653 1840 ad
692 1785 992 1842 hominem
1019 1793 1219 1844 contra
1259 1786 1506 1843 eundern
1529 1789 1644 1843 Go-

289 1870 485 1921 netum
507 1890 520 1933 ;
542 1868 816 1939 quoniam
834 1869 1040 1925 ultima
1064 1868 1361 1942 dispositio
1382 1884 1644 1926 connexa

287 1964 355 2003 ex
378 1954 581 2005 natura
608 1951 687 2006 rei
718 1967 847 2006 cum
871 1952 1062 2023 aliqua
1086 1952 1291 2017 forma,
1316 1968 1432 2008 non
1453 1954 1642 2009 solum

287 2032 369 2082 est
395 2029 877 2102 incompossibilis
900 2049 1028 2087 cum
1051 2033 1256 2089 ultima
1272 2032 1644 2104 dispositione

290 2106 357 2162 ad
386 2109 629 2166 formam
659 2112 1031 2178 contrariam,
1052 2112 1149 2170 sed
1166 2114 1338 2169 etiam
1361 2129 1491 2168 cum
1521 2114 1644 2186 ipsa

296 2188 473 2246 forma
500 2212 512 2246 ε
536 2191 632 2247 sed
660 2208 823 2249 amor
849 2194 1312 2266 supernaturalis
1344 2194 1441 2250 Dei
1470 2210 1642 2267 super

292 2273 487 2329 omnia
505 2279 589 2330 est
622 2273 917 2347 dispositio
941 2330 945 2334 ,
969 2276 1175 2332 ultima
1220 2292 1290 2332 ex
1321 2282 1528 2332 natura
1560 2277 1641 2333 rei

293 2366 542 2410 connexa
574 2371 702 2411 cum
729 2357 914 2427 gratia
960 2355 1369 2421 sanctificante,
1401 2363 1459 2413 ut
1485 2357 1644 2413 docet

299 2432 589 2503 praedictus
617 2437 834 2493 Author
873 2446 1034 2493 tract.
1071 2440 1134 2493 cle
1157 2439 1376 2501 Gratia,
1409 2440 1551 2512 disp.
1581 2442 1637 2506 4,

296 2519 405 2568 art.
433 2515 485 2578 3,
504 2518 670 2571 conci.
701 2518 754 2582 2,
776 2523 831 2573 et
851 2534 951 2574 nos
973 2519 1084 2574 late
1102 2520 1474 2592 probavimus
1495 2521 1636 2592 disp.

216 2594 219 2599 ’
296 2611 402 2669 seq.
427 2595 548 2652 dub.
580 2599 648 2663 53
675 2613 808 2670 ergo
854 2615 1012 2655 amor
1053 2602 1513 2673 supernaturalis
1542 2602 1641 2657 Dei

84 3975 129 4015 D·
150 3977 244 4020 Tho.

294 2690 465 2747 super
484 2677 676 2733 omnia
706 2694 819 2733 non
844 2681 1027 2734 solum
1050 2687 1133 2735 est
1158 2682 1643 2756 incompossibilis

293 2772 421 2811 cum
469 2764 685 2829 peccato
731 2761 954 2823 actuali,
986 2761 1135 2834 quod
1164 2780 1224 2819 se
1266 2764 1434 2821 hahet
1480 2763 1639 2837 quasi

293 2839 493 2896 ultima
537 2840 833 2914 dispositio
878 2841 947 2899 ad
1002 2849 1290 2916 peccatum
1327 2846 1638 2912 habituale,

288 2919 375 2975 cui
402 2922 583 2992 gratia
628 2922 968 2990 formaliter,
1001 2930 1053 2980 et
1084 2925 1420 2983 immediate
1464 2942 1643 2999 oppo-

289 3000 445 3056 nitur
472 3026 484 3067 ;
512 3002 610 3058 sed
638 3004 814 3061 etiam
860 3010 945 3060 est
990 3005 1473 3078 incompossibilis
1512 3023 1643 3064 cum

289 3081 408 3151 ipso
433 3082 710 3138 habituali
743 3091 964 3156 peccato
1004 3107 1016 3142 :
1050 3091 1217 3158 atque
1244 3086 1371 3143 ideo
1396 3088 1444 3142 si
1496 3104 1644 3159 prae-

286 3160 462 3217 dictus
489 3180 651 3220 amor
675 3169 855 3237 potest
880 3167 1138 3237 separari
1170 3183 1203 3222 a
1228 3168 1415 3241 gratia
1441 3168 1644 3224 sancti·

283 3241 502 3309 ficante,
552 3246 800 3318 expellet
844 3261 915 3302 ex
960 3253 1167 3303 natura
1213 3264 1316 3304 sua
1358 3255 1642 3320 peccatum

283 3321 589 3382 habituale.
636 3327 849 3382 Caetera
898 3332 1180 3383 constant.
1212 3330 1280 3383 Et
1326 3330 1510 3403 major
1552 3331 1645 3386 vi-

280 3403 444 3461 detur
464 3405 772 3463 manifesta
792 3430 804 3472 ;
837 3407 939 3463 hac
959 3407 1168 3480 quippe
1181 3409 1252 3486 de
1271 3425 1438 3467 causa
1465 3413 1639 3479 calor,

280 3491 334 3541 et
354 3487 516 3554 actio,
543 3487 639 3560 qui
655 3493 740 3543 est
756 3488 960 3544 ultima
981 3487 1280 3561 dispositio
1303 3490 1369 3546 ad
1396 3491 1642 3548 formam

281 3567 451 3641 ignis,
480 3570 573 3624 cui
600 3571 990 3627 contrariatur
1013 3572 1199 3629 forma
1228 3589 1405 3646 aquae,
1438 3580 1521 3630 est
1550 3575 1641 3630 in-

278 3648 696 3721 compossibilis
738 3665 852 3705 non
880 3652 1065 3707 solum
1112 3669 1240 3708 cum
1273 3654 1479 3710 ultima
1525 3654 1647 3710 dis-

282 3729 564 3819 positione
585 3727 656 3784 ad
680 3729 927 3785 formam
957 3749 1132 3805 aqum,
1179 3733 1276 3789 sed
1302 3735 1480 3790 etiam
1513 3751 1644 3790 cum

280 3809 401 3881 ipsa
429 3827 591 3884 aquae
635 3811 855 3879 forma3
879 3814 1098 3870 etsicut
1145 3814 1358 3871 directe
1409 3818 1648 3888 expellit

281 3889 677 3965 frigiditatem,
710 3894 946 3963 expellit
985 3895 1161 3951 etiam
1199 3894 1477 3954 indirecte
1525 3897 1647 3954 sor-

282 3987 434 4027 mam
458 3987 642 4043 aquae.
669 3964 1248 4032 VideaturD.'1'hom.
1275 3985 1454 4054 quaest.
1482 3981 1645 4038 unica

278 4052 342 4105 de
369 4053 679 4119 Char-itate,
706 4061 814 4108 art.
841 4057 877 4109 2
903 4057 963 4110 in
988 4057 1112 4127 fine,
1143 4063 1194 4112 et
1233 4065 1345 4113 art.
1367 4059 1402 4112 6
1438 4061 1497 4113 in
1524 4077 1644 4114 cor-

275 4149 422 4205 pore,
446 4139 496 4187 et
525 4131 601 4187 ad
637 4136 672 4187 7
699 4134 818 4200 029,
849 4135 1053 4206 quibus
1096 4138 1232 4193 locis
1262 4137 1479 4210 probat,
1509 4140 1647 4195 cha-

279 4215 511 4305 ritatem
543 4228 660 4269 non
677 4229 837 4286 posse
856 4231 986 4270 cum
1016 4224 1238 4289 peccato
1262 4220 1498 4275 mortali
1518 4235 1648 4277 con-

276 4309 464 4369 Jungn

877 4475 909 4540 s
950 4473 1043 4527 111.

282 4623 618 4696 Objectiones
638 4632 826 4680 contra
844 4626 1225 4697 proeoedentem
1246 4627 1572 4695 doctrinam,
1598 4636 1646 4682 et

720 4725 912 4763 earum
937 4708 1208 4765 enodatim

363 4865 488 4920 190.
508 4861 800 4919 Adversus
815 4868 1075 4920 nostram*
1090 4865 1466 4922 assertionem
1482 4867 1646 4939 plura

282 4948 624 5019 argumenta
672 4950 974 5018 opponunt
1023 4947 1305 5004 Authores
1354 4948 1648 5022 opinionis

280 5026 588 5082 contrariae
614 5045 765 5084 num.
802 5029 900 5083 184
947 5028 1101 5084 citati
1139 5027 1271 5085 :sed
1311 5045 1435 5102 quae
1459 5028 1648 5086 effica-

3023 398 3125 454 431

1775 567 1923 624 ciam
1952 570 2202 643 aliquam
2230 572 2502 630 videntur
2524 572 2753 638 habere,
2785 572 2974 627 sol—um
3000 584 3135 642 pro-

1776 648 1915 705 bant
1940 654 2358 711 conclusionem
2374 655 2676 727 §sequenti
2703 650 3107 708 stabiliendam
3123 673 3137 715 ;

1774 748 1899 805 quae
1938 740 2125 791 autem
2166 734 2573 807 praecedentem
2604 736 2979 793 assertionem
3021 732 3136 787 im·-

1777 820 2050 889 pugnant,
2094 817 2341 873 minoris
2387 817 2657 890 ponderis
2683 822 2835 879 sunt,
2886 820 2944 871 et
2970 813 3136 871 facile

1726 917 1730 921 ·
1774 894 2169 959 diluuntur;et
2191 897 2400 956 idcirco
2420 915 2487 955 ea
2513 898 2709 954 statim
2737 896 3130 969 subjiciemus,

1775 980 1837 1031 ut
1864 976 1935 1033 ab
1973 978 2092 1033 illis
2118 978 2370 1052 expediti
2419 979 2489 1036 ad
2539 979 2929 1035 difficiliorem
2972 974 3135 1031 dubii

1776 1063 1998 1129 partem
2020 1060 2408 1130 procedamus
2436 1061 2635 1117 Primo
2663 1074 2798 1132 ergo
2836 1059 3016 1145 potest
3043 1071 3140 1110 ar—
3154 1059 3337 1102 Primum

1773 1137 1873 1211 gui
1913 1138 1976 1193 in
2022 1137 2278 1196 savorem
2327 1138 2606 1212 praedictae
2646 1136 2970 1200 sententiaa,
3007 1119 3338 1207 ᾳυίαωέξῗυω

1774 1220 2054 1311 majorem
2076 1222 2492 1294 oppositionem
2535 1220 2706 1278 habet
2749 1236 2878 1276 cum
2921 1214 3337 1307 peccatong⁰g1g32

1774 1300 1922 1357 visio
1950 1300 2225 1365 beatifica,
2254 1318 2426 1375 quam
2476 1318 2640 1359 amor
2683 1298 3355 1400 supernaturalisasusggio-

1775 1384 1876 1440 Dei
1898 1398 2069 1455 super
2096 1384 2339 1441 omnia:
2371 1383 2469 1441 sed
2501 1385 2644 1441 visio
2690 1381 2945 1439 beatifica
2973 1396 3139 1452 sepa-

1776 1470 1948 1520 rataa
1967 1464 2154 1538 gratia
2179 1464 2458 1521 habituali
2484 1480 2600 1521 non
2626 1464 2943 1520 destrueret
2970 1459 3139 1516 habi-

1775 1545 1927 1601 tuale
1951 1551 2237 1617 peccatum
2261 1569 2273 1604 ς
2303 1561 2437 1619 ergo
2461 1543 2760 1617 praedictus
2783 1560 2945 1600 amor
2970 1558 3147 1614 sepa-⁴

1777 1629 1934 1681 ratus
1973 1627 2210 1699 agratia
2237 1624 2383 1682 illud
2414 1642 2529 1682 non
2576 1627 2907 1698 expelleret.
2935 1626 3139 1680 Conse·

1775 1707 2008 1780 quentia
2032 1714 2180 1781 patet
2207 1713 2328 1763 tum
2353 1726 2384 1766 a
2409 1711 2662 1783 paritate,
2677 1714 2802 1777 tum
2825 1723 2858 1763 a
2887 1706 3133 1762 fortiori.

1775 1788 2061 1844 Minorem
2112 1791 2492 1846 concessimus
2535 1791 2663 1846 dub.
2712 1787 2936 1862 proeced.
2983 1804 3134 1841 mun.

1784 1871 1907 1924 178.
1956 1870 2141 1941 Maj0r
2194 1875 2383 1925 autem
2451 1869 2722 1943 probatur
2773 1892 2785 1926 z
2835 1875 2956 1923 tum
3003 1867 3140 1940 quia

1778 1956 2064 2022 peccatum
2087 1949 2378 2006 habituale
2400 1950 2568 2023 hujus
2588 1956 2766 2005 status
2787 1949 2956 2005 habet
2971 1963 3140 2021 oppo-

1774 2030 2045 2085 sitionem
2068 2046 2196 2085 cum
2223 2028 3139 2102 perfectionibussupernaturali-

1776 2108 1899 2176 bus,
1933 2114 2099 2182 atque
2121 2109 2245 2166 ideo
2267 2109 2431 2168 debet
2471 2110 2681 2167 habere
2711 2109 2990 2182 maj0rem
3033 2125 3140 2179 op-

1777 2192 2118 2263 positionem
2142 2208 2270 2248 cum
2313 2191 2516 2248 formis
2546 2191 2977 2264 perfectioribus
3006 2212 3017 2245 ε
3041 2189 3139 2246 sed

1777 2274 2079 2347 perlectior
2117 2279 2201 2332 est
2233 2275 2382 2331 visio
2429 2274 2706 2339 beatifica,
2755 2291 2928 2347 quam
2976 2288 3139 2329 amor

1774 2355 2231 2429 supernaturalis
2257 2356 2352 2411 Dei
2378 2372 2548 2427 super
2589 2355 2805 2419 omnia,
2841 2359 2901 2409 ut
2939 2353 3140 2409 docent

1776 2437 2163 2493 communiter
2190 2437 2501 2492 Thomistae
2529 2457 2542 2491 :
2566 2450 2700 2509 ergo
2741 2436 3018 2508 majorem
3046 2450 3141 2505 op-

1777 2518 2118 2591 positionem
2168 2517 2336 2574 habet
2380 2533 2509 2572 cum
2553 2523 2774 2590 peccato
2827 2517 2972 2573 visio
3015 2515 3138 2579 illa,

1775 2615 1947 2671 quam
1978 2599 2069 2655 hic
2091 2614 2270 2654 amor.
2297 2598 2443 2652 Tum
2467 2597 2665 2659 etiam,
2697 2598 2831 2669 quia
2859 2597 3139 2667 majorem

1776 2681 2190 2753 oppositionem
2215 2678 2384 2735 habet
2409 2695 2539 2734 cum
2571 2684 2789 2750 peccato
2835 2685 3008 2743 actuS,
3040 2679 3136 2749 qui

1780 2761 1929 2818 redit
1950 2760 2246 2816 hominem
2272 2758 2898 2831 impeccabilem,quam
2920 2758 3016 2830 qui
3045 2759 3143 2813 ho·

1777 2844 1998 2899 minem
2029 2840 2303 2913 relinquit
2322 2856 2450 2897 cum
2477 2845 2744 2913 potestate
2769 2839 3051 2913 proxima,
3084 2844 3146 2896 et

1776 2924 2040 2998 expedita
2091 2921 2162 2978 ad
2211 2921 2576 2993 peccandum,
2636 2928 2696 2976 ut
2745 2938 2815 2977 ex
2869 2920 3140 2978 terminis

1777 3013 2036 3064 constare
2065 3003 2323 3061 videtur:
2346 3004 2443 3062 sed
2473 3005 2617 3060 visio
2657 3002 2916 3060 beatifica
2958 3002 3141 3059 reddit

1732 3157 1736 3161 ι
1778 3087 2074 3145 hominem
2105 3085 2550 3158 impeccabilem,
2593 3090 2651 3140 ut
2676 3100 2805 3140 cum
2846 3085 3142 3140 communi

1777 3168 2207 3224 Thomistarum
2237 3166 2524 3222 sententia
2549 3164 2855 3220 statuimus
2882 3169 3044 3218 tract.
3080 3164 3134 3228 9,

1777 3247 1919 3319 disp.
1946 3250 2000 3310 6,
2044 3247 2174 3301 dub.
2222 3247 2615 3310 πίσω-αιτιοι·
2664 3259 2800 3300 vero
2844 3241 3142 3297 charitatis

1780 3326 2058 3398 relinquit
2078 3325 2376 3382 hominem
2397 3340 2528 3379 cum
2561 3328 2830 3394 potestate
2853 3322 3138 3394 proxima,

1777 3412 1835 3463 et
1885 3405 2149 3478 expedita
2200 3404 2269 3460 ad
2328 3402 2698 3477 peccandum;
2745 3400 3028 3474 siquidem
3082 3399 3147 3455 fit

1781 3487 1962 3543 libere
2015 3484 2277 3540 libertate
2316 3481 2740 3541 contrarietatis
2773 3503 2785 3537 :
2816 3497 2950 3554 ergo
2992 3480 3144 3536 idem

1777 3568 1926 3642 quod
1946 3568 2126 3640 priuS.
2151 3569 2297 3622 Tum
2320 3566 2586 3639 denique,
2612 3566 2745 3638 quia
2767 3564 2871 3619 illa
2890 3563 3146 3636 operatio

1780 3650 1951 3707 habet
1976 3650 2254 3722 majorem
2275 3647 2692 3720 oppositionem
2741 3662 2869 3701 cum
2899 3649 3139 3717 peccato,

1777 3747 1903 3804 quaa
1938 3728 2204 3785 intimior
2245 3734 2328 3784 est
2382 3727 2585 3783 formas
2613 3724 3013 3790 sanctificanti,
3043 3741 3142 3797 per

1778 3829 1951 3887 quam
1973 3815 2256 3885 peccatum
2288 3810 2611 3867 formaliter
2628 3809 2974 3881 expellitur3
3006 3824 3142 3865 nam

1779 3894 2204 3953 contrariorum
2250 3892 2451 3950 eadem
2504 3898 2589 3948 est
2643 3891 2828 3949 ratio:
2858 3890 2957 3947 sed
2999 3890 3146 3947 visio

1781 3973 2039 4031 beatifica
2068 3974 2336 4031 intimior
2375 3979 2461 4030 est
2501 3972 2700 4029 formae
2740 3970 3141 4036 sanctificanti,

1782 4073 1991 4130 nempe
2016 4058 2230 4132 gratiae,
2281 4072 2454 4129 quam
2503 4072 2665 4112 amor
2712 4054 3147 4122 charitatis35i-

1781 4137 2012 4211 quidem
2062 4137 2452 4193 immediatius
2499 4133 2749 4208 procedit
2795 4151 2827 4190 a
2863 4133 3067 4208 gratia,
3092 4138 3145 4190 et

1784 4219 2004 4292 regulat
2026 4234 2283 4275 amorem
2312 4238 2325 4273 ε
2355 4217 2634 4290 maJorem
2658 4231 2791 4289 ergo
2830 4213 3141 4287 oppositio-

1784 4315 1917 4355 nem
1939 4316 2068 4355 cum
2093 4307 2313 4373 peccato
2330 4297 2657 4355 habetvisio
2678 4293 2951 4360 beatifica,
2968 4309 3140 4366 quam

1782 4396 1947 4437 amor
1972 4381 2288 4436 charitatis.

1859 4461 2001 4517 Huic
2021 4460 2324 4534 objectioni
2347 4459 2511 4530 (facta
2550 4455 2957 4529 suppositione,
2991 4454 3137 4527 quod
3157 4481 3346 4536 30590„

1781 4541 1928 4597 visio
1962 4539 2236 4608 beatifica,
2267 4544 2324 4597 et
2351 4553 2512 4594 amor
2558 4535 3016 4608 supernaturalis
3039 4535 3138 4590 Dei
3206 4538 3284 4571 ⁵¹0·

1780 4636 1954 4694 super
2005 4622 2204 4679 omnia
2234 4637 2349 4677 non
2376 4617 2731 4691 dependeant
2756 4617 3141 4674 essentialiter

1782 4721 1813 4761 a
1853 4705 2037 4778 gratia
2065 4704 2344 4760 habituali
2373 4707 2648 4775 tanquam
2677 4716 2709 4756 a
2738 4699 3024 4772 principio
3052 4698 3139 4756 ef-

1783 4786 2010 4860 fectivo)
2076 4784 2450 4857 respondetur
2502 4781 2761 4856 negando
2833 4781 3135 4855 majorem,

1781 4883 1955 4942 quam
2004 4866 2247 4923 inductae
2293 4864 2654 4938 probationes
2696 4879 2812 4919 non
2839 4862 3134 4918 evincunt.

1783 4952 1968 5005 Immo
1990 4948 2109 5005 fere
2153 4963 2355 5004 omnes
2400 4949 2636 5018 possunt
2664 4944 2728 5000 in
2760 4942 3140 4999 Adversarius

1781 5029 2138 5104 retorqueri;
2167 5028 2301 5101 quia
2345 5028 2394 5084 si
2442 5028 2614 5084 homo
2668 5028 3031 5098 permaneret
3076 5024 3141 5083 in
