3647 5753
500 428 610 484 598
1170 428 1262 482 DE
1304 426 1909 483 DISPOSITIONIBUS
1946 429 2043 481 AD
2078 428 2738 484 JUSTIFICATIONEM.

497 596 649 672 quod
674 597 985 655 secundum
1015 596 1310 655 diversum
1337 613 1517 673 genus
1557 614 1738 655 causas
1757 614 1863 656 ve-

500 676 775 745 rificatur,
833 678 1083 753 gratiam
1131 678 1366 735 infundi
1392 721 1405 746 ,
1456 685 1518 735 ut
1562 679 1862 737 eliciamus

497 765 686 817 actum
726 760 1116 828 contritionis,
1162 766 1220 818 et
1262 760 1397 833 quia
1437 762 1609 818 illum
1671 765 1860 817 actum

495 839 792 908 elicimus;
837 858 973 899 nam
1017 842 1275 916 primum
1302 841 1635 900 verificatur
1673 847 1864 900 atten-

496 920 682 980 dendo
705 922 776 979 ad
814 940 995 999 genus
1020 941 1204 982 causas
1230 923 1547 992 efficientis,
1581 926 1864 998 posterius

495 1020 635 1063 vero
663 1005 1007 1063 attendendo
1029 1005 1099 1062 ad
1119 1022 1300 1081 genus
1318 1022 1497 1063 causae
1517 1008 1857 1063 materialis.

302 1090 455 1135 Ezech-
497 1086 657 1152 Quod
702 1085 1060 1162 significatur
1107 1087 1419 1144 Ezechielis
1444 1089 1535 1154 36,
1588 1086 1687 1144 ubi
1715 1086 1862 1144 dici-

495 1168 1145 1241 tur:Spiritum·meum,
1178 1184 1386 1241 nempe
1411 1168 1659 1243 gratiam
1693 1184 1861 1225 sanc-

492 1247 828 1319 tificantem,
875 1266 1080 1322 ponam
1128 1251 1190 1305 in
1224 1252 1402 1306 medio
1442 1252 1629 1317 vestri,
1678 1256 1729 1305 et
1771 1249 1860 1322 fa-

491 1332 638 1388 ciam
671 1339 729 1387 ut
771 1334 831 1387 in
851 1333 1135 1404 praeceptis
1159 1333 1294 1388 meis
1319 1331 1626 1400 ambuletis,
1657 1338 1707 1387 et
1731 1348 1860 1405 ope-

487 1415 691 1469 remini
732 1431 751 1465 .·
798 1428 934 1469 nam
962 1423 1145 1468 unum
1171 1428 1242 1469 ex
1271 1413 1569 1486 praeceptis
1595 1418 1679 1470 est
1718 1429 1861 1471 con-

487 1493 638 1551 verti
687 1492 758 1550 ad
804 1497 1007 1561 Deum,
1039 1498 1097 1550 et
1121 1492 1192 1550 ad
1232 1493 1703 1569 justificationem
1737 1492 1859 1549 dis-

490 1576 650 1650 poni.
676 1578 745 1631 Et
773 1576 854 1632 ita
886 1576 949 1633 in
976 1592 1187 1651 genere
1213 1592 1398 1633 causae
1423 1576 1721 1634 efficientis
1746 1576 1859 1650 spi-

490 1656 656 1723 ritus,
701 1672 799 1713 seu
844 1659 1034 1732 gratia
1076 1658 1174 1715 Dei
1229 1656 1513 1731 praecedit,
1564 1663 1620 1715 et
1664 1662 1860 1716 causat

486 1738 949 1802 conversionem;
980 1737 1078 1795 sed
1123 1739 1189 1795 in
1213 1754 1424 1813 genere
1462 1755 1644 1796 causas
1671 1745 1858 1797 mate-

491 1819 657 1876 rialis
698 1818 1013 1886 conversio,
1062 1820 1187 1877 sive
1226 1818 1562 1893 adimpletio
1591 1821 1854 1894 praecepti

489 1901 763 1975 disponit,
814 1907 870 1959 et
921 1895 1205 1976 praeparat
1256 1902 1329 1960 ad
1374 1902 1702 1960 habendum
1755 1902 1856 1959 Dei

490 1982 785 2056 spiritum,
815 1983 939 2041 sive
965 1985 1214 2059 gratiam
1239 1982 1709 2041 sanctificantem.
1736 1983 1858 2038 Dis-

272 2062 466 2157 Xssnu‘gid.
490 2082 689 2123 cursus
737 2071 927 2123 autem
988 2065 1228 2123 Concilii
1275 2066 1634 2135 Arausicani,
1684 2071 1741 2122 et
1785 2067 1851 2123 D.

278 2163 331 2205 D.
352 2164 459 2217 Aug.
491 2149 725 2222 August.
771 2152 929 2205 tenet
970 2147 1186 2221 optime
1208 2148 1372 2221 juxta
1397 2147 1706 2224 subjectam
1737 2163 1857 2204 ma-

491 2229 699 2286 teriam
713 2252 729 2296 ;
777 2229 1052 2302 quoniam
1099 2229 1299 2286 electio
1347 2229 1446 2286 Dei
1498 2234 1651 2306 tenet
1693 2244 1755 2285 se
1784 2244 1857 2285 ex

490 2318 650 2386 parte
678 2312 916 2387 agentis,
942 2318 999 2370 et
1023 2327 1143 2369 non
1167 2317 1253 2368 est
1278 2312 1470 2386 aliqua
1499 2313 1706 2381 forma,
1731 2327 1856 2386 quae

490 2395 804 2468 recipiatur
831 2394 894 2450 in
922 2394 1191 2469 subjecto,
1216 2395 1314 2452 vel
1355 2394 1567 2452 nostris
1607 2394 1857 2468 disposi-

487 2475 743 2534 tionibus
764 2477 1037 2553 indigeat.
1063 2479 1136 2532 Et
1159 2476 1315 2535 idem
1351 2477 1856 2551 proportionabili-

488 2561 576 2613 ter
605 2554 914 2613 dicendum
939 2561 1024 2614 est
1049 2556 1120 2614 de
1148 2556 1464 2625 vocatione,
1489 2557 1612 2615 sive
1635 2559 1856 2616 auxilio

486 2636 802 2704 excitante;
827 2637 963 2709 quia
983 2652 1102 2694 non
1124 2637 1292 2695 habet
1320 2637 1604 2694 rationem
1628 2638 1849 2706 formas,

485 2734 611 2791 quae
637 2718 1074 2792 dispositionem
1096 2725 1379 2793 supponat
1393 2744 1407 2788 ;
1438 2720 1536 2778 sed
1565 2722 1750 2794 potius
1770 2726 1856 2779 est

486 2798 841 2874 principium
871 2818 974 2874 per
1018 2800 1255 2858 modum
1283 2800 1589 2869 tendentis,
1622 2807 1741 2858 tam
1782 2802 1854 2860 ad

486 2880 923 2953 dispositionem
942 2926 955 2950 ,
1005 2897 1181 2954 quam
1227 2881 1297 2938 ad
1351 2882 1621 2952 formam,
1674 2889 1736 2939 ut
1783 2884 1855 2942 de

488 2963 648 3020 omni
696 2965 952 3023 motione
979 2962 1299 3020 auxiliante
1343 2963 1504 3022 docet
1541 2965 1757 3039 optime
1783 2968 1848 3023 D.

277 3068 329 3110 1).
359 3067 462 3111 Tho.
488 3044 691 3102 Thom.
717 3063 892 3119 supra
917 3053 1099 3120 quast.
1134 3047 1253 3113 112,
1286 3055 1398 3103 art.
1420 3049 1475 3104 2.

301 3165 462 3209 gamm
563 3125 649 3181 Ad
664 3126 973 3185 secundam
997 3127 1427 3200 respondemus,
1452 3127 1605 3201 quod
1624 3144 1709 3197 ea,
1729 3144 1854 3202 quae

295 3271 320 3306 e
342 3224 407 3309 ⁵⁸23
490 3214 624 3265 sunt
652 3210 722 3266 ad
750 3209 949 3279 finem,
982 3210 1100 3267 alia
1125 3216 1539 3285 comparantur
1580 3227 1682 3285 per
1721 3229 1854 3270 mo-

325 3274 379 3309 ¹¹¹²
409 3275 460 3310 ω·
490 3291 630 3349 dum
673 3292 850 3350 medii
890 3291 1189 3350 influentis
1214 3293 1469 3351 effective
1502 3293 1567 3350 in
1607 3292 1855 3367 produc-

489 3375 646 3432 tione
689 3376 772 3433 rei
831 3375 1087 3441 intentae,
1138 3376 1221 3432 uti
1267 3391 1329 3433 se
1379 3374 1550 3434 habet
1599 3376 1853 3450 sumptio

487 3458 736 3530 potionis
779 3474 992 3515 amarae
1030 3457 1104 3514 ad
1128 3460 1373 3516 salutem
1398 3477 1411 3512 ε
1445 3460 1561 3516 alia
1587 3475 1725 3517 vero
1752 3476 1853 3517 or-

486 3538 768 3595 dinantur
796 3539 866 3595 ad
893 3538 1072 3596 finem
1098 3540 1244 3596 sicut
1282 3539 1685 3614 dispositiones
1711 3556 1853 3599 con-

485 3625 803 3693 sequentes,
840 3624 897 3677 et
938 3626 1000 3677 ut
1026 3637 1186 3679 mere
1237 3621 1640 3696 dispositiones
1664 3647 1680 3689 ;
1706 3622 1853 3680 sicut

486 3702 685 3758 omnia
726 3700 1040 3760 accidentia
1078 3701 1150 3759 ad
1186 3702 1594 3771 substantiam,
1624 3702 1715 3759 cui
1763 3702 1853 3760 in-

483 3792 638 3851 sunt,
670 3791 724 3841 et
752 3785 1129 3859 proprietates
1156 3784 1227 3841 ad
1254 3786 1524 3844 formam.
1551 3788 1688 3850 Quae
1714 3801 1852 3860 ergo

484 3864 698 3938 prioris
722 3865 954 3940 generis
993 3869 1147 3931 sunt,
1181 3864 1511 3939 praecedunt
1537 3867 1600 3923 in
1638 3881 1852 3940 genere

480 3961 664 4003 causae
711 3946 1008 4005 efficientis
1053 3946 1424 4005 existentiam
1487 3945 1641 4013 finis,
1690 3963 1851 4005 secus

479 4042 620 4084 vero
646 4043 770 4100 quae
812 4027 883 4085 ad
911 4027 1194 4101 posterius
1212 4043 1394 4102 genus
1413 4031 1704 4101 spectant:
1732 4027 1851 4084 haec

477 4107 691 4182 quippe
718 4113 943 4165 tantum
969 4108 1296 4181 praecedunt
1323 4109 1514 4182 ipsum
1550 4109 1613 4164 in
1639 4124 1850 4184 genere

477 4203 659 4246 causae
701 4188 1022 4246 materialis
1066 4189 1439 4263 dispositivae.
1486 4193 1671 4248 Immo
1708 4207 1849 4248 vero

478 4269 585 4327 illa
613 4270 810 4343 priora
836 4286 955 4327 non
981 4269 1195 4328 habent
1221 4287 1349 4329 eam
1390 4269 1848 4328 antecedentiam

476 4367 551 4410 ex
594 4356 868 4425 conceptu
913 4352 1326 4427 dispositioniS,
1373 4351 1473 4409 sed
1524 4353 1661 4426 quia
1713 4359 1849 4410 sunt

479 4432 905 4507 quodammodo
931 4434 1233 4491 causalitas
1258 4432 1574 4501 efficientis,
1605 4439 1661 4491 et
1689 4433 1848 4492 defe-

481 4520 623 4572 runt
636 4517 757 4590 ejus
779 4515 1066 4573 influxum
1084 4516 1155 4574 ad
1169 4516 1432 4575 effectum
1450 4516 1850 4591 principaliter

483 4597 774 4654 intentum
803 4613 950 4671 :quo
978 4603 1137 4671 pacto
1158 4614 1220 4656 se
1247 4597 1419 4655 habet
1444 4599 1601 4655 calor
1629 4603 1691 4654 ut
1714 4613 1849 4672 sep-

483 4681 600 4735 tem
631 4678 955 4735 terminans
975 4677 1395 4745 alterationem,
1426 4694 1498 4736 ex
1522 4695 1634 4752 qua
1660 4677 1848 4736 forma

484 4760 637 4836 ignis
685 4761 938 4818 resultat.
982 4760 1042 4817 Si
1088 4760 1246 4818 enim
1295 4760 1512 4834 aliquid
1559 4761 1633 4817 sit
1685 4776 1849 4819 mera

482 4839 801 4915 dispositio,
818 4845 1045 4897 tantum
1066 4840 1299 4899 habebit
1321 4840 1759 4915 praecedentiam
1782 4842 1846 4899 in

487 4936 592 4979 suo
624 4936 854 4995 genere,
881 4937 1090 4996 nempe
1114 4938 1295 4980 causae
1316 4922 1637 4981 materialis
1662 4922 1850 4997 dispo·

485 5000 707 5068 sitivae3
737 5002 1022 5074 quomodo
1048 5008 1416 5077 comparatur
1442 5003 1597 5061 calor
1638 5008 1700 5060 ut
1724 5008 1848 5062 octo

486 5080 558 5138 ad
578 5080 828 5140 formam
850 5081 1022 5157 ignis.
1048 5085 1324 5149 Quamvis
1344 5083 1523 5161 igitur
1544 5089 1701 5142 actus
1717 5100 1848 5143 con-

1993 597 2266 666 tritionis,
2311 604 2367 656 et
2409 599 2708 656 charitatis
2748 598 2955 655 ultimo
2993 597 3366 669 disponentes

1993 680 2063 738 ad
2109 681 2358 754 gratiam
2385 680 2731 739 ordinentur
2758 680 2829 737 ad
2874 681 3041 736 illam
3082 684 3361 750 tanquam

1993 761 2063 819 ad
2092 760 2288 828 finem,
2315 766 2376 817 ut
2402 763 2722 820 Concilium
2762 762 2922 819 docet
2962 760 3100 817 locis
3139 759 3357 826 citatis;

1990 843 2240 917 gratiam
2270 849 2465 899 tamen
2506 844 2569 900 in
2608 859 2819 919 genere
2844 858 3025 899 causae
3060 840 3360 898 efficientis

1993 938 2110 980 non
2150 923 2494 996 praecedunt,
2528 925 2663 997 quia
2705 941 2822 983 non
2861 928 2997 979 sunt
3036 921 3229 978 media
3269 921 3361 977 in-

1990 1002 2231 1061 fluentia
2282 1005 2540 1061 effective
2592 1006 2656 1063 in
2699 1007 2979 1080 gratiam,
3031 1002 3128 1060 sed
3183 1017 3362 1060 merae

1990 1082 2391 1157 dispositiones
2414 1084 2483 1141 ad
2515 1087 2895 1158 receptionem
2918 1083 3358 1142 connaturalem

1991 1164 2171 1221 illius,
2217 1168 2331 1224 Nec
2376 1165 2694 1223 adversarii
2744 1166 2911 1224 facile
2960 1161 3352 1237 explicabunt,

1989 1262 2160 1317 quam
2201 1247 2564 1304 efficientiam
2613 1247 2861 1304 habeant
2903 1245 3156 1319 prat-dicti
3198 1250 3357 1301 actus

1990 1327 2054 1382 in
2079 1328 2347 1401 gratiam,
2380 1329 2584 1385 saltem
2612 1334 2774 1386 extra
2802 1331 3249 1386 sacramentum.

2067 1407 2149 1463 Ad
2178 1410 2408 1465 tertiam
2432 1409 2818 1476 concedimus,
2850 1408 2999 1483 quod
3027 1406 3352 1464 Concilium
3369 1429 3531 1471 cmm

1988 1502 2057 1546 eo
2083 1489 2204 1545 loco
2232 1490 2348 1565 agit
2382 1489 2454 1547 de
2489 1492 2837 1548 contritione
2878 1490 3144 1563 perfecta,
3175 1491 3229 1543 et
3258 1479 3543 1572 nl—fflffl·

1989 1569 2132 1628 timo
2156 1570 2495 1645 disponente
2530 1572 2600 1631 ad
2634 1573 2952 1647 justitiam;
2983 1568 3260 1646 quidquid
3288 1569 3351 1626 in

1987 1652 2344 1708 contrarium
2367 1653 2517 1710 dicat
2545 1656 2813 1728 vasquez,
2843 1669 3014 1725 quem
3043 1652 3352 1725 impugna—
3393 1677 3512 1729 vm,

1985 1731 2178 1789 vimus
2204 1733 2346 1806 disp.
2375 1734 2597 1808 praeced.
2619 1735 2746 1791 dub.
2779 1737 2834 1802 2,
2865 1739 2898 1804 g
2933 1735 2976 1790 1.
3008 1732 3116 1789 Sed
3147 1732 3351 1789 Conci-

1989 1815 2133 1871 lium
2163 1832 2281 1874 non
2322 1818 2544 1885 asserit,
2588 1818 2996 1876 contritionem
3037 1817 3352 1889 impetrare

1985 1896 2218 1954 veniam
2248 1906 2621 1972 peccatorum,
2654 1907 2716 1956 ut
2746 1900 2887 1957 falso
2913 1900 2978 1955 in
3005 1899 3110 1956 hac
3134 1896 3350 1956 confir-

1985 1980 2242 2037 matione
2280 1983 2643 2055 supponitur,
2670 1983 2817 2039 etin
2845 1999 2957 2056 quo
2997 1998 3115 2039 non
3143 1998 3348 2055 parum

1986 2062 2425 2122 hallucinantur
2452 2065 2686 2139 quidam
2723 2065 3222 2128 adversariorum;
3250 2064 3350 2122 sed

1986 2144 2176 2218 iuquit
2203 2168 2215 2202 :
2244 2146 2377 2203 Fuit
2404 2155 2587 2203 autem
2614 2150 2807 2225 quovis
2833 2155 3064 2220 tempore
3082 2147 3157 2203 ad
3175 2148 3353 2221 impe-

1986 2227 2250 2283 trandum
2277 2231 2496 2284 veniam
2519 2236 2864 2301 peecatorum
2889 2230 2979 2285 hic
3004 2230 3352 2284 contritionis

1983 2316 2165 2365 motus
2221 2313 2579 2367 necessarius.
2622 2314 2757 2376 Quae
2817 2311 3130 2385 propositio
3153 2310 3351 2384 longe

1986 2387 2180 2448 differt
2224 2405 2257 2446 a
2303 2390 2660 2464 praecedenti,
2701 2397 2758 2448 et
2795 2396 3003 2448 nostrae
3042 2390 3346 2447 assertioni

1984 2469 2233 2529 minime
2261 2470 2609 2546 praejudicat.
2642 2476 2788 2530 Nam
2817 2472 2889 2529 ad
2927 2471 3031 2528 hoc
3065 2472 3349 2544 posterius

1985 2550 2402 2609 verificandum
2455 2552 2676 2622 sufficit,
2727 2553 2875 2627 quod
2936 2554 3136 2622 oratio,
3189 2554 3349 2627 quus

1986 2633 2248 2691 muneris
2291 2640 2377 2691 est
2418 2634 2750 2709 impetrare,
2795 2636 3042 2711 gratiam
3087 2634 3350 2692 remissi-

1985 2732 2121 2772 vam
2153 2716 2361 2789 peccati
2385 2732 2502 2774 non
2524 2717 2811 2790 impetret,
2836 2718 2928 2775 vel
2949 2722 3345 2791 consequatur,

1985 2799 2100 2855 nisi
2127 2798 2515 2872 dependenter
2554 2800 2625 2856 ab
2654 2804 2777 2857 actu
2828 2798 3086 2873 perfecta}
3130 2800 3352 2857 contri·

1984 2880 2179 2947 tionis,
2211 2887 2489 2955 tanquam
2521 2899 2554 2939 a
2593 2882 2966 2956 dispositione
3008 2883 3346 2948 necessaria,

1984 2967 2047 3019 ut
2068 2963 2240 3021 homo
2262 2963 2592 3038 praedictam
2618 2965 2866 3040 gratiam
2893 2964 3351 3023 connaturaliter

1985 3046 2242 3120 recipiat.
2278 3046 2442 3105 Unde
2470 3063 2588 3104 non
2607 3048 2885 3122 sequitur,
2910 3047 3060 3121 quod
3081 3048 3350 3105 contritio

1985 3130 2264 3202 praecedat
2308 3131 2558 3206 gratiam
2588 3131 2950 3189 remissionis
2990 3136 3348 3204 peccatorum

1984 3209 2047 3265 in
2090 3226 2300 3284 genere
2350 3227 2532 3269 causae
2575 3210 2871 3269 efficientis
2917 3210 3103 3269 adhuc
3151 3226 3347 3268 mora-

1984 3292 2150 3359 liter,
2172 3294 2308 3365 quia
2329 3292 2472 3367 ipsa,
2500 3294 2730 3367 proprie
2755 3292 3058 3366 loquendo,
3087 3310 3206 3351 non
3231 3294 3348 3350 im-

1984 3377 2189 3447 petrat,
2218 3374 2316 3430 sed
2336 3390 2396 3432 se
2421 3380 2576 3433 tenet
2597 3391 2667 3432 ex
2696 3381 2858 3450 parte
2884 3375 3145 3441 termini,
3176 3390 3343 3449 quem

1983 3455 2255 3529 impetrat
2279 3456 2465 3515 oratio
2479 3481 2493 3525 ;
2522 3461 2608 3514 est
2632 3457 2793 3514 enim
2820 3456 3121 3529 dispositio
3147 3470 3345 3513 conse—

1980 3552 2163 3609 quens
2230 3535 2574 3609 simpliciter
2641 3538 2890 3612 gratiam
2956 3541 3337 3611 impetratam.

1981 3618 2262 3675 Addimus
2303 3619 2564 3686 verbum,
2596 3620 2671 3676 ad
2716 3622 3142 3694 impetrandum,
3175 3621 3238 3676 in
3278 3634 3346 3677 eo

1981 3701 2103 3760 loco
2155 3706 2379 3759 tantum
2419 3701 2749 3777 significare
2791 3703 3223 3778 dispositionem
3269 3700 3342 3757 ad

1978 3783 2248 3858 gratiam.
2267 3784 2426 3850 Quod
2447 3785 2585 3842 satis
2601 3785 2779 3859 liquet
2793 3803 2864 3844 ex
2884 3791 3141 3844 contextu
3159 3809 3175 3852 ;
3199 3799 3338 3840 nam

1981 3865 2317 3924 immediate
2343 3871 2468 3939 post
2492 3865 2671 3924 verba
2701 3868 2899 3933 relata,
2933 3868 3049 3925 loco
3075 3869 3344 3941 impetra-

1979 3948 2149 4003 tionis
2188 3948 2422 4019 ponitur
2469 3948 2828 4022 praeparatio,
2861 3949 2984 4005 sive
3023 3948 3340 4022 dispositiO,

1981 4033 2042 4083 ut
2062 4027 2433 4102 significetur,
2466 4030 2569 4086 has
2596 4045 2760 4087 voces
2789 4045 2891 4102 pro
2917 4028 3119 4086 eodem
3159 4029 3347 4104 signi-

1979 4106 2143 4165 ficato
2187 4109 2497 4182 usurpari:
2553 4108 2705 4179 Fuit,
2762 4108 2953 4183 inquit
2998 4110 3343 4176 Concilium,

1978 4189 2068 4245 liic
2093 4190 2440 4246 contritionis
2479 4198 2658 4247 motus
2695 4193 3052 4257 necessarius,
3083 4199 3132 4247 et
3158 4193 3221 4247 in
3245 4192 3350 4248 ho—

1977 4271 2125 4325 mine
2149 4275 2270 4343 post
2295 4268 2652 4343 Baptisrnum
2675 4271 2827 4345 lapso
2857 4272 2936 4326 ita
2963 4271 3182 4327 demum
3200 4289 3350 4346 prze-

1970 4357 2144 4423 parat
2189 4351 2264 4406 ad
2305 4352 2679 4408 remissionem
2717 4362 3086 4427 peccatorum,
3129 4355 3181 4410 si
3223 4371 3350 4410 cum

1976 4431 2182 4503 fiducia
2204 4431 2404 4487 divinas
2423 4433 2823 4501 misericordis,
2842 4442 2891 4490 et
2911 4442 3033 4490 voto
3052 4433 3354 4506 praestandi

1977 4513 2192 4592 reliqua
2213 4515 2535 4586 conjunctus
2554 4517 2647 4584 sit,
2677 4524 2775 4573 etc.
2809 4516 2975 4573 Unde
3000 4517 3147 4573 sicut
3168 4531 3241 4573 ex
3259 4531 3350 4580 eo,

1977 4595 2127 4669 quod
2167 4596 2437 4654 contritio
2488 4597 2753 4672 disponat
2800 4598 2871 4656 ad
2915 4599 3185 4674 gratiam,
3232 4613 3356 4656 non

1976 4678 2255 4751 sequitur,
2300 4678 2450 4751 quod
2477 4695 2606 4737 eam
2645 4680 2989 4755 simpliciter
3030 4679 3348 4749 antecedat,

1977 4759 2072 4815 vel
2096 4758 2246 4833 quod
2275 4758 2346 4815 ad
2372 4759 2538 4817 illam
2566 4761 2630 4817 in
2655 4777 2867 4836 genere
2891 4778 3078 4820 causae
3105 4762 3355 4821 efficien-

1978 4838 2051 4896 tis
2068 4854 2184 4898 non
2203 4845 2582 4912 consequatur
2603 4862 2617 4898 ε
2643 4842 2725 4899 ita
2737 4858 2810 4900 ex
2822 4860 2910 4912 e0,
2932 4843 3083 4918 quod
3098 4843 3352 4919 gratiam

1980 4923 2041 4980 in
2091 4938 2260 4980 sensu
2305 4922 2601 4997 praemisso
2636 4925 2923 4998 impetret,
2968 4942 3087 4984 non
3124 4927 3358 4985 evinci-

1977 5008 2091 5071 tur,
2124 5001 2273 5076 quod
2304 5003 2469 5060 illam
2508 5003 2803 5062 antecedat
2830 5006 2894 5063 in
2932 5021 3144 5081 genere
3170 5022 3357 5064 causae

1976 5083 2273 5143 efficientis
2338 5087 2600 5155 moralis,
2654 5088 2748 5144 vel
2806 5088 2955 5163 quod
3015 5105 3077 5147 se
3141 5087 3355 5227 habeas

3275 5185 3311 5228 a
