3647 5753
77 354 287 448 ἓξὲξ

99 553 259 613 thec·

99 610 260 651 uones.

44 4402 249 4461 Solyimr

69 4462 221 4504 prima.

1496 384 1677 443 DISP.
1718 385 1787 452 11,
1832 387 1996 445 DUB.
2040 389 2163 447 VII.

375 546 507 602 278.
543 548 657 603 Nec
682 546 877 615 refert,
919 549 969 606 si
997 550 1231 626 objicias
1268 556 1489 628 primo:
1532 572 1670 614 nam

303 633 592 700 peccatum
615 628 906 690 habituale
932 635 1191 691 consistit
1214 636 1276 692 in
1304 653 1369 694 eo
1397 640 1551 696 malo
1572 640 1672 696 ha·

297 708 525 777 bituali,
557 711 707 785 quod
746 719 830 769 est
858 717 1016 773 velut
1037 715 1483 775 fundamentum
1504 726 1670 778 caete-

296 806 518 861 rorum,
551 810 675 866 quae
704 795 765 851 in
795 800 1085 868 peccatore
1113 799 1521 872 reperiuntur:
1570 802 1668 861 sed

294 874 550 930 carentia
580 876 940 933 rectitudinis
985 881 1271 936 naturalis
1308 886 1454 939 esset
1481 884 1661 955 prior,

292 970 466 1029 quam
494 958 753 1015 carentia
780 960 1141 1017 rectitudinis
1173 965 1667 1035 supernaturalis:

292 1037 440 1093 sicut
485 1040 770 1096 naturalis
819 1041 1096 1103 rectitudo
1140 1048 1224 1100 est
1271 1045 1447 1117 prior,
1490 1063 1665 1120 quam

294 1121 759 1191 supernaturalis
786 1147 800 1190 ;
830 1138 968 1198 ergo
1019 1131 1308 1198 peccatum
1374 1128 1666 1188 habituale

291 1204 474 1256 status
491 1218 770 1274 purorum
786 1204 973 1276 potius
987 1206 1319 1265 consisteret
1332 1208 1396 1265 in
1411 1210 1665 1268 carentia

294 1284 656 1342 rectitudinis
707 1287 1006 1355 naturalis,
1064 1305 1236 1361 quam
1291 1290 1353 1347 in
1404 1292 1664 1350 carentia

295 1366 658 1425 rectitudinis
695 1372 1176 1442 supernaturalis.
1217 1372 1487 1441 Secundo,
1527 1375 1663 1448 quia

293 1445 357 1500 in
381 1452 602 1518 peccato
624 1449 830 1505 actuali
854 1450 1111 1522 praedicti
1133 1457 1312 1510 status
1334 1453 1494 1527 prior
1514 1460 1663 1512 esset

291 1524 631 1584 deformitas
655 1544 727 1585 ex
753 1531 1107 1603 oppositione
1143 1532 1215 1589 ad
1243 1536 1422 1590 Deum
1451 1535 1661 1593 autho-

290 1623 415 1665 rem
452 1611 796 1678 naturalem,
821 1628 994 1684 quam
1022 1611 1361 1672 deformitas
1385 1632 1456 1673 ex
1479 1632 1662 1690 oppo-

289 1687 498 1746 sitione
513 1688 581 1746 ad
605 1692 785 1746 Deum
806 1694 1311 1764 supernaturalem
1330 1696 1655 1754 authorem:

292 1768 411 1827 imo
437 1787 574 1828 vero
601 1771 718 1829 haec
759 1774 1040 1845 posterior
1085 1774 1425 1832 deformitas
1469 1778 1658 1833 solum

292 1849 588 1920 indirecte,
637 1854 936 1927 implicite,
968 1861 1023 1913 et
1049 1871 1121 1913 ex
1144 1860 1513 1932 consequenti
1541 1860 1659 1915 im-

290 1940 618 2007 portaretur
663 1936 724 1991 in
764 1942 889 1993 actu
943 1940 1149 2010 peccati
1179 1960 1193 1996 :
1253 1956 1388 2015 ergo
1442 1942 1659 2013 pariter

289 2019 577 2087 peccatum
599 2016 892 2074 habituale
914 2018 1166 2091 praedicti
1188 2026 1367 2078 status
1387 2036 1503 2079 non
1525 2038 1657 2079 con-

285 2095 510 2153 sisteret
533 2097 833 2169 primario‚
860 2104 916 2154 et
939 2099 1337 2172 principaliter
1365 2102 1427 2157 in
1456 2118 1655 2159 caren-

286 2178 365 2234 tia
409 2179 770 2236 rectitudinis
815 2183 1292 2252 supernaturalis,
1338 2184 1436 2240 sed
1466 2185 1652 2257 potius

288 2260 350 2314 in
389 2261 645 2317 carentia
689 2263 973 2318 naturalis
1021 2262 1400 2321 rectitudinis.
1448 2266 1648 2334 Tertio,

285 2340 422 2411 quia
448 2342 591 2396 sicut
614 2348 900 2413 peccatum
930 2342 1183 2416 praedicti
1211 2348 1391 2400 status
1413 2352 1651 2418 poneret

289 2420 512 2477 obicem
569 2422 768 2494 gratias
818 2422 1214 2489 sanctificanti,
1279 2424 1360 2481 ita
1414 2432 1652 2498 poneret

291 2502 514 2559 obicem
541 2503 743 2558 unioni
774 2503 1155 2577 hypostaticae,
1187 2521 1311 2578 quae
1337 2513 1421 2563 est
1442 2508 1652 2565 melior

292 2601 467 2658 quam
488 2586 673 2659 gratia
698 2610 712 2653 ;
736 2592 791 2643 et
821 2586 1199 2644 nihilominus
1227 2594 1515 2661 peccatum
1545 2591 1650 2647 ha·

292 2666 508 2724 bituale
543 2683 656 2723 non
686 2669 1014 2734 consisteret
1042 2671 1103 2726 in
1131 2672 1384 2727 carentia
1415 2672 1650 2729 unionis

285 2749 670 2823 hypostaticas,
696 2751 952 2823 alioquin
977 2751 1045 2808 ad
1071 2752 1193 2826 ejus
1219 2752 1495 2810 directam
1517 2753 1649 2811 des-

286 2831 627 2889 tructionem
695 2833 1088 2906 requireretur
1155 2833 1421 2909 praedicta
1486 2838 1643 2905 unio,

282 2914 434 2989 quod
460 2922 545 2972 est
571 2914 882 2972 absurdum
912 2938 925 2973 ε
966 2933 1102 2993 ergo
1127 2934 1199 2975 ex
1239 2936 1327 2987 e0,
1357 2919 1507 2992 quod
1546 2938 1647 2977 su-

283 2996 672 3070 pernaturalis
713 2997 989 3055 rectitudo
1028 3000 1355 3056 naturalem
1392 3001 1641 3070 excedat,

282 3091 403 3133 non
428 3077 683 3150 sequitur
721 3076 870 3149 quod
912 3084 1197 3149 peccatum
1228 3079 1519 3137 habituale
1545 3081 1648 3137 de-

281 3155 411 3213 beat
466 3157 775 3213 consistere
838 3157 902 3214 in
966 3160 1222 3216 carentia
1270 3159 1648 3222 ’rectitudinis

278 3240 755 3312 supernaturalis.
788 3239 1019 3313 Quarto,
1044 3241 1180 3314 quia
1201 3245 1456 3301 carentia
1483 3243 1648 3301 recti·

279 3319 498 3375 tudinis
532 3321 1011 3393 supernaturalis,
1060 3322 1182 3379 sive
1222 3323 1480 3389 actualis,
1524 3324 1648 3381 sive

278 3398 608 3465 habitualis,
636 3415 753 3456 non
774 3399 963 3466 habet,
989 3402 1206 3458 secluso
1228 3401 1438 3469 debito,
1476 3404 1648 3464 ratio-

280 3497 416 3537 nem
444 3481 582 3537 mali
608 3505 623 3548 ;
646 3482 746 3538 sed
768 3488 949 3555 potest
974 3483 1183 3556 absque
1205 3490 1425 3556 peccato
1449 3484 1643 3541 inten-

280 3559 356 3627 di,
384 3566 445 3616 ut
467 3565 616 3633 patet
637 3562 698 3617 in
722 3564 1065 3638 Angelo,qui
1093 3566 1219 3622 sine
1246 3579 1444 3621 errore
1463 3565 1647 3621 valuit

280 3640 580 3697 intendere
623 3659 786 3699 suam
829 3644 1240 3702 beatitudinem
1290 3646 1638 3713 naturalem,

276 3723 508 3779 excluso
534 3722 738 3780 ordine
765 3726 835 3781 ad
860 3727 1237 3799 superiorem,
1268 3733 1323 3783 et
1361 3742 1645 3799 superna-

277 3804 526 3859 turalem
549 3801 744 3870 finem,
771 3806 934 3879 juxta
953 3823 1020 3864 ea
1039 3824 1165 3880 quae
1194 3806 1451 3864 diximus
1473 3815 1637 3867 tract.

271 3886 495 3959 praeced.
543 3884 683 3958 disp.
714 3889 751 3942 2
784 3888 913 3944 dub.
953 3891 1008 3956 4,
1052 3906 1203 3945 num.
1270 3892 1369 3944 148
1401 3915 1414 3958 3
1444 3890 1543 3950 sed
1578 3890 1643 3948 in

275 3971 426 4021 statu
448 3984 722 4039 purorum
747 3984 863 4024 non
887 3968 1102 4026 adesset
1116 3969 1374 4026 debitum
1392 3970 1642 4028 habendi

278 4046 683 4104 rectitudinem
710 4052 1209 4120 supernaturalem
1240 4070 1252 4105 :
1282 4046 1419 4124 ergo
1445 4067 1643 4117 carere

276 4127 546 4201 praedicta
567 4129 923 4196 rectitudine,
944 4131 1064 4189 imo
1080 4131 1399 4197 intendere,
1418 4138 1473 4188 et
1493 4149 1642 4189 com·

276 4211 445 4283 plecti
489 4213 660 4270 talem
688 4213 1024 4282 carentiam,
1063 4230 1181 4271 non
1216 4220 1402 4288 posset
1428 4214 1641 4274 habere

276 4290 562 4348 rationem
593 4293 820 4365 peccati.

348 4374 476 4428 279.
514 4375 623 4440 Eae,
656 4373 913 4446 inquam,
959 4373 1301 4448 obJectiones
1340 4392 1457 4434 non
1488 4377 1641 4435 refe-

273 4457 435 4508 runt.
453 4455 600 4508 Nam
617 4452 686 4509 ad
693 4456 941 4526 primam
958 4454 1334 4528 respondetur
1350 4457 1635 4527 evincere,

269 4533 317 4589 si
350 4531 489 4606 quid
511 4532 728 4606 probat,
762 4539 1050 4607 peccatum
1080 4535 1370 4595 habituale
1397 4555 1643 4612 praesen·

269 4613 345 4670 tis
364 4616 874 4677 statusconsistere
900 4616 1279 4689 principalius
1300 4618 1366 4674 in
1387 4620 1641 4678 carentia

270 4694 637 4753 rectitudinis
664 4697 969 4763 naturalis,
999 4702 1058 4755 et
1084 4699 1285 4755 nonin
1315 4699 1642 4773 privatione

265 4777 468 4854 gratiae
494 4775 801 4849 (siquidem
837 4779 1013 4835 etiam
1043 4779 1107 4835 in
1150 4780 1253 4838 hoc
1291 4786 1440 4837 statu
1470 4787 1640 4839 natu-

268 4860 419 4916 ralia
465 4863 603 4916 sunt
656 4859 852 4932 priora
896 4860 1185 4935 gratuitis)
1209 4886 1224 4930 ;
1272 4861 1422 4934 quod
1467 4880 1638 4936 quam

264 4938 479 4996 falsum
506 4939 603 5006 sit,
634 4944 856 4996 constat
880 4956 952 4997 ex
976 4939 1143 4997 dictis
1167 4949 1330 4999 tract.
1372 4943 1455 5010 13,
1492 4944 1634 5017 disp.

272 5020 357 5086 16,
400 5018 531 5074 dub.
586 5020 631 5075 l.
673 5018 987 5077 Dicendum
1026 5036 1164 5096 ergo
1201 5027 1305 5088 est,
1351 5028 1637 5095 peccatum

3057 394 3167 452 497

1803 558 2099 620 habituale
2146 563 2444 637 complecti
2497 565 2813 623 carentiam
2867 565 3170 639 utriusque

1804 643 2203 713 rectitudinis;
2257 648 2404 704 sicut
2465 650 2640 705 etiam
2702 650 3170 724 gratiautram-
3216 715 3224 725 .

1800 738 1910 794 que
1957 725 2355 784 rectitudinem
2402 730 2816 803 complectitur.
2881 731 2987 786 Sed
3043 732 3168 804 pri-

1799 803 1956 861 vatio
1978 807 2336 864 rectitudinis
2364 810 2647 867 naturalis
2669 825 2786 867 non
2817 811 3168 884 intelligitur

1799 898 1923 940 esse
1979 888 2260 959 completa
2327 889 2392 946 in
2463 890 2688 946 ratione
2752 892 2959 962 peccati
3029 909 3165 966 gra-

1800 963 1907 1032 vis,
1942 967 2056 1023 nisi
2087 970 2375 1043 pertingat
2402 968 2472 1025 ad
2506 970 2895 1027 exclusionem
2926 973 3165 1034 rectitu--⁴
3251 1044 3254 1047 Ι

1799 1042 1956 1101 dinis
1996 1050 2474 1119 supernaturalis.
2508 1051 2588 1107 Eo
2615 1055 2805 1106 autem
2837 1051 2978 1123 ipso,
3010 1052 3162 1125 quod

1800 1132 2089 1197 peccatum
2114 1144 2289 1201 grave
2315 1128 2403 1196 sit,
2431 1134 2736 1203 utramque
2760 1130 3163 1190 rectitudinem

1798 1206 1973 1272 laedit,
2022 1214 2078 1265 et
2124 1211 2421 1284 utriusque
2458 1213 2774 1269 carentiam
2815 1212 3056 1279 inducit,
3105 1222 3167 1272 ut

1794 1293 2016 1344 constat
2063 1304 2137 1345 ex
2183 1290 2454 1347 hactenus
2499 1290 2686 1350 dictis,
2741 1291 2906 1349 Unde
2953 1296 3165 1368 merito

1796 1370 2196 1425 constituimus
2239 1377 2525 1444 peccatum
2577 1373 2823 1430 mortale
2871 1372 3165 1434 habituale

1796 1465 1914 1505 non
1937 1450 2000 1505 in
2022 1451 2278 1507 carentia
2302 1452 2663 1509 rectitudinis
2685 1454 2989 1519 naturalis,
3019 1472 3165 1527 prae-

1793 1529 1973 1587 cisive
1997 1538 2227 1605 sumpta
2252 1556 2266 1599 3
2296 1531 2394 1589 sed
2422 1533 2487 1589 in
2513 1534 2768 1590 carentia
2796 1535 3163 1593 rectitudinis

1793 1613 2268 1683 supernaturalis,
2318 1627 2416 1670 seu
2456 1614 2695 1688 gratiae3
2739 1618 2857 1671 esto
2899 1616 3049 1687 quod
3095 1617 3162 1674 in

1794 1692 1900 1748 hac
1923 1694 2221 1765 posteriori
2250 1695 2504 1751 carentia
2527 1696 2705 1768 prius,
2733 1701 2787 1751 et
2816 1695 3159 1755 fundamen-

1792 1772 1984 1828 taliter
2007 1772 2181 1830 intret
2196 1775 2450 1831 carentia
2470 1775 2829 1832 rectitudinis
2847 1779 3150 1847 naturalis,

1790 1852 1935 1908 sicut
1963 1859 2169 1910 natura
2192 1854 2454 1927 praecedit
2480 1856 2747 1929 gratiam.

1865 1933 2268 1992 Adsecundam
2287 1935 2866 2010 respondetur‚etiam
2886 1939 3149 2011 probare,
3169 1956 3355 2051 οῗῧζὲι.

3189 2056 3350 2101 cundae.

1788 2015 1936 2088 quod
1960 2015 2029 2073 de
2058 2017 2200 2073 facto
2229 2024 2515 2090 peccatum
2545 2016 2839 2074 habituale
2878 2035 2994 2077 non
3016 2037 3154 2078 con-

1787 2097 1950 2154 sistat
1990 2098 2280 2154 multoties
2307 2098 2369 2154 in
2408 2100 2662 2155 carentia
2701 2099 2920 2172 gratiae,
2959 2100 3154 2158 sedin

1786 2180 2040 2235 carentia
2073 2180 2431 2236 rectitudinis
2473 2181 2796 2248 naturalis;
2850 2197 2986 2237 nam
3032 2184 3157 2240 fre-

1786 2265 2027 2332 quenter
2054 2275 2155 2332 per
2181 2266 2403 2332 peccata
2437 2261 2684 2317 actualia
2719 2278 2838 2318 non
2868 2263 3155 2321 violamus

1786 2339 1999 2397 directe
2027 2342 2209 2416 legem
2237 2344 2758 2415 supernaturalem,
2789 2343 2888 2400 sed
2924 2344 3152 2418 agimus

1783 2428 1985 2479 contra
2007 2425 2331 2480 naturalem
2362 2425 2567 2499 legem,
2597 2429 2652 2480 et
2688 2440 2758 2481 ex
2778 2426 3145 2498 consequenti

1785 2502 2130 2560 offendimus
2169 2507 2348 2561 Deum
2385 2506 2686 2562 authorem
2731 2512 3148 2577 supernatura-

1785 2584 1922 2641 lem..
1967 2585 2283 2644 Dicendum
2324 2587 2503 2662 igitur
2528 2593 2630 2653 est,
2676 2589 2983 2650 maculam,
3023 2589 3145 2647 sive

1784 2669 2073 2736 peccatum
2104 2666 2394 2724 habituale
2421 2667 2687 2740 consequi
2728 2668 3087 2744 aversionem
3117 2685 3152 2728 a

1784 2747 1913 2812 De0‚
1942 2763 2114 2819 quam
2158 2754 2447 2821 peccatum
2474 2764 2651 2824 grave
2677 2750 2953 2822 importat
2976 2774 2991 2817 3
3023 2766 3148 2824 quae

1783 2828 2007 2886 aversio
2038 2845 2266 2903 semper
2293 2835 2377 2888 est
2417 2829 2673 2904 ejusdem
2703 2830 2963 2898 rationiS,
2990 2837 3047 2888 et
3073 2830 3145 2889 ab

1779 2909 1982 2966 eodem
2025 2913 2277 2970 termino
2334 2914 2582 2986 elongat,
2641 2915 3033 2987 quamtumvis
3073 2914 3143 2971 ad

1780 2992 1996 3067 objecta
2025 2995 2189 3052 valde
2210 2995 2437 3052 diversa
2458 3001 2883 3052 convertamur.
2919 2999 2987 3051 Et
3006 2998 3146 3068 quia

1781 3074 2005 3131 malitia
2043 3075 2323 3147 praedictae
2366 3077 2687 3133 aversionis
2715 3078 2779 3132 in
2807 3092 2872 3133 eo
2913 3078 3147 3149 potissi—

1780 3170 1941 3209 mum
1965 3156 2242 3221 consistit,
2269 3155 2422 3228 quod
2445 3160 2624 3214 Deum
2648 3157 2920 3212 ultimum
2945 3157 3141 3226 finem,

1780 3241 1949 3307 prout
1975 3243 2061 3292 est
2097 3252 2393 3293 summum
2436 3237 2653 3295 bonum
2699 3238 2762 3292 in
2789 3238 2992 3310 seipso,
3027 3242 3145 3294 tam

1780 3317 2063 3384 naturale,
2096 3335 2267 3392 quam
2289 3321 2734 3393 supernaturale
2771 3319 3063 3392 relinquit,
3089 3326 3146 3378 et
3204 3389 3213 3396 ,

1778 3404 2054 3454 creaturae
2082 3401 2366 3471 postponit
2392 3423 2404 3469 ;
2427 3400 2641 3456 idcirco
2664 3405 2949 3471 peccatum
2975 3399 3144 3457 habi-

1779 3479 1932 3536 tuale
1951 3481 2209 3537 consistit
2229 3482 2294 3537 in
2322 3481 2582 3539 carentia
2609 3482 2731 3555 ejus
2763 3482 3137 3550 rectitudinis,

1779 3576 1883 3633 per
1906 3577 2077 3632 quam
2107 3561 2178 3617 ad
2219 3561 2407 3634 ipsum
2441 3564 2640 3628 Deum,
2677 3568 2844 3635 prout
2871 3568 2955 3618 est
2979 3578 3143 3618 sum-

1777 3659 1939 3698 mum
1965 3642 2181 3700 bonum
2206 3644 2270 3700 in
2292 3644 2496 3717 seipso,
2516 3649 2632 3700 tam
2658 3645 2942 3708 naturale,
2968 3659 3140 3717 quam

1775 3726 2235 3795 supernaturale,
2295 3740 2585 3796 possemus
2654 3725 2912 3781 converti
2942 3745 2954 3780 ε
3017 3739 3142 3796 quae

1775 3797 2054 3861 'rectitudo
2075 3821 2191 3862 non
2217 3810 2301 3862 est
2322 3819 2480 3861 mere
2510 3804 2813 3870 naturalis,
2845 3802 2941 3860 sed
2963 3805 3140 3861 etiam

1774 3887 2253 3958 supernaturalis,
2287 3892 2347 3942 ut
2373 3903 2443 3943 ex
2470 3903 2530 3944 se
2556 3887 2751 3960 liquet.

1849 3964 1936 4020 Ad
1981 3968 2212 4024 tertiam
2261 3967 2476 4040 pariter
2523 3965 2950 4039 respondemus,
3003 3980 3140 4039 pro-
3169 3978 3328 4074 {352²

1775 4044 1913 4103 bare
1950 4047 2147 4115 etiam,
2190 4047 2339 4121 quod
2367 4048 2439 4104 de
2465 4047 2610 4104 sacto
2640 4052 2930 4119 peccatum
2968 4043 3139 4101 habi-

1774 4127 1929 4183 tuale
1982 4129 2046 4184 in
2106 4129 2432 4202 privatione
2483 4128 2720 4185 unionis
2772 4126 3140 4201 hypostaticae

1774 4208 2041 4264 consistat
2066 4230 2078 4276 3
2100 4209 2386 4282 siquidem
2416 4212 2706 4282 peccatum
2734 4209 2955 4263 actuale
2979 4206 3143 4279 ponit

1773 4286 1994 4345 obicem
2038 4290 2316 4362 praedictae
2344 4290 2574 4347 unioni.
2606 4286 2714 4344 Sed
2742 4293 3015 4345 neutrum
3045 4303 3142 4345 re-

1773 4385 1914 4427 vera
1952 4372 2262 4438 convincit,
2307 4371 2443 4445 quia
2472 4371 2613 4427 unio
2642 4369 2995 4444 hypostatica
3024 4383 3141 4425 non

1774 4452 2112 4523 requiritur,
2160 4458 2220 4507 ut
2260 4453 2432 4510 homo
2459 4455 2841 4516 convertatur,
2874 4457 2929 4507 et
2958 4450 3143 4525 subji-

1772 4532 1956 4589 ciatur
1988 4535 2099 4590 Deo
2141 4533 2346 4589 ultimo
2379 4530 2504 4598 fini,
2538 4536 2705 4605 prout
2743 4531 2918 4587 estin
2953 4532 3140 4604 seipso

1771 4631 2072 4671 summum
2102 4614 2318 4672 bonum
2347 4615 2410 4670 in
2438 4614 2600 4671 omni
2627 4612 2852 4679 ordine,
2887 4618 3003 4670 tam
3033 4630 3143 4670 na-

1774 4697 1971 4761 turali,
2017 4712 2190 4769 quam
2231 4694 2680 4770 supernaturali,
2712 4698 2769 4751 et
2806 4695 2982 4751 etiam
3030 4695 3154 4770 hy-.

1774 4778 2088 4851 postatico;
2129 4775 2227 4833 sed
2256 4777 2403 4832 hanc
2443 4774 2900 4841 conversionem,
2931 4781 2986 4832 et
3011 4775 3144 4832 sub-

1766 4858 2078 4933 jectionem
2134 4855 2203 4913 ad
2265 4858 2446 4913 Deum
2505 4855 2795 4928 adaequate
2849 4860 3140 4928 acceptum
3203 4899 3208 4908 ,

1773 4938 2124 4995 sufficienter
2152 4942 2491 5011 praestamus
2531 4952 2631 5011 per
2663 4936 2930 5011 gratiam.
2976 4936 3142 4996 Unde

1770 5037 1904 5079 cum
1932 5019 2177 5087 aversio,
2208 5025 2265 5077 et
2291 5024 2582 5092 peccatum
2610 5017 2902 5075 habituale
2927 5019 3142 5076 consis-
