3647 5753
269 1025 469 1085 Multipli-

319 1081 427 1121 citer

271 1126 447 1179 praeclu-

297 1177 424 1220 ditur.

480 441 587 496 354

484 611 681 668 accidit
709 627 839 667 cum
861 611 1049 684 justus
1069 616 1290 683 peccat3
1322 616 1456 666 tunc
1482 610 1693 683 quippe
1721 624 1849 683 per·

479 694 703 749 severat
727 691 916 765 gratia
938 707 1041 763 pro
1063 692 1166 747 illo
1201 690 1550 748 indivisibili
1580 689 1842 756 instanti,

482 774 545 829 in
587 788 700 845 quo
742 777 1177 829 consummatur
1212 778 1536 846 peccatum;
1593 771 1693 829 sed
1727 775 1848 827 sta-

482 852 587 908 tim
613 854 905 910 evanescit
940 853 1004 909 in
1049 852 1305 929 tempore
1357 852 1694 920 immediate
1750 867 1846 909 se-

481 933 698 1006 quenti.

558 1018 707 1082 Non,
742 1016 999 1089 inquam,
1028 1016 1255 1089 prodest
1281 1016 1399 1073 haec
1417 1016 1633 1083 evasio,
1655 1015 1755 1073 sed
1773 1030 1848 1072 ex

479 1098 602 1172 jam
629 1096 795 1154 dictis
836 1099 1003 1156 facile
1043 1098 1435 1172 praecluditur.
1463 1098 1672 1165 Prima,
1702 1115 1848 1172 quo-

488 1178 647 1234 niam
675 1178 1007 1235 testimonia
1028 1195 1061 1236 a
1086 1178 1252 1236 nobis
1278 1177 1520 1235 adducta
1546 1177 1851 1237 indefinite

489 1259 820 1330 loquuntur,
847 1257 985 1314 dum
1010 1265 1218 1334 negant
1244 1258 1703 1333 conjunctionem
1727 1275 1850 1333 pec·

489 1342 597 1398 cati
624 1342 905 1409 mortaliS,
930 1347 988 1398 et
1023 1342 1224 1417 gratiae
1267 1367 1281 1400 ι
1322 1341 1421 1399 sed
1466 1341 1703 1401 aliunde
1730 1359 1849 1401 non

490 1421 646 1478 adest
664 1424 851 1478 ullum
875 1421 1338 1489 fundamentum,
1366 1427 1427 1479 ut
1444 1422 1690 1481 debeant
1712 1439 1849 1497 prai-

487 1504 600 1559 cise
625 1504 834 1577 exponi
881 1503 953 1561 de
1002 1504 1332 1561 exclusione
1372 1502 1653 1576 praedictae
1706 1521 1850 1562 con-

484 1584 797 1663 junctionis
825 1600 927 1658 pro
969 1584 1161 1656 aliquo
1201 1590 1457 1657 tempore
1481 1628 1496 1652 ‚
1547 1599 1665 1642 non
1704 1600 1846 1643 vero

492 1682 595 1739 pro
604 1667 794 1738 aliquo
805 1666 1066 1724 instanti:
1084 1682 1220 1741 ergo
1235 1663 1568 1739 praedictam
1584 1668 1851 1742 conjunc·

490 1750 708 1807 tionem
754 1751 1064 1807 excludunt
1097 1756 1213 1807 tam
1262 1752 1325 1808 in
1360 1757 1636 1825 tempore,
1673 1766 1849 1825 quam

491 1833 555 1888 in
581 1831 833 1903 quolibet
859 1832 1121 1888 instanti.
1151 1830 1400 1889 Secundo
1425 1876 1438 1899 ,
1490 1833 1626 1906 quia
1670 1833 1852 1890 relata

492 1914 821 1971 testimonia
862 1912 1001 1969 dum
1028 1915 1390 1987 applicantur
1432 1919 1656 1987 peccato
1683 1912 1851 1969 habi-

493 1996 632 2051 tuali
657 2038 671 2064 ,
714 1996 1024 2052 excludunt
1072 1996 1195 2069 ejus
1231 1996 1691 2071 conjunctionem
1718 2010 1850 2051 cum

491 2076 694 2149 gratia,
722 2092 838 2133 non
877 2079 1067 2133 solum
1109 2093 1212 2151 pro
1240 2082 1515 2150 tempore,
1548 2076 1645 2133 sed
1671 2076 1849 2133 etiam

493 2174 595 2229 pro
620 2158 871 2231 quolibet
913 2159 1169 2225 instanti,
1202 2164 1265 2214 ut
1292 2160 1467 2215 Lorca
1492 2157 1764 2226 concedit,
1793 2162 1853 2214 et

491 2241 689 2312 nequit
715 2240 924 2313 absque
976 2241 1191 2315 insigni
1232 2241 1556 2298 temeritate
1601 2239 1799 2314 negari
1834 2260 1848 2294 ε

488 2338 625 2397 ergo
643 2323 846 2380 eodem
869 2322 1040 2380 modo
1066 2323 1406 2395 exponenda
1431 2328 1564 2378 sunt
1591 2338 1722 2379 cum
1745 2338 1850 2395 ap-

491 2404 779 2476 plicantur
807 2408 1029 2475 pcccato
1069 2405 1296 2460 actuali.
1325 2402 1610 2461 Probatur
1649 2418 1851 2460 conse-

487 2484 723 2554 quentia
762 2507 776 2549 ;
820 2498 956 2538 nam
998 2483 1102 2539 illa
1160 2484 1491 2541 testimonia
1543 2490 1851 2556 utrumque

490 2566 776 2633 peccatum
817 2562 1328 2635 comprehendunt,
1359 2569 1414 2619 et
1441 2562 1509 2619 de
1538 2563 1659 2618 illis
1680 2561 1850 2618 inde-

490 2640 652 2697 finite
679 2642 1011 2714 loquuntur,
1040 2647 1100 2698 ut
1121 2649 1339 2700 constat
1357 2661 1428 2699 cx
1451 2644 1717 2716 proxime
1735 2643 1853 2699 dic-

490 2721 562 2777 tis
610 2727 810 2778 contra
856 2722 1107 2794 primam
1155 2724 1605 2795 responsionem.
1645 2723 1846 2793 Tertio,

491 2819 626 2859 nam
660 2819 772 2875 qua
800 2803 1034 2860 licentia
1075 2805 1251 2861 Lorca
1279 2805 1692 2880 interpretatur
1719 2805 1851 2861 illas

491 2885 883 2953 authoritates,
915 2891 977 2941 ut
1006 2901 1122 2942 non
1145 2887 1546 2962 intelligantur
1566 2888 1638 2945 de
1659 2888 1852 2961 aliquo

489 2967 728 3023 instanti
779 2966 1152 3034 indivisibili,
1203 2969 1303 3026 sed
1332 2975 1554 3026 tantum
1583 2970 1654 3027 de
1698 2975 1849 3026 tem-

490 3064 659 3121 pore;
687 3047 887 3106 eadem
930 3050 1140 3122 poterit
1163 3066 1260 3107 eas
1284 3067 1589 3124 exponere,
1623 3057 1683 3108 ut
1731 3066 1851 3108 non

489 3130 894 3205 intelligantur
920 3131 991 3189 de
1023 3132 1186 3190 brevi
1214 3134 1406 3206 aliquo
1434 3140 1708 3205 tempore,
1752 3133 1852 3191 sed

486 3212 675 3270 solum
737 3212 807 3270 de
867 3219 1126 3286 tempore
1171 3215 1342 3291 longo
1375 3237 1388 3270 ε
1418 3221 1587 3288 atque
1612 3216 1853 3288 impune

488 3291 815 3359 affirmabit,
870 3299 1161 3365 peccatum
1206 3295 1450 3353 mortale
1491 3296 1709 3352 actuale
1738 3338 1752 3360 ,
1795 3300 1852 3351 et

486 3373 734 3446 gratiam
762 3370 833 3429 de
877 3373 1022 3430 facto
1065 3375 1376 3432 coexistere
1401 3376 1578 3430 simul
1607 3390 1712 3447 pro
1739 3376 1855 3431 ali-

483 3469 594 3526 quo
622 3460 880 3526 tempore
909 3453 1093 3521 brevi,
1146 3471 1265 3512 non
1302 3462 1492 3513 autem
1524 3473 1627 3530 pro
1671 3458 1855 3515 multo

484 3540 739 3606 tempore
763 3535 935 3610 longo
963 3557 976 3590 ε
1000 3552 1353 3609 consequens
1378 3543 1462 3594 est
1488 3538 1734 3595 omnino
1760 3536 1856 3594 ab·

482 3613 743 3681 surdum,
776 3621 832 3671 et
868 3616 1018 3689 quod
1054 3616 1266 3691 absque
1306 3618 1629 3674 temeritate
1658 3617 1856 3690 nequit

481 3693 708 3751 concedi
735 3711 908 3770 :ergo
946 3696 1208 3754 doctrina
1247 3713 1318 3754 ex
1340 3713 1454 3770 qua
1484 3697 1740 3754 infertur
1769 3700 1857 3754 est

489 3774 651 3830 falsa.
677 3775 909 3846 Οιιανιο,
938 3794 1073 3834 nam
1095 3777 1244 3851 quod
1268 3785 1556 3851 peccatum
1585 3778 1851 3843 mortale,

486 3858 543 3909 et
566 3855 750 3927 gratia
779 3872 895 3913 non
921 3858 1236 3915 coexistant
1259 3858 1330 3914 de
1356 3859 1502 3916 facto
1541 3858 1721 3913 simul
1753 3872 1857 3929 pro

487 3934 677 4007 aliquo
703 3940 977 4009 tempore,
1029 3941 1295 4011 provenit
1339 3955 1412 3996 ex
1454 3939 1851 4012 oppositione,

488 4032 662 4089 quam
690 4016 847 4073 inter
873 4034 933 4075 se
956 4019 1171 4077 habent
1203 4041 1216 4075 ε
1245 4019 1343 4076 sed
1383 4020 1629 4076 eandem
1676 4034 1857 4091 oppo-

485 4099 760 4155 sitionem
790 4099 1005 4157 habent
1035 4103 1098 4158 in
1124 4101 1380 4174 quolibet
1410 4101 1653 4158 instanti
1680 4123 1694 4158 ε
1719 4116 1858 4175 ergo

487 4181 557 4236 de
590 4179 735 4237 facto
764 4181 825 4236 in
853 4182 1017 4239 nullo
1045 4182 1284 4238 instanti
1308 4182 1487 4238 simul
1514 4182 1852 4239 coexistunt.

490 4259 771 4317 Probatur
797 4262 1011 4328 minor,
1044 4264 1179 4333 quia
1209 4264 1311 4319 illa
1332 4262 1615 4334 oppositio
1643 4261 1859 4318 funda-

488 4347 582 4397 tur
614 4341 676 4396 in
705 4342 954 4414 propriis
976 4341 1294 4415 praedicatis
1321 4342 1528 4416 peccati
1575 4343 1856 4411 mortalis,

487 4425 541 4477 ct
567 4422 776 4493 gratiae
810 4442 823 4476 ε
853 4421 951 4478 sed
976 4424 1039 4479 in
1062 4422 1317 4496 quolibet
1343 4421 1584 4479 instanti
1607 4421 1863 4497 gaudent

488 4500 704 4556 eisdem
729 4503 1070 4575 praedicatis,
1102 4520 1229 4577 quae
1251 4502 1464 4559 habent
1489 4503 1554 4558 in
1577 4508 1857 4575 tempore;

486 4582 776 4655 siquidem
805 4584 1033 4642 duratio
1062 4601 1179 4642 non
1208 4584 1396 4642 variat
1420 4585 1719 4657 propriam
1760 4600 1862 4643 eo-

492 4680 620 4720 rum
670 4664 1065 4724 conditionem
1099 4682 1276 4741 :ergo
1320 4666 1526 4742 gratia,
1560 4672 1618 4723 et
1665 4682 1862 4740 pecca-

491 4751 612 4800 tum
643 4746 888 4802 mortale
908 4745 1151 4803 eandem
1180 4746 1604 4818 oppositionem
1649 4745 1865 4803 habent

491 4824 551 4878 in
602 4825 864 4892 instanti,
925 4843 990 4883 ac
1020 4827 1084 4882 in
1113 4831 1389 4898 tempore.
1419 4828 1600 4898 Atque
1626 4824 1753 4883 ideo
1777 4827 1863 4883 si-

490 4911 583 4960 cut
613 4907 948 4962 testimonia
973 4923 1147 4980 supra
1195 4908 1376 4963 relata
1402 4911 1681 4974 statuunt,
1712 4907 1862 4981 quod

493 4986 565 5043 de
594 4987 757 5054 facto,
788 4993 845 5044 et
869 4987 1184 5047 secundum
1206 5003 1574 5045 communem
1604 4988 1705 5045 Dei
1726 5005 1864 5061 pro—

498 5065 853 5133 videntiam,
898 5083 1024 5139 quae
1065 5067 1318 5123 consulit
1373 5067 1643 5125 omnibus
1695 5068 1865 5125 rebus

1409 440 1502 495 DE
1539 438 2125 494 JUSTIFICATIONE
2166 437 2368 492 IMPII.

1973 609 2137 682 juxta
2158 624 2361 667 earum
2397 609 2791 682 proprietates,
2846 613 2903 665 et
2944 607 3295 681 exigentiam
3324 648 3340 671 ‚

1981 690 2208 746 nullum
2238 694 2527 762 peccatum
2554 691 2816 756 mortale,
2841 695 2897 747 et
2916 690 3103 763 gratia
3121 688 3344 746 coexis-

1980 777 2108 827 tunt
2136 772 2199 828 in
2240 772 2433 845 aliquo
2477 777 2734 845 tempore
2752 816 2765 839 ,
2822 771 2956 828 licet
2980 770 3145 828 brevi
3194 791 3208 827 ε
3263 771 3347 826 ita

1977 853 2155 911 etiam
2181 852 2534 923 decernunt,
2564 854 2716 928 quod
2745 870 2862 911 non
2887 854 3210 911 coexistunt
3241 868 3346 925 pro

1979 934 2174 1007 aliquo
2202 935 2464 1001 instanti,
2495 940 2552 992 et
2577 941 2889 1009 utrumque
2914 933 3246 992 excludunt.

2053 1014 2442 1073 confirmatur
2463 1031 2533 1073 ex
2552 1033 2727 1090 supra
2765 1015 2965 1083 dictis3
2993 1030 3131 1071 nam
3155 1015 3219 1070 in
3245 1028 3346 1071 eo-
3373 1009 3539 1102 gym-

1979 1094 2111 1154 dem
2140 1096 2400 1164 instanti,
2426 1096 2490 1153 in
2534 1113 2646 1169 quo
2690 1101 3123 1155 consummatur
3153 1109 3349 1168 pecca·
3389 1109 3515 1161 pinus.

1982 1182 2104 1235 tum
2132 1178 2369 1247 actuale,
2414 1178 2650 1250 ponitur
2678 1183 2968 1251 peccatum
3005 1175 3298 1234 habituale
3332 1196 3346 1230 z

1979 1259 2075 1316 sed
2104 1260 2289 1334 gratia
2314 1275 2433 1318 non
2471 1266 2770 1333 permanet
2794 1262 2859 1317 in
2886 1261 2992 1319 illo
3030 1264 3343 1327 moment0,

1981 1340 2046 1396 in
2071 1356 2184 1413 quo
2215 1341 2405 1413 primo
2432 1341 2667 1414 ponitur
2696 1346 2984 1414 peccatum
3012 1341 3305 1398 habituale
3332 1359 3347 1393 ε

1980 1436 2118 1495 ergo
2135 1422 2323 1496 gratia
2344 1438 2460 1480 non
2479 1430 2853 1481 conservatur
2873 1424 2935 1480 in
2957 1423 3061 1479 illo
3084 1420 3346 1485 instanti,

1983 1500 2047 1557 in
2091 1516 2205 1574 quo
2250 1508 2683 1559 consummatur
2762 1508 3048 1577 peccatum
3107 1500 3350 1558 actuale.

1983 1583 2402 1654 Consequentia
2425 1589 2511 1640 est
2535 1583 2792 1653 evidenS,
2824 1589 2882 1641 et
2925 1583 3120 1640 minor
3145 1597 3350 1639 conce-

1980 1661 2139 1718 ditur
2187 1678 2221 1719 a
2267 1665 2461 1721 Lorca.
2516 1666 2702 1739 Major
2747 1670 2938 1722 autem
2985 1661 3348 1722 ostenditur:

1983 1748 2106 1800 tum
2157 1746 2294 1819 quia
2317 1745 2367 1801 si
2407 1748 2585 1805 semel
2633 1748 2815 1820 posito
2856 1752 3075 1819 peccato
3114 1745 3346 1810 actuali,

1984 1827 2221 1883 resultat
2243 1834 2531 1900 peccatum
2546 1828 2856 1894 habituale,
2880 1828 3047 1884 nulla
3065 1831 3152 1884 est
3179 1825 3348 1891 ratio,

1982 1904 2056 1962 ob
2081 1922 2255 1979 quam
2284 1908 2748 1981 potius-resultet
2775 1909 2839 1965 in
2878 1907 3186 1965 duratione
3232 1907 3350 1962 im-

1982 1985 2230 2043 mediate
2244 1989 2521 2059 sequenti,
2553 1996 2610 2046 et
2638 2005 2754 2047 non
2783 1988 2846 2043 in
2866 1987 3066 2045 eodem
3096 1988 3199 2044 illo
3222 1987 3350 2043 ins-

1983 2067 2148 2132 tanti,
2181 2067 2246 2123 in
2271 2083 2384 2139 quo
2412 2075 2700 2141 peccatum
2723 2069 2942 2125 actuale
2979 2083 3350 2125 consumma-

1983 2151 2096 2203 tur.
2123 2148 2308 2204 Immo
2327 2155 2411 2204 est
2428 2151 2572 2206 ratio
2587 2150 2658 2207 ad
2684 2149 3009 2223 oppositum
3031 2169 3044 2203 ε
3071 2155 3190 2204 tum
3212 2148 3352 2220 quia

1981 2242 2053 2283 ex
2080 2242 2195 2283 una
2225 2233 2383 2300 parte
2404 2235 2692 2300 peccatum
2715 2230 2952 2295 actuale,
2978 2235 3034 2285 et
3056 2228 3353 2285 habituale

1984 2320 2101 2362 non
2130 2306 2342 2364 habent
2369 2308 2522 2365 inter
2561 2325 2622 2366 se
2663 2310 3083 2382 oppositionem
3114 2331 3129 2375 3
3177 2313 3233 2365 et
3277 2323 3349 2365 ex

1983 2388 2101 2445 alia
2128 2394 2288 2461 parte
2331 2392 2628 2464 urgentius
2656 2397 2838 2464 potest
2863 2407 3030 2466 agere
3058 2395 3349 2463 peccatum

1982 2470 2220 2537 actuale,
2245 2472 2474 2544 quando
2487 2478 2610 2529 actu
2630 2472 2865 2547 physice
2883 2479 2986 2542 est,
3017 2488 3191 2546 quam
3217 2486 3349 2527 cum

1985 2551 2215 2623 praecise
2254 2553 2557 2609 moraliter
2592 2559 2957 2626 perseverat:
2998 2569 3133 2627 ergo
3155 2552 3231 2633 in·
3249 2566 3351 2607 eo-

1982 2629 2114 2687 dem
2141 2631 2400 2698 instanti,
2433 2633 2496 2689 in
2539 2650 2651 2706 quo
2692 2641 3127 2691 consummatur
3156 2636 3351 2705 pecca-

1983 2715 2106 2766 tum
2160 2714 2400 2779 actuale,
2434 2715 2670 2785 ponitur
2696 2721 2985 2787 peccatum
3033 2711 3343 2769 habituale.

1982 2792 2130 2846 Tum
2157 2791 2354 2860 etiam,
2398 2794 2533 2866 quia
2564 2794 2747 2866 posito
2788 2792 3166 2850 fundamento
3206 2806 3349 2863 pro-

1982 2872 2161 2941 ximo,
2185 2879 2242 2930 et
2268 2872 2562 2947 adaequato
2581 2875 2822 2951 alicujus
2838 2873 3196 2949 privationiS,
3228 2876 3349 2928 sta-

1982 2955 2090 3011 tim
2121 2957 2355 3012 resultat
2408 2956 2701 3028 privatio;
2759 2973 2943 3031 neque
2985 2957 3146 3015 enim
3181 2953 3351 3011 habet

1984 3036 2164 3093 alium
2215 3036 2452 3093 modum
2501 3037 2909 3109 productioniS,
2961 3043 3023 3093 ut
3060 3035 3352 3093 inductive

1987 3122 2166 3190 potest
2230 3118 2451 3174 ostendi
2511 3140 2524 3174 :
2572 3119 2671 3177 sed
2719 3124 3005 3192 peccatum
3057 3115 3351 3174 habituale

1984 3198 2244 3255 consistit
2289 3199 2353 3254 in
2392 3200 2725 3256 voluntaria
2770 3200 2971 3274 gratiae
3001 3197 3345 3271 privatione,

1985 3281 2141 3354 cujus
2170 3280 2613 3337 fundamentum
2638 3283 2989 3354 proximum,
3015 3286 3073 3338 et
3098 3279 3351 3350 adaequa·

1986 3365 2108 3415 tum
2148 3365 2233 3416 est
2280 3366 2570 3432 peccatum
2617 3363 2862 3419 mortale
2908 3361 3167 3418 actuale:
3215 3374 3353 3433 ergo

1988 3440 2167 3513 posito
2188 3446 2410 3512 peccato
2431 3443 2663 3498 mortali
2687 3442 2916 3508 actuali,
2948 3441 3145 3497 statim
3170 3440 3235 3496 in
3255 3455 3357 3496 eo-

1984 3519 2116 3577 dem
2156 3520 2396 3577 instanti
2438 3523 2672 3594 ponitur
2715 3527 3002 3595 peccatum
3040 3519 3351 3576 habituale.

1986 3601 2181 3657 Minor
2238 3600 2407 3674 hujus
2477 3602 2696 3658 ultimae
2748 3600 3109 3675 probationis
3171 3597 3357 3673 quoad

1989 3683 2241 3753 primam
2285 3687 2505 3754 partem
2531 3688 2749 3740 constat
2796 3698 2866 3739 ex
2894 3681 3060 3737 dictis
3105 3682 3249 3753 disp.
3303 3681 3353 3744 1,

1986 3762 2116 3817 dub.
2148 3765 2195 3831 l,
2221 3768 2279 3819 et
2302 3763 2488 3835 quoad
2515 3763 2827 3821 secundam
2850 3761 3190 3828 ostenditur,
3220 3760 3356 3834 quia

1989 3843 2433 3902 fundamentum
2482 3846 2834 3917 proximum,
2863 3850 2920 3901 et
2964 3844 3349 3917 adaequatum,

1990 3930 2052 3981 ut
2079 3927 2314 3982 resultet
2330 3932 2616 3998 peccatum
2641 3925 2951 3992 habituale,
2981 3939 3098 3981 non
3120 3925 3358 3996 ponitur

1989 4024 2023 4064 a
2051 4010 2185 4074 Deo,
2216 4008 2359 4064 alias
2411 4007 2531 4079 ipse
2579 4014 2724 4065 esset
2766 4023 2934 4064 causa
2987 4005 3195 4079 peccati
3248 4005 3359 4061 ha·-

1991 4089 2243 4155 bitualis,
2267 4087 2416 4160 quod
2436 4095 2521 4145 est
2548 4089 2791 4147 omnino
2814 4088 3024 4144 salsum
3055 4111 3070 4155 ς
3100 4086 3199 4144 sed
3235 4092 3360 4165 tan-

1991 4175 2112 4225 tum
2131 4168 2365 4242 ponitur
2377 4167 2449 4224 ab
2465 4168 2703 4226 homine
2722 4168 3048 4225 mortaliter
3064 4170 3356 4239 peccante:

1990 4250 2145 4323 atqui
2185 4265 2258 4305 ex
2304 4254 2462 4321 parte
2490 4248 2748 4306 hominis
2789 4249 2940 4306 nihil
2985 4247 3234 4320 amplius
3263 4262 3359 4305 re-

1990 4330 2262 4403 quiritur,
2314 4336 2376 4384 ut
2424 4330 2658 4385 resultet
2706 4335 2992 4403 peccatum
3040 4327 3356 4393 habituale,

1990 4425 2164 4482 quam
2210 4408 2360 4483 quod
2382 4410 2703 4466 committat
2732 4414 3020 4481 peccatum
3064 4408 3310 4464 mortale
3345 4427 3359 4461 :

1991 4491 2252 4564 quocirca
2281 4489 2465 4561 posito
2508 4495 2729 4560 peccato
2757 4489 2990 4546 mortali
3041 4487 3275 4554 actuali,
3304 4493 3365 4542 et

1993 4570 2440 4642 circumscriptis
2459 4566 2731 4626 omnibus
2753 4569 2902 4634 aliia,
2930 4573 3097 4641 atque
3143 4569 3366 4624 secluso

1994 4652 2112 4709 alio
2142 4667 2291 4708 novo
2331 4651 2577 4720 influxu,
2611 4651 2847 4707 resultat
2874 4654 3164 4722 peccatum
3194 4647 3364 4704 habi-

1997 4732 2152 4789 tuale
2180 4747 2348 4807 :ergo
2368 4738 2654 4805 peccatum
2677 4731 2894 4787 actuale
2914 4736 3000 4787 est
3020 4729 3365 4786 fundamen-

1995 4818 2121 4869 tum
2170 4815 2525 4887 proximum,
2555 4818 2613 4871 et
2637 4812 2993 4885 adaequatum
3040 4811 3202 4868 illius
3241 4811 3365 4886 pri-

1997 4895 2273 4964 vationis,
2306 4896 2371 4952 in
2399 4913 2511 4969 qua
2550 4895 2810 4953 consistit
2853 4893 3143 4952 habituale
3170 4910 3365 4968 pecca-

1996 4982 2141 5035 tum.
2167 5017 2175 5025 ·

2072 5067 2164 5120 80.
2210 5067 2325 5122 Nec
2372 5064 2606 5122 tandem
2656 5063 2850 5131 refert,
2894 5063 2943 5118 si
2987 5078 3053 5119 ex
3099 5060 3370 5136 praedicto

3105 5144 3365 5200 Authore
