3647 5753
448 405 569 461 684

461 588 537 629 ex
562 586 623 627 se
648 568 961 642 condignos
983 566 1224 640 praemio
1248 586 1261 621 :
1285 579 1420 638 ergo
1434 562 1566 618 licet
1591 558 1660 617 de
1677 558 1820 615 facto

459 668 535 708 ex
559 648 778 705 defectu
800 648 1018 703 divinae
1064 642 1482 717 acceptationis,
1508 644 1564 696 et
1583 638 1823 696 ordina-

466 731 664 796 tionis,
697 735 753 786 et
772 729 905 802 quia
934 732 1113 783 status
1141 727 1242 783 ille
1281 723 1578 780 beatorum
1618 735 1688 777 ex
1715 735 1826 775 na-

467 820 603 869 tura
632 812 716 867 rei
765 809 823 865 id
868 807 1138 881 exposcit,
1183 821 1301 862 non
1346 805 1463 859 sint
1512 798 1820 864 meritorii,

476 894 681 966 negari
707 898 904 948 tamen
933 905 1051 946 non
1081 891 1280 961 potest,
1305 885 1446 959 quin
1488 882 1662 956 possit
1682 883 1830 935 Deus

464 975 624 1031 inire
645 979 871 1047 pactum
894 987 1022 1027 cum
1047 968 1307 1029 beatis,et
1321 969 1606 1037 acceptare
1627 973 1830 1018 eorum

469 1060 647 1122 actuS,
674 1052 1058 1123 ordinareque
1078 1050 1211 1105 illos
1232 1046 1302 1103 ad
1325 1044 1628 1119 praemium
1654 1037 1831 1113 :quod

466 1142 556 1195 est
584 1134 878 1209 praedictos
899 1137 1053 1189 actus
1079 1144 1201 1186 esse
1221 1125 1570 1184 meritorios.

548 1221 708 1275 Dices
744 1237 758 1272 z
787 1220 965 1272 status
993 1213 1290 1269 beatorum
1337 1213 1420 1265 est
1470 1204 1710 1263 omnino
1736 1201 1835 1257 in-

470 1297 799 1362 variabilis,
827 1298 1018 1367 utpote
1037 1291 1134 1365 qui
1156 1288 1472 1347 aeternitate
1501 1282 1837 1358 participata

477 1382 873 1443 mensuratur,
901 1375 1149 1448 dicitque
1167 1372 1447 1428 rationem
1475 1366 1674 1441 gratiae
1699 1378 1839 1420 con-

475 1459 784 1520 summatae
818 1479 831 1514 z
860 1471 993 1529 ergo
1034 1452 1285 1510 excludit
1330 1464 1564 1506 omnem
1591 1448 1835 1508 motum,

474 1555 825 1611 omnemque
885 1534 1221 1592 ulteriorem
1283 1529 1618 1603 profectum,
1676 1529 1843 1595 atque

484 1624 627 1680 adeo
649 1634 884 1679 omnem
931 1614 1227 1682 meritum,
1265 1609 1415 1686 quod
1443 1606 1758 1683 profectum
1786 1606 1844 1660 et

476 1711 700 1762 motum
719 1698 984 1757 includit.

258 1790 458 1894 Q?
558 1783 955 1858 Respondetur
985 1780 1063 1834 ita
1084 1793 1206 1835 esse
1240 1774 1310 1832 de
1361 1775 1486 1849 lege
1518 1767 1840 1835 ordinaria,

318 1897 401 1937 m,
425 1852 458 1885 ¹‘
484 1883 646 1925 secus
670 1870 860 1922 autem
883 1861 953 1918 de
1001 1857 1253 1933 potentia
1294 1855 1572 1918 absoluta,
1598 1849 1699 1906 ubi
1728 1862 1847 1905 non

485 1947 803 2008 attenditur
834 1942 971 2017 quid
1012 1946 1220 1997 natura
1244 1938 1327 1994 rei
1379 1934 1716 2007 expostulet,
1749 1927 1849 1986 sed

490 2047 565 2088 an
591 2028 866 2102 implicet,
899 2026 987 2081 vel
1009 2037 1127 2079 non
1148 2019 1411 2093 ⁴implicet
1436 2012 1850 2072 contradictio-

487 2130 643 2172 nem.
667 2115 733 2167 In
759 2126 826 2167 eo
848 2113 1059 2172 autem,
1085 2103 1234 2177 quod
1255 2100 1420 2166 visio,
1448 2103 1504 2156 et
1517 2098 1702 2173 gloria
1724 2096 1853 2153 bea·

487 2205 682 2254 torum
704 2197 996 2266 augeatur,
1024 2192 1116 2247 vel
1145 2188 1463 2261 minuatur,
1492 2182 1854 2253 patiaturque

492 2278 750 2351 aliquam
779 2270 1244 2335 mutabilitatem,
1277 2270 1441 2326 nulla
1479 2259 1856 2322 contradictio

493 2358 836 2417 involvitur.
859 2352 1022 2409 Unde
1044 2350 1316 2407 absolutae
1339 2346 1602 2423 potentiae
1614 2342 1713 2399 Dei
1737 2355 1857 2397 non

496 2444 816 2514 repugnat:
847 2438 990 2494 sicut
1014 2432 1278 2509 quamvis
1329 2436 1506 2488 status
1532 2429 1633 2486 ille
1665 2440 1738 2481 ex
1758 2438 1859 2479 na-

503 2531 636 2577 tura
660 2519 743 2576 rei
766 2518 912 2574 dicat
931 2515 1386 2590 perpetuitatem,
1407 2511 1477 2569 de
1493 2506 1744 2583 potentia
1765 2502 1861 2560 ab·

498 2601 689 2660 soluta
711 2603 890 2672 potest
916 2595 1176 2663 deficere,
1208 2602 1264 2652 et
1285 2590 1624 2651 annihilari.

1110 2751 1145 2818 g
1184 2749 1252 2804 11.

501 2903 842 2974 Assiynatur
865 2899 1128 2973 spatium,
1154 2904 1204 2952 et
1241 2896 1507 2950 terminus
1527 2897 1719 2948 nostrae
1742 2891 1863 2945 viar.

324 3079 468 3125 wita
591 3060 684 3116 32.
712 3054 1032 3114 Dicendum
1053 3058 1137 3110 est
1158 3051 1564 3117 tertio,statum
1585 3047 1694 3104 viae
1712 3062 1875 3104 cons-

300 3130 471 3224 fflffiffu‘
508 3144 746 3201 titutum
775 3135 1113 3195 hominibus
1127 3133 1217 3206 (de
1240 3133 1330 3190 his
1357 3131 1516 3189 enim
1528 3135 1754 3186 tantum
1783 3131 1873 3187 lo-

505 3224 765 3297 quimur)
793 3220 864 3275 ad
905 3217 1248 3275 merendum
1266 3259 1279 3284 ,
1310 3216 1405 3271 vel
1432 3211 1869 3276 demerendum,

507 3322 633 3366 esse
678 3320 852 3377 usque
879 3302 950 3358 ad
973 3302 1194 3358 instans
1215 3297 1595 3370 separationis
1617 3295 1829 3352 animae
1844 3308 1878 3348 a

509 3400 760 3459 corpore
786 3405 800 3440 ε
826 3385 1016 3455 itaque
1040 3378 1315 3454 quamdiu
1358 3378 1555 3434 anima
1578 3373 1879 3432 rationalis

513 3464 741 3538 corpori
771 3462 1024 3529 mortali,
1056 3468 1112 3519 et
1141 3458 1401 3534 passibili
1446 3457 1745 3530 conjuncta
1771 3458 1873 3520 est,

515 3546 739 3605 tamdiu
806 3543 976 3600 durat
1033 3547 1212 3598 status
1252 3538 1507 3596 viatoris».
1559 3540 1641 3592 Ita
1687 3535 1881 3608 plures

520 3627 818 3701 Theologi.
848 3640 989 3696 quos
1016 3621 1191 3678 dubio
1234 3617 1492 3692 sequenti
1542 3616 1878 3681 referemus,

323 3716 474 3761 Amr·
519 3714 575 3767 et
603 3714 808 3782 praeter
829 3708 962 3763 illos
983 3705 1225 3760 Alvarez
1245 3703 1308 3757 de
1334 3700 1624 3758 Incarnat.
1650 3698 1878 3763 disum,

304 3770 488 3865 ¹222?
524 3789 835 3848 Montesin.
881 3786 979 3843 ubi
1025 3800 1201 3856 supra
1252 3798 1405 3838 num.
1435 3782 1529 3847 76,
1558 3781 1726 3852 Vasq.
1750 3779 1883 3834 dist.

304 3864 480 3909 ΠΜ·
522 3872 652 3937 216,
684 3887 804 3942 cap.
829 3870 885 3934 4,
911 3870 1144 3939 Gregor.
1159 3865 1217 3917 M
1222 3862 1442 3918 artinez
1466 3860 1593 3915 dub.
1617 3862 1654 3915 4
1674 3865 1729 3915 et
1757 3858 1880 3915 alii.

532 3953 927 4024 probaturque
947 3965 1018 4005 ex
1053 3946 1155 4002 illo
1194 3944 1361 4001 Pauli
1384 3946 1420 4000 Β
1442 3942 1512 3999 ad
1534 3940 1795 3999 Corinth.
1827 3942 1882 4009 5,

527 4053 694 4093 num.
713 4038 749 4092 6
784 4056 796 4090 :
820 4034 968 4091 Dum
987 4045 1178 4099 sumus
1204 4030 1264 4083 in
1303 4043 1539 4099 corpore,
1563 4026 1889 4097 pereyrina-

528 4136 659 4175 mur
681 4136 718 4173 a
747 4115 982 4173 Domino
1007 4129 1029 4179 ,·
1052 4127 1146 4177 per
1163 4109 1324 4180 fidem
1342 4110 1488 4163 enim
1514 4106 1888 4163 ambulamus,

280 4278 285 4283 ι
311 4202 516 4295 Μεῑὲαξίο
532 4201 661 4265 Ubi,
697 4203 758 4253 ut
796 4195 976 4262 videS,
1032 4198 1210 4249 status
1255 4191 1364 4246 viae
1409 4186 1892 4262 peregrinationis

310 4263 745 4347 mmgpnostrae
771 4280 1113 4353 assignatur,
1145 4273 1283 4329 dum
1312 4289 1512 4329 sumus
1540 4273 1602 4327 in
1627 4284 1888 4343 corpore,

533 4371 590 4424 et
613 4377 925 4438 operamur
965 4375 1066 4431 per
1092 4356 1266 4413 fidem
1294 4377 1306 4411 ε
1331 4353 1480 4427 quod
1507 4353 1695 4408 locum
1725 4350 1897 4407 habet

535 4448 678 4505 dum
706 4461 906 4502 sumus
933 4441 996 4497 in
1018 4453 1254 4512 corpore
1276 4436 1528 4501 mortali,
1554 4439 1609 4491 et
1625 4448 1743 4490 non
1766 4449 1896 4490 am-

538 4529 710 4603 plius.
738 4529 806 4581 Et
851 4527 914 4582 in
932 4522 1133 4581 eodem
1177 4516 1299 4590 cap.
1352 4533 1515 4573 num.
1572 4517 1668 4570 10:
1700 4513 1899 4571 Omnes

539 4627 638 4667 nos
665 4607 1018 4682 manifestari
1037 4609 1241 4676 oportet
1259 4607 1386 4657 ante
1400 4588 1645 4655 tribuual
1662 4594 1893 4662 Christi,

539 4702 603 4752 ut
628 4694 831 4768 referat
855 4690 1224 4764 unusquisque
1256 4690 1421 4759 prout
1462 4683 1628 4753 yessit
1668 4682 1730 4736 in
1776 4696 1901 4735 cor-

539 4795 687 4853 pore.
722 4778 792 4831 Et
813 4774 1133 4832 Ecclesiast.
1171 4771 1257 4835 ll,
1290 4785 1444 4824 num.
1475 4767 1529 4832 3,
1555 4763 1765 4820 dicitur
1792 4783 1805 4818 :
1833 4759 1904 4819 Si

540 4859 793 4918 ceciderit
815 4852 1024 4927 liynum
1049 4849 1529 4914 adAustrumflut
1548 4845 1898 4924 Aquilonem,

547 4945 610 4997 in
635 4953 966 5019 quocumque
989 4936 1098 4989 loco
1124 4932 1390 4998 ceciderit,
1423 4928 1500 4984 ibi
1544 4929 1668 4984 erit.
1701 4924 1761 4981 Id
1795 4927 1899 4990 est,

538 5024 613 5090 in
632 5037 745 5096 quo
769 5024 918 5076 statu
946 5031 1104 5073 mors
1148 5010 1446 5072 hominem
1492 5004 1790 5081 repererit,
1842 5004 1906 5060 in

1501 390 1594 444 DE
1633 386 1937 444 NATURA
1975 385 2254 441 MERITI.

1953 571 2021 613 eo
2043 552 2421 628 permanebit,
2453 569 2516 609 ac
2542 552 2592 607 si
2620 552 2871 625 amplius
2894 566 3013 607 non
3039 550 3115 605 sit
3144 547 3328 621 profi·

1956 635 2144 693 ciendi
2172 632 2650 714 locusgmerendi,
2684 637 2780 689 aut
2800 627 3328 689 demerendi.1dem

1960 717 2205 792 probant
2230 716 2561 774 testimonia
2587 713 2825 770 adducta
2876 713 2940 768 in
2970 711 3160 785 prima
3185 726 3329 767 con-

1960 799 2235 867 clusione,
2262 816 2320 853 n.
2350 798 2442 863 38,
2478 796 2540 851 in
2566 794 2773 868 quibus
2800 799 3025 866 tempus
3061 791 3328 849 merendi

1963 881 2288 955 assignatur
2318 894 2493 951 usque
2516 878 2586 933 ad
2611 881 2878 934 mortem.
2901 877 2986 930 Ex
3012 874 3241 947 quibus»,
3273 882 3331 933 et

1964 963 2097 1018 aliis
2118 965 2299 1034 potest
2325 976 2567 1033 sequens
2593 959 2741 1015 ratio
2771 957 3037 1014 formari.

2039 1044 2186 1109 Quia
2213 1042 2515 1116 designare
2543 1037 2879 1095 hominibus
2925 1044 3151 1109 tempus
3199 1036 3329 1101 viae,

1966 1132 2021 1185 et
2060 1125 2311 1198 spatium
2363 1120 2645 1187 merendi,
2677 1137 2747 1178 ex
2791 1121 3087 1178 voluntate
3125 1118 3227 1174 Dei
3269 1118 3335 1173 in

1968 1205 2280 1277 Scripturis
2300 1203 2478 1260 sacris
2526 1200 2690 1258 nobis
2738 1201 3107 1257 manifestata
3153 1197 3336 1272 potis-

1970 1290 2117 1347 sime
2160 1283 2441 1358 dependet
2472 1305 2484 1340 :
2516 1284 2672 1357 atqui
2725 1283 2788 1338 in
2840 1298 3002 1338 sacra
3039 1280 3335 1352 Scriptura

1973 1371 2296 1443 assignatur
2325 1364 2660 1439 hominibus
2705 1361 3035 1440 huiusmodi
3081 1363 3334 1436 spatium

1973 1467 2153 1526 usque
2178 1448 2247 1506 ad
2274 1449 2499 1506 instans
2517 1448 2897 1520 separationis
2920 1450 3131 1505 animae
3153 1463 3185 1503 a
3204 1461 3338 1502 cor-

1976 1550 2132 1607 pore,
2164 1547 2262 1588 seu
2292 1528 2431 1585 dum
2463 1528 2675 1584 vivunt
2696 1528 2761 1583 in
2813 1544 3050 1601 corpore
3078 1525 3335 1591 mortali,

1975 1622 2039 1672 ut
2076 1617 2293 1673 constat
2335 1633 2407 1673 ex
2452 1610 2706 1671 adductis
2751 1610 3096 1668 testimoniis
3149 1631 3163 1666 ε
3204 1623 3343 1683 ergo

1980 1696 2316 1771 praedictum
2344 1697 2614 1770 spatium,
2646 1699 2701 1751 et
2729 1709 2847 1752 non
2875 1695 3082 1769 majuS,
3113 1694 3208 1750 vel
3229 1692 3346 1748 mi-

1981 1793 2092 1835 nus
2110 1775 2424 1833 tenendum
2445 1781 2530 1832 est
2548 1791 2670 1832 esse
2697 1775 2936 1831 illorum
2959 1773 3136 1829 viam.

2056 1858 2342 1919 Probatur
2386 1856 2633 1915 secundo
2671 1858 2809 1912 satis
2852 1854 3192 1930 congruenti
3247 1869 3347 1909 ra·
3387 1866 3519 1911 mua

1982 1945 2138 2002 tione
2165 1942 2462 2015 desumpta
2488 1957 2558 1998 ex
2578 1939 2905 1998 conditione
2930 1943 3110 1993 status
3135 1938 3266 2004 viae,
3292 1943 3352 1993 et

1985 2025 2222 2084 termini
2258 2023 2573 2096 :quoniam
2622 2021 2736 2085 via,
2783 2037 2885 2093 per
2928 2036 2990 2077 se
3035 2019 3345 2092 loquendo,

1985 2110 2200 2166 durare
2233 2106 2400 2166 debet
2429 2123 2603 2181 usque
2630 2106 2700 2163 ad
2727 2105 3190 2179 assequutionem
3231 2111 3355 2162 ter-

1987 2193 2158 2258 mini,
2207 2196 2264 2249 et
2311 2207 2428 2248 non
2483 2190 2768 2263 amplius3
2816 2194 3165 2261 consequuto
3190 2191 3360 2246 enim

1989 2277 2259 2345 termin0,
2287 2279 2463 2331 cessat
2485 2274 2611 2331 via:
2631 2272 2730 2330 sed
2749 2273 2946 2329 statim
2970 2278 3032 2328 ut
3057 2278 3365 2345 separatur

1992 2361 2194 2417 anima
2220 2375 2254 2415 a
2286 2372 2542 2430 corpore,
2577 2372 2679 2429 per
2716 2372 2777 2413 se
2819 2353 3120 2429 loquendo,
3152 2362 3211 2413 et
3237 2371 3363 2412 non

1993 2438 2570 2502 antea.constituitur
2599 2438 2938 2495 intermino
2959 2437 3154 2494 meriti
3180 2460 3194 2495 ε
3219 2453 3363 2511 ergo

1992 2529 2145 2588 tunc,
2178 2526 2233 2579 et
2255 2536 2372 2577 non
2400 2525 2582 2588 antea,
2615 2522 2704 2577 vel
2734 2519 3094 2593 postmodum
3133 2533 3362 2578 cessare

1995 2603 2165 2661 debet
2183 2606 2360 2658 status
2386 2601 2514 2659 viae.

2071 2685 2161 2740 33.
2193 2683 2352 2738 Dices
2377 2703 2391 2738 ε
2419 2686 2681 2756 separata
2708 2682 2904 2738 anima
2933 2698 2965 2739 a
2997 2692 3235 2755 corpore
3255 2680 3361 2738 de-
3398 2682 3536 2738 Objoe

1997 2770 2218 2826 tinetur
2259 2780 2360 2839 per
2399 2768 2625 2838 tempus
2662 2764 2725 2820 in
2753 2765 3103 2839 purgatorio,
3149 2765 3364 2837 absque
3425 2735 3497 2780 ω

1999 2867 2067 2909 eo
2092 2848 2243 2924 quod
2280 2847 2476 2907 statim
2504 2852 2884 2920 consequatur
2923 2847 3243 2905 terminum
3272 2846 3363 2903 sui

2003 2934 2223 3003 meriti,
2253 2933 2353 3006 qui
2381 2936 2464 2990 est
2502 2929 2793 2989 beatitudo
2827 2944 3004 3005 :ergo
3043 2931 3136 2988 vel
3176 2929 3370 2987 dicen·

2005 3017 2144 3074 dum
2179 3022 2264 3075 est
2304 3016 2461 3072 viam
2509 3030 2627 3071 non
2667 3012 2879 3069 durare
2906 3029 3082 3086 usque
3110 3012 3182 3070 ad
3209 3029 3369 3071 asse-

2006 3099 2340 3174 quutionem
2363 3096 2635 3161 termini;
2665 3094 2759 3151 vel
2785 3098 2996 3150 statum
3026 3094 3368 3170 purgatorii,

2007 3182 2107 3239 ubi
2160 3182 2359 3238 anima
2408 3180 2528 3254 jam
2586 3195 2617 3234 a
2666 3193 2904 3250 corpore
2955 3185 3220 3251 separata
3264 3184 3367 3247 est,

2009 3263 2303 3338 pertinere
2330 3260 2400 3317 ad
2427 3264 2638 3316 statum
2670 3258 2797 3315 viae.

2086 3341 2484 3417 Respondetur
2537 3357 2637 3413 per
2696 3339 2955 3397 accidens
3018 3357 3173 3409 esse,
3224 3340 3374 3415 quod
3386 3369 3569 3417 solvit.
3637 3348 3638 3383 ³

2012 3427 2226 3484 animae
2242 3425 2303 3481 in
2321 3422 2651 3497 purgatorio
2666 3419 3033 3478 detineantur
3049 3447 3063 3490 ;
3083 3439 3202 3481 non
3216 3424 3376 3481 enim

2014 3512 2097 3569 ibi
2124 3514 2279 3573 sunt,
2310 3511 2375 3563 ut
2400 3504 2719 3579 proficiant,
2753 3506 2851 3567 ,vel
2880 3506 3133 3578 amplius
3158 3505 3380 3580 aliquid

2015 3595 2383 3656 mereantun
2427 3589 2526 3647 sed
2555 3594 2617 3645 ut
2657 3591 2886 3645 solvant
2929 3603 3032 3661 pro
3073 3590 3385 3661 praeteritis

2015 3673 2203 3747 culpis
2229 3670 2481 3728 debitam
2511 3686 2738 3743 poenam
2759 3693 2774 3735 ;
2792 3685 2858 3726 ea
2887 3684 3023 3725 vero
3048 3668 3236 3726 soluta
3263 3684 3383 3727 non

2018 3773 2121 3833 per
2147 3755 2425 3813 meritum
2454 3767 2691 3818 novum,
2723 3749 2822 3806 sed
2847 3750 3035 3806 solum
3058 3765 3131 3806 ex
3156 3751 3216 3807 vi
3243 3765 3389 3823 prze-

2018 3836 2272 3898 cedentis
2287 3839 2467 3891 status
2489 3831 2560 3889 ad
2576 3829 2991 3887 beatitudinem
3009 3831 3381 3902 perveniunt.

2020 3926 2106 3979 Ex
2145 3935 2257 3993 quo
2297 3916 2380 3983 fit,
2413 3914 2562 3988 quod
2589 3919 2766 3971 status
2795 3913 3112 3986 purgatorii
3144 3928 3260 3970 non
3301 3917 3390 3970 est

2021 4010 2200 4062 status
2222 4003 2364 4067 viae3
2395 3999 2530 4072 quia
2559 4013 2676 4054 non
2703 4003 2788 4053 est
2814 3999 2992 4051 status
3021 3993 3382 4067 proficiendi,

2025 4089 2114 4146 vel
2156 4086 2220 4141 in
2265 4082 2477 4140 merito
2526 4078 2767 4133 ulterius
2815 4075 3256 4150 progrediendi:
3285 4074 3392 4133 sed

2027 4170 2278 4243 pertinet
2307 4162 2595 4221 reductive
2623 4159 2691 4216 ad
2726 4166 2940 4216 statum
2971 4159 3207 4216 termini
3240 4180 3253 4214 ε
3285 4174 3396 4216 ve-

2027 4253 2136 4312 luti
2175 4266 2306 4308 cum
2345 4248 2473 4320 quis
2512 4244 2678 4301 finita
2712 4244 2833 4318 jam
2862 4244 2975 4309 via,
3004 4260 3104 4316 per
3131 4241 3397 4300 accidens

2022 4339 2187 4414 juxta
2226 4330 2544 4389 terminum
2580 4326 2892 4382 detinetur.
2918 4328 3032 4382 Nec
3055 4340 3125 4383 ex
3150 4324 3257 4380 hoc
3302 4321 3389 4390 fit,

2027 4418 2177 4495 quod
2208 4421 2387 4474 status
2414 4414 2524 4470 viae
2554 4409 2815 4474 finiatur,
2851 4424 2952 4480 per
2991 4424 3052 4465 se
3083 4405 3394 4480 loquendO,

2031 4510 2166 4562 ante
2209 4498 2564 4561 terminum;
2618 4492 2716 4549 sed
2755 4493 2944 4549 solum
2986 4506 3088 4564 per
3135 4489 3404 4547 accidens

2032 4587 2201 4645 finita
2227 4584 2325 4641 via
2353 4579 2600 4655 perfecta
2624 4578 2993 4650 consequutio
3020 4574 3259 4633 termini
3287 4573 3406 4631 dif-

2033 4671 2276 4727 feratur.

2109 4754 2299 4810 Potest
2323 4746 2499 4805 etiam
2525 4744 2657 4810 dici,
2684 4742 2835 4813 quod
2863 4745 3040 4797 status
3079 4738 3409 4813 purgatorii

2035 4837 2122 4890 est
2142 4830 2321 4888 veluti
2343 4827 2608 4884 inchoata
2635 4822 2958 4895 assequutio
2986 4819 3367 4876 beatitudinis
3385 4842 3407 4886 3

2038 4914 2122 4971 ibi
2144 4914 2303 4971 enim
2332 4908 2501 4968 habet
2527 4907 2724 4965 anima
2751 4909 2991 4967 certum,
3016 4906 3072 4959 et
3100 4899 3414 4956 inamissi-

2038 4998 2176 5064 bile,
2206 5011 2270 5052 ac
2309 4992 2551 5052 omnino
2580 4985 2930 5047 invariabile
2962 4984 3057 5058 jus
3101 4981 3172 5039 ad
3212 4980 3409 5054 ipsam

2956 5064 3406 5133 beatitudinem,
