3647 5753
1498 396 1676 453 DISP.
1722 398 1790 465 11,
1835 399 1999 456 DUB.
2033 402 2124 458 VI.

296 564 398 619 tiae
420 563 481 619 in
506 562 730 620 ratione
757 564 1119 630 voluntariae,
1151 570 1207 622 et
1231 566 1663 638 peccaminosae3

298 644 424 700 haec
461 645 670 717 quippe
694 644 860 702 >ratio
888 647 1249 703 aversionem
1276 649 1662 721 consequitur,

296 726 549 785 utdocct
576 730 639 783 D.
672 728 880 785 Thom.
912 730 958 793 1,
989 729 1044 792 2,
1077 736 1259 805 quast.
1286 731 1379 797 86,
1408 737 1519 787 art.
1559 733 1577 786 1
1612 734 1669 786 et

293 810 339 865 2
372 833 387 876 ;
433 824 571 882 ergo
617 809 799 881 posito
848 807 1115 887 praedicto
1141 815 1285 877 actu,
1313 813 1474 868 nullo
1498 810 1668 868 modo

298 894 570 946 maneret
591 894 901 961 peecatum.
935 888 1099 945 Unde
1124 891 1373 946 minime
1398 906 1668 963 sequere-

297 976 400 1026 tur
424 970 838 1027 inconveniens
863 971 1283 1044 conjunctionis
1324 972 1477 1027 inter
1505 986 1669 1027 amo-

299 1067 431 1108 rem
455 1051 645 1117 illum,
677 1056 735 1107 et
762 1057 1051 1123 peccatum
1085 1076 1099 1119 ;
1141 1052 1239 1109 sed
1283 1052 1667 1109 determinate

299 1139 591 1206 peccatum
613 1135 1017 1205 expelleretur,
1036 1150 1154 1190 non
1174 1134 1407 1208 quidem
1428 1133 1663 1200 directe,

298 1219 360 1271 et
383 1229 483 1286 per
516 1214 765 1270 formam
790 1215 1132 1287 oppositam,
1160 1216 1260 1271 sed
1290 1214 1569 1272 indirecte
1595 1212 1667 1269 ob

299 1296 585 1353 defectum
606 1313 803 1363 causae,
831 1313 863 1352 a
884 1314 995 1370 qua
1022 1297 1085 1353 in
1106 1314 1210 1353 sua
1230 1297 1667 1355 conservatione

301 1375 608 1449 dependet

75 1458 288 1504 motivum
388 1452 509 1507 186.
554 1453 638 1506 Ex
665 1449 871 1524 quibus
911 1417 1090 1524 liquet
1118 1450 1188 1508 ad
1236 1453 1571 1523 exemplum
1602 1452 1666 1507 in

71 1514 254 1567 contra-

111 1569 239 1615 rium·

98 1615 263 1651 everu-

129 1662 213 1701 ΜΓ.

302 1533 660 1590 contrarium
691 1533 995 1597 adductum
1022 1557 1036 1600 3
1063 1550 1200 1589 nam
1224 1532 1352 1590 ideo
1377 1534 1668 1606 supposito

305 1619 527 1686 peccato
540 1621 737 1670 contra
759 1617 935 1670 Deum
952 1614 1128 1671 finem
1139 1631 1202 1669 su
1213 1610 1661 1686 pernat'uralem,

304 1696 507 1766 nequit
543 1696 716 1752 homo
744 1697 999 1768 potentia
1051 1696 1421 1768 consequenti
1459 1695 1668 1751 elicere

302 1791 558 1831 amorem
599 1777 927 1832 naturalem
960 1776 1057 1832 Dei
1093 1792 1265 1848 super
1291 1775 1506 1840 omnia,
1554 1774 1665 1830 nisi

305 1857 464 1930 prius
494 1864 781 1929 peccatum
803 1858 1126 1930 expellatur
1157 1874 1256 1929 per
1280 1858 1529 1930 gratiam
1566 1874 1668 1912 su-

305 1939 752 2010 pernaturalem,
804 1939 939 2010 quia
980 1938 1111 1994 licet
1157 1937 1457 2009 praedictus
1503 1954 1668 1995 amor

299 2017 614 2075 secundum
637 2034 698 2075 se
738 2034 771 2074 a
812 2019 914 2075 tali
962 2018 1151 2092 gratia
1180 2034 1298 2075 non
1324 2016 1660 2091 dependeat,

302 2100 684 2156 nihilominus
705 2115 775 2156 ex
798 2115 912 2155 una
940 2106 1100 2170 parte
1126 2105 1210 2155 est
1237 2098 1667 2172 inconjungibi-

304 2180 373 2235 lis
400 2194 527 2235 cum
546 2178 799 2251 quolibet
826 2184 1049 2251 peccato
1088 2180 1345 2242 mortali,
1371 2185 1428 2234 et
1454 2196 1523 2234 ex
1554 2178 1668 2233 alia

306 2266 461 2331 parte
478 2260 675 2330 nequit
695 2258 878 2315 adhuc
905 2258 1186 2317 indirecte
1214 2258 1361 2315 illud
1378 2265 1666 2331 peccatum

298 2346 501 2397 contra
526 2344 704 2396 Deum
729 2342 1231 2413 supernaturalem
1260 2341 1439 2398 finem
1467 2342 1668 2398 exclu-

304 2418 456 2485 dere,
505 2435 572 2476 eo
610 2419 758 2492 quod
802 2421 990 2476 solum
1030 2422 1314 2478 convertit
1362 2420 1432 2477 ad
1483 2423 1667 2476 Deum

307 2508 581 2573 tanquam
609 2500 679 2557 ad
707 2500 880 2557 finem
910 2505 1251 2572 naturalem,
1289 2509 1345 2560 et
1372 2504 1452 2559 ita
1482 2503 1668 2560 relin-

304 2581 435 2652 quit
480 2582 751 2637 intactam
798 2582 1152 2640 aversionem
1201 2584 1554 2640 habitualem
1596 2581 1667 2638 ab

309 2663 455 2736 ipso,
483 2669 543 2719 ut
568 2680 600 2719 a
622 2666 1038 2736 supernaturali
1062 2665 1177 2722 fine
1203 2690 1216 2731 ;
1249 2667 1308 2722 in
1347 2682 1457 2739 qua
1482 2666 1668 2739 potius

308 2746 625 2811 aversione,
664 2764 834 2819 quam
864 2748 925 2804 in
973 2749 1273 2806 aversione
1318 2766 1352 2806 a
1399 2753 1511 2807 Deo
1551 2747 1667 2804 fine

304 2828 839 2886 naturaliconsistit
888 2830 960 2888 de
987 2826 1133 2889 facto
1179 2830 1427 2888 essentia
1455 2829 1663 2903 peccati

298 2908 631 2966 habitualis.
683 2910 843 2968 Unde
885 2917 945 2967 ut
990 2914 1164 2969 homo
1205 2912 1375 2968 illum
1407 2926 1664 2968 amorem

299 2991 619 3047 naturalem
648 2997 862 3058 exerat,
889 2992 1057 3049 debet
1084 2992 1244 3065 prius
1264 3008 1296 3047 a
1324 2998 1544 3062 peccato
1568 3007 1668 3063 per

290 3074 791 3144 supernaturalem
806 3075 1054 3147 gratiam
1083 3072 1377 3129 mundari.
1406 3076 1541 3137 Quae
1568 3088 1667 3128 ra-

296 3152 378 3208 tio
405 3152 649 3209 minime
678 3159 842 3227 urget
882 3154 944 3214 in
973 3169 1170 3210 amore
1208 3153 1661 3226 supernaturali,

294 3232 347 3288 si
396 3234 637 3307 agratia
675 3232 1066 3290 sanctificante
1110 3234 1496 3290 essentialiter
1549 3248 1666 3289 non

295 3311 579 3385 dependet
608 3336 622 3380 ;
654 3329 789 3369 nam
812 3315 956 3369 sicut
974 3313 1357 3370 essentialiter
1383 3312 1667 3370 convertit

298 3393 591 3450 ad'Deum
630 3394 736 3449 sub
767 3400 1024 3467 utraque,
1055 3397 1146 3450 vel
1194 3400 1255 3468 u't
1281 3394 1467 3467 aptius
1508 3392 1668 3449 dica-

297 3492 449 3541 mus,
467 3475 571 3531 sub
598 3477 779 3543 omni,
798 3482 854 3533 et
876 3475 1373 3534 universalissima
1402 3476 1624 3533 ratione
1651 3495 1664 3529 ε

298 3558 382 3613 ita
402 3556 646 3613 destruit
665 3556 907 3613 omnino
934 3557 1298 3613 aversionem
1318 3556 1662 3629 oppositam,

297 3645 356 3695 et
400 3638 551 3694 nibil
596 3638 718 3711 ejus
766 3637 1179 3694 indestructum
1229 3637 1507 3710 relinquit
1552 3656 1564 3691 ε
1613 3640 1670 3692 et

297 3727 708 3792 consequenter
780 3718 965 3776 reddit
1011 3720 1397 3792 privationem
1468 3719 1668 3793 gratiae

208 3819 215 3826 ·
299 3802 1142 3875 simpliciterinvoluntariam.

78 3915 169 3960 Alia
185 3928 270 3968 pro

388 3886 508 3940 187.
551 3883 808 3940 Secundo
849 3883 1123 3955 probatur
1150 3886 1348 3939 nostra
1381 3881 1668 3939 conclusio

42 3991 47 3997 ·
72 3968 276 4011 assenso-
303 3970 643 4037 argumento
682 3963 752 4020 ad
780 3963 1077 4020 hominem
1105 3967 1304 4020 contra
1342 3963 1623 4018 Gonetum
1653 3983 1665 4016 :

81 4025 131 4059 uc
144 4018 272 4061 ratio.

296 4044 578 4119 quoniam
605 4045 749 4100 sicut
774 4061 833 4101 se
860 4043 1030 4101 habet
1055 4059 1220 4100 amor
1249 4042 1532 4098 naturalis
1566 4040 1669 4098 Dei

293 4142 477 4200 super
504 4125 701 4183 omnia
720 4124 790 4181 ad
812 4127 1097 4182 maculam
1117 4123 1326 4197 peccati
1358 4123 1669 4180 habitualis

294 4206 579 4264 contracti
624 4207 688 4262 in
713 4211 860 4262 statu
906 4211 1127 4262 naturae
1172 4221 1290 4261 non
1317 4205 1552 4261 elevatae
1599 4203 1668 4260 ad

293 4287 802 4361 supernaturalem
830 4285 1007 4343 finem
1033 4310 1048 4353 ;
1080 4285 1159 4341 ita
1184 4301 1246 4341 se
1297 4283 1468 4341 babet
1506 4301 1671 4341 amor

292 4370 762 4442 supernaturalis
789 4369 889 4426 Dei
915 4384 1088 4441 super
1127 4367 1328 4424 omnia
1356 4364 1424 4421 ad
1471 4382 1670 4424 macu-

299 4455 423 4510 lam
447 4452 652 4525 peccati
675 4450 985 4508 habitualis
1004 4448 1275 4506 contracti
1302 4449 1365 4504 in
1392 4453 1542 4506 statu
1561 4466 1670 4506 na-

300 4541 451 4592 turae
469 4533 703 4589 elevatas
724 4532 793 4588 ad
816 4530 996 4587 finem
1018 4530 1521 4602 supernaturalem
1543 4530 1670 4586 :sed

303 4616 533 4672 macula
560 4613 768 4687 peccati
797 4612 1107 4669 habitualis
1133 4610 1405 4668 contracti
1430 4610 1493 4666 in
1519 4615 1669 4668 statu

304 4702 532 4755 naturae
553 4711 671 4753 non
698 4696 955 4760 elevatae,
974 4693 1320 4749 sufficienter
1346 4693 1665 4762 tolleretur,

295 4779 509 4836 saltem
532 4775 942 4848 indirecte,per
957 4790 1215 4832 amorem
1233 4776 1558 4831 naturalem
1573 4775 1671 4831 Dei

295 4876 478 4934 super
497 4858 697 4916 omnia
717 4882 731 4925 ;
755 4863 811 4915 et
834 4856 1135 4931 praedictus
1155 4871 1320 4913 amor
1341 4872 1459 4913 non
1485 4858 1671 4912 solum

296 4944 450 4999 esset
478 4937 965 5011 incompossibilis
986 4954 1115 4995 cum
1156 4935 1260 4993 tali
1282 4936 1526 5001 macula,
1576 4934 1675 4991 sed

294 5023 481 5082 etiam
504 5020 806 5078 efficaciter
828 5020 995 5076 illam
1017 5017 1343 5076 excluderet
1369 5032 1537 5091 :ergo
1558 5032 1677 5073 ma-

3054 402 3167 458 429

1798 572 1927 627 cula
1969 575 2176 645 peccati
2224 574 2533 632 habitualis
2577 572 2853 632 contracti
2903 572 2964 626 in
3014 573 3163 626 statu

1799 660 2021 713 naturae
2040 658 2277 714 elevatas
2300 658 2644 715 sufficienter
2673 656 2913 718 tollitur,
2958 654 3164 709 saltem

1800 734 2097 803 indirecte,
2133 753 2234 810 per
2260 754 2515 796 amorem
2538 735 3037 810 supernaturalem
3060 732 3160 789 Dei

1797 831 1970 888 super
1990 817 2217 884 omnia;
2265 823 2322 875 et
2348 817 2672 891 hujusmodi
2704 821 2858 871 actus
2905 830 3023 870 non
3067 828 3165 870 so-

1799 898 1923 952 lum
1944 902 2029 953 est
2075 897 2555 971 incompossibilis
2580 914 2710 953 cum
2740 894 3006 969 praedicta
3034 909 3164 950 ma-
3253 888 3264 901 ⁵

1798 980 1943 1047 cula,
1970 980 2068 1036 sed
2094 981 2268 1037 etiam
2293 982 2456 1036 illam
2485 980 2781 1036 efficaciter
2802 977 3067 1048 expellet,
3112 975 3161 1030 si

1796 1061 1978 1115 semel
2030 1065 2210 1132 potest
2252 1060 2379 1117 elici
2411 1058 2860 1131 independenter
2902 1072 2934 1111 a
2977 1053 3164 1128 gratia

1798 1139 2203 1198 sanctificante.
2230 1140 2644 1213 Consequentia
2683 1143 2900 1196 constat
2926 1153 2959 1192 a
3000 1135 3162 1209 pari-

1801 1225 1930 1278 tate.
1964 1222 2147 1296 Major
2175 1228 2364 1279 autem
2394 1221 2622 1279 videtur
2649 1221 2950 1295 perspicua
2979 1241 2992 1284 3
3023 1216 3157 1290 quia

1797 1304 1943 1359 sicut
1968 1307 2192 1361 macula
2220 1305 2387 1379 hujus
2412 1310 2590 1361 status
2616 1302 2874 1360 consistit
2902 1302 2964 1355 in
2994 1314 3163 1354 aver-

1797 1385 1960 1441 sione
1987 1385 2266 1442 habituali
2324 1403 2356 1443 a
2406 1389 2516 1443 Deo
2567 1382 2994 1457 supernaturali
3023 1380 3159 1447 fine,

1800 1464 1869 1520 ad
1892 1481 2060 1537 quem
2078 1467 2362 1524 convertit
2388 1482 2550 1523 amor
2578 1463 2874 1521 charitatis
2903 1483 2915 1517 ε
2947 1463 3025 1517 ita
3046 1477 3167 1517 ma·

1798 1551 1927 1604 cula
1965 1549 2028 1605 in
2053 1555 2201 1605 statu
2231 1566 2510 1622 purorum
2539 1548 2873 1606 consisteret
2901 1546 2964 1600 in
2992 1561 3163 1602 aver-

1798 1629 1961 1685 sione
1976 1628 2255 1686 habituali
2274 1647 2307 1685 a
2327 1633 2440 1686 Deo
2461 1629 2576 1686 fine
2593 1628 2865 1695 naturali,
2895 1626 2963 1683 ad
2992 1642 3164 1699 quem

1799 1725 1963 1766 amor
1991 1710 2273 1766 naturalis
2301 1710 2398 1766 Dei
2421 1726 2591 1783 super
2614 1711 2811 1768 omnia
2833 1708 3117 1764 convertit
3152 1729 3166 1763 :

1797 1806 1960 1863 ergo·
1990 1790 2234 1847 eandem
2283 1792 2712 1862 proportionem
2779 1788 2949 1845 habet
3001 1804 3166 1845 amor

1798 1870 2095 1926 charitatis
2123 1869 2192 1925 ad
2235 1872 2519 1926 maculam
2559 1871 2730 1945 hujus
2756 1875 2948 1934 status,
2991 1883 3166 1940 quam

1799 1966 1963 2007 amor
1990 1949 2274 2006 naturalis
2301 1951 2401 2017 Dei
2424 1967 2595 2023 super
2618 1951 2816 2007 omnia
2838 1948 3073 2004 haberet
3093 1947 3163 2003 ad

1800 2033 2085 2088 maculam
2117 2030 2179 2086 in
2204 2034 2352 2087 statu
2385 2048 2682 2104 purorum.
2732 2030 3020 2086 Minorem
3059 2026 3163 2084 de·-

1799 2111 1974 2183 nique
1999 2127 2265 2182 expresse
2309 2110 2468 2167 docet
2511 2110 2810 2183 praedictus
2856 2109 3077 2165 Author
3098 2107 3161 2163 in

1801 2190 2085 2264 praesenti,
2117 2192 2262 2263 disp.
2294 2194 2338 2257 l,
2371 2198 2481 2247 art.
2512 2194 2566 2255 4,
2599 2209 2634 2246 a
2661 2208 2813 2245 num.
2844 2191 2935 2243 96.

1883 2274 2005 2328 188.
2047 2275 2162 2329 Nec
2190 2273 2383 2339 refert,
2426 2273 2474 2329 si
2503 2271 2657 2328 dicas
2698 2272 2804 2327 hoc
2848 2285 3164 2343 argumen-

1800 2356 1923 2407 tum
1953 2352 2015 2408 in
2039 2368 2143 2408 nos
2171 2352 2616 2425 retorquendum
2643 2368 2764 2408 esse
2790 2376 2803 2414 ;
2836 2366 2971 2406 nam
2994 2357 3159 2406 tract.

1796 2432 2018 2506 praeced.
2043 2433 2183 2505 disp.
2210 2436 2263 2500 2,
2295 2434 2421 2489 dub.
2448 2434 2483 2488 3
2508 2437 2564 2489 et
2583 2435 2638 2499 4,
2669 2431 2993 2492 statuimus.
3013 2429 3164 2502 quod

1802 2512 1932 2568 licet
1953 2512 2124 2568 homo
2150 2513 2411 2569 conditus
2437 2512 2500 2568 in
2525 2512 2685 2585 puris
2712 2515 2895 2583 posset
2921 2509 3168 2582 diligere

1800 2595 1979 2648 Deum
2007 2591 2310 2649 dilectione
2339 2593 2610 2657 naturali,
2642 2596 2700 2647 et
2718 2590 2946 2655 efficaci,
2973 2594 3029 2645 et
3067 2605 3169 2644 su-

1800 2688 1901 2745 per
1922 2673 2120 2730 omnia
2151 2696 2164 2739 ;
2208 2673 2610 2740 nihilominus,
2654 2672 2946 2745 supposito
2980 2673 3162 2744 lapsu,

1797 2759 1855 2811 et
1873 2760 2020 2810 statu
2045 2755 2252 2826 peccati
2276 2755 2558 2818 mortaliS,
2589 2770 2706 2811 non
2749 2758 2929 2825 potest
2958 2758 3166 2824 poten-

1799 2836 1879 2892 tia
1923 2835 2290 2907 consequenti
2328 2834 2660 2908 praedictum
2703 2840 2891 2892 actum
2931 2833 3158 2902 elicere,

1799 2932 1902 2972 nec
1925 2916 2055 2972 talis
2083 2922 2238 2972 actus
2259 2918 2409 2973 valet
2435 2917 2721 2972 maculam
2752 2916 2913 2971 illius
2956 2915 3164 2986 peccati

1796 2994 2099 3052 excludere
2124 3017 2137 3051 ε
2163 3011 2296 3070 ergo
2329 2997 2378 3052 si
2409 2993 2701 3068 proportio
2730 2996 2792 3050 in
2820 2998 3162 3068 argumento

1800 3077 2082 3149 proposita
2112 3078 2419 3144 convincit,
2478 3077 2953 3148 inconsequenter
3006 3074 3165 3129 affir-

1798 3173 2048 3223 mamus,
2079 3156 2228 3230 quod
2254 3159 2477 3214 macula
2506 3156 2714 3229 peccati
2757 3154 3012 3212 hominis
3038 3155 3161 3209 ele-

1799 3238 1917 3293 vati
1944 3236 2015 3292 ad
2042 3238 2541 3309 supernaturalem
2564 3235 2740 3291 finem
2763 3236 2917 3290 valet
2944 3231 3162 3289 auferri

1801 3333 1901 3389 per
1923 3332 2180 3373 amorem
2203 3316 2704 3388 supernaturalem
2730 3315 2825 3370 Dei
2844 3329 3014 3385 super
3035 3327 3164 3369 om-

1800 3397 1917 3463 nia,
1950 3403 2007 3452 et
2033 3395 2180 3468 quod
2208 3396 2380 3452 homo
2401 3397 2592 3467 lapsus
2615 3395 2788 3467 possit
2829 3392 3163 3466 praedictum

1799 3480 1989 3532 actum
2036 3475 2284 3544 elicere3
2326 3474 2424 3533 sed
2451 3474 2790 3531 tenebamur
2836 3473 3162 3545 oppositum

1800 3554 2108 3612 affirmare.

3200 2270 3352 2323 Obiec-

3227 2326 3301 2367 tto.

1876 3645 2023 3708 Non,
2057 3642 2312 3714 inquam,
2346 3641 2451 3697 hoc
2474 3640 2665 3704 refert,
2690 3638 2787 3695 sed
2812 3654 2883 3694 ex
2909 3641 3163 3711 aequivo-
3179 3657 3380 3707 niment-

1798 3723 2021 3780 catione
2050 3721 2300 3795 procedit
2333 3737 2508 3777 :nam
2535 3736 2666 3775 cum
2711 3720 2824 3774 loco
2864 3722 2957 3776 cit.
3009 3738 3163 3780 asse-

1803 3805 2046 3870 ruimus,
2074 3805 2369 3861 hominem
2394 3805 2616 3876 lapsum
2640 3818 2757 3859 non
2781 3818 2941 3875 posse
2963 3808 3167 3876 poten-

1801 3886 1884 3942 tia
1908 3885 2276 3958 consequenti
2302 3884 2509 3941 elicere
2531 3887 2718 3939 actum
2747 3884 2964 3939 amoris
2991 3890 3167 3942 natu-

1803 3966 1943 4023 ralis
2008 3967 2107 4022 Dei
2153 3981 2326 4038 super
2372 3964 2588 4027 omnia.
2654 3964 3031 4036 loquebamur
3096 3965 3166 4024 de

1801 4045 2038 4102 homine
2055 4045 2212 4118 lapso
2231 4042 2543 4101 secundum
2569 4049 2908 4115 praesentem
2930 4049 3161 4112 statum,

1799 4131 1859 4183 et
1911 4125 2352 4199 providentiam,
2386 4129 2447 4181 ut
2494 4125 2766 4181 recolenti
2820 4123 3161 4197 praedictum

1803 4208 1990 4264 locum
2017 4207 2316 4264 evidenter
2349 4204 2665 4279 apparebit.
2698 4205 2757 4260 Id
2793 4222 2930 4262 vero
2957 4207 3196 4263 merito·

1802 4287 2236 4354 affirmavimus,
2262 4288 2398 4361 quia
2426 4287 2597 4343 homo
2636 4301 2789 4342 nunc
2823 4287 3015 4357 lapsus
3037 4304 3169 4344 ma-

1803 4374 1901 4425 net
1927 4383 2159 4425 aversus
2188 4385 2220 4424 a
2267 4371 2380 4424 Deo
2408 4365 2522 4423 fine
2564 4365 2836 4431 naturali,
2869 4371 2925 4421 et
2962 4382 3168 4440 super-

1804 4451 2097 4507 naturali:
2139 4465 2311 4523 quam
2353 4448 2722 4505 aversionem
2778 4449 2974 4522 nequit
3015 4448 3169 4506 adae-

1802 4537 1971 4604 quate
2020 4530 2313 4588 destruere
2353 4545 2518 4586 amor
2570 4528 2798 4601 praecise
2834 4530 3118 4586 naturalis
3150 4556 3163 4592 ς

1801 4611 2087 4686 siquidem
2137 4612 2325 4668 solum
2370 4611 2652 4667 convertit
2704 4610 2773 4666 ad
2835 4612 3014 4674 Deum
3059 4611 3166 4668 sub

1805 4694 2028 4750 ratione
2066 4691 2349 4748 naturalis
2382 4690 2557 4746 finis:
2603 4696 2659 4747 et
2698 4689 2931 4748 aliunde
2971 4692 3169 4764 nequit

1802 4790 1934 4832 curn
1981 4773 2280 4829 aversione
2328 4787 2361 4827 a
2405 4774 2520 4829 Deo
2566 4771 2683 4828 fine
2739 4772 3166 4845 supernaturali

1805 4854 2092 4928 conjungi.
2143 4850 2530 4917 Quamobrem
2581 4852 2755 4908 horno
2821 4853 3012 4925 lapsus
3051 4868 3167 4909 non

1806 4937 1961 4993 valet
2005 4933 2069 4990 in
2109 4931 2445 5006 praedictum
2497 4937 2688 4990 actum
2741 4932 2997 5006 prodire,
3050 4949 3167 4991 non

1806 5015 2040 5090 quidem
2085 5014 2157 5071 ob
2188 5013 2470 5071 desectum
2507 5014 2748 5083 virium,
2798 5019 2853 5072 et
2899 5015 3167 5088 potentiae

3228 3713 3308 3751 Ur.
