3647 5753
103 2361 191 2406 tica.

95 4654 185 4705 3¹¹1.

96 4699 186 4743 itui·

1356 465 1534 523 DISP.
1581 465 1696 532 v11,
1738 466 1906 524 DUB.
1951 468 2044 523 1v.
2999 463 3101 518 193

226 654 253 683 a
298 632 525 689 tionem
556 657 572 693 ς
599 634 840 707 spiritus
884 636 1114 710 quidem
1143 643 1441 712 promptus
1488 642 1592 704 est,

224 733 252 764 α
282 713 434 770 'earo
480 718 673 771 autem
725 713 985 773 infirma.
1031 719 1105 773 Ut
1152 716 1290 774 dum
1333 716 1598 791 praeoedit

223 815 249 846 a
293 792 569 862 humilis,
599 800 658 854 et
693 795 977 856 submissa
1000 799 1297 867 confessio,
1329 805 1385 857 et
1426 798 1598 856 datur

222 897 250 929 α
290 879 484 933 totum
528 877 663 943 Deo,
694 877 973 952 quidquid
1013 882 1347 956 suppliciter
1366 896 1495 937 cum
1517 880 1597 936 ti-

219 977 248 1008 «
290 972 465 1015 more
486 958 588 1015 Dei
636 958 869 1032 petitur,
916 960 1095 1034 ipsius
1122 963 1332 1036 pietate
1360 966 1597 1033 praesta-

218 1059 246 1090 α
289 1043 412 1095 tur.
458 1038 519 1094 Si
558 1055 695 1115 ergo
721 1041 839 1099 alia
864 1040 1203 1100 documenta
1230 1058 1348 1100 non
1386 1046 1589 1109 essent,

217 1140 245 1170 α
286 1119 415 1177 haec
468 1120 765 1179 dominica
803 1124 988 1181 oratio
1035 1123 1202 1181 nobis
1247 1123 1318 1181 ad
1363 1138 1593 1181 causam

216 1219 245 1248 α
284 1198 498 1275 gratiae
533 1201 755 1274 (utique
773 1218 845 1259 ex
869 1218 930 1260 se
967 1203 1225 1270 efficacis,
1252 1208 1308 1261 et
1329 1201 1595 1260 facientis

212 1295 616 1355 perseverare,
662 1280 735 1338 de
776 1298 887 1355 qua
915 1290 1030 1342 toto
1072 1284 1178 1341 illo
1221 1299 1395 1356 opere
1439 1287 1594 1338 trac-

218 1384 245 1415 «
286 1366 371 1418 tat
390 1364 663 1436 August.)
682 1378 857 1435 quam
885 1363 1269 1431 defendimuS,
1300 1365 1422 1422 sola
1441 1361 1594 1419 sufii-

218 1465 246 1496 α
285 1446 446 1499 oeret
472 1465 487 1508 ;
516 1443 655 1515 quia
695 1443 845 1500 nihil
887 1443 1051 1502 nobis
1092 1444 1346 1517 reliquit,
1380 1444 1443 1500 in
1481 1458 1592 1515 quo

217 1544 245 1576 α
286 1527 571 1595 tanquam
599 1523 665 1579 in
693 1528 889 1582 nostro
907 1525 1249 1598 gloriemur.
1284 1545 1311 1576 ι)
1339 1525 1589 1581 Multum

210 1608 427 1669 autem,
461 1608 519 1661 et
543 1620 721 1676 supra
744 1603 978 1662 modum
1013 1606 1266 1661 multum
1295 1604 1589 1677 relinque-

211 1684 453 1749 remi-,si
476 1699 597 1740 non
617 1698 917 1758 ageremus
938 1685 1157 1743 auxilio
1179 1683 1251 1742 ab
1272 1684 1588 1741 intrinseco

210 1763 467 1832 efficaci;
529 1764 667 1836 quia
712 1768 847 1822 tunc
890 1766 1097 1822 collata
1134 1764 1337 1823 eadem
1402 1766 1587 1838 gratia

210 1844 438 1903 dnobus
464 1844 827 1912 bominibuS,
871 1847 967 1919 qui
990 1845 1232 1903 eandem
1256 1851 1587 1919 paterentur

211 1928 616 1994 tentationem,
660 1928 787 1985 fieri
828 1934 1031 2001 posset,
1071 1935 1134 1986 ut
1172 1945 1321 1986 unus
1348 1929 1438 1986 illi
1466 1946 1587 1986 suc-

211 2007 525 2078 cumberet,
547 2013 604 2065 et
622 2009 769 2065 alter
788 2024 915 2066 eam
936 2014 1255 2083 superaret;
1280 2007 1586 2082 atqueideo

213 2089 451 2148 haberet
493 2090 735 2163 aliquid,
786 2106 995 2164 nempe
1037 2108 1204 2148 suam
1225 2091 1585 2149 determina-

213 2170 457 2235 tionem,
485 2170 548 2226 in
576 2185 705 2242 qu0,
737 2176 794 2227 et
815 2185 931 2226 non
959 2171 1022 2225 in
1049 2171 1250 2245 gratia,
1285 2175 1469 2243 posset
1488 2169 1584 2226 ad-

213 2266 414 2309 versus
436 2250 619 2306 alium
639 2251 900 2325 gloriari.

284 2333 420 2388 272.
452 2332 613 2388 Dices
639 2352 652 2386 ε
681 2347 798 2396 non
838 2336 1020 2405 potest
1045 2347 1168 2388 esse
1192 2331 1493 2389 difficultas
1519 2332 1581 2388 in

215 2413 473 2479 victoria,
504 2411 602 2469 ubi
629 2412 866 2468 vincens
886 2410 1056 2468 habet
1075 2410 1325 2478 easdem,
1349 2414 1441 2469 vel
1464 2428 1583 2469 ma-

211 2493 366 2566 jores
390 2494 563 2559 vitea,
606 2509 670 2548 ac
698 2492 799 2548 ille
844 2497 1043 2548 contra
1068 2507 1238 2563 quem
1267 2492 1383 2566 agit
1430 2513 1444 2549 ε
1481 2492 1580 2549 sed

218 2573 501 2630 auxilium
525 2589 594 2631 ex
619 2589 681 2629 se
706 2571 901 2629 efficax
931 2577 1162 2645 praestat
1187 2572 1343 2629 vires
1387 2571 1579 2630 effica-

215 2656 490 2724 cissimas,
537 2660 591 2711 et
618 2654 866 2728 majores
910 2652 1167 2726 qualibet
1203 2654 1518 2712 tentatione
1562 2676 1575 2711 :

212 2754 349 2813 ergo
366 2754 436 2795 eo
458 2738 633 2810 posito
656 2752 774 2792 non
797 2735 970 2792 habet
991 2736 1164 2793 homo
1185 2735 1576 2794 difficultatem

216 2819 275 2876 in
303 2818 541 2876 victoria
570 2816 975 2874 tentationum.

283 2901 351 2955 Et
381 2902 618 2973 urgetur
646 2895 1048 2970 praecludendo
1091 2896 1321 2954 tacitam
1347 2897 1578 2955 evasio-

212 2995 365 3044 nem,
408 2978 544 3051 quia
590 2978 722 3034 licet
776 2976 1015 3033 tentatio
1058 2975 1253 3049 gravis
1303 2977 1578 3049 importet

210 3075 443 3133 gravem
471 3058 860 3114 difficultatem
890 3061 1142 3129 respectu
1172 3058 1410 3124 naturae,
1457 3073 1576 3114 non

214 3147 404 3200 tamen
433 3145 685 3215 respectu
714 3138 930 3213 gratiae,
961 3154 1072 3212 qua
1102 3143 1308 3195 natura
1334 3137 1576 3212 adjuva-

216 3229 335 3291 tur;
363 3223 457 3281 vel
484 3227 738 3295 respectu
763 3225 983 3278 naturae
1006 3226 1067 3276 ut
1086 3220 1290 3295 adjutae
1319 3238 1420 3296 per
1438 3238 1575 3297 gra-

212 3305 349 3361 tiam
386 3325 399 3360 z
428 3302 525 3360 sed
563 3303 670 3360 hoc
688 3300 914 3367 sufficit,
960 3306 1021 3356 ut
1050 3301 1220 3358 homo
1239 3302 1423 3375 gratia
1449 3301 1574 3359 esti-

208 3384 322 3440 cuci
342 3381 564 3457 adjutus
587 3398 706 3440 non
730 3380 936 3437 habeat
967 3379 1359 3438 difficultatem
1384 3381 1446 3437 in
1473 3398 1574 3437 su-

210 3466 459 3537 perando
493 3480 731 3541 gravem
761 3463 1139 3521 tentationem
1169 3486 1182 3520 :
1213 3478 1350 3537 ergo
1402 3465 1573 3520 auxi-

209 3546 352 3602 lium
393 3546 579 3603 efficax
619 3544 843 3601 excedit
881 3543 1249 3601 difficutatem
1294 3542 1565 3612 victoriae,

208 3634 373 3701 atque
398 3628 520 3685 ideo
563 3627 866 3693 diminuit,
903 3626 992 3682 vel
1043 3624 1229 3681 aufert
1268 3626 1565 3683 meritum.

207 3711 397 3767 Minor
454 3708 747 3782 probatur,
795 3712 852 3763 et
896 3705 1224 3762 declaratur
1249 3707 1514 3780 exemplo
1553 3730 1567 3774 ;

208 3791 419 3848 etenim
448 3792 591 3847 Deus
636 3795 701 3844 ut
724 3789 878 3844 clare
920 3785 1078 3841 visus
1100 3786 1370 3857 importat
1394 3788 1457 3844 in
1482 3803 1571 3843 ra·

211 3868 366 3926 tione
408 3868 653 3925 visibilis
697 3865 1088 3921 difficultatem
1117 3864 1568 3938 insuperabilem

211 3949 282 4006 ab
309 3951 591 4007 intellectu
620 3954 811 4006 creato
846 3947 968 4003 suis
1008 3945 1233 4002 viribus
1257 3947 1485 4004 relicto:
1513 3950 1572 4004 et

213 4036 401 4088 tamen
440 4030 575 4103 quia
623 4031 825 4086 lumen
874 4027 1075 4103 glorias
1137 4031 1362 4098 praestat
1416 4027 1570 4084 vires

213 4109 535 4182 adaequatas.
566 4116 623 4166 et
661 4109 910 4166 efficaces
938 4106 1008 4164 ad
1039 4104 1357 4162 videndum
1388 4108 1569 4164 Deum

214 4190 275 4245 in
324 4190 520 4262 seipso,
570 4191 744 4246 homo
795 4188 1023 4245 lumine
1066 4183 1268 4261 gloriae
1310 4188 1569 4245 elevatus

214 4270 429 4327 nullam
453 4273 671 4345 paritur
692 4271 1080 4328 difficultatem
1106 4270 1170 4330 in
1192 4269 1414 4328 visione
1431 4272 1564 4328 Dei:

213 4367 346 4426 ergo
381 4353 592 4418 sufficit,
635 4353 785 4425 quod
831 4351 1003 4410 homo
1051 4353 1253 4413 habeat
1304 4354 1458 4410 vires
1494 4368 1567 4409 ex

214 4434 415 4507 gratia,
442 4441 500 4490 ut
525 4435 746 4492 dicatur
775 4450 894 4491 non
920 4435 1134 4494 habere
1171 4435 1563 4493 difficultatem

220 4515 280 4570 in
308 4514 537 4573 victoria
558 4517 889 4575 tentationis
914 4517 1131 4591 gravia.

292 4596 674 4669 Respondetur
714 4598 862 4653 hanc
890 4598 1165 4670 replicam
1194 4596 1264 4655 ab
1286 4598 1424 4671 ipsis
1444 4596 1565 4652 Ad-

219 4675 480 4731 versariis
516 4675 940 4733 dissolvendam
968 4693 1109 4743 esse,
1140 4677 1275 4751 quia
1300 4682 1420 4734 esto
1448 4692 1564 4733 non

129 4782 138 4792 ·
218 4752 443 4832 daretur
483 4758 763 4814 auxilium
789 4772 861 4813 ex
887 4773 949 4815 se
971 4757 1185 4824 efficax,
1231 4758 1428 4832 negari
1457 4772 1565 4814 ne-

216 4833 356 4905 quit,
383 4835 522 4908 quod
560 4837 731 4894 detur
756 4837 942 4910 gratia
966 4836 1251 4894 sufficiens
1285 4835 1356 4894 ad
1382 4836 1565 4894 victo-

218 4916 364 4973 riam
381 4918 755 4976 tentationum
776 4919 1043 4993 gravium
1062 4943 1075 4986 ;
1099 4919 1359 4993 implicat
1377 4919 1558 4988 enim,

214 4996 361 5069 quod
385 4997 548 5056 homo
574 4998 768 5055 vincat
793 4998 1002 5071 absque
1022 4998 1246 5055 viribus
1272 4997 1563 5056 sufficien-

215 5077 360 5134 tibus
384 5080 447 5136 ad
490 5078 841 5137 vincendum
895 5101 908 5135 ε
938 5097 1072 5137 narn
1115 5082 1381 5149 victoria,
1412 5081 1561 5139 sicut

1729 642 1785 696 et
1805 639 1971 706 acti0,
1998 654 2118 697 non
2139 637 2205 694 fit
2224 655 2257 695 a
2285 637 2655 712 proportione
2689 636 2937 694 minoris
2964 636 3100 694 inae·

1729 721 2042 792 qualitatis,
2066 720 2165 778 sed
2187 722 2436 795 postulat
2459 718 2707 784 easdem,
2733 718 2826 776 vel
2848 718 3097 792 majores

1729 804 1886 861 vires
1910 819 1981 861 ex
2024 809 2185 876 parte
2223 803 2462 879 agentis,
2493 807 2549 860 et
2586 800 2889 867 vincentis,
2921 816 3094 873 quam

1727 881 1800 943 ex
1841 889 2001 959 parte
2028 885 2197 958 passi,
2242 886 2335 941 vel
2375 884 2531 941 victi.
2565 884 2719 940 Sicut
2745 898 2880 957 ergo
2906 881 3094 956 gratia

1726 965 2013 1023 sufficiens
2035 981 2151 1022 non
2179 965 2364 1022 aufert
2388 963 2798 1028 difficultatem,
2830 968 2886 1018 et
2910 961 3094 1018 meri-

1727 1050 1852 1102 tum
1892 1046 1958 1101 in
2002 1044 2240 1102 victoria
2268 1045 2535 1119 gravium
2578 1043 2978 1108 tentationum,
3013 1042 3093 1098 ita

1726 1141 1831 1182 nec
1850 1125 2036 1200 gratia
2056 1124 2127 1181 ab
2149 1125 2462 1181 intrinseco
2482 1123 2698 1181 efficax.
2725 1120 2891 1178 Unde
2913 1136 3093 1195 nega-

1726 1222 1857 1262 mus
1878 1205 2175 1280 maj0rem,
2194 1205 2352 1279 cujus
2374 1203 2594 1260 falsitas
2614 1201 2912 1260 evidenter
2932 1217 3092 1259 cons-

1725 1290 1806 1342 tat
1829 1286 1891 1342 in
1919 1284 2186 1342 omnibus
2206 1285 2327 1343 fere
2348 1282 2667 1341 actionibus
2693 1281 3088 1339 naturalibus:

1725 1382 1865 1423 nam
1892 1382 2065 1424 omne
2091 1381 2284 1441 agenS,
2327 1365 2392 1421 in
2418 1369 2699 1436 quantum
2746 1363 2876 1429 tale,
2923 1363 3094 1421 habet

1724 1449 1972 1523 majores
2021 1449 2195 1515 vires,
2227 1462 2398 1521 quam
2447 1461 2711 1519 passum;
2755 1444 2968 1518 alioqui
2998 1445 3091 1518 ip·

1722 1545 1852 1585 sum
1875 1545 1993 1586 non
2015 1530 2273 1586 vinceret
2303 1549 2316 1583 t
2342 1533 2398 1584 et
2431 1527 2816 1583 nihilominus
2842 1525 3088 1583 difficul-

1722 1614 1899 1666 tatem
1950 1608 2122 1665 habet
2185 1608 2250 1664 in
2315 1605 2641 1680 superando
2702 1605 3087 1662 resistentiam

1723 1691 1893 1763 passi.
1919 1691 2103 1747 Aliter
2125 1689 2285 1746 enim
2307 1692 2507 1745 cuncta
2533 1686 2744 1759 absque
2761 1686 3092 1745 difficultate

1720 1770 1931 1828 fierent
1955 1792 1968 1826 :
1991 1787 2102 1844 quo
2121 1768 2257 1843 quid
2281 1768 2606 1834 absurdius„
2637 1773 2695 1824 et
2718 1769 3090 1841 experientiae

1721 1852 1906 1925 magis
1950 1850 2348 1909 contrarium?
2387 1848 2602 1905 Sufficit
2646 1864 2799 1923 erg0,
2840 1848 2990 1921 quod
3018 1864 3089 1906 ex

1721 1937 1882 2003 parte
1922 1931 2056 1987 victi
2085 1929 2256 1986 detur
2304 1928 2628 1985 resistentia
2655 1928 2941 2000 (quamvis
2967 1944 3087 1985 non

1718 2012 1794 2067 sit
1820 2009 2249 2084 insuperabilis,
2276 2008 2374 2066 sed
2407 2009 2557 2065 vinci
2597 2014 2767 2081 queat
2797 2025 2898 2081 per
2926 2008 3083 2066 vires

1718 2090 1960 2165 agentis)
1989 2095 2050 2146 ut
2076 2089 2168 2145 hic
2194 2087 2255 2144 in
2283 2085 2566 2144 vincendo
2593 2087 2797 2143 habeat
2837 2087 3087 2144 difficul-

1718 2178 1911 2230 tatem.
1947 2173 2017 2226 Et
2035 2169 2189 2227 idem
2210 2174 2294 2227 est
2321 2168 2630 2226 dicendum
2659 2169 2724 2225 in
2746 2169 3082 2236 tentatione;

1717 2268 1855 2309 nam
1883 2249 2164 2325 obiectum
2195 2264 2299 2322 per
2323 2248 2809 2313 convenientiam,
2844 2249 2935 2304 vel
2963 2247 3086 2304 dis-

1714 2332 2178 2391 convenientiam
2198 2347 2371 2403 quam
2412 2328 2597 2395 offert,
2629 2329 2832 2396 allicit,
2866 2329 2957 2386 vel
2979 2327 3084 2387 de-

1715 2419 1892 2473 terret
1940 2418 2207 2470 naturam
2253 2433 2266 2468 :
2313 2418 2370 2468 et
2396 2412 2500 2467 hac
2540 2411 2762 2467 ratione
2809 2411 3084 2483 importat

1714 2497 2102 2555 difficultatem
2122 2495 2182 2550 in
2197 2495 2285 2550 sui
2304 2495 2453 2569 fuga,
2476 2495 2567 2550 vel
2594 2493 3037 2566 prosequutione
3066 2515 3079 2549 :

1712 2594 1885 2652 quam
1906 2577 2296 2634 difficultatem
2324 2574 2661 2649 objectivam
2692 2590 2813 2631 non
2837 2575 3082 2647 impedit

1712 2660 1917 2733 gratia,
1948 2657 2046 2715 sed
2076 2658 2258 2730 ipsam
2287 2671 2582 2729 apparere,
2619 2670 2840 2728 urgere,
2874 2671 2938 2711 ac
2983 2671 3081 2733 so-

1714 2740 1937 2796 licitare
1964 2736 2247 2811 permittit
2279 2757 2292 2791 ε
2324 2740 2553 2808 praestat
2579 2741 2791 2801 tamen,
2823 2735 2873 2790 si
2920 2735 3082 2791 suffi-

1711 2820 1867 2879 ciens
1888 2821 1979 2888 sit,
1999 2819 2154 2876 vires
2174 2816 2532 2885 sufficientes,
2559 2815 2767 2890 quibus
2796 2817 3079 2889 possimus

1711 2902 1820 2974 ipsi
1845 2901 2140 2967 resistere;
2164 2903 2221 2955 et
2239 2898 2288 2954 si
2315 2898 2511 2955 efficax
2539 2898 2731 2962 fuerit,
2764 2897 2860 2953 dat
2886 2896 3076 2955 effica-

1709 2983 1880 3050 ciam,
1908 2988 1970 3037 ut
1995 2986 2119 3038 actu
2143 2980 2463 3037 vincamus.

1786 3062 1949 3119 Unde
1989 3067 2141 3135 patet
2185 3061 2254 3117 ad
2283 3066 2655 3137 augmentum
2701 3058 3068 3116 difficultatis.

1709 3144 1780 3198 Et
1799 3143 2128 3215 exemplum
2159 3140 2222 3197 in
2247 3142 2604 3198 contrarium
2635 3139 2945 3197 adductum
2976 3139 3076 3195 ni—

1708 3224 1793 3280 hil
1825 3222 2025 3298 probat
2052 3227 2211 3278 :tum
2246 3221 2382 3295 quia
2408 3220 2520 3278 dici
2545 3226 2742 3293 potest,
2770 3219 3073 3275 difficulta-

1708 3308 1823 3360 tem
1866 3307 2153 3376 repertam
2196 3301 2258 3357 in
2287 3300 2534 3358 videndo
2562 3304 2741 3358 Deum
2773 3300 2836 3356 in
2863 3298 3068 3370 seips0,

1706 3384 1863 3440 vinci
1891 3383 2121 3457 quidem
2162 3381 2466 3437 causaliter
2495 3398 2596 3453 per
2623 3382 2821 3437 lumen
2847 3379 3069 3452 gloriae,

1705 3463 1804 3520 sed
1845 3479 1964 3521 non
2012 3461 2165 3519 vinci
2214 3461 2556 3525 formaliter,
2592 3461 2706 3517 nisi
2754 3474 2855 3531 per
2885 3460 3072 3530 ipsam

1705 3543 1992 3600 visionem
2019 3542 2090 3599 ab
2118 3541 2408 3598 intellectu
2437 3539 2686 3596 elicitam
2723 3545 2922 3610 :atque
2944 3536 3072 3595 ideo

1705 3623 2061 3680 intellectum
2110 3622 2332 3678 lumine
2375 3619 2574 3693 gloriae
2620 3617 2940 3690 perfusum,
2979 3617 3074 3673 vi-

1702 3700 1893 3759 dendo
1937 3702 2169 3757 vincere
2196 3699 2524 3756 formaliter
2555 3699 2718 3753 illam
2766 3696 3073 3753 difficulta-

1704 3788 1842 3849 tem,
1869 3782 2015 3838 sicut
2039 3796 2214 3853 supra
2235 3778 2564 3836 dicebamus
2585 3778 2654 3834 de
2670 3776 2907 3833 homine
2931 3794 3073 3849 prae-

1705 3867 1861 3920 moto
1882 3878 1983 3935 per
2005 3859 2291 3917 auxilium
2315 3858 2530 3915 efficax.
2549 3860 2696 3913 Tum
2717 3858 2914 3924 etiam,
2935 3858 3072 3931 quia

1705 3945 2029 4002 intellectus
2057 3958 2156 4016 per
2185 3944 2383 3999 lumen
2409 3940 2609 4015 gloriae
2649 3939 3072 3996 determinatur

1705 4042 1808 4100 per
1829 4025 2066 4084 modum
2085 4024 2352 4098 potentiae
2369 4022 2652 4080 naturalis
2667 4020 2736 4077 ad
2755 4020 3069 4078 videndum

1702 4112 1884 4165 Deum
1915 4108 1978 4164 in
1997 4108 2201 4180 seipso,
2236 4122 2338 4163 nec
2358 4104 2528 4162 habet
2562 4108 2895 4177 potestatem
2933 4119 3069 4176 pro-

1702 4189 1924 4246 ximam
1973 4187 2041 4244 ad
2087 4186 2412 4260 oppositum
2467 4207 2479 4241 ε
2510 4183 2663 4242 unde
2708 4189 2863 4240 caret
2903 4184 3068 4240 'omni

1702 4267 2034 4325 difficultate
2062 4266 2294 4333 morali,
2326 4266 2472 4323 sicut
2496 4270 2552 4321 et
2579 4263 2873 4330 libertate;
2903 4267 3071 4336 atque

1703 4346 1833 4405 ideo
1861 4346 2193 4420 praedictum
2243 4347 2444 4402 lumen
2482 4343 2873 4400 difficultatem
2902 4341 3068 4398 illam

1699 4431 1947 4499 superat,
1980 4430 2040 4482 ut
2069 4425 2342 4483 meritum
2371 4425 2548 4482 etiam
2575 4420 2857 4479 excludat.
2891 4423 3068 4479 Caete-

1701 4523 1833 4565 rum
1865 4506 2150 4563 auxilium
2197 4505 2394 4562 efficax
2439 4519 2556 4560 non
2601 4503 2683 4559 sic
2721 4501 3070 4559 determinat

1701 4589 2059 4646 voluntatem
2083 4587 2152 4644 ad
2174 4586 2478 4643 victoriam
2494 4584 2689 4659 gravis
2710 4584 3065 4651 tentationis;

1697 4671 1797 4729 sed
1829 4670 2127 4742 relinquit,
2156 4675 2218 4725 ut
2256 4684 2403 4741 saepe
2431 4667 2700 4731 diximuS,
2734 4669 3065 4738 potestatem

1700 4752 2031 4826 proximam
2054 4751 2123 4809 ad
2150 4748 2605 4825 prosequendum
2633 4746 2913 4821 objectum
2939 4752 3059 4805 ten-

1698 4835 1958 4910 tationis,
2005 4832 2158 4908 quod
2202 4832 2381 4888 simul
2426 4831 2601 4888 etiam
2629 4846 2906 4903 apparere
2932 4846 3068 4903 per-

1700 4916 1881 4974 mittit
1907 4936 1920 4971 :
1951 4912 2328 4993 quamobrem
2357 4911 2438 4968 ita
2466 4916 2690 4985 praestat
2716 4911 2942 4968 homini
2963 4928 3066 4969 su-

1697 5012 1902 5072 perare
1922 5011 2160 5070 gravem
2188 4992 2585 5059 tentationem,
2615 4991 2764 5064 quod
2788 4992 3062 5049 meritum

1698 5078 1973 5145 victoriae,
2005 5075 2152 5132 sicut
2190 5079 2247 5132 et
2292 5074 2544 5131 victoriae
2590 5071 2914 5130 libertatem
2945 5089 3061 5131 non
