<?xml version="1.0" encoding="UTF-8"?>
<!DOCTYPE html PUBLIC "-//W3C//DTD XHTML 1.0 Transitional//EN"
    "http://www.w3.org/TR/xhtml1/DTD/xhtml1-transitional.dtd">
<html xmlns="http://www.w3.org/1999/xhtml" xml:lang="en" lang="en">
 <head>
  <title>
</title>
<meta http-equiv="Content-Type" content="text/html;charset=utf-8" />
  <meta name='ocr-system' content='tesseract 3.04.00' />
  <meta name='ocr-capabilities' content='ocr_page ocr_carea ocr_par ocr_line ocrx_word'/>
</head>
<body>
  <div class='ocr_page' id='page_1' title='image "./collegiisalmant00carmgoog_0406.png"; bbox 0 0 3647 5753; ppageno 0'>
   <div class='ocr_carea' id='block_1_1' title="bbox 272 1494 453 1645">
    <p class='ocr_par' dir='ltr' id='par_1_1' title="bbox 272 1494 453 1645">
     <span class='ocr_line' id='line_1_1' title="bbox 272 1494 453 1539; baseline 0 0"><span class='ocrx_word' id='word_1_1' title='bbox 272 1494 453 1539; x_wconf 86' lang='lat' dir='ltr'>Primum</span> 
     </span>
     <span class='ocr_line' id='line_1_2' title="bbox 319 1544 421 1588; baseline 0.01 -1"><span class='ocrx_word' id='word_1_2' title='bbox 319 1544 421 1588; x_wconf 82' lang='lat' dir='ltr'>cnu-</span> 
     </span>
     <span class='ocr_line' id='line_1_3' title="bbox 298 1594 424 1645; baseline 0.009 -7"><span class='ocrx_word' id='word_1_3' title='bbox 298 1594 424 1645; x_wconf 69' lang='lat' dir='ltr'><strong>flium</strong></span> 
     </span>
    </p>
   </div>
   <div class='ocr_carea' id='block_1_2' title="bbox 264 2383 498 2478">
    <p class='ocr_par' dir='ltr' id='par_1_2' title="bbox 264 2383 498 2478">
     <span class='ocr_line' id='line_1_4' title="bbox 264 2383 498 2427; baseline 0 -1"><span class='ocrx_word' id='word_1_4' title='bbox 264 2383 445 2427; x_wconf 80' lang='lat' dir='ltr'>Praeclu-</span> <span class='ocrx_word' id='word_1_5' title='bbox 489 2405 498 2415; x_wconf 91' lang='lat'>·</span> 
     </span>
     <span class='ocr_line' id='line_1_5' title="bbox 303 2433 428 2478; baseline 0.008 -3"><span class='ocrx_word' id='word_1_6' title='bbox 303 2433 428 2478; x_wconf 86' lang='lat' dir='ltr'>ditur.</span> 
     </span>
    </p>
   </div>
   <div class='ocr_carea' id='block_1_3' title="bbox 462 420 2361 521">
    <p class='ocr_par' dir='ltr' id='par_1_3' title="bbox 462 420 2361 521">
     <span class='ocr_line' id='line_1_6' title="bbox 462 420 2361 521; baseline -0.003 -39"><span class='ocrx_word' id='word_1_7' title='bbox 462 426 589 521; x_wconf 34' lang='lat'><strong>‘384</strong></span> <span class='ocrx_word' id='word_1_8' title='bbox 1406 425 1500 479; x_wconf 84' lang='lat' dir='ltr'>DE</span> <span class='ocrx_word' id='word_1_9' title='bbox 1536 424 1566 477; x_wconf 88' lang='lat' dir='ltr'>J</span> <span class='ocrx_word' id='word_1_10' title='bbox 1571 421 2118 479; x_wconf 84' lang='lat' dir='ltr'>USTIFICATIONE</span> <span class='ocrx_word' id='word_1_11' title='bbox 2158 420 2361 477; x_wconf 87' lang='grc' dir='ltr'><strong>ΙΜΡῙῙ.</strong></span> 
     </span>
    </p>
   </div>
   <div class='ocr_carea' id='block_1_4' title="bbox 475 593 1842 2848">
    <p class='ocr_par' dir='ltr' id='par_1_4' title="bbox 479 593 1842 1459">
     <span class='ocr_line' id='line_1_7' title="bbox 480 593 1840 669; baseline 0 -19"><span class='ocrx_word' id='word_1_12' title='bbox 480 594 642 659; x_wconf 89' lang='lat' dir='ltr'>tiam,</span> <span class='ocrx_word' id='word_1_13' title='bbox 673 597 729 650; x_wconf 88' lang='lat' dir='ltr'>et</span> <span class='ocrx_word' id='word_1_14' title='bbox 760 593 911 668; x_wconf 90' lang='lat' dir='ltr'>quod</span> <span class='ocrx_word' id='word_1_15' title='bbox 950 610 1068 651; x_wconf 92' lang='lat' dir='ltr'>non</span> <span class='ocrx_word' id='word_1_16' title='bbox 1107 593 1384 669; x_wconf 82' lang='lat' dir='ltr'><strong>diligatur</strong></span> <span class='ocrx_word' id='word_1_17' title='bbox 1422 594 1765 667; x_wconf 90' lang='lat' dir='ltr'>simpliciter</span> <span class='ocrx_word' id='word_1_18' title='bbox 1804 609 1840 650; x_wconf 91' lang='lat' dir='ltr'>a</span> 
     </span>
     <span class='ocr_line' id='line_1_8' title="bbox 480 674 1834 749; baseline 0 -20"><span class='ocrx_word' id='word_1_19' title='bbox 480 676 614 739; x_wconf 87' lang='lat' dir='ltr'>Deo,</span> <span class='ocrx_word' id='word_1_20' title='bbox 640 674 862 746; x_wconf 78' lang='lat' dir='ltr'>ipsique</span> <span class='ocrx_word' id='word_1_21' title='bbox 885 675 1304 733; x_wconf 81' lang='lat' dir='ltr'>reconcilietur.</span> <span class='ocrx_word' id='word_1_22' title='bbox 1333 675 1480 731; x_wconf 90' lang='lat' dir='ltr'>Hinc</span> <span class='ocrx_word' id='word_1_23' title='bbox 1500 674 1710 749; x_wconf 80' lang='lat' dir='ltr'><strong>factum</strong></span> <span class='ocrx_word' id='word_1_24' title='bbox 1729 679 1834 741; x_wconf 90' lang='lat' dir='ltr'>est,</span> 
     </span>
     <span class='ocr_line' id='line_1_9' title="bbox 481 744 1841 827; baseline 0.003 -19"><span class='ocrx_word' id='word_1_25' title='bbox 481 758 545 809; x_wconf 91' lang='lat' dir='ltr'>ut</span> <span class='ocrx_word' id='word_1_26' title='bbox 567 754 754 827; x_wconf 90' lang='lat' dir='ltr'><strong>gratia</strong></span> <span class='ocrx_word' id='word_1_27' title='bbox 793 754 1105 812; x_wconf 81' lang='lat' dir='ltr'><strong>habitualis</strong></span> <span class='ocrx_word' id='word_1_28' title='bbox 1142 756 1548 821; x_wconf 91' lang='lat' dir='ltr'>communiter,</span> <span class='ocrx_word' id='word_1_29' title='bbox 1588 744 1647 814; x_wconf 84' lang='lat' dir='ltr'>et</span> <span class='ocrx_word' id='word_1_30' title='bbox 1671 759 1841 812; x_wconf 89' lang='lat' dir='ltr'>anto-</span> 
     </span>
     <span class='ocr_line' id='line_1_10' title="bbox 480 834 1835 910; baseline 0.004 -22"><span class='ocrx_word' id='word_1_31' title='bbox 480 834 795 892; x_wconf 89' lang='lat' dir='ltr'>nomastice</span> <span class='ocrx_word' id='word_1_32' title='bbox 815 836 1135 909; x_wconf 81' lang='lat' dir='ltr'>appelletur</span> <span class='ocrx_word' id='word_1_33' title='bbox 1149 839 1339 909; x_wconf 68' lang='lat' dir='ltr'><strong>,qratia</strong></span> <span class='ocrx_word' id='word_1_34' title='bbox 1358 844 1582 909; x_wconf 66' lang='lat' dir='ltr'>,oratum</span> <span class='ocrx_word' id='word_1_35' title='bbox 1604 837 1835 910; x_wconf 77' lang='lat' dir='ltr'>faciens,</span> 
     </span>
     <span class='ocr_line' id='line_1_11' title="bbox 480 913 1836 994; baseline 0.002 -25"><span class='ocrx_word' id='word_1_36' title='bbox 480 916 544 969; x_wconf 91' lang='lat' dir='ltr'>ut</span> <span class='ocrx_word' id='word_1_37' title='bbox 564 913 816 986; x_wconf 90' lang='lat' dir='ltr'>loquitur</span> <span class='ocrx_word' id='word_1_38' title='bbox 830 916 1035 972; x_wconf 93' lang='lat' dir='ltr'>Doctor</span> <span class='ocrx_word' id='word_1_39' title='bbox 1060 917 1296 974; x_wconf 90' lang='lat' dir='ltr'>Sanctus</span> <span class='ocrx_word' id='word_1_40' title='bbox 1312 932 1486 989; x_wconf 91' lang='lat' dir='ltr'><strong>supra</strong></span> <span class='ocrx_word' id='word_1_41' title='bbox 1504 923 1684 994; x_wconf 61' lang='lat' dir='ltr'>quast.</span> <span class='ocrx_word' id='word_1_42' title='bbox 1713 916 1836 981; x_wconf 90' lang='lat'>111,</span> 
     </span>
     <span class='ocr_line' id='line_1_12' title="bbox 479 995 1841 1068; baseline 0.002 -20"><span class='ocrx_word' id='word_1_43' title='bbox 479 1000 592 1049; x_wconf 85' lang='lat' dir='ltr'>art.</span> <span class='ocrx_word' id='word_1_44' title='bbox 632 995 650 1049; x_wconf 95' lang='lat' dir='ltr'><strong>l</strong></span> <span class='ocrx_word' id='word_1_45' title='bbox 698 996 760 1049; x_wconf 82' lang='lat' dir='ltr'>in</span> <span class='ocrx_word' id='word_1_46' title='bbox 787 1012 931 1068; x_wconf 85' lang='lat' dir='ltr'>corp.</span> <span class='ocrx_word' id='word_1_47' title='bbox 962 1003 1012 1051; x_wconf 85' lang='lat' dir='ltr'>et</span> <span class='ocrx_word' id='word_1_48' title='bbox 1038 997 1114 1051; x_wconf 86' lang='lat' dir='ltr'>ad</span> <span class='ocrx_word' id='word_1_49' title='bbox 1148 998 1193 1062; x_wconf 92' lang='lat'>1.‚</span> <span class='ocrx_word' id='word_1_50' title='bbox 1227 996 1324 1053; x_wconf 91' lang='lat' dir='ltr'>ubi</span> <span class='ocrx_word' id='word_1_51' title='bbox 1353 997 1433 1053; x_wconf 90' lang='lat' dir='ltr'>ait</span> <span class='ocrx_word' id='word_1_52' title='bbox 1458 1018 1472 1053; x_wconf 73' lang='grc' dir='ltr'>ι</span> <span class='ocrx_word' id='word_1_53' title='bbox 1504 995 1704 1053; x_wconf 79' lang='lat' dir='ltr'>Gratia</span> <span class='ocrx_word' id='word_1_54' title='bbox 1731 1014 1841 1051; x_wconf 80' lang='lat' dir='ltr'>non</span> 
     </span>
     <span class='ocr_line' id='line_1_13' title="bbox 479 1075 1842 1152; baseline 0.004 -23"><span class='ocrx_word' id='word_1_55' title='bbox 479 1075 687 1132; x_wconf 80' lang='lat' dir='ltr'>dicitur</span> <span class='ocrx_word' id='word_1_56' title='bbox 717 1077 899 1148; x_wconf 80' lang='lat' dir='ltr'>facere</span> <span class='ocrx_word' id='word_1_57' title='bbox 927 1086 1152 1148; x_wconf 73' lang='lat' dir='ltr'><strong>yratum</strong></span> <span class='ocrx_word' id='word_1_58' title='bbox 1177 1080 1433 1152; x_wconf 77' lang='lat' dir='ltr'>effective,</span> <span class='ocrx_word' id='word_1_59' title='bbox 1464 1079 1556 1135; x_wconf 82' lang='lat' dir='ltr'>sed</span> <span class='ocrx_word' id='word_1_60' title='bbox 1578 1080 1842 1151; x_wconf 78' lang='lat' dir='ltr'><strong>formali-</strong></span> 
     </span>
     <span class='ocr_line' id='line_1_14' title="bbox 481 1157 1842 1234; baseline 0.002 -23"><span class='ocrx_word' id='word_1_61' title='bbox 481 1162 580 1220; x_wconf 81' lang='lat' dir='ltr'>ter,</span> <span class='ocrx_word' id='word_1_62' title='bbox 600 1158 732 1234; x_wconf 83' lang='lat' dir='ltr'><strong>quia</strong></span> <span class='ocrx_word' id='word_1_63' title='bbox 747 1174 848 1229; x_wconf 83' lang='lat' dir='ltr'>per</span> <span class='ocrx_word' id='word_1_64' title='bbox 866 1157 1010 1213; x_wconf 73' lang='lat' dir='ltr'>hanc</span> <span class='ocrx_word' id='word_1_65' title='bbox 1029 1158 1555 1231; x_wconf 76' lang='lat' dir='ltr'>homojustificatur,</span> <span class='ocrx_word' id='word_1_66' title='bbox 1572 1166 1622 1214; x_wconf 85' lang='lat' dir='ltr'>et</span> <span class='ocrx_word' id='word_1_67' title='bbox 1642 1159 1842 1229; x_wconf 74' lang='lat' dir='ltr'>diynus</span> 
     </span>
     <span class='ocr_line' id='line_1_15' title="bbox 479 1236 1842 1310; baseline 0.002 -19"><span class='ocrx_word' id='word_1_68' title='bbox 479 1236 716 1310; x_wconf 81' lang='lat' dir='ltr'>efficitur</span> <span class='ocrx_word' id='word_1_69' title='bbox 753 1239 943 1293; x_wconf 79' lang='lat' dir='ltr'>vocari</span> <span class='ocrx_word' id='word_1_70' title='bbox 986 1236 1099 1294; x_wconf 81' lang='lat' dir='ltr'>Deo</span> <span class='ocrx_word' id='word_1_71' title='bbox 1121 1246 1335 1309; x_wconf 74' lang='lat' dir='ltr'><strong>yratus,</strong></span> <span class='ocrx_word' id='word_1_72' title='bbox 1366 1239 1660 1297; x_wconf 79' lang='lat' dir='ltr'>secundum</span> <span class='ocrx_word' id='word_1_73' title='bbox 1699 1239 1842 1294; x_wconf 82' lang='lat' dir='ltr'>illud</span> 
     </span>
     <span class='ocr_line' id='line_1_16' title="bbox 481 1315 1841 1394; baseline 0.003 -21"><span class='ocrx_word' id='word_1_74' title='bbox 481 1317 558 1373; x_wconf 86' lang='lat' dir='ltr'>ad</span> <span class='ocrx_word' id='word_1_75' title='bbox 584 1315 886 1374; x_wconf 80' lang='lat' dir='ltr'>Colossens.</span> <span class='ocrx_word' id='word_1_76' title='bbox 925 1321 943 1374; x_wconf 94' lang='lat' dir='ltr'><strong>l</strong></span> <span class='ocrx_word' id='word_1_77' title='bbox 973 1321 1215 1390; x_wconf 64' lang='lat' dir='ltr'>:Dignos</span> <span class='ocrx_word' id='word_1_78' title='bbox 1240 1338 1338 1378; x_wconf 79' lang='lat' dir='ltr'>nos</span> <span class='ocrx_word' id='word_1_79' title='bbox 1376 1323 1506 1394; x_wconf 82' lang='lat' dir='ltr'>fecit</span> <span class='ocrx_word' id='word_1_80' title='bbox 1540 1322 1602 1376; x_wconf 82' lang='lat' dir='ltr'>in</span> <span class='ocrx_word' id='word_1_81' title='bbox 1624 1326 1841 1393; x_wconf 79' lang='lat' dir='ltr'>partem</span> 
     </span>
     <span class='ocr_line' id='line_1_17' title="bbox 481 1398 1330 1459; baseline 0.004 -4"><span class='ocrx_word' id='word_1_82' title='bbox 481 1401 646 1455; x_wconf 77' lang='lat' dir='ltr'>sortis</span> <span class='ocrx_word' id='word_1_83' title='bbox 663 1398 997 1457; x_wconf 82' lang='lat' dir='ltr'>Sanctorum</span> <span class='ocrx_word' id='word_1_84' title='bbox 1023 1404 1085 1457; x_wconf 74' lang='lat' dir='ltr'>in</span> <span class='ocrx_word' id='word_1_85' title='bbox 1105 1403 1330 1459; x_wconf 79' lang='lat' dir='ltr'>lumine.</span> 
     </span>
    </p>

    <p class='ocr_par' dir='ltr' id='par_1_5' title="bbox 478 1482 1842 2366">
     <span class='ocr_line' id='line_1_18' title="bbox 565 1482 1842 1557; baseline 0.002 -20"><span class='ocrx_word' id='word_1_86' title='bbox 565 1482 686 1538; x_wconf 81' lang='grc'><strong>124.</strong></span> <span class='ocrx_word' id='word_1_87' title='bbox 718 1484 830 1538; x_wconf 92' lang='lat' dir='ltr'>Nec</span> <span class='ocrx_word' id='word_1_88' title='bbox 850 1482 1122 1539; x_wconf 83' lang='lat' dir='ltr'><strong>satisfacit</strong></span> <span class='ocrx_word' id='word_1_89' title='bbox 1150 1483 1359 1557; x_wconf 90' lang='lat' dir='ltr'>primo,</span> <span class='ocrx_word' id='word_1_90' title='bbox 1389 1484 1439 1541; x_wconf 91' lang='lat' dir='ltr'>si</span> <span class='ocrx_word' id='word_1_91' title='bbox 1460 1501 1590 1541; x_wconf 93' lang='lat' dir='ltr'>cum</span> <span class='ocrx_word' id='word_1_92' title='bbox 1629 1484 1842 1543; x_wconf 89' lang='lat' dir='ltr'>Scotis-</span> 
     </span>
     <span class='ocr_line' id='line_1_19' title="bbox 483 1562 1835 1640; baseline 0.004 -22"><span class='ocrx_word' id='word_1_93' title='bbox 483 1562 575 1628; x_wconf 89' lang='lat' dir='ltr'>tis,</span> <span class='ocrx_word' id='word_1_94' title='bbox 625 1567 683 1618; x_wconf 91' lang='lat' dir='ltr'>et</span> <span class='ocrx_word' id='word_1_95' title='bbox 725 1562 1134 1620; x_wconf 88' lang='lat' dir='ltr'>Nominalibus</span> <span class='ocrx_word' id='word_1_96' title='bbox 1171 1565 1514 1638; x_wconf 83' lang='lat' dir='ltr'>respondeas</span> <span class='ocrx_word' id='word_1_97' title='bbox 1554 1565 1835 1640; x_wconf 88' lang='lat' dir='ltr'>negand0‚</span> 
     </span>
     <span class='ocr_line' id='line_1_20' title="bbox 481 1641 1842 1719; baseline 0.004 -22"><span class='ocrx_word' id='word_1_98' title='bbox 481 1641 727 1717; x_wconf 81' lang='lat' dir='ltr'><strong>gratiam</strong></span> <span class='ocrx_word' id='word_1_99' title='bbox 752 1641 960 1699; x_wconf 88' lang='lat' dir='ltr'>habere</span> <span class='ocrx_word' id='word_1_100' title='bbox 975 1649 1193 1701; x_wconf 90' lang='lat' dir='ltr'>tantam</span> <span class='ocrx_word' id='word_1_101' title='bbox 1217 1645 1645 1718; x_wconf 79' lang='lat' dir='ltr'>perfectionem,</span> <span class='ocrx_word' id='word_1_102' title='bbox 1663 1663 1842 1719; x_wconf 90' lang='lat' dir='ltr'><strong>quan-</strong></span> 
     </span>
     <span class='ocr_line' id='line_1_21' title="bbox 481 1722 1841 1794; baseline 0.004 -15"><span class='ocrx_word' id='word_1_103' title='bbox 481 1729 600 1779; x_wconf 89' lang='lat' dir='ltr'>tam</span> <span class='ocrx_word' id='word_1_104' title='bbox 624 1722 733 1794; x_wconf 91' lang='lat' dir='ltr'>ipsi</span> <span class='ocrx_word' id='word_1_105' title='bbox 754 1722 1153 1792; x_wconf 90' lang='lat' dir='ltr'>attribuimus;</span> <span class='ocrx_word' id='word_1_106' title='bbox 1178 1727 1270 1784; x_wconf 82' lang='lat' dir='ltr'>vel</span> <span class='ocrx_word' id='word_1_107' title='bbox 1297 1726 1509 1784; x_wconf 89' lang='lat' dir='ltr'>habere</span> <span class='ocrx_word' id='word_1_108' title='bbox 1533 1743 1605 1784; x_wconf 86' lang='lat' dir='ltr'>ex</span> <span class='ocrx_word' id='word_1_109' title='bbox 1633 1732 1841 1784; x_wconf 89' lang='lat' dir='ltr'><strong>natura</strong></span> 
     </span>
     <span class='ocr_line' id='line_1_22' title="bbox 479 1801 1834 1883; baseline 0.004 -25"><span class='ocrx_word' id='word_1_110' title='bbox 479 1820 602 1869; x_wconf 89' lang='lat' dir='ltr'><strong>sua,</strong></span> <span class='ocrx_word' id='word_1_111' title='bbox 621 1801 772 1874; x_wconf 90' lang='lat' dir='ltr'>quod</span> <span class='ocrx_word' id='word_1_112' title='bbox 789 1803 1082 1861; x_wconf 91' lang='lat' dir='ltr'>hominem</span> <span class='ocrx_word' id='word_1_113' title='bbox 1100 1806 1423 1863; x_wconf 81' lang='lat' dir='ltr'>formaliter</span> <span class='ocrx_word' id='word_1_114' title='bbox 1451 1810 1565 1865; x_wconf 91' lang='lat' dir='ltr'>Deo</span> <span class='ocrx_word' id='word_1_115' title='bbox 1583 1813 1834 1883; x_wconf 87' lang='lat' dir='ltr'><strong>gratum,</strong></span> 
     </span>
     <span class='ocr_line' id='line_1_23' title="bbox 480 1884 1841 1964; baseline 0.001 -21"><span class='ocrx_word' id='word_1_116' title='bbox 480 1892 536 1943; x_wconf 94' lang='lat' dir='ltr'>et</span> <span class='ocrx_word' id='word_1_117' title='bbox 562 1884 841 1959; x_wconf 89' lang='lat' dir='ltr'>objectum</span> <span class='ocrx_word' id='word_1_118' title='bbox 864 1886 1064 1945; x_wconf 85' lang='lat' dir='ltr'>divino</span> <span class='ocrx_word' id='word_1_119' title='bbox 1083 1890 1268 1945; x_wconf 87' lang='lat' dir='ltr'><strong>amori</strong></span> <span class='ocrx_word' id='word_1_120' title='bbox 1291 1905 1610 1964; x_wconf 86' lang='lat' dir='ltr'>congruum</span> <span class='ocrx_word' id='word_1_121' title='bbox 1634 1890 1841 1947; x_wconf 90' lang='lat' dir='ltr'>consti-</span> 
     </span>
     <span class='ocr_line' id='line_1_24' title="bbox 480 1966 1840 2041; baseline 0.004 -19"><span class='ocrx_word' id='word_1_122' title='bbox 480 1970 622 2022; x_wconf 89' lang='lat' dir='ltr'>tuat.</span> <span class='ocrx_word' id='word_1_123' title='bbox 646 1966 994 2023; x_wconf 78' lang='lat' dir='ltr'><strong>Existimant</strong></span> <span class='ocrx_word' id='word_1_124' title='bbox 1019 1969 1229 2041; x_wconf 90' lang='lat' dir='ltr'>quippe</span> <span class='ocrx_word' id='word_1_125' title='bbox 1256 1969 1298 2025; x_wconf 91' lang='lat' dir='ltr'>ii</span> <span class='ocrx_word' id='word_1_126' title='bbox 1328 1970 1612 2028; x_wconf 88' lang='lat' dir='ltr'>Authores</span> <span class='ocrx_word' id='word_1_127' title='bbox 1654 1971 1840 2028; x_wconf 90' lang='lat' dir='ltr'>multo</span> 
     </span>
     <span class='ocr_line' id='line_1_25' title="bbox 481 2047 1836 2125; baseline 0.002 -21"><span class='ocrx_word' id='word_1_128' title='bbox 481 2047 845 2122; x_wconf 85' lang='lat' dir='ltr'>abjectiorem</span> <span class='ocrx_word' id='word_1_129' title='bbox 872 2064 993 2106; x_wconf 91' lang='lat' dir='ltr'>esse</span> <span class='ocrx_word' id='word_1_130' title='bbox 1021 2049 1189 2125; x_wconf 88' lang='lat' dir='ltr'><strong>hujus</strong></span> <span class='ocrx_word' id='word_1_131' title='bbox 1214 2052 1508 2124; x_wconf 86' lang='lat' dir='ltr'><strong>qualitatis</strong></span> <span class='ocrx_word' id='word_1_132' title='bbox 1529 2057 1799 2109; x_wconf 87' lang='lat' dir='ltr'><strong>naturam</strong></span> <span class='ocrx_word' id='word_1_133' title='bbox 1820 2074 1836 2119; x_wconf 89' lang='lat'>;</span> 
     </span>
     <span class='ocr_line' id='line_1_26' title="bbox 479 2128 1841 2201; baseline 0.001 -15"><span class='ocrx_word' id='word_1_134' title='bbox 479 2128 647 2186; x_wconf 88' lang='lat' dir='ltr'>evehi</span> <span class='ocrx_word' id='word_1_135' title='bbox 664 2133 854 2185; x_wconf 90' lang='lat' dir='ltr'>autem</span> <span class='ocrx_word' id='word_1_136' title='bbox 877 2128 947 2185; x_wconf 98' lang='lat' dir='ltr'>ad</span> <span class='ocrx_word' id='word_1_137' title='bbox 971 2129 1267 2201; x_wconf 81' lang='lat' dir='ltr'>praedictos</span> <span class='ocrx_word' id='word_1_138' title='bbox 1285 2131 1512 2189; x_wconf 83' lang='lat' dir='ltr'>effectus</span> <span class='ocrx_word' id='word_1_139' title='bbox 1532 2148 1601 2189; x_wconf 87' lang='lat' dir='ltr'>ex</span> <span class='ocrx_word' id='word_1_140' title='bbox 1622 2132 1841 2188; x_wconf 85' lang='lat' dir='ltr'>extrin-</span> 
     </span>
     <span class='ocr_line' id='line_1_27' title="bbox 478 2211 1841 2286; baseline 0.001 -19"><span class='ocrx_word' id='word_1_141' title='bbox 478 2226 604 2267; x_wconf 90' lang='lat' dir='ltr'>seca</span> <span class='ocrx_word' id='word_1_142' title='bbox 652 2212 750 2266; x_wconf 88' lang='lat' dir='ltr'>Dei</span> <span class='ocrx_word' id='word_1_143' title='bbox 797 2211 1160 2283; x_wconf 85' lang='lat' dir='ltr'>providentia</span> <span class='ocrx_word' id='word_1_144' title='bbox 1198 2213 1365 2270; x_wconf 90' lang='lat' dir='ltr'><strong>illam</strong></span> <span class='ocrx_word' id='word_1_145' title='bbox 1413 2229 1517 2286; x_wconf 86' lang='lat' dir='ltr'>pro</span> <span class='ocrx_word' id='word_1_146' title='bbox 1557 2211 1723 2270; x_wconf 90' lang='lat' dir='ltr'>libito</span> <span class='ocrx_word' id='word_1_147' title='bbox 1760 2213 1841 2269; x_wconf 91' lang='lat' dir='ltr'>sic</span> 
     </span>
     <span class='ocr_line' id='line_1_28' title="bbox 480 2294 1314 2366; baseline 0.002 -16"><span class='ocrx_word' id='word_1_148' title='bbox 480 2294 876 2366; x_wconf 89' lang='lat' dir='ltr'>appretiantis‚</span> <span class='ocrx_word' id='word_1_149' title='bbox 902 2300 958 2351; x_wconf 88' lang='lat' dir='ltr'>et</span> <span class='ocrx_word' id='word_1_150' title='bbox 981 2296 1314 2352; x_wconf 85' lang='lat' dir='ltr'>valorantis.</span> 
     </span>
    </p>

    <p class='ocr_par' dir='ltr' id='par_1_6' title="bbox 475 2374 1840 2848">
     <span class='ocr_line' id='line_1_29' title="bbox 552 2374 1834 2447; baseline 0.002 -18"><span class='ocrx_word' id='word_1_151' title='bbox 552 2376 700 2441; x_wconf 91' lang='lat' dir='ltr'>Non,</span> <span class='ocrx_word' id='word_1_152' title='bbox 746 2374 1005 2446; x_wconf 87' lang='lat' dir='ltr'>inquam,</span> <span class='ocrx_word' id='word_1_153' title='bbox 1046 2375 1324 2432; x_wconf 81' lang='lat' dir='ltr'><strong>satisfacit</strong></span> <span class='ocrx_word' id='word_1_154' title='bbox 1363 2375 1480 2432; x_wconf 82' lang='lat' dir='ltr'>haec</span> <span class='ocrx_word' id='word_1_155' title='bbox 1520 2374 1834 2447; x_wconf 87' lang='lat' dir='ltr'>responsi0‚</span> 
     </span>
     <span class='ocr_line' id='line_1_30' title="bbox 475 2453 1840 2528; baseline 0 -19"><span class='ocrx_word' id='word_1_156' title='bbox 475 2453 575 2512; x_wconf 92' lang='lat' dir='ltr'>sed</span> <span class='ocrx_word' id='word_1_157' title='bbox 600 2455 872 2527; x_wconf 71' lang='lat' dir='ltr'><strong>praeclusa</strong></span> <span class='ocrx_word' id='word_1_158' title='bbox 898 2460 1095 2512; x_wconf 89' lang='lat' dir='ltr'>manet</span> <span class='ocrx_word' id='word_1_159' title='bbox 1119 2471 1189 2511; x_wconf 83' lang='lat' dir='ltr'>ex</span> <span class='ocrx_word' id='word_1_160' title='bbox 1218 2455 1383 2512; x_wconf 88' lang='lat' dir='ltr'>dictis</span> <span class='ocrx_word' id='word_1_161' title='bbox 1411 2457 1533 2513; x_wconf 92' lang='lat' dir='ltr'>loco</span> <span class='ocrx_word' id='word_1_162' title='bbox 1558 2471 1734 2528; x_wconf 89' lang='lat' dir='ltr'><strong>supra</strong></span> <span class='ocrx_word' id='word_1_163' title='bbox 1754 2454 1840 2510; x_wconf 90' lang='lat' dir='ltr'>ci-</span> 
     </span>
     <span class='ocr_line' id='line_1_31' title="bbox 476 2536 1837 2610; baseline -0.001 -19"><span class='ocrx_word' id='word_1_164' title='bbox 476 2542 593 2594; x_wconf 81' lang='lat' dir='ltr'>tato</span> <span class='ocrx_word' id='word_1_165' title='bbox 631 2538 774 2609; x_wconf 59' lang='lat' dir='ltr'>disp.</span> <span class='ocrx_word' id='word_1_166' title='bbox 818 2539 872 2604; x_wconf 80' lang='lat'>4,</span> <span class='ocrx_word' id='word_1_167' title='bbox 905 2538 1016 2609; x_wconf 83' lang='lat' dir='ltr'>sere</span> <span class='ocrx_word' id='word_1_168' title='bbox 1053 2555 1148 2609; x_wconf 82' lang='lat' dir='ltr'>per</span> <span class='ocrx_word' id='word_1_169' title='bbox 1175 2545 1366 2604; x_wconf 84' lang='lat' dir='ltr'>totam,</span> <span class='ocrx_word' id='word_1_170' title='bbox 1393 2536 1490 2593; x_wconf 89' lang='lat' dir='ltr'>ubi</span> <span class='ocrx_word' id='word_1_171' title='bbox 1518 2536 1837 2610; x_wconf 86' lang='lat' dir='ltr'>oppositam</span> 
     </span>
     <span class='ocr_line' id='line_1_32' title="bbox 475 2614 1839 2673; baseline -0.002 -2"><span class='ocrx_word' id='word_1_172' title='bbox 475 2616 800 2673; x_wconf 87' lang='lat' dir='ltr'><strong>doctrinam</strong></span> <span class='ocrx_word' id='word_1_173' title='bbox 840 2616 952 2671; x_wconf 87' lang='lat' dir='ltr'>late</span> <span class='ocrx_word' id='word_1_174' title='bbox 977 2614 1360 2672; x_wconf 79' lang='lat' dir='ltr'><strong>firmavimus,</strong></span> <span class='ocrx_word' id='word_1_175' title='bbox 1392 2620 1556 2672; x_wconf 90' lang='lat' dir='ltr'>Nunc</span> <span class='ocrx_word' id='word_1_176' title='bbox 1581 2614 1839 2671; x_wconf 90' lang='lat' dir='ltr'>breviter</span> 
     </span>
     <span class='ocr_line' id='line_1_33' title="bbox 478 2694 1839 2769; baseline -0.002 -18"><span class='ocrx_word' id='word_1_177' title='bbox 478 2695 781 2752; x_wconf 79' lang='lat' dir='ltr'>refellitur.</span> <span class='ocrx_word' id='word_1_178' title='bbox 814 2695 1024 2762; x_wconf 77' lang='lat' dir='ltr'>Primo,</span> <span class='ocrx_word' id='word_1_179' title='bbox 1069 2697 1204 2769; x_wconf 87' lang='lat' dir='ltr'><strong>quia</strong></span> <span class='ocrx_word' id='word_1_180' title='bbox 1230 2711 1300 2753; x_wconf 87' lang='lat' dir='ltr'>ex</span> <span class='ocrx_word' id='word_1_181' title='bbox 1328 2712 1393 2753; x_wconf 91' lang='lat' dir='ltr'>ea</span> <span class='ocrx_word' id='word_1_182' title='bbox 1423 2701 1615 2768; x_wconf 88' lang='lat' dir='ltr'>aperte</span> <span class='ocrx_word' id='word_1_183' title='bbox 1641 2694 1839 2767; x_wconf 90' lang='lat' dir='ltr'>sequi-</span> 
     </span>
     <span class='ocr_line' id='line_1_34' title="bbox 476 2775 1839 2848; baseline 0 -19"><span class='ocrx_word' id='word_1_184' title='bbox 476 2780 590 2841; x_wconf 91' lang='lat' dir='ltr'>tur,</span> <span class='ocrx_word' id='word_1_185' title='bbox 632 2775 878 2848; x_wconf 79' lang='lat' dir='ltr'><strong>gratiam</strong></span> <span class='ocrx_word' id='word_1_186' title='bbox 920 2790 992 2831; x_wconf 87' lang='lat' dir='ltr'>ex</span> <span class='ocrx_word' id='word_1_187' title='bbox 1031 2780 1240 2831; x_wconf 89' lang='lat' dir='ltr'><strong>natura</strong></span> <span class='ocrx_word' id='word_1_188' title='bbox 1278 2792 1382 2832; x_wconf 88' lang='lat' dir='ltr'>sua</span> <span class='ocrx_word' id='word_1_189' title='bbox 1410 2792 1526 2832; x_wconf 92' lang='lat' dir='ltr'>non</span> <span class='ocrx_word' id='word_1_190' title='bbox 1566 2790 1687 2832; x_wconf 89' lang='lat' dir='ltr'>esse</span> <span class='ocrx_word' id='word_1_191' title='bbox 1716 2775 1839 2830; x_wconf 83' lang='lat' dir='ltr'>for-</span> 
     </span>
    </p>
   </div>
   <div class='ocr_carea' id='block_1_5' title="bbox 349 2852 1837 2930">
    <p class='ocr_par' dir='ltr' id='par_1_7' title="bbox 349 2852 1837 2930">
     <span class='ocr_line' id='line_1_35' title="bbox 349 2852 1837 2930; baseline -0.001 -20"><span class='ocrx_word' id='word_1_192' title='bbox 349 2857 402 2930; x_wconf 46' lang='lat'>5&#39;</span> <span class='ocrx_word' id='word_1_193' title='bbox 478 2869 635 2911; x_wconf 89' lang='lat' dir='ltr'>mam</span> <span class='ocrx_word' id='word_1_194' title='bbox 688 2852 1161 2918; x_wconf 86' lang='lat' dir='ltr'>sanctificantem,</span> <span class='ocrx_word' id='word_1_195' title='bbox 1216 2861 1273 2912; x_wconf 89' lang='lat' dir='ltr'>et</span> <span class='ocrx_word' id='word_1_196' title='bbox 1326 2855 1553 2912; x_wconf 86' lang='lat' dir='ltr'>unicam</span> <span class='ocrx_word' id='word_1_197' title='bbox 1605 2869 1837 2913; x_wconf 88' lang='lat' dir='ltr'><strong>causam</strong></span> 
     </span>
    </p>
   </div>
   <div class='ocr_carea' id='block_1_6' title="bbox 478 2934 1848 5103">
    <p class='ocr_par' dir='ltr' id='par_1_8' title="bbox 478 2934 1848 5103">
     <span class='ocr_line' id='line_1_36' title="bbox 479 2934 1840 3009; baseline 0.001 -20"><span class='ocrx_word' id='word_1_198' title='bbox 479 2934 784 2990; x_wconf 88' lang='lat' dir='ltr'>formalem</span> <span class='ocrx_word' id='word_1_199' title='bbox 827 2940 1034 2991; x_wconf 59' lang='lat' dir='ltr'>nostras</span> <span class='ocrx_word' id='word_1_200' title='bbox 1068 2934 1522 3009; x_wconf 85' lang='lat' dir='ltr'>justificationis;</span> <span class='ocrx_word' id='word_1_201' title='bbox 1562 2940 1617 2993; x_wconf 89' lang='lat' dir='ltr'>et</span> <span class='ocrx_word' id='word_1_202' title='bbox 1645 2934 1840 2992; x_wconf 89' lang='lat' dir='ltr'>homi-</span> 
     </span>
     <span class='ocr_line' id='line_1_37' title="bbox 480 3008 1840 3089; baseline 0 -19"><span class='ocrx_word' id='word_1_203' title='bbox 480 3008 614 3070; x_wconf 83' lang='lat' dir='ltr'>nem</span> <span class='ocrx_word' id='word_1_204' title='bbox 657 3014 844 3086; x_wconf 88' lang='lat' dir='ltr'>potius</span> <span class='ocrx_word' id='word_1_205' title='bbox 879 3014 1180 3089; x_wconf 88' lang='lat' dir='ltr'>justificari</span> <span class='ocrx_word' id='word_1_206' title='bbox 1224 3032 1323 3088; x_wconf 92' lang='lat' dir='ltr'>per</span> <span class='ocrx_word' id='word_1_207' title='bbox 1349 3016 1751 3089; x_wconf 89' lang='lat' dir='ltr'>acceptionem,</span> <span class='ocrx_word' id='word_1_208' title='bbox 1782 3021 1840 3071; x_wconf 91' lang='lat' dir='ltr'>et</span> 
     </span>
     <span class='ocr_line' id='line_1_38' title="bbox 480 3093 1840 3168; baseline 0.001 -19"><span class='ocrx_word' id='word_1_209' title='bbox 480 3093 739 3151; x_wconf 80' lang='lat' dir='ltr'>favorem</span> <span class='ocrx_word' id='word_1_210' title='bbox 774 3095 1160 3151; x_wconf 85' lang='lat' dir='ltr'>extrinsecum</span> <span class='ocrx_word' id='word_1_211' title='bbox 1204 3096 1323 3162; x_wconf 92' lang='lat' dir='ltr'>Dei,</span> <span class='ocrx_word' id='word_1_212' title='bbox 1355 3111 1526 3167; x_wconf 90' lang='lat' dir='ltr'><strong>quam</strong></span> <span class='ocrx_word' id='word_1_213' title='bbox 1570 3111 1670 3168; x_wconf 90' lang='lat' dir='ltr'>per</span> <span class='ocrx_word' id='word_1_214' title='bbox 1713 3095 1840 3164; x_wconf 75' lang='lat' dir='ltr'>for-</span> 
     </span>
     <span class='ocr_line' id='line_1_39' title="bbox 481 3174 1838 3249; baseline 0.001 -20"><span class='ocrx_word' id='word_1_215' title='bbox 481 3188 639 3230; x_wconf 90' lang='lat' dir='ltr'><strong>mam</strong></span> <span class='ocrx_word' id='word_1_216' title='bbox 680 3174 1061 3233; x_wconf 84' lang='lat' dir='ltr'>inhaerentem</span> <span class='ocrx_word' id='word_1_217' title='bbox 1103 3197 1115 3230; x_wconf 87' lang='lat'>:</span> <span class='ocrx_word' id='word_1_218' title='bbox 1144 3174 1294 3249; x_wconf 91' lang='lat' dir='ltr'>quod</span> <span class='ocrx_word' id='word_1_219' title='bbox 1320 3191 1494 3246; x_wconf 88' lang='lat' dir='ltr'><strong>quam</strong></span> <span class='ocrx_word' id='word_1_220' title='bbox 1523 3174 1838 3231; x_wconf 90' lang='lat' dir='ltr'><strong>absurdum</strong></span> 
     </span>
     <span class='ocr_line' id='line_1_40' title="bbox 480 3253 1840 3328; baseline 0.002 -19"><span class='ocrx_word' id='word_1_221' title='bbox 480 3253 575 3320; x_wconf 90' lang='lat' dir='ltr'>sit,</span> <span class='ocrx_word' id='word_1_222' title='bbox 605 3260 884 3326; x_wconf 91' lang='lat' dir='ltr'>quantum</span> <span class='ocrx_word' id='word_1_223' title='bbox 915 3255 1195 3314; x_wconf 85' lang='lat' dir='ltr'>haereticis</span> <span class='ocrx_word' id='word_1_224' title='bbox 1236 3255 1419 3313; x_wconf 88' lang='lat' dir='ltr'>nostri</span> <span class='ocrx_word' id='word_1_225' title='bbox 1446 3255 1722 3328; x_wconf 87' lang='lat' dir='ltr'>temporis</span> <span class='ocrx_word' id='word_1_226' title='bbox 1749 3255 1840 3311; x_wconf 91' lang='lat' dir='ltr'>fa-</span> 
     </span>
     <span class='ocr_line' id='line_1_41' title="bbox 484 3335 1843 3409; baseline 0 -19"><span class='ocrx_word' id='word_1_227' title='bbox 484 3339 630 3400; x_wconf 86' lang='lat' dir='ltr'>veat,</span> <span class='ocrx_word' id='word_1_228' title='bbox 660 3340 718 3391; x_wconf 89' lang='lat' dir='ltr'>et</span> <span class='ocrx_word' id='word_1_229' title='bbox 742 3352 912 3408; x_wconf 92' lang='lat' dir='ltr'><strong>quam</strong></span> <span class='ocrx_word' id='word_1_230' title='bbox 936 3341 1130 3409; x_wconf 88' lang='lat' dir='ltr'>aperte</span> <span class='ocrx_word' id='word_1_231' title='bbox 1149 3336 1423 3393; x_wconf 81' lang='lat' dir='ltr'>doctrinae</span> <span class='ocrx_word' id='word_1_232' title='bbox 1443 3336 1683 3393; x_wconf 89' lang='lat' dir='ltr'>Concilii</span> <span class='ocrx_word' id='word_1_233' title='bbox 1713 3335 1843 3391; x_wconf 90' lang='lat' dir='ltr'>Tri-</span> 
     </span>
     <span class='ocr_line' id='line_1_42' title="bbox 480 3415 1841 3499; baseline 0.003 -28"><span class='ocrx_word' id='word_1_234' title='bbox 480 3415 705 3472; x_wconf 89' lang='lat' dir='ltr'>dentini</span> <span class='ocrx_word' id='word_1_235' title='bbox 747 3416 1099 3484; x_wconf 80' lang='lat' dir='ltr'>adv,ersetur</span> <span class='ocrx_word' id='word_1_236' title='bbox 1144 3418 1282 3474; x_wconf 88' lang='lat' dir='ltr'><strong>satis</strong></span> <span class='ocrx_word' id='word_1_237' title='bbox 1323 3418 1501 3499; x_wconf 92' lang='lat' dir='ltr'>liquet</span> <span class='ocrx_word' id='word_1_238' title='bbox 1535 3434 1607 3474; x_wconf 85' lang='lat' dir='ltr'>ex</span> <span class='ocrx_word' id='word_1_239' title='bbox 1633 3435 1841 3491; x_wconf 90' lang='lat' dir='ltr'><strong>supra-</strong></span> 
     </span>
     <span class='ocr_line' id='line_1_43' title="bbox 481 3495 1835 3571; baseline 0.003 -20"><span class='ocrx_word' id='word_1_240' title='bbox 481 3495 647 3552; x_wconf 89' lang='lat' dir='ltr'>dictis</span> <span class='ocrx_word' id='word_1_241' title='bbox 685 3499 717 3566; x_wconf 66' lang='lat' dir='ltr'><strong>g</strong></span> <span class='ocrx_word' id='word_1_242' title='bbox 762 3498 796 3553; x_wconf 80' lang='lat'>2</span> <span class='ocrx_word' id='word_1_243' title='bbox 840 3504 889 3552; x_wconf 87' lang='lat' dir='ltr'>et</span> <span class='ocrx_word' id='word_1_244' title='bbox 927 3497 1053 3554; x_wconf 81' lang='lat' dir='ltr'>dub.</span> <span class='ocrx_word' id='word_1_245' title='bbox 1116 3500 1160 3563; x_wconf 94' lang='lat' dir='ltr'>l,</span> <span class='ocrx_word' id='word_1_246' title='bbox 1203 3515 1298 3571; x_wconf 81' lang='lat' dir='ltr'>per</span> <span class='ocrx_word' id='word_1_247' title='bbox 1343 3505 1535 3554; x_wconf 80' lang='lat' dir='ltr'>totum.</span> <span class='ocrx_word' id='word_1_248' title='bbox 1567 3497 1835 3566; x_wconf 74' lang='lat' dir='ltr'>Sectmdo,</span> 
     </span>
     <span class='ocr_line' id='line_1_44' title="bbox 481 3575 1842 3651; baseline 0.004 -20"><span class='ocrx_word' id='word_1_249' title='bbox 481 3576 618 3650; x_wconf 89' lang='lat' dir='ltr'><strong>quia</strong></span> <span class='ocrx_word' id='word_1_250' title='bbox 646 3575 931 3648; x_wconf 90' lang='lat' dir='ltr'>possibilis</span> <span class='ocrx_word' id='word_1_251' title='bbox 958 3583 1043 3633; x_wconf 91' lang='lat' dir='ltr'>est</span> <span class='ocrx_word' id='word_1_252' title='bbox 1066 3579 1333 3650; x_wconf 75' lang='lat' dir='ltr'><strong>qualitaS,</strong></span> <span class='ocrx_word' id='word_1_253' title='bbox 1364 3594 1487 3651; x_wconf 68' lang='lat' dir='ltr'>quse</span> <span class='ocrx_word' id='word_1_254' title='bbox 1512 3579 1587 3634; x_wconf 91' lang='lat' dir='ltr'>sit</span> <span class='ocrx_word' id='word_1_255' title='bbox 1614 3580 1842 3651; x_wconf 90' lang='lat' dir='ltr'>partici-</span> 
     </span>
     <span class='ocr_line' id='line_1_45' title="bbox 484 3656 1841 3730; baseline 0.001 -16"><span class='ocrx_word' id='word_1_256' title='bbox 484 3656 637 3730; x_wconf 90' lang='lat' dir='ltr'>patio</span> <span class='ocrx_word' id='word_1_257' title='bbox 664 3656 926 3714; x_wconf 87' lang='lat' dir='ltr'><strong>formalis</strong></span> <span class='ocrx_word' id='word_1_258' title='bbox 969 3664 1188 3716; x_wconf 82' lang='lat' dir='ltr'>naturae</span> <span class='ocrx_word' id='word_1_259' title='bbox 1214 3659 1446 3723; x_wconf 83' lang='lat' dir='ltr'>divinae‚</span> <span class='ocrx_word' id='word_1_260' title='bbox 1476 3664 1533 3715; x_wconf 90' lang='lat' dir='ltr'>et</span> <span class='ocrx_word' id='word_1_261' title='bbox 1573 3659 1738 3716; x_wconf 87' lang='lat' dir='ltr'><strong>radix</strong></span> <span class='ocrx_word' id='word_1_262' title='bbox 1778 3660 1841 3715; x_wconf 93' lang='lat' dir='ltr'>in</span> 
     </span>
     <span class='ocr_line' id='line_1_46' title="bbox 484 3738 1844 3812; baseline 0.002 -19"><span class='ocrx_word' id='word_1_263' title='bbox 484 3738 718 3810; x_wconf 90' lang='lat' dir='ltr'>proprio</span> <span class='ocrx_word' id='word_1_264' title='bbox 736 3739 1030 3811; x_wconf 89' lang='lat' dir='ltr'>supposito</span> <span class='ocrx_word' id='word_1_265' title='bbox 1055 3739 1468 3812; x_wconf 82' lang='lat' dir='ltr'>perfectionum</span> <span class='ocrx_word' id='word_1_266' title='bbox 1495 3746 1844 3812; x_wconf 88' lang='lat' dir='ltr'>supernatu-</span> 
     </span>
     <span class='ocr_line' id='line_1_47' title="bbox 487 3816 1843 3895; baseline 0.003 -20"><span class='ocrx_word' id='word_1_267' title='bbox 487 3820 720 3885; x_wconf 91' lang='lat' dir='ltr'><strong>ralium,</strong></span> <span class='ocrx_word' id='word_1_268' title='bbox 739 3825 794 3876; x_wconf 92' lang='lat' dir='ltr'>et</span> <span class='ocrx_word' id='word_1_269' title='bbox 809 3816 1033 3892; x_wconf 69' lang='lat' dir='ltr'>praestet</span> <span class='ocrx_word' id='word_1_270' title='bbox 1049 3822 1142 3895; x_wconf 85' lang='lat' dir='ltr'>jus</span> <span class='ocrx_word' id='word_1_271' title='bbox 1163 3819 1234 3876; x_wconf 92' lang='lat' dir='ltr'>ad</span> <span class='ocrx_word' id='word_1_272' title='bbox 1262 3820 1650 3878; x_wconf 79' lang='lat' dir='ltr'>haereditatem</span> <span class='ocrx_word' id='word_1_273' title='bbox 1671 3827 1843 3879; x_wconf 83' lang='lat' dir='ltr'>aeter-</span> 
     </span>
     <span class='ocr_line' id='line_1_48' title="bbox 485 3901 1843 3976; baseline 0.002 -20"><span class='ocrx_word' id='word_1_274' title='bbox 485 3916 641 3968; x_wconf 92' lang='lat' dir='ltr'><strong>nam,</strong></span> <span class='ocrx_word' id='word_1_275' title='bbox 673 3905 730 3958; x_wconf 93' lang='lat' dir='ltr'>et</span> <span class='ocrx_word' id='word_1_276' title='bbox 758 3901 1053 3959; x_wconf 90' lang='lat' dir='ltr'>hominem</span> <span class='ocrx_word' id='word_1_277' title='bbox 1083 3903 1145 3958; x_wconf 89' lang='lat' dir='ltr'>in</span> <span class='ocrx_word' id='word_1_278' title='bbox 1170 3903 1375 3975; x_wconf 83' lang='lat' dir='ltr'>seipso,</span> <span class='ocrx_word' id='word_1_279' title='bbox 1405 3908 1462 3959; x_wconf 90' lang='lat' dir='ltr'>et</span> <span class='ocrx_word' id='word_1_280' title='bbox 1487 3918 1623 3976; x_wconf 90' lang='lat' dir='ltr'><strong>erga</strong></span> <span class='ocrx_word' id='word_1_281' title='bbox 1662 3906 1843 3960; x_wconf 91' lang='lat' dir='ltr'>Deum</span> 
     </span>
     <span class='ocr_line' id='line_1_49' title="bbox 485 3980 1845 4049; baseline 0.002 -13"><span class='ocrx_word' id='word_1_282' title='bbox 485 3980 813 4046; x_wconf 87' lang='lat' dir='ltr'>sanctificet,</span> <span class='ocrx_word' id='word_1_283' title='bbox 858 3987 912 4039; x_wconf 87' lang='lat' dir='ltr'>et</span> <span class='ocrx_word' id='word_1_284' title='bbox 953 3980 1249 4049; x_wconf 84' lang='lat' dir='ltr'>rectificet;</span> <span class='ocrx_word' id='word_1_285' title='bbox 1294 3997 1397 4038; x_wconf 91' lang='lat' dir='ltr'>nec</span> <span class='ocrx_word' id='word_1_286' title='bbox 1435 3983 1595 4038; x_wconf 91' lang='lat' dir='ltr'>enim</span> <span class='ocrx_word' id='word_1_287' title='bbox 1636 3982 1699 4039; x_wconf 94' lang='lat' dir='ltr'>in</span> <span class='ocrx_word' id='word_1_288' title='bbox 1739 3983 1845 4040; x_wconf 89' lang='lat' dir='ltr'>hoc</span> 
     </span>
     <span class='ocr_line' id='line_1_50' title="bbox 487 4059 1841 4134; baseline -0.001 -15"><span class='ocrx_word' id='word_1_289' title='bbox 487 4067 724 4134; x_wconf 91' lang='lat' dir='ltr'>apparet</span> <span class='ocrx_word' id='word_1_290' title='bbox 772 4063 893 4118; x_wconf 88' lang='lat' dir='ltr'><strong>ulla</strong></span> <span class='ocrx_word' id='word_1_291' title='bbox 944 4059 1262 4132; x_wconf 86' lang='lat' dir='ltr'>implicatio</span> <span class='ocrx_word' id='word_1_292' title='bbox 1314 4062 1782 4120; x_wconf 89' lang='lat' dir='ltr'>contradictionis</span> <span class='ocrx_word' id='word_1_293' title='bbox 1827 4083 1841 4118; x_wconf 69' lang='grc' dir='ltr'><em>ε</em></span> 
     </span>
     <span class='ocr_line' id='line_1_51' title="bbox 486 4141 1846 4215; baseline 0 -17"><span class='ocrx_word' id='word_1_294' title='bbox 486 4156 610 4213; x_wconf 79' lang='lat' dir='ltr'>quae</span> <span class='ocrx_word' id='word_1_295' title='bbox 634 4141 881 4213; x_wconf 89' lang='lat' dir='ltr'><strong>qualitas</strong></span> <span class='ocrx_word' id='word_1_296' title='bbox 905 4155 972 4197; x_wconf 92' lang='lat' dir='ltr'>eo</span> <span class='ocrx_word' id='word_1_297' title='bbox 999 4141 1122 4212; x_wconf 89' lang='lat' dir='ltr'>ipso</span> <span class='ocrx_word' id='word_1_298' title='bbox 1149 4141 1501 4198; x_wconf 90' lang='lat' dir='ltr'>transcendit</span> <span class='ocrx_word' id='word_1_299' title='bbox 1541 4141 1846 4215; x_wconf 89' lang='lat' dir='ltr'>perfectio-</span> 
     </span>
     <span class='ocr_line' id='line_1_52' title="bbox 489 4221 1846 4291; baseline -0.001 -12"><span class='ocrx_word' id='word_1_300' title='bbox 489 4238 623 4281; x_wconf 92' lang='lat' dir='ltr'>nem</span> <span class='ocrx_word' id='word_1_301' title='bbox 672 4227 1009 4280; x_wconf 79' lang='lat' dir='ltr'>caeterorum</span> <span class='ocrx_word' id='word_1_302' title='bbox 1060 4221 1285 4278; x_wconf 90' lang='lat' dir='ltr'>entium</span> <span class='ocrx_word' id='word_1_303' title='bbox 1338 4223 1734 4291; x_wconf 88' lang='lat' dir='ltr'>naturalium,</span> <span class='ocrx_word' id='word_1_304' title='bbox 1775 4227 1846 4280; x_wconf 83' lang='lat' dir='ltr'>et</span> 
     </span>
     <span class='ocr_line' id='line_1_53' title="bbox 485 4299 1847 4377; baseline -0.001 -18"><span class='ocrx_word' id='word_1_305' title='bbox 485 4299 1016 4376; x_wconf 88' lang='lat' dir='ltr'>supernaturalium</span> <span class='ocrx_word' id='word_1_306' title='bbox 1038 4301 1228 4371; x_wconf 88' lang='lat' dir='ltr'>(unica</span> <span class='ocrx_word' id='word_1_307' title='bbox 1248 4306 1479 4373; x_wconf 84' lang='lat' dir='ltr'>excepta</span> <span class='ocrx_word' id='word_1_308' title='bbox 1507 4303 1722 4360; x_wconf 91' lang='lat' dir='ltr'>unione</span> <span class='ocrx_word' id='word_1_309' title='bbox 1743 4302 1847 4377; x_wconf 87' lang='lat' dir='ltr'>hy-</span> 
     </span>
     <span class='ocr_line' id='line_1_54' title="bbox 478 4379 1845 4455; baseline 0.001 -17"><span class='ocrx_word' id='word_1_310' title='bbox 478 4380 778 4455; x_wconf 77' lang='lat' dir='ltr'>postatica)</span> <span class='ocrx_word' id='word_1_311' title='bbox 805 4387 971 4453; x_wconf 89' lang='lat' dir='ltr'>atque</span> <span class='ocrx_word' id='word_1_312' title='bbox 999 4380 1125 4437; x_wconf 91' lang='lat' dir='ltr'>ideo</span> <span class='ocrx_word' id='word_1_313' title='bbox 1150 4386 1234 4436; x_wconf 90' lang='lat' dir='ltr'>est</span> <span class='ocrx_word' id='word_1_314' title='bbox 1260 4379 1476 4437; x_wconf 89' lang='lat' dir='ltr'>bonum</span> <span class='ocrx_word' id='word_1_315' title='bbox 1503 4381 1845 4453; x_wconf 88' lang='lat' dir='ltr'>simpliciter</span> 
     </span>
     <span class='ocr_line' id='line_1_55' title="bbox 486 4462 1845 4529; baseline 0.001 -11"><span class='ocrx_word' id='word_1_316' title='bbox 486 4464 618 4529; x_wconf 88' lang='lat' dir='ltr'>tale,</span> <span class='ocrx_word' id='word_1_317' title='bbox 663 4468 723 4522; x_wconf 89' lang='lat' dir='ltr'>et</span> <span class='ocrx_word' id='word_1_318' title='bbox 762 4463 1035 4520; x_wconf 88' lang='lat' dir='ltr'>terminat</span> <span class='ocrx_word' id='word_1_319' title='bbox 1075 4478 1333 4520; x_wconf 91' lang='lat' dir='ltr'>amorem</span> <span class='ocrx_word' id='word_1_320' title='bbox 1379 4463 1480 4519; x_wconf 89' lang='lat' dir='ltr'>Dei</span> <span class='ocrx_word' id='word_1_321' title='bbox 1518 4462 1845 4520; x_wconf 80' lang='lat' dir='ltr'>effectivum</span> 
     </span>
     <span class='ocr_line' id='line_1_56' title="bbox 485 4543 1848 4620; baseline -0.001 -16"><span class='ocrx_word' id='word_1_322' title='bbox 485 4546 828 4620; x_wconf 90' lang='lat' dir='ltr'>simpliciter</span> <span class='ocrx_word' id='word_1_323' title='bbox 849 4546 1043 4602; x_wconf 90' lang='lat' dir='ltr'>talem.</span> <span class='ocrx_word' id='word_1_324' title='bbox 1078 4543 1418 4617; x_wconf 87' lang='lat' dir='ltr'><strong>Hujusmodi</strong></span> <span class='ocrx_word' id='word_1_325' title='bbox 1449 4560 1585 4602; x_wconf 88' lang='lat' dir='ltr'>vero</span> <span class='ocrx_word' id='word_1_326' title='bbox 1605 4546 1848 4618; x_wconf 89' lang='lat' dir='ltr'><strong>qualita-</strong></span> 
     </span>
     <span class='ocr_line' id='line_1_57' title="bbox 487 4624 1842 4699; baseline 0 -15"><span class='ocrx_word' id='word_1_327' title='bbox 487 4633 603 4687; x_wconf 89' lang='lat' dir='ltr'>tem</span> <span class='ocrx_word' id='word_1_328' title='bbox 626 4626 936 4684; x_wconf 88' lang='lat' dir='ltr'><strong>asserimus</strong></span> <span class='ocrx_word' id='word_1_329' title='bbox 956 4641 1077 4682; x_wconf 92' lang='lat' dir='ltr'>esse</span> <span class='ocrx_word' id='word_1_330' title='bbox 1095 4625 1343 4699; x_wconf 90' lang='lat' dir='ltr'><strong>gratiam</strong></span> <span class='ocrx_word' id='word_1_331' title='bbox 1371 4624 1842 4694; x_wconf 88' lang='lat' dir='ltr'>sanctificantem,</span> 
     </span>
     <span class='ocr_line' id='line_1_58' title="bbox 486 4704 1848 4782; baseline -0.001 -19"><span class='ocrx_word' id='word_1_332' title='bbox 486 4723 611 4782; x_wconf 78' lang='lat' dir='ltr'>quae</span> <span class='ocrx_word' id='word_1_333' title='bbox 636 4707 706 4764; x_wconf 91' lang='lat' dir='ltr'>de</span> <span class='ocrx_word' id='word_1_334' title='bbox 733 4706 878 4762; x_wconf 88' lang='lat' dir='ltr'>facto</span> <span class='ocrx_word' id='word_1_335' title='bbox 896 4704 1108 4771; x_wconf 84' lang='lat' dir='ltr'>existit,</span> <span class='ocrx_word' id='word_1_336' title='bbox 1132 4710 1190 4761; x_wconf 91' lang='lat' dir='ltr'>et</span> <span class='ocrx_word' id='word_1_337' title='bbox 1216 4721 1389 4776; x_wconf 89' lang='lat' dir='ltr'><strong>quam</strong></span> <span class='ocrx_word' id='word_1_338' title='bbox 1418 4706 1515 4761; x_wconf 88' lang='lat' dir='ltr'>SS.</span> <span class='ocrx_word' id='word_1_339' title='bbox 1547 4706 1744 4763; x_wconf 88' lang='lat' dir='ltr'>Patres</span> <span class='ocrx_word' id='word_1_340' title='bbox 1765 4711 1848 4764; x_wconf 90' lang='lat' dir='ltr'>tot</span> 
     </span>
     <span class='ocr_line' id='line_1_59' title="bbox 488 4783 1847 4862; baseline -0.001 -17"><span class='ocrx_word' id='word_1_341' title='bbox 488 4785 788 4862; x_wconf 73' lang='lat' dir='ltr'>praeconiis</span> <span class='ocrx_word' id='word_1_342' title='bbox 814 4783 1078 4852; x_wconf 80' lang='lat' dir='ltr'>efferunt,</span> <span class='ocrx_word' id='word_1_343' title='bbox 1121 4785 1315 4858; x_wconf 90' lang='lat' dir='ltr'><strong>qualia</strong></span> <span class='ocrx_word' id='word_1_344' title='bbox 1357 4783 1629 4852; x_wconf 85' lang='lat' dir='ltr'>vidimus,</span> <span class='ocrx_word' id='word_1_345' title='bbox 1661 4792 1717 4844; x_wconf 92' lang='lat' dir='ltr'>et</span> <span class='ocrx_word' id='word_1_346' title='bbox 1740 4802 1847 4844; x_wconf 87' lang='lat' dir='ltr'>ex-</span> 
     </span>
     <span class='ocr_line' id='line_1_60' title="bbox 489 4866 1848 4942; baseline -0.001 -16"><span class='ocrx_word' id='word_1_347' title='bbox 489 4868 793 4942; x_wconf 89' lang='lat' dir='ltr'>pendimus</span> <span class='ocrx_word' id='word_1_348' title='bbox 837 4866 1053 4939; x_wconf 79' lang='lat' dir='ltr'>disput.</span> <span class='ocrx_word' id='word_1_349' title='bbox 1100 4869 1291 4933; x_wconf 78' lang='lat' dir='ltr'>citata,</span> <span class='ocrx_word' id='word_1_350' title='bbox 1350 4870 1411 4922; x_wconf 89' lang='lat' dir='ltr'>ut</span> <span class='ocrx_word' id='word_1_351' title='bbox 1461 4867 1848 4924; x_wconf 88' lang='lat' dir='ltr'>communiter</span> 
     </span>
     <span class='ocr_line' id='line_1_61' title="bbox 486 4948 1848 5025; baseline -0.001 -18"><span class='ocrx_word' id='word_1_352' title='bbox 486 4951 692 5009; x_wconf 87' lang='lat' dir='ltr'>docent</span> <span class='ocrx_word' id='word_1_353' title='bbox 736 4948 838 5007; x_wconf 91' lang='lat' dir='ltr'><strong>alii</strong></span> <span class='ocrx_word' id='word_1_354' title='bbox 882 4949 1155 5025; x_wconf 86' lang='lat' dir='ltr'>Theologi</span> <span class='ocrx_word' id='word_1_355' title='bbox 1207 4953 1409 5006; x_wconf 87' lang='lat' dir='ltr'>contra</span> <span class='ocrx_word' id='word_1_356' title='bbox 1450 4949 1734 5015; x_wconf 90' lang='lat' dir='ltr'>Scotistas,</span> <span class='ocrx_word' id='word_1_357' title='bbox 1789 4955 1848 5007; x_wconf 90' lang='lat' dir='ltr'>et</span> 
     </span>
     <span class='ocr_line' id='line_1_62' title="bbox 489 5028 1846 5103; baseline -0.001 -16"><span class='ocrx_word' id='word_1_358' title='bbox 489 5032 856 5097; x_wconf 83' lang='lat' dir='ltr'>Nominales;</span> <span class='ocrx_word' id='word_1_359' title='bbox 884 5028 1092 5103; x_wconf 91' lang='lat' dir='ltr'><strong>quibus</strong></span> <span class='ocrx_word' id='word_1_360' title='bbox 1106 5031 1228 5103; x_wconf 88' lang='lat' dir='ltr'>jam</span> <span class='ocrx_word' id='word_1_361' title='bbox 1252 5045 1457 5101; x_wconf 90' lang='lat' dir='ltr'><strong>parum</strong></span> <span class='ocrx_word' id='word_1_362' title='bbox 1481 5029 1846 5087; x_wconf 87' lang='lat' dir='ltr'><strong>authoritatis</strong></span> 
     </span>
    </p>
   </div>
   <div class='ocr_carea' id='block_1_7' title="bbox 1966 589 3549 2277">
    <p class='ocr_par' dir='ltr' id='par_1_9' title="bbox 1969 589 3518 827">
     <span class='ocr_line' id='line_1_63' title="bbox 1970 589 3329 664; baseline -0.003 -15"><span class='ocrx_word' id='word_1_363' title='bbox 1970 592 2033 649; x_wconf 93' lang='lat' dir='ltr'>in</span> <span class='ocrx_word' id='word_1_364' title='bbox 2049 592 2153 649; x_wconf 88' lang='lat' dir='ltr'>hac</span> <span class='ocrx_word' id='word_1_365' title='bbox 2175 597 2334 664; x_wconf 89' lang='lat' dir='ltr'>parte</span> <span class='ocrx_word' id='word_1_366' title='bbox 2346 590 2622 658; x_wconf 84' lang='lat' dir='ltr'>defertur,</span> <span class='ocrx_word' id='word_1_367' title='bbox 2636 594 2694 647; x_wconf 92' lang='lat' dir='ltr'>et</span> <span class='ocrx_word' id='word_1_368' title='bbox 2712 605 2959 662; x_wconf 90' lang='lat' dir='ltr'><strong>quorum</strong></span> <span class='ocrx_word' id='word_1_369' title='bbox 2979 589 3329 656; x_wconf 90' lang='lat' dir='ltr'>doctrinam,</span> 
     </span>
     <span class='ocr_line' id='line_1_64' title="bbox 1969 670 3518 743; baseline -0.004 -12"><span class='ocrx_word' id='word_1_370' title='bbox 1969 672 2059 731; x_wconf 91' lang='lat' dir='ltr'>cui</span> <span class='ocrx_word' id='word_1_371' title='bbox 2087 673 2362 729; x_wconf 87' lang='lat' dir='ltr'>innititur</span> <span class='ocrx_word' id='word_1_372' title='bbox 2387 672 2599 736; x_wconf 87' lang='lat' dir='ltr'>evasio,</span> <span class='ocrx_word' id='word_1_373' title='bbox 2631 671 2872 726; x_wconf 90' lang='lat' dir='ltr'><strong>Suarius</strong></span> <span class='ocrx_word' id='word_1_374' title='bbox 2910 685 3088 743; x_wconf 90' lang='lat' dir='ltr'><strong>supra</strong></span> <span class='ocrx_word' id='word_1_375' title='bbox 3126 670 3335 726; x_wconf 87' lang='lat' dir='ltr'>citatus</span> <span class='ocrx_word' id='word_1_376' title='bbox 3352 690 3518 733; x_wconf 76' lang='lat' dir='ltr'>suarez.</span> 
     </span>
     <span class='ocr_line' id='line_1_65' title="bbox 1970 751 2715 827; baseline -0.005 -17"><span class='ocrx_word' id='word_1_377' title='bbox 1970 751 2416 827; x_wconf 86' lang='lat' dir='ltr'>improbabilem</span> <span class='ocrx_word' id='word_1_378' title='bbox 2444 751 2715 826; x_wconf 91' lang='lat' dir='ltr'>appellat.</span> 
     </span>
    </p>

    <p class='ocr_par' dir='ltr' id='par_1_10' title="bbox 1966 831 3543 2201">
     <span class='ocr_line' id='line_1_66' title="bbox 2054 831 3543 898; baseline -0.006 -4"><span class='ocrx_word' id='word_1_379' title='bbox 2054 838 2174 895; x_wconf 82' lang='lat'>125.</span> <span class='ocrx_word' id='word_1_380' title='bbox 2218 839 2331 893; x_wconf 87' lang='lat' dir='ltr'>Nec</span> <span class='ocrx_word' id='word_1_381' title='bbox 2355 833 2632 890; x_wconf 88' lang='lat' dir='ltr'><strong>satisfacit</strong></span> <span class='ocrx_word' id='word_1_382' title='bbox 2654 831 2923 898; x_wconf 88' lang='lat' dir='ltr'>secundo,</span> <span class='ocrx_word' id='word_1_383' title='bbox 2961 831 3012 888; x_wconf 90' lang='lat' dir='ltr'>si</span> <span class='ocrx_word' id='word_1_384' title='bbox 3039 848 3171 889; x_wconf 92' lang='lat' dir='ltr'>cum</span> <span class='ocrx_word' id='word_1_385' title='bbox 3199 831 3334 888; x_wconf 91' lang='lat' dir='ltr'><strong>aliis</strong></span> <span class='ocrx_word' id='word_1_386' title='bbox 3349 854 3543 897; x_wconf 59' lang='lat' dir='ltr'>mam.</span> 
     </span>
     <span class='ocr_line' id='line_1_67' title="bbox 1971 903 3478 988; baseline -0.001 -17"><span class='ocrx_word' id='word_1_387' title='bbox 1971 915 2323 974; x_wconf 82' lang='lat' dir='ltr'>Authoribus</span> <span class='ocrx_word' id='word_1_388' title='bbox 2359 912 2719 987; x_wconf 87' lang='lat' dir='ltr'>respondeas,</span> <span class='ocrx_word' id='word_1_389' title='bbox 2748 914 2997 988; x_wconf 88' lang='lat' dir='ltr'><strong>gratiam</strong></span> <span class='ocrx_word' id='word_1_390' title='bbox 3039 928 3140 986; x_wconf 88' lang='lat' dir='ltr'>per</span> <span class='ocrx_word' id='word_1_391' title='bbox 3166 929 3334 969; x_wconf 90' lang='lat' dir='ltr'><strong>suam</strong></span> <span class='ocrx_word' id='word_1_392' title='bbox 3398 903 3478 947; x_wconf 79' lang='lat'><strong>⁸¹⁰·</strong></span> 
     </span>
     <span class='ocr_line' id='line_1_68' title="bbox 1970 993 3341 1068; baseline -0.001 -15"><span class='ocrx_word' id='word_1_393' title='bbox 1970 996 2267 1054; x_wconf 89' lang='lat' dir='ltr'>entitatem</span> <span class='ocrx_word' id='word_1_394' title='bbox 2313 1011 2436 1053; x_wconf 87' lang='lat' dir='ltr'>esse</span> <span class='ocrx_word' id='word_1_395' title='bbox 2473 993 2706 1067; x_wconf 89' lang='lat' dir='ltr'>quidem</span> <span class='ocrx_word' id='word_1_396' title='bbox 2748 995 2815 1051; x_wconf 91' lang='lat' dir='ltr'>in</span> <span class='ocrx_word' id='word_1_397' title='bbox 2852 994 3061 1052; x_wconf 89' lang='lat' dir='ltr'>ordine</span> <span class='ocrx_word' id='word_1_398' title='bbox 3102 993 3341 1068; x_wconf 78' lang='lat' dir='ltr'>physico</span> 
     </span>
     <span class='ocr_line' id='line_1_69' title="bbox 1972 1074 3340 1148; baseline -0.001 -15"><span class='ocrx_word' id='word_1_399' title='bbox 1972 1076 2190 1134; x_wconf 90' lang='lat' dir='ltr'>bonum</span> <span class='ocrx_word' id='word_1_400' title='bbox 2230 1076 2577 1143; x_wconf 84' lang='lat' dir='ltr'><strong>maximum,</strong></span> <span class='ocrx_word' id='word_1_401' title='bbox 2627 1078 2684 1131; x_wconf 92' lang='lat' dir='ltr'>et</span> <span class='ocrx_word' id='word_1_402' title='bbox 2713 1074 3056 1148; x_wconf 88' lang='lat' dir='ltr'>simpliciter</span> <span class='ocrx_word' id='word_1_403' title='bbox 3100 1075 3236 1141; x_wconf 92' lang='lat' dir='ltr'>tale,</span> <span class='ocrx_word' id='word_1_404' title='bbox 3279 1079 3340 1132; x_wconf 85' lang='lat' dir='ltr'>et</span> 
     </span>
     <span class='ocr_line' id='line_1_70' title="bbox 1972 1156 3447 1223; baseline -0.003 -6"><span class='ocrx_word' id='word_1_405' title='bbox 1972 1158 2173 1223; x_wconf 86' lang='lat' dir='ltr'>eodem</span> <span class='ocrx_word' id='word_1_406' title='bbox 2220 1158 2391 1217; x_wconf 90' lang='lat' dir='ltr'>modo</span> <span class='ocrx_word' id='word_1_407' title='bbox 2442 1158 2761 1215; x_wconf 90' lang='lat' dir='ltr'>terminare</span> <span class='ocrx_word' id='word_1_408' title='bbox 2808 1156 3179 1215; x_wconf 87' lang='lat' dir='ltr'>dilectionem</span> <span class='ocrx_word' id='word_1_409' title='bbox 3234 1157 3336 1215; x_wconf 91' lang='lat' dir='ltr'>Dei</span> <span class='ocrx_word' id='word_1_410' title='bbox 3437 1196 3447 1205; x_wconf 82' lang='lat'><strong>·</strong></span> 
     </span>
     <span class='ocr_line' id='line_1_71' title="bbox 1971 1236 3339 1315; baseline -0.001 -19"><span class='ocrx_word' id='word_1_411' title='bbox 1971 1239 2314 1315; x_wconf 89' lang='lat' dir='ltr'>simpliciter</span> <span class='ocrx_word' id='word_1_412' title='bbox 2342 1240 2515 1297; x_wconf 88' lang='lat' dir='ltr'>talem</span> <span class='ocrx_word' id='word_1_413' title='bbox 2543 1240 2608 1296; x_wconf 93' lang='lat' dir='ltr'>in</span> <span class='ocrx_word' id='word_1_414' title='bbox 2647 1254 2767 1295; x_wconf 80' lang='lat' dir='ltr'>esse</span> <span class='ocrx_word' id='word_1_415' title='bbox 2793 1236 3065 1313; x_wconf 84' lang='lat' dir='ltr'>physico;</span> <span class='ocrx_word' id='word_1_416' title='bbox 3100 1253 3217 1296; x_wconf 94' lang='lat' dir='ltr'>non</span> <span class='ocrx_word' id='word_1_417' title='bbox 3246 1244 3339 1295; x_wconf 93' lang='lat' dir='ltr'>ta-</span> 
     </span>
     <span class='ocr_line' id='line_1_72' title="bbox 1972 1318 3339 1393; baseline -0.002 -15"><span class='ocrx_word' id='word_1_418' title='bbox 1972 1336 2109 1378; x_wconf 90' lang='lat' dir='ltr'>men</span> <span class='ocrx_word' id='word_1_419' title='bbox 2134 1336 2257 1378; x_wconf 89' lang='lat' dir='ltr'>esse</span> <span class='ocrx_word' id='word_1_420' title='bbox 2284 1320 2502 1378; x_wconf 89' lang='lat' dir='ltr'>bonum</span> <span class='ocrx_word' id='word_1_421' title='bbox 2530 1321 2876 1386; x_wconf 85' lang='lat' dir='ltr'><strong>maximum,</strong></span> <span class='ocrx_word' id='word_1_422' title='bbox 2909 1322 2967 1375; x_wconf 88' lang='lat' dir='ltr'>et</span> <span class='ocrx_word' id='word_1_423' title='bbox 2989 1318 3339 1393; x_wconf 89' lang='lat' dir='ltr'>simpliciter</span> 
     </span>
     <span class='ocr_line' id='line_1_73' title="bbox 1970 1396 3334 1475; baseline -0.001 -19"><span class='ocrx_word' id='word_1_424' title='bbox 1970 1401 2086 1457; x_wconf 90' lang='lat' dir='ltr'>tale</span> <span class='ocrx_word' id='word_1_425' title='bbox 2106 1401 2170 1456; x_wconf 89' lang='lat' dir='ltr'>in</span> <span class='ocrx_word' id='word_1_426' title='bbox 2186 1416 2309 1458; x_wconf 88' lang='lat' dir='ltr'>esse</span> <span class='ocrx_word' id='word_1_427' title='bbox 2331 1401 2572 1459; x_wconf 84' lang='lat' dir='ltr'><strong>morali:</strong></span> <span class='ocrx_word' id='word_1_428' title='bbox 2590 1399 2725 1475; x_wconf 90' lang='lat' dir='ltr'><strong>quia</strong></span> <span class='ocrx_word' id='word_1_429' title='bbox 2747 1398 2818 1455; x_wconf 91' lang='lat' dir='ltr'>ad</span> <span class='ocrx_word' id='word_1_430' title='bbox 2833 1399 2939 1457; x_wconf 90' lang='lat' dir='ltr'>hoc</span> <span class='ocrx_word' id='word_1_431' title='bbox 2962 1396 3204 1456; x_wconf 88' lang='lat' dir='ltr'>debebat</span> <span class='ocrx_word' id='word_1_432' title='bbox 3221 1398 3334 1455; x_wconf 90' lang='lat' dir='ltr'>sibi</span> 
     </span>
     <span class='ocr_line' id='line_1_74' title="bbox 1973 1482 3330 1559; baseline -0.001 -18"><span class='ocrx_word' id='word_1_433' title='bbox 1973 1483 2299 1559; x_wconf 88' lang='lat' dir='ltr'><strong>adjunctam</strong></span> <span class='ocrx_word' id='word_1_434' title='bbox 2328 1483 2539 1542; x_wconf 91' lang='lat' dir='ltr'>habere</span> <span class='ocrx_word' id='word_1_435' title='bbox 2573 1483 3052 1541; x_wconf 89' lang='lat' dir='ltr'>condonationem</span> <span class='ocrx_word' id='word_1_436' title='bbox 3098 1482 3330 1556; x_wconf 81' lang='lat' dir='ltr'>peccati,</span> 
     </span>
     <span class='ocr_line' id='line_1_75' title="bbox 1970 1562 3336 1638; baseline -0.001 -18"><span class='ocrx_word' id='word_1_437' title='bbox 1970 1579 2098 1636; x_wconf 80' lang='lat' dir='ltr'>quae</span> <span class='ocrx_word' id='word_1_438' title='bbox 2120 1580 2236 1621; x_wconf 93' lang='lat' dir='ltr'>non</span> <span class='ocrx_word' id='word_1_439' title='bbox 2254 1563 2324 1621; x_wconf 80' lang='lat' dir='ltr'>ad</span> <span class='ocrx_word' id='word_1_440' title='bbox 2348 1578 2530 1638; x_wconf 89' lang='lat' dir='ltr'>genus</span> <span class='ocrx_word' id='word_1_441' title='bbox 2551 1562 2869 1638; x_wconf 87' lang='lat' dir='ltr'>physicum,</span> <span class='ocrx_word' id='word_1_442' title='bbox 2893 1562 2994 1620; x_wconf 89' lang='lat' dir='ltr'>sed</span> <span class='ocrx_word' id='word_1_443' title='bbox 3021 1562 3091 1619; x_wconf 98' lang='lat' dir='ltr'>ad</span> <span class='ocrx_word' id='word_1_444' title='bbox 3113 1563 3336 1620; x_wconf 89' lang='lat' dir='ltr'>morale</span> 
     </span>
     <span class='ocr_line' id='line_1_76' title="bbox 1973 1644 3339 1720; baseline -0.002 -17"><span class='ocrx_word' id='word_1_445' title='bbox 1973 1645 2235 1720; x_wconf 84' lang='lat' dir='ltr'>pertinet,</span> <span class='ocrx_word' id='word_1_446' title='bbox 2261 1651 2316 1702; x_wconf 92' lang='lat' dir='ltr'>et</span> <span class='ocrx_word' id='word_1_447' title='bbox 2339 1661 2511 1718; x_wconf 83' lang='lat' dir='ltr'><strong>quam</strong></span> <span class='ocrx_word' id='word_1_448' title='bbox 2535 1648 2681 1702; x_wconf 89' lang='lat' dir='ltr'>Deus</span> <span class='ocrx_word' id='word_1_449' title='bbox 2702 1649 2881 1717; x_wconf 89' lang='lat' dir='ltr'>potest</span> <span class='ocrx_word' id='word_1_450' title='bbox 2903 1660 3007 1717; x_wconf 90' lang='lat' dir='ltr'>pro</span> <span class='ocrx_word' id='word_1_451' title='bbox 3028 1644 3194 1702; x_wconf 92' lang='lat' dir='ltr'>libito</span> <span class='ocrx_word' id='word_1_452' title='bbox 3214 1661 3339 1701; x_wconf 90' lang='lat' dir='ltr'><strong>sus-</strong></span> 
     </span>
     <span class='ocr_line' id='line_1_77' title="bbox 1973 1725 3333 1800; baseline -0.001 -17"><span class='ocrx_word' id='word_1_453' title='bbox 1973 1726 2239 1800; x_wconf 89' lang='lat' dir='ltr'>pendere.</span> <span class='ocrx_word' id='word_1_454' title='bbox 2287 1725 2451 1783; x_wconf 90' lang='lat' dir='ltr'>Unde</span> <span class='ocrx_word' id='word_1_455' title='bbox 2491 1741 2610 1783; x_wconf 91' lang='lat' dir='ltr'>non</span> <span class='ocrx_word' id='word_1_456' title='bbox 2638 1725 2916 1797; x_wconf 88' lang='lat' dir='ltr'>implicat,</span> <span class='ocrx_word' id='word_1_457' title='bbox 2948 1727 3129 1781; x_wconf 91' lang='lat' dir='ltr'>Deum</span> <span class='ocrx_word' id='word_1_458' title='bbox 3169 1741 3333 1782; x_wconf 91' lang='lat' dir='ltr'>com-</span> 
     </span>
     <span class='ocr_line' id='line_1_78' title="bbox 1972 1806 3331 1881; baseline -0.001 -18"><span class='ocrx_word' id='word_1_459' title='bbox 1972 1808 2270 1864; x_wconf 90' lang='lat' dir='ltr'>municare</span> <span class='ocrx_word' id='word_1_460' title='bbox 2315 1806 2541 1864; x_wconf 84' lang='lat' dir='ltr'>homini</span> <span class='ocrx_word' id='word_1_461' title='bbox 2580 1807 2851 1881; x_wconf 87' lang='lat' dir='ltr'><strong>gratiam,</strong></span> <span class='ocrx_word' id='word_1_462' title='bbox 2890 1810 2948 1862; x_wconf 92' lang='lat' dir='ltr'>et</span> <span class='ocrx_word' id='word_1_463' title='bbox 2985 1806 3134 1880; x_wconf 92' lang='lat' dir='ltr'>quod</span> <span class='ocrx_word' id='word_1_464' title='bbox 3162 1806 3331 1862; x_wconf 90' lang='lat' dir='ltr'>illum</span> 
     </span>
     <span class='ocr_line' id='line_1_79' title="bbox 1973 1886 3332 1962; baseline 0 -19"><span class='ocrx_word' id='word_1_465' title='bbox 1973 1902 2091 1944; x_wconf 88' lang='lat' dir='ltr'>non</span> <span class='ocrx_word' id='word_1_466' title='bbox 2117 1887 2319 1962; x_wconf 89' lang='lat' dir='ltr'>diligat</span> <span class='ocrx_word' id='word_1_467' title='bbox 2343 1887 2701 1960; x_wconf 91' lang='lat' dir='ltr'>simpliciter,</span> <span class='ocrx_word' id='word_1_468' title='bbox 2733 1892 2850 1943; x_wconf 89' lang='lat' dir='ltr'>tam</span> <span class='ocrx_word' id='word_1_469' title='bbox 2877 1886 3125 1961; x_wconf 85' lang='lat' dir='ltr'>physice,</span> <span class='ocrx_word' id='word_1_470' title='bbox 3156 1903 3332 1959; x_wconf 91' lang='lat' dir='ltr'><strong>quam</strong></span> 
     </span>
     <span class='ocr_line' id='line_1_80' title="bbox 1970 1967 3333 2041; baseline 0 -18"><span class='ocrx_word' id='word_1_471' title='bbox 1970 1967 2300 2034; x_wconf 87' lang='lat' dir='ltr'>moraliter;</span> <span class='ocrx_word' id='word_1_472' title='bbox 2326 1983 2454 2023; x_wconf 93' lang='lat' dir='ltr'>cum</span> <span class='ocrx_word' id='word_1_473' title='bbox 2483 1983 2594 2039; x_wconf 91' lang='lat' dir='ltr'>qua</span> <span class='ocrx_word' id='word_1_474' title='bbox 2616 1968 2847 2041; x_wconf 77' lang='lat' dir='ltr'>praecise</span> <span class='ocrx_word' id='word_1_475' title='bbox 2871 1967 3176 2025; x_wconf 89' lang='lat' dir='ltr'>dilectione</span> <span class='ocrx_word' id='word_1_476' title='bbox 3201 1983 3333 2025; x_wconf 89' lang='lat' dir='ltr'>con-</span> 
     </span>
     <span class='ocr_line' id='line_1_81' title="bbox 1966 2047 3332 2138; baseline 0 -35"><span class='ocrx_word' id='word_1_477' title='bbox 1966 2047 2231 2138; x_wconf 42' lang='lat' dir='ltr'>jung-itur</span> <span class='ocrx_word' id='word_1_478' title='bbox 2252 2047 2784 2122; x_wconf 89' lang='lat' dir='ltr'>indispensabiliter</span> <span class='ocrx_word' id='word_1_479' title='bbox 2806 2047 3085 2121; x_wconf 87' lang='lat' dir='ltr'>depositio</span> <span class='ocrx_word' id='word_1_480' title='bbox 3106 2047 3244 2115; x_wconf 90' lang='lat' dir='ltr'>odii,</span> <span class='ocrx_word' id='word_1_481' title='bbox 3275 2053 3332 2105; x_wconf 89' lang='lat' dir='ltr'>et</span> 
     </span>
     <span class='ocr_line' id='line_1_82' title="bbox 1974 2128 2463 2201; baseline 0 -16"><span class='ocrx_word' id='word_1_482' title='bbox 1974 2128 2238 2185; x_wconf 91' lang='lat' dir='ltr'>remissio</span> <span class='ocrx_word' id='word_1_483' title='bbox 2264 2130 2463 2201; x_wconf 78' lang='lat' dir='ltr'>culpae.</span> 
     </span>
    </p>

    <p class='ocr_par' dir='ltr' id='par_1_11' title="bbox 2047 2202 3549 2277">
     <span class='ocr_line' id='line_1_83' title="bbox 2047 2202 3549 2277; baseline -0.001 -20"><span class='ocrx_word' id='word_1_484' title='bbox 2047 2205 2195 2267; x_wconf 93' lang='lat' dir='ltr'>Non,</span> <span class='ocrx_word' id='word_1_485' title='bbox 2221 2202 2480 2277; x_wconf 89' lang='lat' dir='ltr'>inquam,</span> <span class='ocrx_word' id='word_1_486' title='bbox 2506 2202 2782 2259; x_wconf 89' lang='lat' dir='ltr'><strong>satisfacit</strong></span> <span class='ocrx_word' id='word_1_487' title='bbox 2802 2203 2923 2260; x_wconf 83' lang='lat' dir='ltr'>haec</span> <span class='ocrx_word' id='word_1_488' title='bbox 2942 2203 3170 2260; x_wconf 88' lang='lat' dir='ltr'>solutio</span> <span class='ocrx_word' id='word_1_489' title='bbox 3180 2204 3329 2257; x_wconf 89' lang='lat' dir='ltr'><strong>Tum</strong></span> <span class='ocrx_word' id='word_1_490' title='bbox 3344 2212 3549 2256; x_wconf 76' lang='lat' dir='ltr'>consuu-</span> 
     </span>
    </p>
   </div>
   <div class='ocr_carea' id='block_1_8' title="bbox 1967 2268 3484 5168">
    <p class='ocr_par' dir='ltr' id='par_1_12' title="bbox 1967 2268 3484 5168">
     <span class='ocr_line' id='line_1_84' title="bbox 1970 2268 3484 2360; baseline -0.001 -20"><span class='ocrx_word' id='word_1_491' title='bbox 1970 2284 2103 2356; x_wconf 89' lang='lat' dir='ltr'><strong>quia</strong></span> <span class='ocrx_word' id='word_1_492' title='bbox 2126 2285 2266 2357; x_wconf 91' lang='lat' dir='ltr'>petit</span> <span class='ocrx_word' id='word_1_493' title='bbox 2288 2286 2660 2358; x_wconf 81' lang='lat' dir='ltr'>principium,</span> <span class='ocrx_word' id='word_1_494' title='bbox 2676 2285 2813 2341; x_wconf 91' lang='lat' dir='ltr'><strong>dum</strong></span> <span class='ocrx_word' id='word_1_495' title='bbox 2834 2302 2906 2343; x_wconf 86' lang='lat' dir='ltr'>ex</span> <span class='ocrx_word' id='word_1_496' title='bbox 2926 2302 2992 2343; x_wconf 92' lang='lat' dir='ltr'>eo</span> <span class='ocrx_word' id='word_1_497' title='bbox 3016 2289 3184 2360; x_wconf 90' lang='lat' dir='ltr'>negat</span> <span class='ocrx_word' id='word_1_498' title='bbox 3202 2300 3331 2359; x_wconf 90' lang='lat' dir='ltr'><strong>gra·</strong></span> <span class='ocrx_word' id='word_1_499' title='bbox 3400 2268 3484 2306; x_wconf 65' lang='grc' dir='ltr'>ω’</span> 
     </span>
     <span class='ocr_line' id='line_1_85' title="bbox 1972 2364 3330 2437; baseline 0.001 -18"><span class='ocrx_word' id='word_1_500' title='bbox 1972 2365 2114 2421; x_wconf 90' lang='lat' dir='ltr'>tiam</span> <span class='ocrx_word' id='word_1_501' title='bbox 2160 2366 2480 2422; x_wconf 89' lang='lat' dir='ltr'>terminare</span> <span class='ocrx_word' id='word_1_502' title='bbox 2525 2382 2783 2423; x_wconf 91' lang='lat' dir='ltr'>amorem</span> <span class='ocrx_word' id='word_1_503' title='bbox 2833 2366 2933 2423; x_wconf 90' lang='lat' dir='ltr'>Dei</span> <span class='ocrx_word' id='word_1_504' title='bbox 2986 2364 3330 2437; x_wconf 88' lang='lat' dir='ltr'>simpliciter</span> 
     </span>
     <span class='ocr_line' id='line_1_86' title="bbox 1970 2445 3334 2521; baseline 0.002 -24"><span class='ocrx_word' id='word_1_505' title='bbox 1970 2445 2165 2513; x_wconf 89' lang='lat' dir='ltr'>talem,</span> <span class='ocrx_word' id='word_1_506' title='bbox 2191 2452 2246 2501; x_wconf 91' lang='lat' dir='ltr'>et</span> <span class='ocrx_word' id='word_1_507' title='bbox 2267 2446 2784 2521; x_wconf 89' lang='lat' dir='ltr'>inconjungibilem</span> <span class='ocrx_word' id='word_1_508' title='bbox 2804 2463 2934 2503; x_wconf 91' lang='lat' dir='ltr'>cum</span> <span class='ocrx_word' id='word_1_509' title='bbox 2957 2446 3087 2504; x_wconf 91' lang='lat' dir='ltr'>odio</span> <span class='ocrx_word' id='word_1_510' title='bbox 3107 2445 3334 2517; x_wconf 90' lang='lat' dir='ltr'>simpli·</span> 
     </span>
     <span class='ocr_line' id='line_1_87' title="bbox 1968 2526 3334 2603; baseline 0.001 -22"><span class='ocrx_word' id='word_1_511' title='bbox 1968 2526 2111 2582; x_wconf 90' lang='lat' dir='ltr'>citer</span> <span class='ocrx_word' id='word_1_512' title='bbox 2132 2527 2255 2595; x_wconf 85' lang='lat' dir='ltr'>tali,</span> <span class='ocrx_word' id='word_1_513' title='bbox 2276 2529 2412 2600; x_wconf 88' lang='lat' dir='ltr'><strong>quia</strong></span> <span class='ocrx_word' id='word_1_514' title='bbox 2435 2530 2580 2585; x_wconf 90' lang='lat' dir='ltr'>Deus</span> <span class='ocrx_word' id='word_1_515' title='bbox 2602 2529 2784 2602; x_wconf 87' lang='lat' dir='ltr'>posita</span> <span class='ocrx_word' id='word_1_516' title='bbox 2805 2530 2992 2603; x_wconf 87' lang='lat' dir='ltr'><strong>gratia</strong></span> <span class='ocrx_word' id='word_1_517' title='bbox 3014 2533 3193 2601; x_wconf 88' lang='lat' dir='ltr'>potest</span> <span class='ocrx_word' id='word_1_518' title='bbox 3214 2542 3334 2584; x_wconf 90' lang='lat' dir='ltr'>non</span> 
     </span>
     <span class='ocr_line' id='line_1_88' title="bbox 1972 2606 3328 2678; baseline 0 -18"><span class='ocrx_word' id='word_1_519' title='bbox 1972 2606 2265 2662; x_wconf 88' lang='lat' dir='ltr'>remittere</span> <span class='ocrx_word' id='word_1_520' title='bbox 2294 2613 2613 2678; x_wconf 84' lang='lat' dir='ltr'>peccatum;</span> <span class='ocrx_word' id='word_1_521' title='bbox 2643 2624 2774 2665; x_wconf 90' lang='lat' dir='ltr'><strong>cum</strong></span> <span class='ocrx_word' id='word_1_522' title='bbox 2801 2615 2997 2665; x_wconf 89' lang='lat' dir='ltr'>tamen</span> <span class='ocrx_word' id='word_1_523' title='bbox 3024 2608 3096 2665; x_wconf 92' lang='lat' dir='ltr'>de</span> <span class='ocrx_word' id='word_1_524' title='bbox 3122 2608 3227 2665; x_wconf 93' lang='lat' dir='ltr'>hoc</span> <span class='ocrx_word' id='word_1_525' title='bbox 3251 2606 3328 2662; x_wconf 92' lang='lat' dir='ltr'>sit</span> 
     </span>
     <span class='ocr_line' id='line_1_89' title="bbox 1970 2690 3329 2762; baseline 0.001 -21"><span class='ocrx_word' id='word_1_526' title='bbox 1970 2690 2087 2742; x_wconf 91' lang='lat' dir='ltr'>tota</span> <span class='ocrx_word' id='word_1_527' title='bbox 2111 2690 2518 2752; x_wconf 87' lang='lat' dir='ltr'>controversia,</span> <span class='ocrx_word' id='word_1_528' title='bbox 2547 2695 2604 2745; x_wconf 87' lang='lat' dir='ltr'>et</span> <span class='ocrx_word' id='word_1_529' title='bbox 2627 2696 3035 2762; x_wconf 88' lang='lat' dir='ltr'>argumentum</span> <span class='ocrx_word' id='word_1_530' title='bbox 3066 2694 3329 2745; x_wconf 90' lang='lat' dir='ltr'>nostrum</span> 
     </span>
     <span class='ocr_line' id='line_1_90' title="bbox 1968 2768 3330 2843; baseline 0.001 -22"><span class='ocrx_word' id='word_1_531' title='bbox 1968 2779 2039 2821; x_wconf 90' lang='lat' dir='ltr'>ex</span> <span class='ocrx_word' id='word_1_532' title='bbox 2068 2781 2264 2822; x_wconf 91' lang='lat' dir='ltr'>amore</span> <span class='ocrx_word' id='word_1_533' title='bbox 2307 2768 2405 2824; x_wconf 91' lang='lat' dir='ltr'>Dei</span> <span class='ocrx_word' id='word_1_534' title='bbox 2446 2769 2790 2841; x_wconf 90' lang='lat' dir='ltr'>simpliciter</span> <span class='ocrx_word' id='word_1_535' title='bbox 2830 2785 2966 2843; x_wconf 87' lang='lat' dir='ltr'><strong>erga</strong></span> <span class='ocrx_word' id='word_1_536' title='bbox 3006 2768 3330 2833; x_wconf 91' lang='lat' dir='ltr'>hominem,</span> 
     </span>
     <span class='ocr_line' id='line_1_91' title="bbox 1967 2845 3333 2924; baseline 0.001 -21"><span class='ocrx_word' id='word_1_537' title='bbox 1967 2845 2060 2904; x_wconf 89' lang='lat' dir='ltr'>cui</span> <span class='ocrx_word' id='word_1_538' title='bbox 2087 2847 2307 2905; x_wconf 89' lang='lat' dir='ltr'>confert</span> <span class='ocrx_word' id='word_1_539' title='bbox 2331 2850 2601 2924; x_wconf 88' lang='lat' dir='ltr'><strong>gratiam,</strong></span> <span class='ocrx_word' id='word_1_540' title='bbox 2647 2851 2861 2908; x_wconf 87' lang='lat' dir='ltr'>inferat</span> <span class='ocrx_word' id='word_1_541' title='bbox 2894 2849 3333 2924; x_wconf 89' lang='lat' dir='ltr'>dispositionem</span> 
     </span>
     <span class='ocr_line' id='line_1_92' title="bbox 1967 2928 3333 3004; baseline 0.001 -18"><span class='ocrx_word' id='word_1_542' title='bbox 1967 2928 2085 2986; x_wconf 93' lang='lat' dir='ltr'>odii</span> <span class='ocrx_word' id='word_1_543' title='bbox 2121 2928 2231 2985; x_wconf 83' lang='lat' dir='ltr'>De‘r</span> <span class='ocrx_word' id='word_1_544' title='bbox 2248 2946 2384 3004; x_wconf 89' lang='lat' dir='ltr'><strong>erga</strong></span> <span class='ocrx_word' id='word_1_545' title='bbox 2409 2931 2658 2988; x_wconf 91' lang='lat' dir='ltr'>eundem</span> <span class='ocrx_word' id='word_1_546' title='bbox 2687 2932 3007 2998; x_wconf 89' lang='lat' dir='ltr'>hominem,</span> <span class='ocrx_word' id='word_1_547' title='bbox 3039 2936 3095 2989; x_wconf 90' lang='lat' dir='ltr'>et</span> <span class='ocrx_word' id='word_1_548' title='bbox 3122 2932 3333 2989; x_wconf 87' lang='lat' dir='ltr'>remis-</span> 
     </span>
     <span class='ocr_line' id='line_1_93' title="bbox 1969 3012 3335 3087; baseline 0.003 -21"><span class='ocrx_word' id='word_1_549' title='bbox 1969 3012 2190 3068; x_wconf 89' lang='lat' dir='ltr'>sionem</span> <span class='ocrx_word' id='word_1_550' title='bbox 2239 3015 2472 3085; x_wconf 89' lang='lat' dir='ltr'>peccati.</span> <span class='ocrx_word' id='word_1_551' title='bbox 2521 3016 2669 3069; x_wconf 93' lang='lat' dir='ltr'><strong>Tum</strong></span> <span class='ocrx_word' id='word_1_552' title='bbox 2709 3014 2906 3080; x_wconf 91' lang='lat' dir='ltr'>etiam,</span> <span class='ocrx_word' id='word_1_553' title='bbox 2957 3014 3092 3087; x_wconf 91' lang='lat' dir='ltr'><strong>quia</strong></span> <span class='ocrx_word' id='word_1_554' title='bbox 3130 3013 3335 3070; x_wconf 89' lang='lat' dir='ltr'>eadem</span> 
     </span>
     <span class='ocr_line' id='line_1_94' title="bbox 1971 3092 3338 3168; baseline 0.002 -20"><span class='ocrx_word' id='word_1_555' title='bbox 1971 3092 2203 3149; x_wconf 89' lang='lat' dir='ltr'>licentia</span> <span class='ocrx_word' id='word_1_556' title='bbox 2231 3099 2416 3166; x_wconf 88' lang='lat' dir='ltr'>posset</span> <span class='ocrx_word' id='word_1_557' title='bbox 2443 3093 2576 3160; x_wconf 87' lang='lat' dir='ltr'>dici,</span> <span class='ocrx_word' id='word_1_558' title='bbox 2609 3092 2827 3150; x_wconf 92' lang='lat' dir='ltr'>donum</span> <span class='ocrx_word' id='word_1_559' title='bbox 2856 3095 3093 3152; x_wconf 89' lang='lat' dir='ltr'>unionis</span> <span class='ocrx_word' id='word_1_560' title='bbox 3120 3093 3338 3168; x_wconf 85' lang='lat' dir='ltr'>hypos-</span> 
     </span>
     <span class='ocr_line' id='line_1_95' title="bbox 1970 3172 3339 3249; baseline 0.002 -22"><span class='ocrx_word' id='word_1_561' title='bbox 1970 3172 2151 3229; x_wconf 81' lang='lat' dir='ltr'>taticae</span> <span class='ocrx_word' id='word_1_562' title='bbox 2169 3190 2290 3232; x_wconf 89' lang='lat' dir='ltr'>esse</span> <span class='ocrx_word' id='word_1_563' title='bbox 2311 3174 2528 3233; x_wconf 92' lang='lat' dir='ltr'>bonum</span> <span class='ocrx_word' id='word_1_564' title='bbox 2546 3174 2872 3231; x_wconf 86' lang='lat' dir='ltr'><strong>maximum</strong></span> <span class='ocrx_word' id='word_1_565' title='bbox 2890 3174 2954 3231; x_wconf 93' lang='lat' dir='ltr'>in</span> <span class='ocrx_word' id='word_1_566' title='bbox 2966 3173 3170 3232; x_wconf 90' lang='lat' dir='ltr'>ordine</span> <span class='ocrx_word' id='word_1_567' title='bbox 3193 3174 3339 3249; x_wconf 85' lang='lat' dir='ltr'>phy·</span> 
     </span>
     <span class='ocr_line' id='line_1_96' title="bbox 1969 3254 3334 3328; baseline 0.001 -19"><span class='ocrx_word' id='word_1_568' title='bbox 1969 3254 2104 3322; x_wconf 88' lang='lat' dir='ltr'>sico,</span> <span class='ocrx_word' id='word_1_569' title='bbox 2147 3260 2203 3312; x_wconf 90' lang='lat' dir='ltr'>et</span> <span class='ocrx_word' id='word_1_570' title='bbox 2230 3256 2548 3314; x_wconf 89' lang='lat' dir='ltr'>terminare</span> <span class='ocrx_word' id='word_1_571' title='bbox 2575 3256 2941 3313; x_wconf 80' lang='lat' dir='ltr'>dilectionem</span> <span class='ocrx_word' id='word_1_572' title='bbox 2968 3257 3069 3314; x_wconf 89' lang='lat' dir='ltr'>Dei</span> <span class='ocrx_word' id='word_1_573' title='bbox 3094 3256 3334 3328; x_wconf 90' lang='lat' dir='ltr'>simpli-</span> 
     </span>
     <span class='ocr_line' id='line_1_97' title="bbox 1969 3334 3333 3411; baseline 0.001 -19"><span class='ocrx_word' id='word_1_574' title='bbox 1969 3334 2113 3392; x_wconf 90' lang='lat' dir='ltr'>citer</span> <span class='ocrx_word' id='word_1_575' title='bbox 2140 3337 2315 3393; x_wconf 90' lang='lat' dir='ltr'>talem</span> <span class='ocrx_word' id='word_1_576' title='bbox 2360 3336 2424 3394; x_wconf 93' lang='lat' dir='ltr'>in</span> <span class='ocrx_word' id='word_1_577' title='bbox 2464 3337 2674 3395; x_wconf 91' lang='lat' dir='ltr'>ordine</span> <span class='ocrx_word' id='word_1_578' title='bbox 2700 3337 2964 3411; x_wconf 86' lang='lat' dir='ltr'>physico;</span> <span class='ocrx_word' id='word_1_579' title='bbox 2992 3353 3109 3394; x_wconf 92' lang='lat' dir='ltr'>non</span> <span class='ocrx_word' id='word_1_580' title='bbox 3138 3343 3333 3394; x_wconf 87' lang='lat' dir='ltr'>tamen</span> 
     </span>
     <span class='ocr_line' id='line_1_98' title="bbox 1971 3415 3327 3483; baseline 0.001 -11"><span class='ocrx_word' id='word_1_581' title='bbox 1971 3431 2092 3472; x_wconf 85' lang='lat' dir='ltr'>esse</span> <span class='ocrx_word' id='word_1_582' title='bbox 2132 3415 2351 3473; x_wconf 92' lang='lat' dir='ltr'>bonum</span> <span class='ocrx_word' id='word_1_583' title='bbox 2393 3419 2718 3474; x_wconf 88' lang='lat' dir='ltr'><strong>maximum</strong></span> <span class='ocrx_word' id='word_1_584' title='bbox 2760 3417 2825 3472; x_wconf 93' lang='lat' dir='ltr'>in</span> <span class='ocrx_word' id='word_1_585' title='bbox 2863 3415 3071 3474; x_wconf 90' lang='lat' dir='ltr'>ordine</span> <span class='ocrx_word' id='word_1_586' title='bbox 3097 3417 3327 3483; x_wconf 87' lang='lat' dir='ltr'><strong>morali,</strong></span> 
     </span>
     <span class='ocr_line' id='line_1_99' title="bbox 1974 3498 3335 3571; baseline 0.003 -20"><span class='ocrx_word' id='word_1_587' title='bbox 1974 3512 2077 3552; x_wconf 91' lang='lat' dir='ltr'>nec</span> <span class='ocrx_word' id='word_1_588' title='bbox 2116 3499 2436 3556; x_wconf 89' lang='lat' dir='ltr'>terminare</span> <span class='ocrx_word' id='word_1_589' title='bbox 2464 3498 2833 3556; x_wconf 90' lang='lat' dir='ltr'>dilectionem</span> <span class='ocrx_word' id='word_1_590' title='bbox 2865 3499 2965 3555; x_wconf 88' lang='lat' dir='ltr'>Dei</span> <span class='ocrx_word' id='word_1_591' title='bbox 2990 3498 3335 3571; x_wconf 88' lang='lat' dir='ltr'>simpliciter</span> 
     </span>
     <span class='ocr_line' id='line_1_100' title="bbox 1974 3578 3335 3653; baseline 0.001 -19"><span class='ocrx_word' id='word_1_592' title='bbox 1974 3578 2037 3634; x_wconf 90' lang='lat' dir='ltr'>in</span> <span class='ocrx_word' id='word_1_593' title='bbox 2063 3579 2166 3635; x_wconf 90' lang='lat' dir='ltr'>tali</span> <span class='ocrx_word' id='word_1_594' title='bbox 2194 3579 2417 3645; x_wconf 89' lang='lat' dir='ltr'>ordine,</span> <span class='ocrx_word' id='word_1_595' title='bbox 2451 3580 2563 3636; x_wconf 89' lang='lat' dir='ltr'>nisi</span> <span class='ocrx_word' id='word_1_596' title='bbox 2610 3579 2814 3638; x_wconf 89' lang='lat' dir='ltr'>habeat</span> <span class='ocrx_word' id='word_1_597' title='bbox 2842 3578 3168 3653; x_wconf 83' lang='lat' dir='ltr'><strong>adjunctam</strong></span> <span class='ocrx_word' id='word_1_598' title='bbox 3195 3595 3335 3636; x_wconf 89' lang='lat' dir='ltr'>con-</span> 
     </span>
     <span class='ocr_line' id='line_1_101' title="bbox 1973 3656 3336 3733; baseline 0.003 -20"><span class='ocrx_word' id='word_1_599' title='bbox 1973 3656 2344 3717; x_wconf 90' lang='lat' dir='ltr'>donationem</span> <span class='ocrx_word' id='word_1_600' title='bbox 2399 3662 2608 3733; x_wconf 92' lang='lat' dir='ltr'>peccati</span> <span class='ocrx_word' id='word_1_601' title='bbox 2663 3661 2726 3718; x_wconf 92' lang='lat' dir='ltr'>in</span> <span class='ocrx_word' id='word_1_602' title='bbox 2774 3660 3156 3725; x_wconf 86' lang='lat' dir='ltr'>humanitate,</span> <span class='ocrx_word' id='word_1_603' title='bbox 3211 3676 3336 3732; x_wconf 79' lang='lat' dir='ltr'>quae</span> 
     </span>
     <span class='ocr_line' id='line_1_102' title="bbox 1974 3739 3335 3816; baseline 0.001 -22"><span class='ocrx_word' id='word_1_604' title='bbox 1974 3739 2306 3806; x_wconf 87' lang='lat' dir='ltr'><strong>assumitur,</strong></span> <span class='ocrx_word' id='word_1_605' title='bbox 2333 3757 2510 3813; x_wconf 90' lang='lat' dir='ltr'><strong>quam</strong></span> <span class='ocrx_word' id='word_1_606' title='bbox 2540 3741 2944 3798; x_wconf 89' lang='lat' dir='ltr'>remissionem</span> <span class='ocrx_word' id='word_1_607' title='bbox 2973 3741 3147 3816; x_wconf 87' lang='lat' dir='ltr'>possit</span> <span class='ocrx_word' id='word_1_608' title='bbox 3188 3742 3335 3797; x_wconf 88' lang='lat' dir='ltr'>Deus</span> 
     </span>
     <span class='ocr_line' id='line_1_103' title="bbox 1972 3821 3333 3896; baseline 0.001 -21"><span class='ocrx_word' id='word_1_609' title='bbox 1972 3821 2318 3894; x_wconf 85' lang='lat' dir='ltr'>suspendere</span> <span class='ocrx_word' id='word_1_610' title='bbox 2365 3822 2542 3880; x_wconf 92' lang='lat' dir='ltr'>etiam</span> <span class='ocrx_word' id='word_1_611' title='bbox 2609 3828 2732 3896; x_wconf 90' lang='lat' dir='ltr'>post</span> <span class='ocrx_word' id='word_1_612' title='bbox 2787 3823 3058 3880; x_wconf 89' lang='lat' dir='ltr'>collatum</span> <span class='ocrx_word' id='word_1_613' title='bbox 3118 3821 3333 3878; x_wconf 89' lang='lat' dir='ltr'>bonum</span> 
     </span>
     <span class='ocr_line' id='line_1_104' title="bbox 1975 3901 3335 3977; baseline 0.001 -20"><span class='ocrx_word' id='word_1_614' title='bbox 1975 3902 2243 3958; x_wconf 84' lang='lat' dir='ltr'>unionis.-</span> <span class='ocrx_word' id='word_1_615' title='bbox 2273 3905 2454 3977; x_wconf 90' lang='lat' dir='ltr'>Atque</span> <span class='ocrx_word' id='word_1_616' title='bbox 2480 3903 2609 3961; x_wconf 93' lang='lat' dir='ltr'>ideo</span> <span class='ocrx_word' id='word_1_617' title='bbox 2652 3919 2766 3960; x_wconf 92' lang='lat' dir='ltr'>non</span> <span class='ocrx_word' id='word_1_618' title='bbox 2804 3918 3142 3977; x_wconf 89' lang='lat' dir='ltr'>repugnare,</span> <span class='ocrx_word' id='word_1_619' title='bbox 3186 3901 3335 3975; x_wconf 89' lang='lat' dir='ltr'>quod</span> 
     </span>
     <span class='ocr_line' id='line_1_105' title="bbox 1977 3983 3334 4055; baseline 0.001 -18"><span class='ocrx_word' id='word_1_620' title='bbox 1977 3983 2124 4038; x_wconf 89' lang='lat' dir='ltr'>Deus</span> <span class='ocrx_word' id='word_1_621' title='bbox 2162 3983 2436 4040; x_wconf 89' lang='lat' dir='ltr'>terminet</span> <span class='ocrx_word' id='word_1_622' title='bbox 2463 3984 2885 4040; x_wconf 86' lang='lat' dir='ltr'>humanitatem</span> <span class='ocrx_word' id='word_1_623' title='bbox 2913 3983 3076 4055; x_wconf 89' lang='lat' dir='ltr'>prius</span> <span class='ocrx_word' id='word_1_624' title='bbox 3114 3985 3334 4055; x_wconf 90' lang='lat' dir='ltr'>peccato</span> 
     </span>
     <span class='ocr_line' id='line_1_106' title="bbox 1977 4061 3335 4135; baseline -0.001 -17"><span class='ocrx_word' id='word_1_625' title='bbox 1977 4061 2269 4129; x_wconf 77' lang='lat' dir='ltr'>affectam3</span> <span class='ocrx_word' id='word_1_626' title='bbox 2299 4068 2355 4119; x_wconf 88' lang='lat' dir='ltr'>et</span> <span class='ocrx_word' id='word_1_627' title='bbox 2378 4062 2528 4134; x_wconf 93' lang='lat' dir='ltr'>quod</span> <span class='ocrx_word' id='word_1_628' title='bbox 2568 4062 2960 4121; x_wconf 89' lang='lat' dir='ltr'>nihilominus</span> <span class='ocrx_word' id='word_1_629' title='bbox 3000 4068 3335 4135; x_wconf 89' lang='lat' dir='ltr'>permaneat</span> 
     </span>
     <span class='ocr_line' id='line_1_107' title="bbox 1975 4139 3334 4215; baseline 0.001 -20"><span class='ocrx_word' id='word_1_630' title='bbox 1975 4139 2040 4196; x_wconf 93' lang='lat' dir='ltr'>in</span> <span class='ocrx_word' id='word_1_631' title='bbox 2067 4156 2134 4197; x_wconf 87' lang='lat' dir='ltr'>ea</span> <span class='ocrx_word' id='word_1_632' title='bbox 2161 4147 2471 4214; x_wconf 89' lang='lat' dir='ltr'>peccatum.</span> <span class='ocrx_word' id='word_1_633' title='bbox 2518 4141 2834 4215; x_wconf 90' lang='lat' dir='ltr'>Utrobique</span> <span class='ocrx_word' id='word_1_634' title='bbox 2857 4141 3018 4199; x_wconf 91' lang='lat' dir='ltr'>enim</span> <span class='ocrx_word' id='word_1_635' title='bbox 3054 4146 3334 4213; x_wconf 91' lang='lat' dir='ltr'>quantum</span> 
     </span>
     <span class='ocr_line' id='line_1_108' title="bbox 1976 4219 3335 4294; baseline 0 -17"><span class='ocrx_word' id='word_1_636' title='bbox 1976 4219 2046 4278; x_wconf 91' lang='lat' dir='ltr'>ad</span> <span class='ocrx_word' id='word_1_637' title='bbox 2068 4221 2173 4277; x_wconf 89' lang='lat' dir='ltr'>hoc</span> <span class='ocrx_word' id='word_1_638' title='bbox 2192 4220 2406 4277; x_wconf 88' lang='lat' dir='ltr'>militat</span> <span class='ocrx_word' id='word_1_639' title='bbox 2426 4222 2625 4280; x_wconf 91' lang='lat' dir='ltr'>eadem</span> <span class='ocrx_word' id='word_1_640' title='bbox 2651 4224 2827 4289; x_wconf 87' lang='lat' dir='ltr'>ratio;</span> <span class='ocrx_word' id='word_1_641' title='bbox 2850 4227 2908 4279; x_wconf 92' lang='lat' dir='ltr'>et</span> <span class='ocrx_word' id='word_1_642' title='bbox 2925 4226 3335 4294; x_wconf 85' lang='lat' dir='ltr'>consequenter</span> 
     </span>
     <span class='ocr_line' id='line_1_109' title="bbox 1975 4299 3336 4375; baseline 0.002 -19"><span class='ocrx_word' id='word_1_643' title='bbox 1975 4301 2068 4357; x_wconf 87' lang='lat' dir='ltr'>vel</span> <span class='ocrx_word' id='word_1_644' title='bbox 2095 4300 2400 4357; x_wconf 91' lang='lat' dir='ltr'>dicendum</span> <span class='ocrx_word' id='word_1_645' title='bbox 2428 4307 2531 4368; x_wconf 89' lang='lat' dir='ltr'>est,</span> <span class='ocrx_word' id='word_1_646' title='bbox 2565 4319 2682 4360; x_wconf 90' lang='lat' dir='ltr'>non</span> <span class='ocrx_word' id='word_1_647' title='bbox 2721 4303 2911 4360; x_wconf 93' lang='lat' dir='ltr'><strong>solum</strong></span> <span class='ocrx_word' id='word_1_648' title='bbox 2937 4301 3206 4375; x_wconf 89' lang='lat' dir='ltr'><strong>gratiam,</strong></span> <span class='ocrx_word' id='word_1_649' title='bbox 3236 4299 3336 4359; x_wconf 82' lang='lat' dir='ltr'>sed</span> 
     </span>
     <span class='ocr_line' id='line_1_110' title="bbox 1975 4380 3333 4456; baseline 0.001 -19"><span class='ocrx_word' id='word_1_650' title='bbox 1975 4380 2149 4437; x_wconf 90' lang='lat' dir='ltr'>etiam</span> <span class='ocrx_word' id='word_1_651' title='bbox 2174 4381 2451 4439; x_wconf 90' lang='lat' dir='ltr'>unionem</span> <span class='ocrx_word' id='word_1_652' title='bbox 2480 4382 2895 4456; x_wconf 81' lang='lat' dir='ltr'>hypostaticam</span> <span class='ocrx_word' id='word_1_653' title='bbox 2922 4397 3045 4439; x_wconf 90' lang='lat' dir='ltr'>esse</span> <span class='ocrx_word' id='word_1_654' title='bbox 3070 4397 3333 4454; x_wconf 89' lang='lat' dir='ltr'>compos-</span> 
     </span>
     <span class='ocr_line' id='line_1_111' title="bbox 1976 4459 3334 4526; baseline 0.001 -10"><span class='ocrx_word' id='word_1_655' title='bbox 1976 4459 2205 4518; x_wconf 92' lang='lat' dir='ltr'>sibilem</span> <span class='ocrx_word' id='word_1_656' title='bbox 2226 4478 2356 4519; x_wconf 92' lang='lat' dir='ltr'><strong>cum</strong></span> <span class='ocrx_word' id='word_1_657' title='bbox 2384 4461 2517 4520; x_wconf 91' lang='lat' dir='ltr'>odio</span> <span class='ocrx_word' id='word_1_658' title='bbox 2546 4463 2673 4526; x_wconf 90' lang='lat' dir='ltr'>Dei;</span> <span class='ocrx_word' id='word_1_659' title='bbox 2703 4462 2794 4520; x_wconf 88' lang='lat' dir='ltr'>vel</span> <span class='ocrx_word' id='word_1_660' title='bbox 2823 4468 3096 4522; x_wconf 83' lang='lat' dir='ltr'>neutrum</span> <span class='ocrx_word' id='word_1_661' title='bbox 3116 4462 3334 4519; x_wconf 90' lang='lat' dir='ltr'>bonum</span> 
     </span>
     <span class='ocr_line' id='line_1_112' title="bbox 1978 4543 3339 4616; baseline 0.001 -16"><span class='ocrx_word' id='word_1_662' title='bbox 1978 4558 2138 4615; x_wconf 87' lang='lat' dir='ltr'>posse</span> <span class='ocrx_word' id='word_1_663' title='bbox 2158 4545 2337 4600; x_wconf 89' lang='lat' dir='ltr'>Deum</span> <span class='ocrx_word' id='word_1_664' title='bbox 2359 4547 2634 4600; x_wconf 82' lang='lat' dir='ltr'>creaturae</span> <span class='ocrx_word' id='word_1_665' title='bbox 2655 4543 2935 4609; x_wconf 90' lang='lat' dir='ltr'>conferre,</span> <span class='ocrx_word' id='word_1_666' title='bbox 2959 4544 3104 4616; x_wconf 89' lang='lat' dir='ltr'>quin</span> <span class='ocrx_word' id='word_1_667' title='bbox 3124 4559 3192 4601; x_wconf 93' lang='lat' dir='ltr'>eo</span> <span class='ocrx_word' id='word_1_668' title='bbox 3213 4544 3339 4616; x_wconf 83' lang='lat' dir='ltr'>ipso</span> 
     </span>
     <span class='ocr_line' id='line_1_113' title="bbox 1976 4623 3336 4699; baseline 0 -19"><span class='ocrx_word' id='word_1_669' title='bbox 1976 4623 2179 4698; x_wconf 90' lang='lat' dir='ltr'>diligat</span> <span class='ocrx_word' id='word_1_670' title='bbox 2222 4640 2350 4681; x_wconf 93' lang='lat' dir='ltr'>eam</span> <span class='ocrx_word' id='word_1_671' title='bbox 2397 4626 2759 4698; x_wconf 89' lang='lat' dir='ltr'>simpliciter,</span> <span class='ocrx_word' id='word_1_672' title='bbox 2816 4630 2872 4682; x_wconf 88' lang='lat' dir='ltr'>et</span> <span class='ocrx_word' id='word_1_673' title='bbox 2922 4625 3171 4699; x_wconf 87' lang='lat' dir='ltr'>deponat</span> <span class='ocrx_word' id='word_1_674' title='bbox 3213 4625 3336 4699; x_wconf 78' lang='lat' dir='ltr'>eJ‘us</span> 
     </span>
     <span class='ocr_line' id='line_1_114' title="bbox 1977 4701 3339 4778; baseline 0 -16"><span class='ocrx_word' id='word_1_675' title='bbox 1977 4703 2193 4770; x_wconf 91' lang='lat' dir='ltr'>odium,</span> <span class='ocrx_word' id='word_1_676' title='bbox 2226 4708 2392 4778; x_wconf 87' lang='lat' dir='ltr'>atque</span> <span class='ocrx_word' id='word_1_677' title='bbox 2433 4701 2721 4778; x_wconf 86' lang='lat' dir='ltr'>peccatum</span> <span class='ocrx_word' id='word_1_678' title='bbox 2754 4704 3029 4763; x_wconf 85' lang='lat' dir='ltr'>remittat:</span> <span class='ocrx_word' id='word_1_679' title='bbox 3058 4706 3208 4761; x_wconf 86' lang='lat' dir='ltr'><strong>Tum</strong></span> <span class='ocrx_word' id='word_1_680' title='bbox 3236 4703 3339 4762; x_wconf 88' lang='lat' dir='ltr'>de·</span> 
     </span>
     <span class='ocr_line' id='line_1_115' title="bbox 1977 4785 3339 4860; baseline -0.001 -17"><span class='ocrx_word' id='word_1_681' title='bbox 1977 4785 2167 4857; x_wconf 88' lang='lat' dir='ltr'>nique,</span> <span class='ocrx_word' id='word_1_682' title='bbox 2195 4800 2331 4842; x_wconf 89' lang='lat' dir='ltr'>nam</span> <span class='ocrx_word' id='word_1_683' title='bbox 2351 4801 2419 4844; x_wconf 91' lang='lat' dir='ltr'>eo</span> <span class='ocrx_word' id='word_1_684' title='bbox 2440 4788 2583 4859; x_wconf 88' lang='lat' dir='ltr'>ipso,</span> <span class='ocrx_word' id='word_1_685' title='bbox 2613 4785 2766 4860; x_wconf 88' lang='lat' dir='ltr'>quod</span> <span class='ocrx_word' id='word_1_686' title='bbox 2790 4788 2937 4843; x_wconf 89' lang='lat' dir='ltr'>Deus</span> <span class='ocrx_word' id='word_1_687' title='bbox 2956 4786 3339 4846; x_wconf 87' lang='lat' dir='ltr'>communicet</span> 
     </span>
     <span class='ocr_line' id='line_1_116' title="bbox 1977 4865 3337 4941; baseline 0.001 -18"><span class='ocrx_word' id='word_1_688' title='bbox 1977 4867 2123 4924; x_wconf 92' lang='lat' dir='ltr'>illud</span> <span class='ocrx_word' id='word_1_689' title='bbox 2169 4865 2384 4924; x_wconf 89' lang='lat' dir='ltr'>bonum</span> <span class='ocrx_word' id='word_1_690' title='bbox 2427 4868 2869 4941; x_wconf 87' lang='lat' dir='ltr'>supernaturale</span> <span class='ocrx_word' id='word_1_691' title='bbox 2907 4867 3249 4941; x_wconf 88' lang='lat' dir='ltr'>simpliciter</span> <span class='ocrx_word' id='word_1_692' title='bbox 3275 4869 3337 4925; x_wconf 93' lang='lat' dir='ltr'>in</span> 
     </span>
     <span class='ocr_line' id='line_1_117' title="bbox 1976 4949 3341 5026; baseline 0.001 -21"><span class='ocrx_word' id='word_1_693' title='bbox 1976 4964 2098 5006; x_wconf 90' lang='lat' dir='ltr'>esse</span> <span class='ocrx_word' id='word_1_694' title='bbox 2124 4949 2376 5023; x_wconf 79' lang='lat' dir='ltr'>physion,</span> <span class='ocrx_word' id='word_1_695' title='bbox 2405 4949 2556 5022; x_wconf 89' lang='lat' dir='ltr'>quod</span> <span class='ocrx_word' id='word_1_696' title='bbox 2580 4955 2666 5008; x_wconf 91' lang='lat' dir='ltr'>est</span> <span class='ocrx_word' id='word_1_697' title='bbox 2690 4950 2893 5026; x_wconf 88' lang='lat' dir='ltr'><strong>gratia,</strong></span> <span class='ocrx_word' id='word_1_698' title='bbox 2920 4949 3117 5024; x_wconf 85' lang='lat' dir='ltr'>diligit</span> <span class='ocrx_word' id='word_1_699' title='bbox 3143 4951 3341 5008; x_wconf 85' lang='lat' dir='ltr'>homi-</span> 
     </span>
     <span class='ocr_line' id='line_1_118' title="bbox 1978 5028 3337 5104; baseline 0.001 -19"><span class='ocrx_word' id='word_1_700' title='bbox 1978 5044 2111 5088; x_wconf 87' lang='lat' dir='ltr'>nem</span> <span class='ocrx_word' id='word_1_701' title='bbox 2132 5030 2301 5104; x_wconf 92' lang='lat' dir='ltr'>simpl</span> <span class='ocrx_word' id='word_1_702' title='bbox 2310 5030 2474 5088; x_wconf 88' lang='lat' dir='ltr'>iciter</span> <span class='ocrx_word' id='word_1_703' title='bbox 2489 5030 2554 5087; x_wconf 92' lang='lat' dir='ltr'>in</span> <span class='ocrx_word' id='word_1_704' title='bbox 2572 5046 2695 5089; x_wconf 87' lang='lat' dir='ltr'>esse</span> <span class='ocrx_word' id='word_1_705' title='bbox 2715 5028 2955 5097; x_wconf 90' lang='lat' dir='ltr'><strong>morali;</strong></span> <span class='ocrx_word' id='word_1_706' title='bbox 2978 5035 3034 5086; x_wconf 87' lang='lat' dir='ltr'>et</span> <span class='ocrx_word' id='word_1_707' title='bbox 3049 5030 3150 5088; x_wconf 89' lang='lat' dir='ltr'>ille</span> <span class='ocrx_word' id='word_1_708' title='bbox 3173 5046 3337 5089; x_wconf 92' lang='lat' dir='ltr'><strong>amor</strong></span> 
     </span>
     <span class='ocr_line' id='line_1_119' title="bbox 3256 5115 3339 5168; baseline -0.024 0"><span class='ocrx_word' id='word_1_709' title='bbox 3256 5115 3339 5168; x_wconf 89' lang='lat' dir='ltr'>est</span> 
     </span>
    </p>
   </div>
  </div>
 </body>
</html>
