<?xml version="1.0" encoding="UTF-8"?>
<!DOCTYPE html PUBLIC "-//W3C//DTD XHTML 1.0 Transitional//EN"
    "http://www.w3.org/TR/xhtml1/DTD/xhtml1-transitional.dtd">
<html xmlns="http://www.w3.org/1999/xhtml" xml:lang="en" lang="en">
 <head>
  <title>
</title>
<meta http-equiv="Content-Type" content="text/html;charset=utf-8" />
  <meta name='ocr-system' content='tesseract 3.04.00' />
  <meta name='ocr-capabilities' content='ocr_page ocr_carea ocr_par ocr_line ocrx_word'/>
</head>
<body>
  <div class='ocr_page' id='page_1' title='image "./collegiisalmant00carmgoog_0074.png"; bbox 0 0 3647 5753; ppageno 0'>
   <div class='ocr_carea' id='block_1_1' title="bbox 553 427 631 482">
    <p class='ocr_par' dir='ltr' id='par_1_1' title="bbox 553 427 631 482">
     <span class='ocr_line' id='line_1_1' title="bbox 553 427 631 482; baseline 0.026 -2"><span class='ocrx_word' id='word_1_1' title='bbox 553 427 631 482; x_wconf 80' lang='lat'><strong>52</strong></span> 
     </span>
    </p>
   </div>
   <div class='ocr_carea' id='block_1_2' title="bbox 547 595 1918 752">
    <p class='ocr_par' dir='ltr' id='par_1_2' title="bbox 547 595 1918 752">
     <span class='ocr_line' id='line_1_2' title="bbox 549 595 1912 672; baseline -0.001 -19"><span class='ocrx_word' id='word_1_2' title='bbox 549 597 737 672; x_wconf 89' lang='lat' dir='ltr'><strong>potuit</strong></span> <span class='ocrx_word' id='word_1_3' title='bbox 764 596 1199 656; x_wconf 90' lang='lat' dir='ltr'><strong>conversionem</strong></span> <span class='ocrx_word' id='word_1_4' title='bbox 1243 595 1451 655; x_wconf 90' lang='lat' dir='ltr'><strong>elicere</strong></span> <span class='ocrx_word' id='word_1_5' title='bbox 1492 595 1809 655; x_wconf 90' lang='lat' dir='ltr'><strong>secundum</strong></span> <span class='ocrx_word' id='word_1_6' title='bbox 1836 609 1912 662; x_wconf 87' lang='lat' dir='ltr'><strong>se,</strong></span> 
     </span>
     <span class='ocr_line' id='line_1_3' title="bbox 547 677 1918 752; baseline -0.004 -16"><span class='ocrx_word' id='word_1_7' title='bbox 547 679 697 736; x_wconf 88' lang='lat' dir='ltr'><strong>etin</strong></span> <span class='ocrx_word' id='word_1_8' title='bbox 722 695 892 736; x_wconf 89' lang='lat' dir='ltr'><strong>sensu</strong></span> <span class='ocrx_word' id='word_1_9' title='bbox 946 679 1156 736; x_wconf 88' lang='lat' dir='ltr'><strong>diviso.</strong></span> <span class='ocrx_word' id='word_1_10' title='bbox 1207 680 1276 733; x_wconf 86' lang='lat' dir='ltr'><strong>Et</strong></span> <span class='ocrx_word' id='word_1_11' title='bbox 1317 683 1727 752; x_wconf 87' lang='lat' dir='ltr'><strong>consequenter</strong></span> <span class='ocrx_word' id='word_1_12' title='bbox 1771 677 1918 733; x_wconf 90' lang='lat' dir='ltr'><strong>sicut</strong></span> 
     </span>
    </p>
   </div>
   <div class='ocr_carea' id='block_1_3' title="bbox 551 759 1918 914">
    <p class='ocr_par' dir='ltr' id='par_1_3' title="bbox 551 759 1918 914">
     <span class='ocr_line' id='line_1_4' title="bbox 551 759 1918 836; baseline -0.001 -18"><span class='ocrx_word' id='word_1_13' title='bbox 551 760 878 836; x_wconf 85' lang='lat' dir='ltr'><strong>hujusmodi</strong></span> <span class='ocrx_word' id='word_1_14' title='bbox 909 760 1165 835; x_wconf 88' lang='lat' dir='ltr'><strong>potentia</strong></span> <span class='ocrx_word' id='word_1_15' title='bbox 1186 760 1349 835; x_wconf 75' lang='lat' dir='ltr'><strong>iuxta</strong></span> <span class='ocrx_word' id='word_1_16' title='bbox 1369 776 1737 818; x_wconf 89' lang='lat' dir='ltr'><strong>communem</strong></span> <span class='ocrx_word' id='word_1_17' title='bbox 1758 759 1918 816; x_wconf 86' lang='lat' dir='ltr'><strong>Tho-</strong></span> 
     </span>
     <span class='ocr_line' id='line_1_5' title="bbox 552 837 1914 914; baseline -0.003 -17"><span class='ocrx_word' id='word_1_18' title='bbox 552 840 858 899; x_wconf 86' lang='lat' dir='ltr'><strong>mistarum</strong></span> <span class='ocrx_word' id='word_1_19' title='bbox 886 841 1222 914; x_wconf 80' lang='lat' dir='ltr'><strong>opinionem</strong></span> <span class='ocrx_word' id='word_1_20' title='bbox 1248 839 1453 896; x_wconf 86' lang='lat' dir='ltr'><strong>sufficit</strong></span> <span class='ocrx_word' id='word_1_21' title='bbox 1478 838 1548 896; x_wconf 89' lang='lat' dir='ltr'><strong>ad</strong></span> <span class='ocrx_word' id='word_1_22' title='bbox 1575 837 1914 896; x_wconf 80' lang='lat' dir='ltr'><strong>salvandam</strong></span> 
     </span>
    </p>
   </div>
   <div class='ocr_carea' id='block_1_4' title="bbox 550 919 1763 988">
    <p class='ocr_par' dir='ltr' id='par_1_4' title="bbox 550 919 1763 988">
     <span class='ocr_line' id='line_1_6' title="bbox 550 919 1763 988; baseline -0.001 -12"><span class='ocrx_word' id='word_1_23' title='bbox 550 920 898 988; x_wconf 89' lang='lat' dir='ltr'><strong>libertatem,</strong></span> <span class='ocrx_word' id='word_1_24' title='bbox 927 922 1007 978; x_wconf 88' lang='lat' dir='ltr'><strong>ita</strong></span> <span class='ocrx_word' id='word_1_25' title='bbox 1030 919 1269 977; x_wconf 85' lang='lat' dir='ltr'><strong>sufficiet</strong></span> <span class='ocrx_word' id='word_1_26' title='bbox 1295 919 1358 977; x_wconf 91' lang='lat' dir='ltr'><strong>in</strong></span> <span class='ocrx_word' id='word_1_27' title='bbox 1387 923 1583 978; x_wconf 90' lang='lat' dir='ltr'><strong>nostro</strong></span> <span class='ocrx_word' id='word_1_28' title='bbox 1608 935 1763 976; x_wconf 88' lang='lat' dir='ltr'><strong>casu.</strong></span> 
     </span>
    </p>
   </div>
   <div class='ocr_carea' id='block_1_5' title="bbox 332 986 1918 1107">
    <p class='ocr_par' dir='ltr' id='par_1_5' title="bbox 332 986 1918 1107">
     <span class='ocr_line' id='line_1_7' title="bbox 332 986 1918 1107; baseline -0.001 -52"><span class='ocrx_word' id='word_1_29' title='bbox 332 1013 536 1107; x_wconf 53' lang='lat' dir='ltr'><strong>oiffieui·</strong></span> <span class='ocrx_word' id='word_1_30' title='bbox 624 1000 1024 1075; x_wconf 78' lang='lat' dir='ltr'><strong>Respondetur</strong></span> <span class='ocrx_word' id='word_1_31' title='bbox 1066 986 1427 1059; x_wconf 88' lang='lat' dir='ltr'><strong>concedendo</strong></span> <span class='ocrx_word' id='word_1_32' title='bbox 1475 1000 1817 1074; x_wconf 71' lang='lat' dir='ltr'><strong>praemissas,</strong></span> <span class='ocrx_word' id='word_1_33' title='bbox 1860 1004 1918 1057; x_wconf 89' lang='lat' dir='ltr'><strong>et</strong></span> 
     </span>
    </p>
   </div>
   <div class='ocr_carea' id='block_1_6' title="bbox 520 1079 1916 3414">
    <p class='ocr_par' dir='ltr' id='par_1_6' title="bbox 520 1079 1916 3414">
     <span class='ocr_line' id='line_1_8' title="bbox 547 1079 1914 1157; baseline -0.003 -18"><span class='ocrx_word' id='word_1_34' title='bbox 547 1082 811 1157; x_wconf 83' lang='lat' dir='ltr'><strong>negando</strong></span> <span class='ocrx_word' id='word_1_35' title='bbox 885 1080 1350 1155; x_wconf 73' lang='lat' dir='ltr'><strong>consequentiam</strong></span> <span class='ocrx_word' id='word_1_36' title='bbox 1396 1079 1469 1138; x_wconf 93' lang='lat' dir='ltr'><strong>ob</strong></span> <span class='ocrx_word' id='word_1_37' title='bbox 1545 1080 1914 1137; x_wconf 82' lang='lat' dir='ltr'><strong>manifestam</strong></span> 
     </span>
     <span class='ocr_line' id='line_1_9' title="bbox 548 1160 1916 1235; baseline -0.003 -17"><span class='ocrx_word' id='word_1_38' title='bbox 548 1162 833 1219; x_wconf 88' lang='lat' dir='ltr'><strong>rationem</strong></span> <span class='ocrx_word' id='word_1_39' title='bbox 855 1160 1234 1235; x_wconf 79' lang='lat' dir='ltr'><strong>disparitatis,</strong></span> <span class='ocrx_word' id='word_1_40' title='bbox 1264 1163 1413 1218; x_wconf 91' lang='lat' dir='ltr'><strong>Nam</strong></span> <span class='ocrx_word' id='word_1_41' title='bbox 1440 1166 1685 1234; x_wconf 87' lang='lat' dir='ltr'><strong>potestas</strong></span> <span class='ocrx_word' id='word_1_42' title='bbox 1712 1160 1916 1216; x_wconf 88' lang='lat' dir='ltr'><strong>volun·</strong></span> 
     </span>
     <span class='ocr_line' id='line_1_10' title="bbox 544 1239 1915 1317; baseline 0 -19"><span class='ocrx_word' id='word_1_43' title='bbox 544 1243 679 1299; x_wconf 91' lang='lat' dir='ltr'><strong>tatis</strong></span> <span class='ocrx_word' id='word_1_44' title='bbox 699 1247 902 1300; x_wconf 66' lang='lat' dir='ltr'><strong>creatas</strong></span> <span class='ocrx_word' id='word_1_45' title='bbox 921 1247 1006 1300; x_wconf 89' lang='lat' dir='ltr'><strong>est</strong></span> <span class='ocrx_word' id='word_1_46' title='bbox 1034 1246 1278 1314; x_wconf 89' lang='lat' dir='ltr'><strong>potestas</strong></span> <span class='ocrx_word' id='word_1_47' title='bbox 1306 1242 1526 1317; x_wconf 78' lang='lat' dir='ltr'><strong>agentis</strong></span> <span class='ocrx_word' id='word_1_48' title='bbox 1543 1239 1776 1298; x_wconf 91' lang='lat' dir='ltr'><strong>secundi</strong></span> <span class='ocrx_word' id='word_1_49' title='bbox 1800 1243 1915 1298; x_wconf 89' lang='lat' dir='ltr'><strong>Deo</strong></span> 
     </span>
     <span class='ocr_line' id='line_1_11' title="bbox 544 1319 1916 1397; baseline -0.003 -20"><span class='ocrx_word' id='word_1_50' title='bbox 544 1321 610 1378; x_wconf 90' lang='lat' dir='ltr'><strong>in</strong></span> <span class='ocrx_word' id='word_1_51' title='bbox 637 1321 855 1397; x_wconf 81' lang='lat' dir='ltr'><strong>agendo</strong></span> <span class='ocrx_word' id='word_1_52' title='bbox 876 1321 1239 1379; x_wconf 89' lang='lat' dir='ltr'><strong>subordinati</strong></span> <span class='ocrx_word' id='word_1_53' title='bbox 1276 1344 1291 1388; x_wconf 89' lang='lat'>;</span> <span class='ocrx_word' id='word_1_54' title='bbox 1324 1320 1478 1378; x_wconf 90' lang='lat' dir='ltr'><strong>unde</strong></span> <span class='ocrx_word' id='word_1_55' title='bbox 1501 1321 1647 1377; x_wconf 89' lang='lat' dir='ltr'><strong>sicut</strong></span> <span class='ocrx_word' id='word_1_56' title='bbox 1687 1319 1916 1392; x_wconf 80' lang='lat' dir='ltr'><strong>respicit</strong></span> 
     </span>
     <span class='ocr_line' id='line_1_12' title="bbox 541 1400 1914 1475; baseline -0.003 -15"><span class='ocrx_word' id='word_1_57' title='bbox 541 1403 860 1460; x_wconf 82' lang='lat' dir='ltr'><strong>carentiam</strong></span> <span class='ocrx_word' id='word_1_58' title='bbox 907 1402 1303 1460; x_wconf 83' lang='lat' dir='ltr'><strong>conversionis</strong></span> <span class='ocrx_word' id='word_1_59' title='bbox 1345 1401 1669 1475; x_wconf 90' lang='lat' dir='ltr'><strong>ponendam</strong></span> <span class='ocrx_word' id='word_1_60' title='bbox 1696 1400 1914 1474; x_wconf 91' lang='lat' dir='ltr'><strong>depen-</strong></span> 
     </span>
     <span class='ocr_line' id='line_1_13' title="bbox 540 1480 1914 1555; baseline -0.003 -16"><span class='ocrx_word' id='word_1_61' title='bbox 540 1481 744 1539; x_wconf 86' lang='lat' dir='ltr'><strong>denter</strong></span> <span class='ocrx_word' id='word_1_62' title='bbox 766 1499 800 1539; x_wconf 98' lang='lat' dir='ltr'><strong>a</strong></span> <span class='ocrx_word' id='word_1_63' title='bbox 820 1483 1073 1539; x_wconf 88' lang='lat' dir='ltr'><strong>carentia</strong></span> <span class='ocrx_word' id='word_1_64' title='bbox 1095 1481 1301 1540; x_wconf 81' lang='lat' dir='ltr'><strong>auxilii</strong></span> <span class='ocrx_word' id='word_1_65' title='bbox 1329 1480 1566 1539; x_wconf 86' lang='lat' dir='ltr'><strong>efficacis</strong></span> <span class='ocrx_word' id='word_1_66' title='bbox 1593 1502 1607 1537; x_wconf 71' lang='grc' dir='ltr'><strong>ι</strong></span> <span class='ocrx_word' id='word_1_67' title='bbox 1632 1482 1711 1538; x_wconf 87' lang='lat' dir='ltr'><strong>ita</strong></span> <span class='ocrx_word' id='word_1_68' title='bbox 1739 1480 1914 1555; x_wconf 87' lang='lat' dir='ltr'><strong>respi-</strong></span> 
     </span>
     <span class='ocr_line' id='line_1_14' title="bbox 540 1562 1914 1638; baseline -0.002 -17"><span class='ocrx_word' id='word_1_69' title='bbox 540 1564 1068 1622; x_wconf 89' lang='lat' dir='ltr'><strong>citconversionem</strong></span> <span class='ocrx_word' id='word_1_70' title='bbox 1090 1572 1154 1622; x_wconf 89' lang='lat' dir='ltr'><strong>ut</strong></span> <span class='ocrx_word' id='word_1_71' title='bbox 1174 1563 1500 1638; x_wconf 89' lang='lat' dir='ltr'><strong>ponendam</strong></span> <span class='ocrx_word' id='word_1_72' title='bbox 1522 1562 1914 1637; x_wconf 85' lang='lat' dir='ltr'><strong>dependenter</strong></span> 
     </span>
     <span class='ocr_line' id='line_1_15' title="bbox 540 1641 1913 1718; baseline 0 -20"><span class='ocrx_word' id='word_1_73' title='bbox 540 1641 613 1698; x_wconf 90' lang='lat' dir='ltr'><strong>ab</strong></span> <span class='ocrx_word' id='word_1_74' title='bbox 640 1643 859 1700; x_wconf 82' lang='lat' dir='ltr'><strong>auxilio</strong></span> <span class='ocrx_word' id='word_1_75' title='bbox 896 1644 1194 1703; x_wconf 86' lang='lat' dir='ltr'><strong>efficaciter</strong></span> <span class='ocrx_word' id='word_1_76' title='bbox 1222 1641 1641 1718; x_wconf 79' lang='lat' dir='ltr'><strong>applicantead</strong></span> <span class='ocrx_word' id='word_1_77' title='bbox 1666 1658 1913 1699; x_wconf 90' lang='lat' dir='ltr'><strong>conver-</strong></span> 
     </span>
     <span class='ocr_line' id='line_1_16' title="bbox 539 1722 1910 1796; baseline 0 -17"><span class='ocrx_word' id='word_1_78' title='bbox 539 1722 783 1781; x_wconf 88' lang='lat' dir='ltr'><strong>sionem.</strong></span> <span class='ocrx_word' id='word_1_79' title='bbox 819 1724 1202 1789; x_wconf 86' lang='lat' dir='ltr'><strong>Quamobrem</strong></span> <span class='ocrx_word' id='word_1_80' title='bbox 1229 1731 1291 1781; x_wconf 93' lang='lat' dir='ltr'><strong>ut</strong></span> <span class='ocrx_word' id='word_1_81' title='bbox 1311 1725 1599 1790; x_wconf 84' lang='lat' dir='ltr'><strong>voluntas,</strong></span> <span class='ocrx_word' id='word_1_82' title='bbox 1633 1738 1757 1796; x_wconf 82' lang='lat' dir='ltr'><strong>quae</strong></span> <span class='ocrx_word' id='word_1_83' title='bbox 1784 1727 1910 1779; x_wconf 89' lang='lat' dir='ltr'><strong>actu</strong></span> 
     </span>
     <span class='ocr_line' id='line_1_17' title="bbox 541 1803 1911 1869; baseline 0 -10"><span class='ocrx_word' id='word_1_84' title='bbox 541 1806 696 1860; x_wconf 86' lang='lat' dir='ltr'><strong>caret</strong></span> <span class='ocrx_word' id='word_1_85' title='bbox 724 1804 942 1862; x_wconf 87' lang='lat' dir='ltr'><strong>auxilio</strong></span> <span class='ocrx_word' id='word_1_86' title='bbox 968 1804 1175 1863; x_wconf 82' lang='lat' dir='ltr'><strong>efficaci</strong></span> <span class='ocrx_word' id='word_1_87' title='bbox 1218 1804 1289 1862; x_wconf 92' lang='lat' dir='ltr'><strong>ad</strong></span> <span class='ocrx_word' id='word_1_88' title='bbox 1326 1805 1785 1869; x_wconf 88' lang='lat' dir='ltr'><strong>conversionem,</strong></span> <span class='ocrx_word' id='word_1_89' title='bbox 1816 1803 1911 1859; x_wconf 90' lang='lat' dir='ltr'><strong>di-</strong></span> 
     </span>
     <span class='ocr_line' id='line_1_18' title="bbox 538 1883 1910 1957; baseline 0.001 -17"><span class='ocrx_word' id='word_1_90' title='bbox 538 1888 700 1940; x_wconf 88' lang='lat' dir='ltr'><strong>catur</strong></span> <span class='ocrx_word' id='word_1_91' title='bbox 722 1900 881 1957; x_wconf 88' lang='lat' dir='ltr'><strong>posse</strong></span> <span class='ocrx_word' id='word_1_92' title='bbox 902 1884 1157 1943; x_wconf 87' lang='lat' dir='ltr'><strong>absolute</strong></span> <span class='ocrx_word' id='word_1_93' title='bbox 1174 1887 1454 1954; x_wconf 88' lang='lat' dir='ltr'><strong>converti,</strong></span> <span class='ocrx_word' id='word_1_94' title='bbox 1477 1884 1617 1942; x_wconf 90' lang='lat' dir='ltr'><strong>satis</strong></span> <span class='ocrx_word' id='word_1_95' title='bbox 1639 1889 1738 1951; x_wconf 89' lang='lat' dir='ltr'><strong>est,</strong></span> <span class='ocrx_word' id='word_1_96' title='bbox 1758 1883 1910 1957; x_wconf 89' lang='lat' dir='ltr'><strong>quod</strong></span> 
     </span>
     <span class='ocr_line' id='line_1_19' title="bbox 538 1967 1908 2040; baseline 0.002 -18"><span class='ocrx_word' id='word_1_97' title='bbox 538 1971 807 2023; x_wconf 88' lang='lat' dir='ltr'><strong>connotet</strong></span> <span class='ocrx_word' id='word_1_98' title='bbox 827 1968 1005 2023; x_wconf 89' lang='lat' dir='ltr'><strong>Deum</strong></span> <span class='ocrx_word' id='word_1_99' title='bbox 1031 1973 1319 2040; x_wconf 86' lang='lat' dir='ltr'><strong>potentem</strong></span> <span class='ocrx_word' id='word_1_100' title='bbox 1336 1974 1391 2025; x_wconf 89' lang='lat' dir='ltr'><strong>et</strong></span> <span class='ocrx_word' id='word_1_101' title='bbox 1408 1968 1573 2023; x_wconf 90' lang='lat' dir='ltr'><strong>illam</strong></span> <span class='ocrx_word' id='word_1_102' title='bbox 1590 1967 1908 2024; x_wconf 87' lang='lat' dir='ltr'><strong>carentiam</strong></span> 
     </span>
     <span class='ocr_line' id='line_1_20' title="bbox 539 2046 1903 2114; baseline 0.002 -13"><span class='ocrx_word' id='word_1_103' title='bbox 539 2046 744 2103; x_wconf 80' lang='lat' dir='ltr'><strong>auxilii</strong></span> <span class='ocrx_word' id='word_1_104' title='bbox 792 2046 1114 2114; x_wconf 82' lang='lat' dir='ltr'><strong>excludere,</strong></span> <span class='ocrx_word' id='word_1_105' title='bbox 1177 2055 1233 2106; x_wconf 90' lang='lat' dir='ltr'><strong>et</strong></span> <span class='ocrx_word' id='word_1_106' title='bbox 1284 2047 1570 2105; x_wconf 85' lang='lat' dir='ltr'><strong>auxilium</strong></span> <span class='ocrx_word' id='word_1_107' title='bbox 1621 2047 1903 2114; x_wconf 84' lang='lat' dir='ltr'><strong>conferre,</strong></span> 
     </span>
     <span class='ocr_line' id='line_1_21' title="bbox 537 2125 1907 2199; baseline 0.001 -17"><span class='ocrx_word' id='word_1_108' title='bbox 537 2127 804 2199; x_wconf 91' lang='lat' dir='ltr'><strong>quamvis</strong></span> <span class='ocrx_word' id='word_1_109' title='bbox 830 2125 976 2183; x_wconf 90' lang='lat' dir='ltr'><strong>illud</strong></span> <span class='ocrx_word' id='word_1_110' title='bbox 1007 2143 1123 2186; x_wconf 93' lang='lat' dir='ltr'><strong>non</strong></span> <span class='ocrx_word' id='word_1_111' title='bbox 1151 2129 1424 2186; x_wconf 77' lang='lat' dir='ltr'><strong>conferat.</strong></span> <span class='ocrx_word' id='word_1_112' title='bbox 1453 2131 1598 2184; x_wconf 90' lang='lat' dir='ltr'><strong>Nam</strong></span> <span class='ocrx_word' id='word_1_113' title='bbox 1621 2128 1907 2184; x_wconf 83' lang='lat' dir='ltr'><strong>auxilium</strong></span> 
     </span>
     <span class='ocr_line' id='line_1_22' title="bbox 541 2207 1907 2281; baseline 0.001 -19"><span class='ocrx_word' id='word_1_114' title='bbox 541 2210 601 2262; x_wconf 90' lang='lat' dir='ltr'><strong>ut</strong></span> <span class='ocrx_word' id='word_1_115' title='bbox 625 2212 747 2264; x_wconf 90' lang='lat' dir='ltr'><strong>actu</strong></span> <span class='ocrx_word' id='word_1_116' title='bbox 770 2208 1045 2265; x_wconf 88' lang='lat' dir='ltr'><strong>collatum</strong></span> <span class='ocrx_word' id='word_1_117' title='bbox 1075 2224 1192 2266; x_wconf 89' lang='lat' dir='ltr'><strong>non</strong></span> <span class='ocrx_word' id='word_1_118' title='bbox 1222 2208 1472 2281; x_wconf 89' lang='lat' dir='ltr'><strong>pertinet</strong></span> <span class='ocrx_word' id='word_1_119' title='bbox 1496 2207 1567 2265; x_wconf 88' lang='lat' dir='ltr'><strong>ad</strong></span> <span class='ocrx_word' id='word_1_120' title='bbox 1596 2224 1774 2281; x_wconf 91' lang='lat' dir='ltr'><strong>posse,</strong></span> <span class='ocrx_word' id='word_1_121' title='bbox 1807 2207 1907 2266; x_wconf 91' lang='lat' dir='ltr'><strong>sed</strong></span> 
     </span>
     <span class='ocr_line' id='line_1_23' title="bbox 539 2286 1906 2365; baseline 0.001 -20"><span class='ocrx_word' id='word_1_122' title='bbox 539 2286 611 2345; x_wconf 92' lang='lat' dir='ltr'><strong>ad</strong></span> <span class='ocrx_word' id='word_1_123' title='bbox 634 2306 800 2365; x_wconf 82' lang='lat' dir='ltr'><strong>agere</strong></span> <span class='ocrx_word' id='word_1_124' title='bbox 829 2312 841 2347; x_wconf 76' lang='grc' dir='ltr'>ε</span> <span class='ocrx_word' id='word_1_125' title='bbox 869 2294 929 2346; x_wconf 88' lang='lat' dir='ltr'><strong>at</strong></span> <span class='ocrx_word' id='word_1_126' title='bbox 957 2293 1018 2346; x_wconf 90' lang='lat' dir='ltr'><strong>ut</strong></span> <span class='ocrx_word' id='word_1_127' title='bbox 1055 2289 1395 2347; x_wconf 82' lang='lat' dir='ltr'><strong>conseribile</strong></span> <span class='ocrx_word' id='word_1_128' title='bbox 1416 2306 1535 2346; x_wconf 92' lang='lat' dir='ltr'><strong>non</strong></span> <span class='ocrx_word' id='word_1_129' title='bbox 1566 2290 1814 2362; x_wconf 89' lang='lat' dir='ltr'><strong>pertinet</strong></span> <span class='ocrx_word' id='word_1_130' title='bbox 1836 2289 1906 2346; x_wconf 88' lang='lat' dir='ltr'><strong>ad</strong></span> 
     </span>
     <span class='ocr_line' id='line_1_24' title="bbox 540 2370 1908 2444; baseline 0 -18"><span class='ocrx_word' id='word_1_131' title='bbox 540 2385 727 2444; x_wconf 78' lang='lat' dir='ltr'><strong>agere,</strong></span> <span class='ocrx_word' id='word_1_132' title='bbox 755 2370 852 2427; x_wconf 90' lang='lat' dir='ltr'><strong>sed</strong></span> <span class='ocrx_word' id='word_1_133' title='bbox 881 2370 952 2428; x_wconf 91' lang='lat' dir='ltr'><strong>ad</strong></span> <span class='ocrx_word' id='word_1_134' title='bbox 994 2387 1154 2444; x_wconf 89' lang='lat' dir='ltr'><strong>posse</strong></span> <span class='ocrx_word' id='word_1_135' title='bbox 1184 2395 1198 2438; x_wconf 89' lang='lat'>;</span> <span class='ocrx_word' id='word_1_136' title='bbox 1250 2372 1568 2444; x_wconf 88' lang='lat' dir='ltr'><strong>requiritur</strong></span> <span class='ocrx_word' id='word_1_137' title='bbox 1605 2373 1786 2438; x_wconf 91' lang='lat' dir='ltr'><strong>enim,</strong></span> <span class='ocrx_word' id='word_1_138' title='bbox 1845 2376 1908 2426; x_wconf 94' lang='lat' dir='ltr'><strong>ut</strong></span> 
     </span>
     <span class='ocr_line' id='line_1_25' title="bbox 534 2449 1906 2524; baseline 0.003 -20"><span class='ocrx_word' id='word_1_139' title='bbox 534 2453 801 2506; x_wconf 90' lang='lat' dir='ltr'><strong>creatura</strong></span> <span class='ocrx_word' id='word_1_140' title='bbox 834 2449 1057 2506; x_wconf 84' lang='lat' dir='ltr'><strong>dicatur</strong></span> <span class='ocrx_word' id='word_1_141' title='bbox 1086 2465 1245 2523; x_wconf 90' lang='lat' dir='ltr'><strong>posse</strong></span> <span class='ocrx_word' id='word_1_142' title='bbox 1285 2452 1491 2507; x_wconf 86' lang='lat' dir='ltr'><strong>elicere</strong></span> <span class='ocrx_word' id='word_1_143' title='bbox 1531 2450 1782 2524; x_wconf 87' lang='lat' dir='ltr'><strong>aliquem</strong></span> <span class='ocrx_word' id='word_1_144' title='bbox 1809 2467 1906 2508; x_wconf 88' lang='lat' dir='ltr'><strong>ac-</strong></span> 
     </span>
     <span class='ocr_line' id='line_1_26' title="bbox 539 2528 1906 2603; baseline 0.004 -20"><span class='ocrx_word' id='word_1_145' title='bbox 539 2533 683 2595; x_wconf 89' lang='lat' dir='ltr'><strong>tum,</strong></span> <span class='ocrx_word' id='word_1_146' title='bbox 714 2528 863 2602; x_wconf 87' lang='lat' dir='ltr'><strong>quod</strong></span> <span class='ocrx_word' id='word_1_147' title='bbox 890 2534 1157 2586; x_wconf 83' lang='lat' dir='ltr'><strong>connotet</strong></span> <span class='ocrx_word' id='word_1_148' title='bbox 1202 2531 1380 2586; x_wconf 92' lang='lat' dir='ltr'><strong>Deum</strong></span> <span class='ocrx_word' id='word_1_149' title='bbox 1411 2535 1697 2603; x_wconf 88' lang='lat' dir='ltr'><strong>potentem</strong></span> <span class='ocrx_word' id='word_1_150' title='bbox 1727 2547 1906 2603; x_wconf 81' lang='lat' dir='ltr'><strong>praes-</strong></span> 
     </span>
     <span class='ocr_line' id='line_1_27' title="bbox 536 2608 1902 2668; baseline 0.003 -4"><span class='ocrx_word' id='word_1_151' title='bbox 536 2615 661 2665; x_wconf 89' lang='lat' dir='ltr'><strong>tare</strong></span> <span class='ocrx_word' id='word_1_152' title='bbox 718 2609 1001 2665; x_wconf 85' lang='lat' dir='ltr'><strong>auxilium</strong></span> <span class='ocrx_word' id='word_1_153' title='bbox 1067 2608 1262 2665; x_wconf 81' lang='lat' dir='ltr'><strong>efficax</strong></span> <span class='ocrx_word' id='word_1_154' title='bbox 1313 2608 1383 2665; x_wconf 91' lang='lat' dir='ltr'><strong>ad</strong></span> <span class='ocrx_word' id='word_1_155' title='bbox 1449 2609 1623 2666; x_wconf 89' lang='lat' dir='ltr'><strong>talem</strong></span> <span class='ocrx_word' id='word_1_156' title='bbox 1689 2616 1902 2668; x_wconf 88' lang='lat' dir='ltr'><strong>actum.</strong></span> 
     </span>
     <span class='ocr_line' id='line_1_28' title="bbox 541 2690 1900 2763; baseline 0.005 -19"><span class='ocrx_word' id='word_1_157' title='bbox 541 2692 736 2757; x_wconf 86' lang='lat' dir='ltr'><strong>Porro,</strong></span> <span class='ocrx_word' id='word_1_158' title='bbox 785 2690 1049 2763; x_wconf 91' lang='lat' dir='ltr'><strong>quamvis</strong></span> <span class='ocrx_word' id='word_1_159' title='bbox 1091 2691 1385 2763; x_wconf 89' lang='lat' dir='ltr'><strong>supposita</strong></span> <span class='ocrx_word' id='word_1_160' title='bbox 1409 2691 1664 2747; x_wconf 90' lang='lat' dir='ltr'><strong>carentia</strong></span> <span class='ocrx_word' id='word_1_161' title='bbox 1692 2694 1900 2750; x_wconf 89' lang='lat' dir='ltr'><strong>auxilii</strong></span> 
     </span>
     <span class='ocr_line' id='line_1_29' title="bbox 523 2769 1903 2843; baseline 0.003 -16"><span class='ocrx_word' id='word_1_162' title='bbox 523 2769 791 2836; x_wconf 81' lang='lat' dir='ltr'><strong>efficacis,</strong></span> <span class='ocrx_word' id='word_1_163' title='bbox 825 2777 1066 2843; x_wconf 89' lang='lat' dir='ltr'><strong>nequeat</strong></span> <span class='ocrx_word' id='word_1_164' title='bbox 1109 2773 1255 2828; x_wconf 90' lang='lat' dir='ltr'><strong>Deus</strong></span> <span class='ocrx_word' id='word_1_165' title='bbox 1279 2772 1706 2831; x_wconf 89' lang='lat' dir='ltr'><strong>communicare</strong></span> <span class='ocrx_word' id='word_1_166' title='bbox 1734 2775 1903 2832; x_wconf 88' lang='lat' dir='ltr'><strong>auxi-</strong></span> 
     </span>
     <span class='ocr_line' id='line_1_30' title="bbox 538 2852 1903 2929; baseline 0.004 -20"><span class='ocrx_word' id='word_1_167' title='bbox 538 2852 684 2910; x_wconf 89' lang='lat' dir='ltr'><strong>lium</strong></span> <span class='ocrx_word' id='word_1_168' title='bbox 703 2853 900 2912; x_wconf 85' lang='lat' dir='ltr'><strong>efficax</strong></span> <span class='ocrx_word' id='word_1_169' title='bbox 940 2852 1339 2929; x_wconf 82' lang='lat' dir='ltr'><strong>conjungendo</strong></span> <span class='ocrx_word' id='word_1_170' title='bbox 1364 2853 1513 2910; x_wconf 91' lang='lat' dir='ltr'><strong>illud</strong></span> <span class='ocrx_word' id='word_1_171' title='bbox 1538 2870 1667 2912; x_wconf 90' lang='lat' dir='ltr'><strong>cum</strong></span> <span class='ocrx_word' id='word_1_172' title='bbox 1696 2872 1903 2915; x_wconf 89' lang='lat' dir='ltr'><strong>caren-</strong></span> 
     </span>
     <span class='ocr_line' id='line_1_31' title="bbox 537 2933 1904 3006; baseline 0.007 -19"><span class='ocrx_word' id='word_1_173' title='bbox 537 2933 618 2989; x_wconf 90' lang='lat' dir='ltr'><strong>tia</strong></span> <span class='ocrx_word' id='word_1_174' title='bbox 646 2957 659 3000; x_wconf 87' lang='lat'>;</span> <span class='ocrx_word' id='word_1_175' title='bbox 708 2939 887 3006; x_wconf 87' lang='lat' dir='ltr'><strong>potest</strong></span> <span class='ocrx_word' id='word_1_176' title='bbox 928 2940 1122 2991; x_wconf 90' lang='lat' dir='ltr'><strong>tamen</strong></span> <span class='ocrx_word' id='word_1_177' title='bbox 1167 2935 1593 2992; x_wconf 90' lang='lat' dir='ltr'><strong>communicare</strong></span> <span class='ocrx_word' id='word_1_178' title='bbox 1622 2934 1766 2992; x_wconf 89' lang='lat' dir='ltr'><strong>illud</strong></span> <span class='ocrx_word' id='word_1_179' title='bbox 1817 2953 1904 2996; x_wconf 93' lang='lat' dir='ltr'><strong>se-</strong></span> 
     </span>
     <span class='ocr_line' id='line_1_32' title="bbox 526 3013 1901 3091; baseline 0.004 -20"><span class='ocrx_word' id='word_1_180' title='bbox 526 3013 789 3071; x_wconf 69' lang='lat' dir='ltr'><strong>cundum</strong></span> <span class='ocrx_word' id='word_1_181' title='bbox 838 3032 912 3083; x_wconf 90' lang='lat' dir='ltr'><strong>se,</strong></span> <span class='ocrx_word' id='word_1_182' title='bbox 961 3020 1018 3072; x_wconf 91' lang='lat' dir='ltr'><strong>et</strong></span> <span class='ocrx_word' id='word_1_183' title='bbox 1062 3016 1124 3072; x_wconf 90' lang='lat' dir='ltr'><strong>in</strong></span> <span class='ocrx_word' id='word_1_184' title='bbox 1169 3032 1339 3072; x_wconf 89' lang='lat' dir='ltr'><strong>sensu</strong></span> <span class='ocrx_word' id='word_1_185' title='bbox 1386 3016 1591 3083; x_wconf 91' lang='lat' dir='ltr'><strong>divis0,</strong></span> <span class='ocrx_word' id='word_1_186' title='bbox 1646 3035 1772 3091; x_wconf 72' lang='lat' dir='ltr'><strong>quaa</strong></span> <span class='ocrx_word' id='word_1_187' title='bbox 1815 3027 1901 3078; x_wconf 90' lang='lat' dir='ltr'><strong>est</strong></span> 
     </span>
     <span class='ocr_line' id='line_1_33' title="bbox 540 3096 1895 3174; baseline 0.004 -23"><span class='ocrx_word' id='word_1_188' title='bbox 540 3096 796 3167; x_wconf 88' lang='lat' dir='ltr'><strong>potentia</strong></span> <span class='ocrx_word' id='word_1_189' title='bbox 833 3096 1192 3168; x_wconf 90' lang='lat' dir='ltr'><strong>simpliciter,</strong></span> <span class='ocrx_word' id='word_1_190' title='bbox 1221 3100 1281 3151; x_wconf 88' lang='lat' dir='ltr'><strong>ut</strong></span> <span class='ocrx_word' id='word_1_191' title='bbox 1307 3096 1725 3154; x_wconf 89' lang='lat' dir='ltr'><strong>declaravimus</strong></span> <span class='ocrx_word' id='word_1_192' title='bbox 1751 3101 1895 3174; x_wconf 73' lang='lat' dir='ltr'><strong>disp.</strong></span> 
     </span>
     <span class='ocr_line' id='line_1_34' title="bbox 536 3176 1899 3250; baseline 0.005 -21"><span class='ocrx_word' id='word_1_193' title='bbox 536 3176 591 3243; x_wconf 88' lang='grc'><strong>4,</strong></span> <span class='ocrx_word' id='word_1_194' title='bbox 622 3176 748 3232; x_wconf 77' lang='lat' dir='ltr'><strong>dub.</strong></span> <span class='ocrx_word' id='word_1_195' title='bbox 780 3179 834 3242; x_wconf 89' lang='grc'><strong>6,</strong></span> <span class='ocrx_word' id='word_1_196' title='bbox 877 3182 933 3232; x_wconf 93' lang='lat' dir='ltr'><strong>et</strong></span> <span class='ocrx_word' id='word_1_197' title='bbox 974 3177 1157 3250; x_wconf 81' lang='lat' dir='ltr'><strong>magis</strong></span> <span class='ocrx_word' id='word_1_198' title='bbox 1201 3176 1483 3233; x_wconf 85' lang='lat' dir='ltr'><strong>constabit</strong></span> <span class='ocrx_word' id='word_1_199' title='bbox 1520 3192 1592 3233; x_wconf 86' lang='lat' dir='ltr'><strong>ex</strong></span> <span class='ocrx_word' id='word_1_200' title='bbox 1643 3177 1899 3236; x_wconf 87' lang='lat' dir='ltr'><strong>dicendis</strong></span> 
     </span>
     <span class='ocr_line' id='line_1_35' title="bbox 520 3255 1892 3331; baseline 0.005 -21"><span class='ocrx_word' id='word_1_201' title='bbox 520 3255 659 3312; x_wconf 71' lang='lat' dir='ltr'><strong>dub.</strong></span> <span class='ocrx_word' id='word_1_202' title='bbox 691 3273 796 3329; x_wconf 80' lang='lat' dir='ltr'><strong>seq.</strong></span> <span class='ocrx_word' id='word_1_203' title='bbox 851 3257 1176 3313; x_wconf 82' lang='lat' dir='ltr'><strong>Praesertim</strong></span> <span class='ocrx_word' id='word_1_204' title='bbox 1221 3257 1358 3330; x_wconf 89' lang='lat' dir='ltr'><strong>quia</strong></span> <span class='ocrx_word' id='word_1_205' title='bbox 1386 3257 1488 3313; x_wconf 89' lang='lat' dir='ltr'><strong>illa</strong></span> <span class='ocrx_word' id='word_1_206' title='bbox 1533 3258 1892 3331; x_wconf 90' lang='lat' dir='ltr'><strong>impotentia,</strong></span> 
     </span>
     <span class='ocr_line' id='line_1_36' title="bbox 528 3338 1896 3414; baseline 0.004 -21"><span class='ocrx_word' id='word_1_207' title='bbox 528 3353 647 3409; x_wconf 88' lang='lat' dir='ltr'><strong>qua</strong></span> <span class='ocrx_word' id='word_1_208' title='bbox 671 3340 817 3394; x_wconf 88' lang='lat' dir='ltr'><strong>Deus</strong></span> <span class='ocrx_word' id='word_1_209' title='bbox 847 3338 1041 3409; x_wconf 90' lang='lat' dir='ltr'><strong>nequit</strong></span> <span class='ocrx_word' id='word_1_210' title='bbox 1063 3338 1127 3395; x_wconf 90' lang='lat' dir='ltr'><strong>in</strong></span> <span class='ocrx_word' id='word_1_211' title='bbox 1150 3339 1253 3396; x_wconf 91' lang='lat' dir='ltr'><strong>illa</strong></span> <span class='ocrx_word' id='word_1_212' title='bbox 1280 3339 1579 3414; x_wconf 84' lang='lat' dir='ltr'><strong>hypothesi</strong></span> <span class='ocrx_word' id='word_1_213' title='bbox 1608 3341 1896 3399; x_wconf 84' lang='lat' dir='ltr'><strong>auxilium</strong></span> 
     </span>
    </p>
   </div>
   <div class='ocr_carea' id='block_1_7' title="bbox 519 3416 1911 3493">
    <p class='ocr_par' dir='ltr' id='par_1_7' title="bbox 519 3416 1911 3493">
     <span class='ocr_line' id='line_1_37' title="bbox 519 3416 1911 3493; baseline 0.006 -19"><span class='ocrx_word' id='word_1_214' title='bbox 519 3416 727 3474; x_wconf 76' lang='lat' dir='ltr'><strong>efficax</strong></span> <span class='ocrx_word' id='word_1_215' title='bbox 754 3419 1195 3486; x_wconf 89' lang='lat' dir='ltr'><strong>communicare,</strong></span> <span class='ocrx_word' id='word_1_216' title='bbox 1230 3425 1314 3476; x_wconf 90' lang='lat' dir='ltr'><strong>est</strong></span> <span class='ocrx_word' id='word_1_217' title='bbox 1340 3419 1678 3493; x_wconf 87' lang='lat' dir='ltr'><strong>impotentia</strong></span> <span class='ocrx_word' id='word_1_218' title='bbox 1705 3438 1911 3483; x_wconf 83' lang='lat' dir='ltr'><strong>conse-.</strong></span> 
     </span>
    </p>
   </div>
   <div class='ocr_carea' id='block_1_8' title="bbox 509 3498 1898 5106">
    <p class='ocr_par' dir='ltr' id='par_1_8' title="bbox 509 3498 1898 5106">
     <span class='ocr_line' id='line_1_38' title="bbox 524 3498 1897 3578; baseline 0.006 -25"><span class='ocrx_word' id='word_1_219' title='bbox 524 3514 712 3571; x_wconf 89' lang='lat' dir='ltr'><strong>quens</strong></span> <span class='ocrx_word' id='word_1_220' title='bbox 741 3498 985 3557; x_wconf 88' lang='lat' dir='ltr'><strong>liberam</strong></span> <span class='ocrx_word' id='word_1_221' title='bbox 1013 3501 1135 3574; x_wconf 88' lang='lat' dir='ltr'><strong>ejus</strong></span> <span class='ocrx_word' id='word_1_222' title='bbox 1176 3499 1740 3568; x_wconf 89' lang='lat' dir='ltr'><strong>determinationem,</strong></span> <span class='ocrx_word' id='word_1_223' title='bbox 1784 3521 1897 3578; x_wconf 92' lang='lat' dir='ltr'><strong>qua</strong></span> 
     </span>
     <span class='ocr_line' id='line_1_39' title="bbox 528 3577 1898 3641; baseline 0.004 -6"><span class='ocrx_word' id='word_1_224' title='bbox 528 3577 783 3636; x_wconf 88' lang='lat' dir='ltr'><strong>decrevit</strong></span> <span class='ocrx_word' id='word_1_225' title='bbox 803 3595 919 3635; x_wconf 91' lang='lat' dir='ltr'><strong>non</strong></span> <span class='ocrx_word' id='word_1_226' title='bbox 941 3580 1204 3637; x_wconf 81' lang='lat' dir='ltr'><strong>conferre</strong></span> <span class='ocrx_word' id='word_1_227' title='bbox 1226 3581 1513 3637; x_wconf 87' lang='lat' dir='ltr'><strong>auxilium</strong></span> <span class='ocrx_word' id='word_1_228' title='bbox 1538 3581 1599 3635; x_wconf 91' lang='lat' dir='ltr'><strong>in</strong></span> <span class='ocrx_word' id='word_1_229' title='bbox 1620 3583 1721 3639; x_wconf 87' lang='lat' dir='ltr'><strong>tali</strong></span> <span class='ocrx_word' id='word_1_230' title='bbox 1746 3600 1898 3641; x_wconf 88' lang='lat' dir='ltr'><strong>occa-</strong></span> 
     </span>
     <span class='ocr_line' id='line_1_40' title="bbox 522 3659 1890 3734; baseline 0.006 -20"><span class='ocrx_word' id='word_1_231' title='bbox 522 3659 711 3717; x_wconf 88' lang='lat' dir='ltr'><strong>sione:</strong></span> <span class='ocrx_word' id='word_1_232' title='bbox 738 3660 890 3717; x_wconf 90' lang='lat' dir='ltr'><strong>unde</strong></span> <span class='ocrx_word' id='word_1_233' title='bbox 910 3661 1185 3734; x_wconf 90' lang='lat' dir='ltr'><strong>relinquit</strong></span> <span class='ocrx_word' id='word_1_234' title='bbox 1199 3677 1331 3718; x_wconf 90' lang='lat' dir='ltr'><strong>eum</strong></span> <span class='ocrx_word' id='word_1_235' title='bbox 1348 3661 1603 3719; x_wconf 88' lang='lat' dir='ltr'><strong>absolute</strong></span> <span class='ocrx_word' id='word_1_236' title='bbox 1621 3663 1890 3733; x_wconf 89' lang='lat' dir='ltr'><strong>liberum,</strong></span> 
     </span>
     <span class='ocr_line' id='line_1_41' title="bbox 513 3742 1896 3814; baseline 0.003 -15"><span class='ocrx_word' id='word_1_237' title='bbox 513 3746 582 3799; x_wconf 78' lang='lat' dir='ltr'><strong>-et</strong></span> <span class='ocrx_word' id='word_1_238' title='bbox 611 3747 896 3814; x_wconf 89' lang='lat' dir='ltr'><strong>potentem</strong></span> <span class='ocrx_word' id='word_1_239' title='bbox 920 3742 991 3800; x_wconf 90' lang='lat' dir='ltr'><strong>ad</strong></span> <span class='ocrx_word' id='word_1_240' title='bbox 1023 3743 1391 3800; x_wconf 90' lang='lat' dir='ltr'><strong>collationem</strong></span> <span class='ocrx_word' id='word_1_241' title='bbox 1446 3744 1651 3801; x_wconf 86' lang='lat' dir='ltr'><strong>auxilii</strong></span> <span class='ocrx_word' id='word_1_242' title='bbox 1697 3761 1896 3803; x_wconf 89' lang='lat' dir='ltr'><strong>secun-</strong></span> 
     </span>
     <span class='ocr_line' id='line_1_42' title="bbox 526 3821 1888 3897; baseline 0.004 -21"><span class='ocrx_word' id='word_1_243' title='bbox 526 3821 666 3877; x_wconf 90' lang='lat' dir='ltr'><strong>dum</strong></span> <span class='ocrx_word' id='word_1_244' title='bbox 712 3837 773 3879; x_wconf 87' lang='lat' dir='ltr'><strong>se</strong></span> <span class='ocrx_word' id='word_1_245' title='bbox 846 3822 1269 3880; x_wconf 86' lang='lat' dir='ltr'><strong>consideratam</strong></span> <span class='ocrx_word' id='word_1_246' title='bbox 1301 3842 1313 3874; x_wconf 87' lang='lat'>:</span> <span class='ocrx_word' id='word_1_247' title='bbox 1380 3824 1527 3880; x_wconf 88' lang='lat' dir='ltr'><strong>sicut</strong></span> <span class='ocrx_word' id='word_1_248' title='bbox 1570 3825 1667 3897; x_wconf 91' lang='lat' dir='ltr'><strong>qui</strong></span> <span class='ocrx_word' id='word_1_249' title='bbox 1714 3832 1888 3893; x_wconf 88' lang='lat' dir='ltr'><strong>amat,</strong></span> 
     </span>
     <span class='ocr_line' id='line_1_43' title="bbox 529 3903 1895 3977; baseline 0.004 -18"><span class='ocrx_word' id='word_1_250' title='bbox 529 3903 725 3976; x_wconf 90' lang='lat' dir='ltr'><strong>nequit</strong></span> <span class='ocrx_word' id='word_1_251' title='bbox 748 3908 881 3960; x_wconf 89' lang='lat' dir='ltr'><strong>tunc</strong></span> <span class='ocrx_word' id='word_1_252' title='bbox 908 3904 972 3960; x_wconf 92' lang='lat' dir='ltr'><strong>in</strong></span> <span class='ocrx_word' id='word_1_253' title='bbox 1018 3920 1187 3960; x_wconf 90' lang='lat' dir='ltr'><strong>sensu</strong></span> <span class='ocrx_word' id='word_1_254' title='bbox 1233 3905 1545 3977; x_wconf 90' lang='lat' dir='ltr'><strong>composito</strong></span> <span class='ocrx_word' id='word_1_255' title='bbox 1585 3904 1808 3974; x_wconf 89' lang='lat' dir='ltr'><strong>odisse;</strong></span> <span class='ocrx_word' id='word_1_256' title='bbox 1838 3913 1895 3965; x_wconf 90' lang='lat' dir='ltr'><strong>et</strong></span> 
     </span>
     <span class='ocr_line' id='line_1_44' title="bbox 526 3982 1893 4058; baseline 0.005 -20"><span class='ocrx_word' id='word_1_257' title='bbox 526 3987 720 4040; x_wconf 90' lang='lat' dir='ltr'><strong>tamen</strong></span> <span class='ocrx_word' id='word_1_258' title='bbox 768 3982 948 4040; x_wconf 88' lang='lat' dir='ltr'><strong>libere</strong></span> <span class='ocrx_word' id='word_1_259' title='bbox 994 3989 1167 4050; x_wconf 91' lang='lat' dir='ltr'><strong>amat,</strong></span> <span class='ocrx_word' id='word_1_260' title='bbox 1225 3985 1358 4057; x_wconf 87' lang='lat' dir='ltr'><strong>quia</strong></span> <span class='ocrx_word' id='word_1_261' title='bbox 1400 3985 1502 4041; x_wconf 91' lang='lat' dir='ltr'><strong>illa</strong></span> <span class='ocrx_word' id='word_1_262' title='bbox 1554 3984 1893 4058; x_wconf 86' lang='lat' dir='ltr'><strong>impotentia</strong></span> 
     </span>
     <span class='ocr_line' id='line_1_45' title="bbox 514 4061 1894 4135; baseline 0.004 -16"><span class='ocrx_word' id='word_1_263' title='bbox 514 4063 888 4135; x_wconf 67' lang='lat' dir='ltr'><strong>consequitur</strong></span> <span class='ocrx_word' id='word_1_264' title='bbox 912 4061 1162 4120; x_wconf 89' lang='lat' dir='ltr'><strong>liberam</strong></span> <span class='ocrx_word' id='word_1_265' title='bbox 1194 4064 1507 4121; x_wconf 83' lang='lat' dir='ltr'><strong>voluntatis</strong></span> <span class='ocrx_word' id='word_1_266' title='bbox 1536 4064 1894 4124; x_wconf 88' lang='lat' dir='ltr'><strong>determina-</strong></span> 
     </span>
     <span class='ocr_line' id='line_1_46' title="bbox 520 4143 1892 4218; baseline 0.004 -19"><span class='ocrx_word' id='word_1_267' title='bbox 520 4144 743 4200; x_wconf 84' lang='lat' dir='ltr'><strong>tionem</strong></span> <span class='ocrx_word' id='word_1_268' title='bbox 772 4143 842 4200; x_wconf 89' lang='lat' dir='ltr'><strong>ad</strong></span> <span class='ocrx_word' id='word_1_269' title='bbox 865 4160 1143 4201; x_wconf 87' lang='lat' dir='ltr'><strong>amorem.</strong></span> <span class='ocrx_word' id='word_1_270' title='bbox 1168 4148 1525 4218; x_wconf 87' lang='lat' dir='ltr'><strong>Quapropter</strong></span> <span class='ocrx_word' id='word_1_271' title='bbox 1546 4161 1616 4202; x_wconf 87' lang='lat' dir='ltr'><strong>ex</strong></span> <span class='ocrx_word' id='word_1_272' title='bbox 1637 4149 1892 4205; x_wconf 87' lang='lat' dir='ltr'><strong>carentia</strong></span> 
     </span>
     <span class='ocr_line' id='line_1_47' title="bbox 524 4223 1891 4301; baseline 0.004 -20"><span class='ocrx_word' id='word_1_273' title='bbox 524 4224 729 4281; x_wconf 84' lang='lat' dir='ltr'><strong>auxilii</strong></span> <span class='ocrx_word' id='word_1_274' title='bbox 752 4223 989 4281; x_wconf 85' lang='lat' dir='ltr'><strong>efficacis</strong></span> <span class='ocrx_word' id='word_1_275' title='bbox 1017 4224 1086 4281; x_wconf 91' lang='lat' dir='ltr'><strong>ad</strong></span> <span class='ocrx_word' id='word_1_276' title='bbox 1114 4225 1571 4292; x_wconf 89' lang='lat' dir='ltr'><strong>conversionem,</strong></span> <span class='ocrx_word' id='word_1_277' title='bbox 1621 4242 1750 4282; x_wconf 92' lang='lat' dir='ltr'><strong>cum</strong></span> <span class='ocrx_word' id='word_1_278' title='bbox 1778 4245 1891 4301; x_wconf 90' lang='lat' dir='ltr'><strong>qua</strong></span> 
     </span>
     <span class='ocr_line' id='line_1_48' title="bbox 509 4304 1891 4378; baseline 0.003 -18"><span class='ocrx_word' id='word_1_279' title='bbox 509 4304 821 4360; x_wconf 68' lang='lat' dir='ltr'><strong>«conversio</strong></span> <span class='ocrx_word' id='word_1_280' title='bbox 846 4304 1113 4378; x_wconf 82' lang='lat' dir='ltr'><strong>conjungi</strong></span> <span class='ocrx_word' id='word_1_281' title='bbox 1143 4319 1260 4360; x_wconf 90' lang='lat' dir='ltr'><strong>non</strong></span> <span class='ocrx_word' id='word_1_282' title='bbox 1294 4309 1491 4377; x_wconf 84' lang='lat' dir='ltr'><strong>potest,</strong></span> <span class='ocrx_word' id='word_1_283' title='bbox 1523 4305 1770 4364; x_wconf 89' lang='lat' dir='ltr'><strong>minime</strong></span> <span class='ocrx_word' id='word_1_284' title='bbox 1794 4308 1891 4364; x_wconf 91' lang='lat' dir='ltr'><strong>in-</strong></span> 
     </span>
     <span class='ocr_line' id='line_1_49' title="bbox 524 4384 1890 4458; baseline 0.006 -19"><span class='ocrx_word' id='word_1_285' title='bbox 524 4384 728 4451; x_wconf 78' lang='lat' dir='ltr'><strong>fertur,</strong></span> <span class='ocrx_word' id='word_1_286' title='bbox 754 4385 903 4457; x_wconf 90' lang='lat' dir='ltr'><strong>quod</strong></span> <span class='ocrx_word' id='word_1_287' title='bbox 925 4386 1191 4442; x_wconf 89' lang='lat' dir='ltr'><strong>voluntas</strong></span> <span class='ocrx_word' id='word_1_288' title='bbox 1212 4390 1346 4442; x_wconf 89' lang='lat' dir='ltr'><strong>tunc</strong></span> <span class='ocrx_word' id='word_1_289' title='bbox 1369 4391 1611 4458; x_wconf 86' lang='lat' dir='ltr'><strong>nequeat</strong></span> <span class='ocrx_word' id='word_1_290' title='bbox 1633 4388 1890 4447; x_wconf 89' lang='lat' dir='ltr'><strong>absolute</strong></span> 
     </span>
     <span class='ocr_line' id='line_1_50' title="bbox 509 4464 1888 4527; baseline 0.005 -7"><span class='ocrx_word' id='word_1_291' title='bbox 509 4464 799 4522; x_wconf 69' lang='lat' dir='ltr'><strong>converti.</strong></span> <span class='ocrx_word' id='word_1_292' title='bbox 856 4467 1134 4520; x_wconf 81' lang='lat' dir='ltr'><strong>Caeterum</strong></span> <span class='ocrx_word' id='word_1_293' title='bbox 1161 4465 1397 4522; x_wconf 87' lang='lat' dir='ltr'><strong>scientia</strong></span> <span class='ocrx_word' id='word_1_294' title='bbox 1440 4465 1629 4524; x_wconf 89' lang='lat' dir='ltr'><strong>media</strong></span> <span class='ocrx_word' id='word_1_295' title='bbox 1680 4467 1888 4527; x_wconf 80' lang='lat' dir='ltr'><strong>futnrae</strong></span> 
     </span>
     <span class='ocr_line' id='line_1_51' title="bbox 522 4543 1889 4615; baseline 0.004 -16"><span class='ocrx_word' id='word_1_296' title='bbox 522 4561 633 4600; x_wconf 90' lang='lat' dir='ltr'><strong>non</strong></span> <span class='ocrx_word' id='word_1_297' title='bbox 677 4546 1046 4600; x_wconf 77' lang='lat' dir='ltr'><strong>conversionis</strong></span> <span class='ocrx_word' id='word_1_298' title='bbox 1084 4543 1244 4602; x_wconf 85' lang='lat' dir='ltr'><strong>Judae</strong></span> <span class='ocrx_word' id='word_1_299' title='bbox 1266 4544 1329 4601; x_wconf 91' lang='lat' dir='ltr'><strong>in</strong></span> <span class='ocrx_word' id='word_1_300' title='bbox 1358 4546 1461 4603; x_wconf 91' lang='lat' dir='ltr'><strong>illa</strong></span> <span class='ocrx_word' id='word_1_301' title='bbox 1493 4546 1804 4615; x_wconf 87' lang='lat' dir='ltr'><strong>occasione,</strong></span> <span class='ocrx_word' id='word_1_302' title='bbox 1833 4555 1889 4606; x_wconf 90' lang='lat' dir='ltr'><strong>et</strong></span> 
     </span>
     <span class='ocr_line' id='line_1_52' title="bbox 509 4624 1889 4700; baseline 0.001 -18"><span class='ocrx_word' id='word_1_303' title='bbox 509 4640 653 4682; x_wconf 79' lang='lat' dir='ltr'><strong>cum</strong></span> <span class='ocrx_word' id='word_1_304' title='bbox 679 4625 782 4682; x_wconf 92' lang='lat' dir='ltr'><strong>illa</strong></span> <span class='ocrx_word' id='word_1_305' title='bbox 803 4626 1006 4700; x_wconf 82' lang='lat' dir='ltr'><strong>gratia,</strong></span> <span class='ocrx_word' id='word_1_306' title='bbox 1039 4626 1103 4682; x_wconf 89' lang='lat' dir='ltr'><strong>in</strong></span> <span class='ocrx_word' id='word_1_307' title='bbox 1130 4624 1337 4699; x_wconf 87' lang='lat' dir='ltr'><strong>quibus</strong></span> <span class='ocrx_word' id='word_1_308' title='bbox 1364 4625 1434 4684; x_wconf 91' lang='lat' dir='ltr'><strong>de</strong></span> <span class='ocrx_word' id='word_1_309' title='bbox 1464 4627 1608 4685; x_wconf 83' lang='lat' dir='ltr'><strong>facto</strong></span> <span class='ocrx_word' id='word_1_310' title='bbox 1630 4644 1748 4684; x_wconf 91' lang='lat' dir='ltr'><strong>non</strong></span> <span class='ocrx_word' id='word_1_311' title='bbox 1776 4629 1889 4684; x_wconf 83' lang='lat' dir='ltr'><strong>fuit</strong></span> 
     </span>
     <span class='ocr_line' id='line_1_53' title="bbox 510 4706 1887 4782; baseline 0.001 -20"><span class='ocrx_word' id='word_1_312' title='bbox 510 4721 847 4772; x_wconf 83' lang='lat' dir='ltr'><strong>conversus,</strong></span> <span class='ocrx_word' id='word_1_313' title='bbox 897 4711 982 4763; x_wconf 89' lang='lat' dir='ltr'><strong>est</strong></span> <span class='ocrx_word' id='word_1_314' title='bbox 1039 4706 1522 4780; x_wconf 87' lang='lat' dir='ltr'><strong>impedimentum</strong></span> <span class='ocrx_word' id='word_1_315' title='bbox 1577 4709 1887 4782; x_wconf 87' lang='lat' dir='ltr'><strong>inconjun-</strong></span> 
     </span>
     <span class='ocr_line' id='line_1_54' title="bbox 512 4786 1887 4862; baseline 0.003 -19"><span class='ocrx_word' id='word_1_316' title='bbox 512 4786 698 4862; x_wconf 81' lang='lat' dir='ltr'><strong>gibile</strong></span> <span class='ocrx_word' id='word_1_317' title='bbox 725 4802 855 4844; x_wconf 90' lang='lat' dir='ltr'><strong>cum</strong></span> <span class='ocrx_word' id='word_1_318' title='bbox 879 4788 1083 4843; x_wconf 88' lang='lat' dir='ltr'><strong>actuali</strong></span> <span class='ocrx_word' id='word_1_319' title='bbox 1121 4787 1498 4845; x_wconf 81' lang='lat' dir='ltr'><strong>conversione</strong></span> <span class='ocrx_word' id='word_1_320' title='bbox 1525 4788 1588 4844; x_wconf 92' lang='lat' dir='ltr'><strong>in</strong></span> <span class='ocrx_word' id='word_1_321' title='bbox 1618 4790 1887 4862; x_wconf 81' lang='lat' dir='ltr'><strong>praedicta</strong></span> 
     </span>
     <span class='ocr_line' id='line_1_55' title="bbox 521 4867 1884 4943; baseline 0.002 -18"><span class='ocrx_word' id='word_1_322' title='bbox 521 4867 841 4943; x_wconf 81' lang='lat' dir='ltr'><strong>hypothesi.</strong></span> <span class='ocrx_word' id='word_1_323' title='bbox 870 4868 1119 4926; x_wconf 87' lang='lat' dir='ltr'><strong>Aliunde</strong></span> <span class='ocrx_word' id='word_1_324' title='bbox 1138 4885 1277 4927; x_wconf 85' lang='lat' dir='ltr'><strong>vero</strong></span> <span class='ocrx_word' id='word_1_325' title='bbox 1296 4875 1380 4926; x_wconf 89' lang='lat' dir='ltr'><strong>est</strong></span> <span class='ocrx_word' id='word_1_326' title='bbox 1401 4869 1884 4943; x_wconf 87' lang='lat' dir='ltr'><strong>impedimentum</strong></span> 
     </span>
     <span class='ocr_line' id='line_1_56' title="bbox 524 4949 1886 5017; baseline 0.002 -11"><span class='ocrx_word' id='word_1_327' title='bbox 524 4965 557 5006; x_wconf 90' lang='lat' dir='ltr'><strong>a</strong></span> <span class='ocrx_word' id='word_1_328' title='bbox 579 4951 692 5006; x_wconf 88' lang='lat' dir='ltr'><strong>Deo</strong></span> <span class='ocrx_word' id='word_1_329' title='bbox 714 4949 1085 5008; x_wconf 84' lang='lat' dir='ltr'><strong>inauferibile</strong></span> <span class='ocrx_word' id='word_1_330' title='bbox 1110 4973 1124 5017; x_wconf 86' lang='lat'><strong>;</strong></span> <span class='ocrx_word' id='word_1_331' title='bbox 1153 4966 1290 5007; x_wconf 90' lang='lat' dir='ltr'><strong>nam</strong></span> <span class='ocrx_word' id='word_1_332' title='bbox 1314 4953 1460 5007; x_wconf 90' lang='lat' dir='ltr'><strong>Deus</strong></span> <span class='ocrx_word' id='word_1_333' title='bbox 1482 4967 1599 5008; x_wconf 92' lang='lat' dir='ltr'><strong>non</strong></span> <span class='ocrx_word' id='word_1_334' title='bbox 1620 4969 1681 5009; x_wconf 91' lang='lat' dir='ltr'><strong>se</strong></span> <span class='ocrx_word' id='word_1_335' title='bbox 1703 4952 1886 5009; x_wconf 90' lang='lat' dir='ltr'><strong>libere</strong></span> 
     </span>
     <span class='ocr_line' id='line_1_57' title="bbox 514 5030 1882 5106; baseline 0.003 -20"><span class='ocrx_word' id='word_1_336' title='bbox 514 5030 937 5089; x_wconf 88' lang='lat' dir='ltr'><strong>determinavit</strong></span> <span class='ocrx_word' id='word_1_337' title='bbox 984 5031 1053 5088; x_wconf 89' lang='lat' dir='ltr'><strong>ad</strong></span> <span class='ocrx_word' id='word_1_338' title='bbox 1109 5033 1523 5106; x_wconf 73' lang='lat' dir='ltr'><strong>praesciendum</strong></span> <span class='ocrx_word' id='word_1_339' title='bbox 1564 5035 1882 5092; x_wconf 86' lang='lat' dir='ltr'><strong>carentiam</strong></span> 
     </span>
    </p>
   </div>
   <div class='ocr_carea' id='block_1_9' title="bbox 3275 17 3647 213">
    <p class='ocr_par' dir='ltr' id='par_1_9' title="bbox 3275 17 3647 213">
     <span class='ocr_line' id='line_1_58' title="bbox 3275 17 3647 213; baseline 0 0"><span class='ocrx_word' id='word_1_340' title='bbox 3275 17 3647 213; x_wconf 33' lang='lat' dir='ltr'><strong>*A</strong></span> 
     </span>
    </p>
   </div>
   <div class='ocr_carea' id='block_1_10' title="bbox 1587 421 2373 478">
    <p class='ocr_par' dir='ltr' id='par_1_10' title="bbox 1587 421 2373 478">
     <span class='ocr_line' id='line_1_59' title="bbox 1587 421 2373 478; baseline 0 -1"><span class='ocrx_word' id='word_1_341' title='bbox 1587 422 1679 477; x_wconf 84' lang='lat' dir='ltr'><strong>DE</strong></span> <span class='ocrx_word' id='word_1_342' title='bbox 1720 422 1991 477; x_wconf 80' lang='lat' dir='ltr'>GRATIA</span> <span class='ocrx_word' id='word_1_343' title='bbox 2032 421 2373 478; x_wconf 82' lang='lat' dir='ltr'>EFFICACI.</span> 
     </span>
    </p>
   </div>
   <div class='ocr_carea' id='block_1_11' title="bbox 2018 593 3433 5176">
    <p class='ocr_par' dir='ltr' id='par_1_11' title="bbox 2035 593 3433 2669">
     <span class='ocr_line' id='line_1_60' title="bbox 2051 593 3433 662; baseline -0.001 -12"><span class='ocrx_word' id='word_1_344' title='bbox 2051 594 2256 653; x_wconf 67' lang='lat' dir='ltr'><strong>futuras</strong></span> <span class='ocrx_word' id='word_1_345' title='bbox 2278 596 2692 662; x_wconf 87' lang='lat' dir='ltr'><strong>conversionis,</strong></span> <span class='ocrx_word' id='word_1_346' title='bbox 2716 596 2840 653; x_wconf 82' lang='lat' dir='ltr'><strong>sive</strong></span> <span class='ocrx_word' id='word_1_347' title='bbox 2868 610 2985 652; x_wconf 91' lang='lat' dir='ltr'><strong>non</strong></span> <span class='ocrx_word' id='word_1_348' title='bbox 3007 593 3265 650; x_wconf 75' lang='lat' dir='ltr'><strong>futuram</strong></span> <span class='ocrx_word' id='word_1_349' title='bbox 3288 607 3433 649; x_wconf 90' lang='lat' dir='ltr'><strong>con-</strong></span> 
     </span>
     <span class='ocr_line' id='line_1_61' title="bbox 2051 672 3428 747; baseline -0.002 -15"><span class='ocrx_word' id='word_1_350' title='bbox 2051 676 2376 736; x_wconf 89' lang='lat' dir='ltr'><strong>versionem</strong></span> <span class='ocrx_word' id='word_1_351' title='bbox 2403 702 2416 743; x_wconf 85' lang='lat'>;</span> <span class='ocrx_word' id='word_1_352' title='bbox 2446 677 2544 735; x_wconf 87' lang='lat' dir='ltr'><strong>sed</strong></span> <span class='ocrx_word' id='word_1_353' title='bbox 2573 677 2894 734; x_wconf 88' lang='lat' dir='ltr'><strong>necessario</strong></span> <span class='ocrx_word' id='word_1_354' title='bbox 2939 673 3085 731; x_wconf 90' lang='lat' dir='ltr'><strong>illud</strong></span> <span class='ocrx_word' id='word_1_355' title='bbox 3137 672 3428 747; x_wconf 86' lang='lat' dir='ltr'><strong>objectum</strong></span> 
     </span>
     <span class='ocr_line' id='line_1_62' title="bbox 2050 755 3427 830; baseline -0.004 -15"><span class='ocrx_word' id='word_1_356' title='bbox 2050 759 2351 830; x_wconf 74' lang='lat' dir='ltr'><strong>praenovit,</strong></span> <span class='ocrx_word' id='word_1_357' title='bbox 2386 763 2447 814; x_wconf 90' lang='lat' dir='ltr'><strong>ut</strong></span> <span class='ocrx_word' id='word_1_358' title='bbox 2475 758 2805 816; x_wconf 81' lang='lat' dir='ltr'><strong>Adversarii</strong></span> <span class='ocrx_word' id='word_1_359' title='bbox 2828 756 3041 830; x_wconf 88' lang='lat' dir='ltr'><strong>passim</strong></span> <span class='ocrx_word' id='word_1_360' title='bbox 3059 755 3380 814; x_wconf 89' lang='lat' dir='ltr'><strong>concedunt</strong></span> <span class='ocrx_word' id='word_1_361' title='bbox 3412 775 3427 810; x_wconf 77' lang='grc' dir='ltr'><strong><em>ε</em></strong></span> 
     </span>
     <span class='ocr_line' id='line_1_63' title="bbox 2049 834 3429 910; baseline -0.003 -16"><span class='ocrx_word' id='word_1_362' title='bbox 2049 843 2214 910; x_wconf 89' lang='lat' dir='ltr'><strong>atque</strong></span> <span class='ocrx_word' id='word_1_363' title='bbox 2242 838 2371 896; x_wconf 90' lang='lat' dir='ltr'><strong>ideo</strong></span> <span class='ocrx_word' id='word_1_364' title='bbox 2416 839 2721 897; x_wconf 87' lang='lat' dir='ltr'><strong>necessitas</strong></span> <span class='ocrx_word' id='word_1_365' title='bbox 2759 835 3010 894; x_wconf 89' lang='lat' dir='ltr'><strong>habendi</strong></span> <span class='ocrx_word' id='word_1_366' title='bbox 3058 836 3122 893; x_wconf 94' lang='lat' dir='ltr'><strong>in</strong></span> <span class='ocrx_word' id='word_1_367' title='bbox 3167 852 3230 893; x_wconf 92' lang='lat' dir='ltr'><strong>se</strong></span> <span class='ocrx_word' id='word_1_368' title='bbox 3275 834 3429 891; x_wconf 90' lang='lat' dir='ltr'><strong>illud</strong></span> 
     </span>
     <span class='ocr_line' id='line_1_64' title="bbox 2049 913 3428 991; baseline -0.001 -18"><span class='ocrx_word' id='word_1_369' title='bbox 2049 917 2529 991; x_wconf 89' lang='lat' dir='ltr'><strong>impedimentum</strong></span> <span class='ocrx_word' id='word_1_370' title='bbox 2592 934 2710 976; x_wconf 90' lang='lat' dir='ltr'><strong>non</strong></span> <span class='ocrx_word' id='word_1_371' title='bbox 2760 923 2845 975; x_wconf 88' lang='lat' dir='ltr'><strong>est</strong></span> <span class='ocrx_word' id='word_1_372' title='bbox 2887 931 3269 989; x_wconf 86' lang='lat' dir='ltr'><strong>consequens,</strong></span> <span class='ocrx_word' id='word_1_373' title='bbox 3321 913 3428 972; x_wconf 89' lang='lat' dir='ltr'><strong>sed</strong></span> 
     </span>
     <span class='ocr_line' id='line_1_65' title="bbox 2048 995 3426 1069; baseline -0.003 -15"><span class='ocrx_word' id='word_1_374' title='bbox 2048 997 2408 1056; x_wconf 87' lang='lat' dir='ltr'><strong>antecedens.</strong></span> <span class='ocrx_word' id='word_1_375' title='bbox 2450 1001 2671 1055; x_wconf 90' lang='lat' dir='ltr'><strong>Rursus</strong></span> <span class='ocrx_word' id='word_1_376' title='bbox 2720 1014 2788 1055; x_wconf 90' lang='lat' dir='ltr'><strong>eo</strong></span> <span class='ocrx_word' id='word_1_377' title='bbox 2835 995 3254 1068; x_wconf 90' lang='lat' dir='ltr'><strong>impedimento</strong></span> <span class='ocrx_word' id='word_1_378' title='bbox 3280 1012 3426 1069; x_wconf 91' lang='lat' dir='ltr'><strong>sup-</strong></span> 
     </span>
     <span class='ocr_line' id='line_1_66' title="bbox 2049 1075 3427 1152; baseline -0.003 -16"><span class='ocrx_word' id='word_1_379' title='bbox 2049 1078 2249 1152; x_wconf 87' lang='lat' dir='ltr'><strong>posito,</strong></span> <span class='ocrx_word' id='word_1_380' title='bbox 2296 1079 2493 1152; x_wconf 88' lang='lat' dir='ltr'><strong>nequit</strong></span> <span class='ocrx_word' id='word_1_381' title='bbox 2536 1081 2682 1136; x_wconf 89' lang='lat' dir='ltr'><strong>Deus</strong></span> <span class='ocrx_word' id='word_1_382' title='bbox 2730 1075 2800 1134; x_wconf 90' lang='lat' dir='ltr'><strong>ad</strong></span> <span class='ocrx_word' id='word_1_383' title='bbox 2847 1075 3126 1133; x_wconf 87' lang='lat' dir='ltr'><strong>actualem</strong></span> <span class='ocrx_word' id='word_1_384' title='bbox 3172 1091 3427 1133; x_wconf 83' lang='lat' dir='ltr'><strong>conver-</strong></span> 
     </span>
     <span class='ocr_line' id='line_1_67' title="bbox 2047 1158 3419 1233; baseline -0.003 -17"><span class='ocrx_word' id='word_1_385' title='bbox 2047 1160 2273 1218; x_wconf 90' lang='lat' dir='ltr'><strong>sionem</strong></span> <span class='ocrx_word' id='word_1_386' title='bbox 2315 1176 2681 1224; x_wconf 90' lang='lat' dir='ltr'><strong>concurrere,</strong></span> <span class='ocrx_word' id='word_1_387' title='bbox 2736 1158 2872 1233; x_wconf 92' lang='lat' dir='ltr'><strong>quia</strong></span> <span class='ocrx_word' id='word_1_388' title='bbox 2922 1158 2972 1213; x_wconf 92' lang='lat' dir='ltr'><strong>si</strong></span> <span class='ocrx_word' id='word_1_389' title='bbox 3026 1163 3419 1225; x_wconf 85' lang='lat' dir='ltr'><strong>concurreret,</strong></span> 
     </span>
     <span class='ocr_line' id='line_1_68' title="bbox 2048 1236 3425 1313; baseline -0.002 -17"><span class='ocrx_word' id='word_1_390' title='bbox 2048 1242 2345 1313; x_wconf 89' lang='lat' dir='ltr'><strong>propriam</strong></span> <span class='ocrx_word' id='word_1_391' title='bbox 2403 1240 2705 1298; x_wconf 89' lang='lat' dir='ltr'><strong>scientiam</strong></span> <span class='ocrx_word' id='word_1_392' title='bbox 2745 1237 3093 1302; x_wconf 78' lang='lat' dir='ltr'><strong>falsificaret,</strong></span> <span class='ocrx_word' id='word_1_393' title='bbox 3138 1236 3291 1311; x_wconf 92' lang='lat' dir='ltr'><strong>quod</strong></span> <span class='ocrx_word' id='word_1_394' title='bbox 3333 1245 3425 1295; x_wconf 88' lang='lat' dir='ltr'><strong>est</strong></span> 
     </span>
     <span class='ocr_line' id='line_1_69' title="bbox 2046 1316 3424 1401; baseline -0.001 -26"><span class='ocrx_word' id='word_1_395' title='bbox 2046 1319 2426 1393; x_wconf 90' lang='lat' dir='ltr'><strong>impossibile.</strong></span> <span class='ocrx_word' id='word_1_396' title='bbox 2468 1323 2699 1401; x_wconf 79' lang='lat' dir='ltr'><strong>Constat</strong></span> <span class='ocrx_word' id='word_1_397' title='bbox 2746 1326 2970 1384; x_wconf 90' lang='lat' dir='ltr'><strong>autem,</strong></span> <span class='ocrx_word' id='word_1_398' title='bbox 3016 1316 3165 1390; x_wconf 91' lang='lat' dir='ltr'><strong>quod</strong></span> <span class='ocrx_word' id='word_1_399' title='bbox 3212 1318 3424 1374; x_wconf 88' lang='lat' dir='ltr'><strong>volun-</strong></span> 
     </span>
     <span class='ocr_line' id='line_1_70' title="bbox 2047 1398 3421 1471; baseline -0.001 -15"><span class='ocrx_word' id='word_1_400' title='bbox 2047 1404 2130 1456; x_wconf 85' lang='lat' dir='ltr'><strong>tas</strong></span> <span class='ocrx_word' id='word_1_401' title='bbox 2181 1406 2368 1458; x_wconf 88' lang='lat' dir='ltr'><strong>creata</strong></span> <span class='ocrx_word' id='word_1_402' title='bbox 2397 1417 2515 1458; x_wconf 91' lang='lat' dir='ltr'><strong>non</strong></span> <span class='ocrx_word' id='word_1_403' title='bbox 2556 1401 2708 1457; x_wconf 84' lang='lat' dir='ltr'><strong>valet</strong></span> <span class='ocrx_word' id='word_1_404' title='bbox 2745 1398 3247 1471; x_wconf 87' lang='lat' dir='ltr'><strong>supernaturalem</strong></span> <span class='ocrx_word' id='word_1_405' title='bbox 3273 1412 3421 1454; x_wconf 90' lang='lat' dir='ltr'><strong>con-</strong></span> 
     </span>
     <span class='ocr_line' id='line_1_71' title="bbox 2045 1478 3414 1545; baseline 0 -9"><span class='ocrx_word' id='word_1_406' title='bbox 2045 1480 2370 1539; x_wconf 89' lang='lat' dir='ltr'><strong>versionem</strong></span> <span class='ocrx_word' id='word_1_407' title='bbox 2417 1481 2602 1539; x_wconf 90' lang='lat' dir='ltr'><strong>adhuc</strong></span> <span class='ocrx_word' id='word_1_408' title='bbox 2629 1482 2691 1537; x_wconf 92' lang='lat' dir='ltr'><strong>in</strong></span> <span class='ocrx_word' id='word_1_409' title='bbox 2734 1496 2905 1537; x_wconf 90' lang='lat' dir='ltr'><strong>sensu</strong></span> <span class='ocrx_word' id='word_1_410' title='bbox 2954 1479 3142 1536; x_wconf 90' lang='lat' dir='ltr'><strong>diviso</strong></span> <span class='ocrx_word' id='word_1_411' title='bbox 3179 1478 3414 1545; x_wconf 87' lang='lat' dir='ltr'><strong>elicere,</strong></span> 
     </span>
     <span class='ocr_line' id='line_1_72' title="bbox 2045 1559 3421 1635; baseline -0.001 -17"><span class='ocrx_word' id='word_1_412' title='bbox 2045 1562 2158 1618; x_wconf 89' lang='lat' dir='ltr'><strong>nisi</strong></span> <span class='ocrx_word' id='word_1_413' title='bbox 2185 1570 2455 1621; x_wconf 89' lang='lat' dir='ltr'><strong>connotet</strong></span> <span class='ocrx_word' id='word_1_414' title='bbox 2477 1566 2656 1620; x_wconf 90' lang='lat' dir='ltr'><strong>Deum</strong></span> <span class='ocrx_word' id='word_1_415' title='bbox 2679 1566 2966 1635; x_wconf 86' lang='lat' dir='ltr'><strong>potentem</strong></span> <span class='ocrx_word' id='word_1_416' title='bbox 2995 1559 3254 1618; x_wconf 91' lang='lat' dir='ltr'><strong>absolute</strong></span> <span class='ocrx_word' id='word_1_417' title='bbox 3275 1576 3421 1617; x_wconf 91' lang='lat' dir='ltr'><strong>con-</strong></span> 
     </span>
     <span class='ocr_line' id='line_1_73' title="bbox 2043 1642 3422 1718; baseline -0.001 -18"><span class='ocrx_word' id='word_1_418' title='bbox 2043 1660 2295 1712; x_wconf 86' lang='lat' dir='ltr'><strong>currere,</strong></span> <span class='ocrx_word' id='word_1_419' title='bbox 2351 1661 2419 1703; x_wconf 90' lang='lat' dir='ltr'><strong>eo</strong></span> <span class='ocrx_word' id='word_1_420' title='bbox 2458 1644 2608 1718; x_wconf 91' lang='lat' dir='ltr'><strong>quod</strong></span> <span class='ocrx_word' id='word_1_421' title='bbox 2656 1659 2959 1701; x_wconf 88' lang='lat' dir='ltr'><strong>concursus</strong></span> <span class='ocrx_word' id='word_1_422' title='bbox 3024 1642 3124 1698; x_wconf 91' lang='lat' dir='ltr'><strong>Dei</strong></span> <span class='ocrx_word' id='word_1_423' title='bbox 3167 1657 3285 1699; x_wconf 91' lang='lat' dir='ltr'><strong>non</strong></span> <span class='ocrx_word' id='word_1_424' title='bbox 3331 1649 3422 1700; x_wconf 89' lang='lat' dir='ltr'><strong>est</strong></span> 
     </span>
     <span class='ocr_line' id='line_1_74' title="bbox 2041 1721 3422 1795; baseline -0.001 -14"><span class='ocrx_word' id='word_1_425' title='bbox 2041 1725 2472 1783; x_wconf 87' lang='lat' dir='ltr'><strong>circumstantia</strong></span> <span class='ocrx_word' id='word_1_426' title='bbox 2517 1722 2880 1781; x_wconf 89' lang='lat' dir='ltr'><strong>accidentalis</strong></span> <span class='ocrx_word' id='word_1_427' title='bbox 2908 1721 2978 1779; x_wconf 91' lang='lat' dir='ltr'><strong>ad</strong></span> <span class='ocrx_word' id='word_1_428' title='bbox 3005 1727 3422 1795; x_wconf 87' lang='lat' dir='ltr'><strong>supernatura·</strong></span> 
     </span>
     <span class='ocr_line' id='line_1_75' title="bbox 2043 1802 3418 1877; baseline -0.002 -16"><span class='ocrx_word' id='word_1_429' title='bbox 2043 1805 2158 1862; x_wconf 91' lang='lat' dir='ltr'><strong>lem</strong></span> <span class='ocrx_word' id='word_1_430' title='bbox 2179 1805 2635 1872; x_wconf 88' lang='lat' dir='ltr'><strong>conversionem,</strong></span> <span class='ocrx_word' id='word_1_431' title='bbox 2666 1802 2765 1861; x_wconf 89' lang='lat' dir='ltr'><strong>sed</strong></span> <span class='ocrx_word' id='word_1_432' title='bbox 2789 1820 2888 1877; x_wconf 87' lang='lat' dir='ltr'><strong>per</strong></span> <span class='ocrx_word' id='word_1_433' title='bbox 2909 1819 2969 1859; x_wconf 89' lang='lat' dir='ltr'><strong>se</strong></span> <span class='ocrx_word' id='word_1_434' title='bbox 2993 1804 3316 1875; x_wconf 88' lang='lat' dir='ltr'><strong>requiritur</strong></span> <span class='ocrx_word' id='word_1_435' title='bbox 3342 1802 3418 1859; x_wconf 88' lang='lat' dir='ltr'><strong>ad</strong></span> 
     </span>
     <span class='ocr_line' id='line_1_76' title="bbox 2043 1884 3419 1958; baseline -0.002 -14"><span class='ocrx_word' id='word_1_436' title='bbox 2043 1887 2226 1944; x_wconf 90' lang='lat' dir='ltr'><strong>illam.</strong></span> <span class='ocrx_word' id='word_1_437' title='bbox 2255 1886 2421 1944; x_wconf 89' lang='lat' dir='ltr'><strong>Unde</strong></span> <span class='ocrx_word' id='word_1_438' title='bbox 2444 1893 2592 1944; x_wconf 90' lang='lat' dir='ltr'><strong>recte</strong></span> <span class='ocrx_word' id='word_1_439' title='bbox 2614 1886 2881 1954; x_wconf 80' lang='lat' dir='ltr'><strong>infertur,</strong></span> <span class='ocrx_word' id='word_1_440' title='bbox 2903 1884 3049 1958; x_wconf 92' lang='lat' dir='ltr'><strong>quod</strong></span> <span class='ocrx_word' id='word_1_441' title='bbox 3067 1887 3231 1958; x_wconf 86' lang='lat' dir='ltr'><strong>juxta</strong></span> <span class='ocrx_word' id='word_1_442' title='bbox 3255 1885 3419 1958; x_wconf 91' lang='lat' dir='ltr'><strong>prin-</strong></span> 
     </span>
     <span class='ocr_line' id='line_1_77' title="bbox 2041 1966 3418 2042; baseline 0 -17"><span class='ocrx_word' id='word_1_443' title='bbox 2041 1968 2188 2042; x_wconf 91' lang='lat' dir='ltr'><strong>cipia</strong></span> <span class='ocrx_word' id='word_1_444' title='bbox 2235 1969 2487 2026; x_wconf 77' lang='lat' dir='ltr'><strong>scientiae</strong></span> <span class='ocrx_word' id='word_1_445' title='bbox 2530 1968 2735 2025; x_wconf 84' lang='lat' dir='ltr'><strong>mediae</strong></span> <span class='ocrx_word' id='word_1_446' title='bbox 2780 1966 2952 2024; x_wconf 84' lang='lat' dir='ltr'><strong>Judas</strong></span> <span class='ocrx_word' id='word_1_447' title='bbox 2999 1983 3116 2024; x_wconf 91' lang='lat' dir='ltr'><strong>non</strong></span> <span class='ocrx_word' id='word_1_448' title='bbox 3163 1969 3418 2040; x_wconf 87' lang='lat' dir='ltr'><strong>potuerit</strong></span> 
     </span>
     <span class='ocr_line' id='line_1_78' title="bbox 2040 2046 3409 2121; baseline -0.001 -17"><span class='ocrx_word' id='word_1_449' title='bbox 2040 2046 2295 2106; x_wconf 89' lang='lat' dir='ltr'><strong>absolute</strong></span> <span class='ocrx_word' id='word_1_450' title='bbox 2311 2049 2586 2114; x_wconf 90' lang='lat' dir='ltr'><strong>converti,</strong></span> <span class='ocrx_word' id='word_1_451' title='bbox 2604 2048 2832 2121; x_wconf 89' lang='lat' dir='ltr'><strong>quando</strong></span> <span class='ocrx_word' id='word_1_452' title='bbox 2848 2065 2965 2105; x_wconf 91' lang='lat' dir='ltr'><strong>non</strong></span> <span class='ocrx_word' id='word_1_453' title='bbox 2979 2053 3063 2104; x_wconf 88' lang='lat' dir='ltr'><strong>est</strong></span> <span class='ocrx_word' id='word_1_454' title='bbox 3076 2063 3409 2113; x_wconf 82' lang='lat' dir='ltr'><strong>conversus,</strong></span> 
     </span>
     <span class='ocr_line' id='line_1_79' title="bbox 2037 2126 3417 2202; baseline 0 -17"><span class='ocrx_word' id='word_1_455' title='bbox 2037 2134 2248 2185; x_wconf 89' lang='lat' dir='ltr'><strong>etcum</strong></span> <span class='ocrx_word' id='word_1_456' title='bbox 2277 2130 2397 2186; x_wconf 90' lang='lat' dir='ltr'><strong>illis</strong></span> <span class='ocrx_word' id='word_1_457' title='bbox 2420 2130 2675 2195; x_wconf 80' lang='lat' dir='ltr'><strong>auxiliis,</strong></span> <span class='ocrx_word' id='word_1_458' title='bbox 2706 2144 2832 2202; x_wconf 78' lang='lat' dir='ltr'><strong>quae</strong></span> <span class='ocrx_word' id='word_1_459' title='bbox 2858 2135 2993 2185; x_wconf 85' lang='lat' dir='ltr'><strong>tunc</strong></span> <span class='ocrx_word' id='word_1_460' title='bbox 3020 2126 3222 2184; x_wconf 90' lang='lat' dir='ltr'><strong>babuit</strong></span> <span class='ocrx_word' id='word_1_461' title='bbox 3246 2152 3260 2195; x_wconf 90' lang='lat'>;</span> <span class='ocrx_word' id='word_1_462' title='bbox 3291 2134 3417 2185; x_wconf 89' lang='lat' dir='ltr'><strong>esto</strong></span> 
     </span>
     <span class='ocr_line' id='line_1_80' title="bbox 2038 2210 3416 2283; baseline -0.001 -16"><span class='ocrx_word' id='word_1_463' title='bbox 2038 2211 2187 2283; x_wconf 87' lang='lat' dir='ltr'><strong>quod</strong></span> <span class='ocrx_word' id='word_1_464' title='bbox 2211 2212 2273 2268; x_wconf 92' lang='lat' dir='ltr'><strong>in</strong></span> <span class='ocrx_word' id='word_1_465' title='bbox 2296 2212 2428 2269; x_wconf 90' lang='lat' dir='ltr'><strong>aliis</strong></span> <span class='ocrx_word' id='word_1_466' title='bbox 2466 2211 2874 2276; x_wconf 88' lang='lat' dir='ltr'><strong>occasionibus,</strong></span> <span class='ocrx_word' id='word_1_467' title='bbox 2918 2216 3123 2268; x_wconf 90' lang='lat' dir='ltr'><strong>etcum</strong></span> <span class='ocrx_word' id='word_1_468' title='bbox 3146 2210 3282 2266; x_wconf 89' lang='lat' dir='ltr'><strong>aliis</strong></span> <span class='ocrx_word' id='word_1_469' title='bbox 3303 2226 3416 2266; x_wconf 91' lang='lat' dir='ltr'><strong>au-</strong></span> 
     </span>
     <span class='ocr_line' id='line_1_81' title="bbox 2037 2290 3415 2364; baseline 0.001 -17"><span class='ocrx_word' id='word_1_470' title='bbox 2037 2291 2216 2358; x_wconf 84' lang='lat' dir='ltr'><strong>xiliis,</strong></span> <span class='ocrx_word' id='word_1_471' title='bbox 2240 2293 2290 2348; x_wconf 91' lang='lat' dir='ltr'><strong>si</strong></span> <span class='ocrx_word' id='word_1_472' title='bbox 2306 2291 2602 2359; x_wconf 89' lang='lat' dir='ltr'><strong>darentur,</strong></span> <span class='ocrx_word' id='word_1_473' title='bbox 2623 2292 2880 2350; x_wconf 89' lang='lat' dir='ltr'><strong>converti</strong></span> <span class='ocrx_word' id='word_1_474' title='bbox 2912 2297 3112 2364; x_wconf 92' lang='lat' dir='ltr'><strong>posset.</strong></span> <span class='ocrx_word' id='word_1_475' title='bbox 3139 2293 3253 2348; x_wconf 84' lang='lat' dir='ltr'><strong>Nec</strong></span> <span class='ocrx_word' id='word_1_476' title='bbox 3271 2290 3415 2349; x_wconf 89' lang='lat' dir='ltr'><strong>doc-</strong></span> 
     </span>
     <span class='ocr_line' id='line_1_82' title="bbox 2039 2370 3413 2445; baseline 0.001 -19"><span class='ocrx_word' id='word_1_477' title='bbox 2039 2371 2207 2438; x_wconf 90' lang='lat' dir='ltr'><strong>trina,</strong></span> <span class='ocrx_word' id='word_1_478' title='bbox 2245 2389 2356 2445; x_wconf 90' lang='lat' dir='ltr'><strong>qua</strong></span> <span class='ocrx_word' id='word_1_479' title='bbox 2391 2378 2631 2428; x_wconf 89' lang='lat' dir='ltr'><strong>utuntur</strong></span> <span class='ocrx_word' id='word_1_480' title='bbox 2671 2372 2978 2428; x_wconf 78' lang='lat' dir='ltr'><strong>Themistae</strong></span> <span class='ocrx_word' id='word_1_481' title='bbox 3005 2370 3075 2427; x_wconf 91' lang='lat' dir='ltr'><strong>ad</strong></span> <span class='ocrx_word' id='word_1_482' title='bbox 3103 2370 3413 2443; x_wconf 84' lang='lat' dir='ltr'><strong>explican-</strong></span> 
     </span>
     <span class='ocr_line' id='line_1_83' title="bbox 2036 2449 3411 2524; baseline 0.001 -18"><span class='ocrx_word' id='word_1_483' title='bbox 2036 2449 2170 2507; x_wconf 92' lang='lat' dir='ltr'><strong>dam</strong></span> <span class='ocrx_word' id='word_1_484' title='bbox 2192 2450 2556 2508; x_wconf 87' lang='lat' dir='ltr'><strong>concordiam</strong></span> <span class='ocrx_word' id='word_1_485' title='bbox 2582 2450 2863 2507; x_wconf 89' lang='lat' dir='ltr'><strong>libertatis</strong></span> <span class='ocrx_word' id='word_1_486' title='bbox 2885 2467 3014 2507; x_wconf 91' lang='lat' dir='ltr'><strong>cum</strong></span> <span class='ocrx_word' id='word_1_487' title='bbox 3040 2450 3224 2524; x_wconf 78' lang='lat' dir='ltr'><strong>gratia</strong></span> <span class='ocrx_word' id='word_1_488' title='bbox 3246 2466 3320 2506; x_wconf 85' lang='lat' dir='ltr'><strong>ex</strong></span> <span class='ocrx_word' id='word_1_489' title='bbox 3346 2467 3411 2507; x_wconf 87' lang='lat' dir='ltr'><strong>se</strong></span> 
     </span>
     <span class='ocr_line' id='line_1_84' title="bbox 2035 2529 3410 2606; baseline 0 -19"><span class='ocrx_word' id='word_1_490' title='bbox 2035 2530 2262 2597; x_wconf 84' lang='lat' dir='ltr'><strong>efficaci,</strong></span> <span class='ocrx_word' id='word_1_491' title='bbox 2287 2532 2408 2604; x_wconf 89' lang='lat' dir='ltr'><strong>quit</strong></span> <span class='ocrx_word' id='word_1_492' title='bbox 2450 2532 2567 2588; x_wconf 93' lang='lat' dir='ltr'><strong>ullo</strong></span> <span class='ocrx_word' id='word_1_493' title='bbox 2598 2537 2754 2603; x_wconf 84' lang='lat' dir='ltr'><strong>pacto</strong></span> <span class='ocrx_word' id='word_1_494' title='bbox 2794 2532 2992 2606; x_wconf 75' lang='lat' dir='ltr'><strong>gratiae</strong></span> <span class='ocrx_word' id='word_1_495' title='bbox 3019 2529 3410 2587; x_wconf 74' lang='lat' dir='ltr'><strong>Adversario-</strong></span> 
     </span>
     <span class='ocr_line' id='line_1_85' title="bbox 2038 2611 2629 2669; baseline 0 -2"><span class='ocrx_word' id='word_1_496' title='bbox 2038 2627 2168 2667; x_wconf 90' lang='lat' dir='ltr'><strong>rum</strong></span> <span class='ocrx_word' id='word_1_497' title='bbox 2190 2611 2629 2669; x_wconf 88' lang='lat' dir='ltr'><strong>accommodari.</strong></span> 
     </span>
    </p>

    <p class='ocr_par' dir='ltr' id='par_1_12' title="bbox 2021 2693 3410 4606">
     <span class='ocr_line' id='line_1_86' title="bbox 2108 2693 3402 2767; baseline 0.002 -18"><span class='ocrx_word' id='word_1_498' title='bbox 2108 2697 2201 2750; x_wconf 88' lang='grc'><strong>77.</strong></span> <span class='ocrx_word' id='word_1_499' title='bbox 2246 2693 2609 2766; x_wconf 88' lang='lat' dir='ltr'><strong>Respondent</strong></span> <span class='ocrx_word' id='word_1_500' title='bbox 2630 2694 2816 2758; x_wconf 89' lang='lat' dir='ltr'><strong>tertio,</strong></span> <span class='ocrx_word' id='word_1_501' title='bbox 2841 2693 3294 2767; x_wconf 87' lang='lat' dir='ltr'><strong>suppositionem</strong></span> <span class='ocrx_word' id='word_1_502' title='bbox 3322 2695 3402 2751; x_wconf 92' lang='lat' dir='ltr'><strong>il-</strong></span> 
     </span>
     <span class='ocr_line' id='line_1_87' title="bbox 2035 2772 3401 2847; baseline 0.003 -18"><span class='ocrx_word' id='word_1_503' title='bbox 2035 2774 2153 2829; x_wconf 87' lang='lat' dir='ltr'><strong>lam</strong></span> <span class='ocrx_word' id='word_1_504' title='bbox 2182 2773 2433 2829; x_wconf 81' lang='lat' dir='ltr'><strong>scientiae</strong></span> <span class='ocrx_word' id='word_1_505' title='bbox 2460 2772 2661 2831; x_wconf 64' lang='lat' dir='ltr'><strong>medias</strong></span> <span class='ocrx_word' id='word_1_506' title='bbox 2689 2772 2869 2829; x_wconf 84' lang='lat' dir='ltr'><strong>futuri</strong></span> <span class='ocrx_word' id='word_1_507' title='bbox 2910 2788 3236 2839; x_wconf 90' lang='lat' dir='ltr'><strong>consensus,</strong></span> <span class='ocrx_word' id='word_1_508' title='bbox 3268 2791 3401 2847; x_wconf 79' lang='lat' dir='ltr'><strong>quae</strong></span> 
     </span>
     <span class='ocr_line' id='line_1_88' title="bbox 2034 2853 3403 2930; baseline 0.002 -20"><span class='ocrx_word' id='word_1_509' title='bbox 2034 2859 2120 2911; x_wconf 91' lang='lat' dir='ltr'><strong>est</strong></span> <span class='ocrx_word' id='word_1_510' title='bbox 2147 2853 2625 2927; x_wconf 87' lang='lat' dir='ltr'><strong>impedimentum</strong></span> <span class='ocrx_word' id='word_1_511' title='bbox 2656 2853 3108 2930; x_wconf 82' lang='lat' dir='ltr'><strong>inconjungibile</strong></span> <span class='ocrx_word' id='word_1_512' title='bbox 3125 2871 3252 2912; x_wconf 89' lang='lat' dir='ltr'><strong>curn</strong></span> <span class='ocrx_word' id='word_1_513' title='bbox 3281 2856 3403 2913; x_wconf 91' lang='lat' dir='ltr'><strong>dis-</strong></span> 
     </span>
     <span class='ocr_line' id='line_1_89' title="bbox 2033 2935 3397 3007; baseline 0.004 -16"><span class='ocrx_word' id='word_1_514' title='bbox 2033 2950 2223 3003; x_wconf 89' lang='lat' dir='ltr'><strong>sensu,</strong></span> <span class='ocrx_word' id='word_1_515' title='bbox 2270 2951 2386 2991; x_wconf 92' lang='lat' dir='ltr'><strong>non</strong></span> <span class='ocrx_word' id='word_1_516' title='bbox 2413 2950 2534 2991; x_wconf 90' lang='lat' dir='ltr'><strong>esse</strong></span> <span class='ocrx_word' id='word_1_517' title='bbox 2558 2935 2901 3006; x_wconf 88' lang='lat' dir='ltr'><strong>simpliciter</strong></span> <span class='ocrx_word' id='word_1_518' title='bbox 2942 2936 3397 3007; x_wconf 90' lang='lat' dir='ltr'><strong>antecedentem,</strong></span> 
     </span>
     <span class='ocr_line' id='line_1_90' title="bbox 2032 3013 3404 3087; baseline 0.004 -18"><span class='ocrx_word' id='word_1_519' title='bbox 2032 3013 2130 3071; x_wconf 90' lang='lat' dir='ltr'><strong>sed</strong></span> <span class='ocrx_word' id='word_1_520' title='bbox 2146 3020 2581 3086; x_wconf 87' lang='lat' dir='ltr'><strong>consequentem</strong></span> <span class='ocrx_word' id='word_1_521' title='bbox 2604 3038 2616 3079; x_wconf 92' lang='grc'><strong>;</strong></span> <span class='ocrx_word' id='word_1_522' title='bbox 2637 3014 2764 3071; x_wconf 89' lang='lat' dir='ltr'><strong>ideo</strong></span> <span class='ocrx_word' id='word_1_523' title='bbox 2785 3015 2943 3071; x_wconf 91' lang='lat' dir='ltr'><strong>enim</strong></span> <span class='ocrx_word' id='word_1_524' title='bbox 2969 3017 3115 3072; x_wconf 89' lang='lat' dir='ltr'><strong>Deus</strong></span> <span class='ocrx_word' id='word_1_525' title='bbox 3134 3017 3404 3087; x_wconf 80' lang='lat' dir='ltr'><strong>praevidit</strong></span> 
     </span>
     <span class='ocr_line' id='line_1_91' title="bbox 2035 3092 3404 3168; baseline 0.003 -19"><span class='ocrx_word' id='word_1_526' title='bbox 2035 3108 2136 3165; x_wconf 89' lang='lat' dir='ltr'><strong>per</strong></span> <span class='ocrx_word' id='word_1_527' title='bbox 2183 3094 2484 3150; x_wconf 87' lang='lat' dir='ltr'><strong>scientiam</strong></span> <span class='ocrx_word' id='word_1_528' title='bbox 2513 3092 2782 3159; x_wconf 86' lang='lat' dir='ltr'><strong>mediam,</strong></span> <span class='ocrx_word' id='word_1_529' title='bbox 2838 3094 2987 3168; x_wconf 92' lang='lat' dir='ltr'><strong>quod</strong></span> <span class='ocrx_word' id='word_1_530' title='bbox 3015 3097 3064 3151; x_wconf 87' lang='lat' dir='ltr'><strong>si</strong></span> <span class='ocrx_word' id='word_1_531' title='bbox 3116 3096 3307 3152; x_wconf 72' lang='lat' dir='ltr'><strong>Petrus</strong></span> <span class='ocrx_word' id='word_1_532' title='bbox 3339 3101 3404 3153; x_wconf 82' lang='lat' dir='ltr'><strong>in</strong></span> 
     </span>
     <span class='ocr_line' id='line_1_92' title="bbox 2032 3176 3404 3251; baseline 0.004 -20"><span class='ocrx_word' id='word_1_533' title='bbox 2032 3176 2137 3231; x_wconf 79' lang='lat' dir='ltr'><strong>tali</strong></span> <span class='ocrx_word' id='word_1_534' title='bbox 2155 3177 2432 3232; x_wconf 78' lang='lat' dir='ltr'><strong>occasione</strong></span> <span class='ocrx_word' id='word_1_535' title='bbox 2445 3178 2874 3242; x_wconf 76' lang='lat' dir='ltr'><strong>constitueretur,</strong></span> <span class='ocrx_word' id='word_1_536' title='bbox 2893 3180 3234 3243; x_wconf 70' lang='lat' dir='ltr'><strong>consentiret,</strong></span> <span class='ocrx_word' id='word_1_537' title='bbox 3256 3180 3404 3251; x_wconf 77' lang='lat' dir='ltr'><strong>quia</strong></span> 
     </span>
     <span class='ocr_line' id='line_1_93' title="bbox 2035 3254 3408 3329; baseline 0.006 -20"><span class='ocrx_word' id='word_1_538' title='bbox 2035 3257 2234 3311; x_wconf 87' lang='lat' dir='ltr'><strong>Petrus</strong></span> <span class='ocrx_word' id='word_1_539' title='bbox 2287 3254 2493 3327; x_wconf 91' lang='lat' dir='ltr'><strong>reipsa,</strong></span> <span class='ocrx_word' id='word_1_540' title='bbox 2523 3259 2578 3310; x_wconf 90' lang='lat' dir='ltr'><strong>et</strong></span> <span class='ocrx_word' id='word_1_541' title='bbox 2604 3255 2933 3313; x_wconf 87' lang='lat' dir='ltr'><strong>conditione</strong></span> <span class='ocrx_word' id='word_1_542' title='bbox 2961 3257 3162 3329; x_wconf 89' lang='lat' dir='ltr'><strong>posita,</strong></span> <span class='ocrx_word' id='word_1_543' title='bbox 3211 3257 3408 3317; x_wconf 88' lang='lat' dir='ltr'><strong>libere</strong></span> 
     </span>
     <span class='ocr_line' id='line_1_94' title="bbox 2030 3337 3406 3401; baseline 0.006 -8"><span class='ocrx_word' id='word_1_544' title='bbox 2030 3337 2395 3395; x_wconf 88' lang='lat' dir='ltr'><strong>consentiret.</strong></span> <span class='ocrx_word' id='word_1_545' title='bbox 2456 3337 2619 3394; x_wconf 84' lang='lat' dir='ltr'><strong>Unde</strong></span> <span class='ocrx_word' id='word_1_546' title='bbox 2657 3339 2801 3394; x_wconf 90' lang='lat' dir='ltr'><strong>sicut</strong></span> <span class='ocrx_word' id='word_1_547' title='bbox 2840 3340 2903 3396; x_wconf 91' lang='lat' dir='ltr'><strong>in</strong></span> <span class='ocrx_word' id='word_1_548' title='bbox 2943 3344 3089 3396; x_wconf 89' lang='lat' dir='ltr'><strong>statu</strong></span> <span class='ocrx_word' id='word_1_549' title='bbox 3134 3339 3406 3401; x_wconf 87' lang='lat' dir='ltr'><strong>absoluto</strong></span> 
     </span>
     <span class='ocr_line' id='line_1_95' title="bbox 2033 3419 3410 3494; baseline 0.004 -20"><span class='ocrx_word' id='word_1_550' title='bbox 2033 3421 2265 3476; x_wconf 87' lang='lat' dir='ltr'><strong>Petrum</strong></span> <span class='ocrx_word' id='word_1_551' title='bbox 2312 3419 2634 3476; x_wconf 88' lang='lat' dir='ltr'><strong>consentire</strong></span> <span class='ocrx_word' id='word_1_552' title='bbox 2659 3426 2744 3476; x_wconf 91' lang='lat' dir='ltr'><strong>est</strong></span> <span class='ocrx_word' id='word_1_553' title='bbox 2787 3420 3267 3494; x_wconf 86' lang='lat' dir='ltr'><strong>impedimentum</strong></span> <span class='ocrx_word' id='word_1_554' title='bbox 3296 3423 3410 3480; x_wconf 88' lang='lat' dir='ltr'><strong>in-</strong></span> 
     </span>
     <span class='ocr_line' id='line_1_96' title="bbox 2030 3498 3407 3574; baseline 0.003 -19"><span class='ocrx_word' id='word_1_555' title='bbox 2030 3498 2416 3573; x_wconf 82' lang='lat' dir='ltr'><strong>conjungibile</strong></span> <span class='ocrx_word' id='word_1_556' title='bbox 2441 3515 2569 3555; x_wconf 90' lang='lat' dir='ltr'><strong>cum</strong></span> <span class='ocrx_word' id='word_1_557' title='bbox 2599 3498 2857 3556; x_wconf 87' lang='lat' dir='ltr'><strong>dissensu</strong></span> <span class='ocrx_word' id='word_1_558' title='bbox 2888 3525 2901 3566; x_wconf 89' lang='lat'>;</span> <span class='ocrx_word' id='word_1_559' title='bbox 2946 3506 3002 3556; x_wconf 92' lang='lat' dir='ltr'><strong>et</strong></span> <span class='ocrx_word' id='word_1_560' title='bbox 3022 3517 3092 3557; x_wconf 85' lang='lat' dir='ltr'><strong>ex</strong></span> <span class='ocrx_word' id='word_1_561' title='bbox 3126 3504 3407 3574; x_wconf 89' lang='lat' dir='ltr'><strong>supposi-</strong></span> 
     </span>
     <span class='ocr_line' id='line_1_97' title="bbox 2031 3579 3405 3655; baseline 0.004 -20"><span class='ocrx_word' id='word_1_562' title='bbox 2031 3581 2210 3644; x_wconf 61' lang='lat' dir='ltr'><strong>tione:</strong></span> <span class='ocrx_word' id='word_1_563' title='bbox 2230 3579 2376 3653; x_wconf 91' lang='lat' dir='ltr'><strong>quod</strong></span> <span class='ocrx_word' id='word_1_564' title='bbox 2402 3582 2601 3636; x_wconf 86' lang='lat' dir='ltr'><strong>Petrus</strong></span> <span class='ocrx_word' id='word_1_565' title='bbox 2628 3582 2963 3645; x_wconf 86' lang='lat' dir='ltr'><strong>consentiat,</strong></span> <span class='ocrx_word' id='word_1_566' title='bbox 3013 3590 3253 3655; x_wconf 88' lang='lat' dir='ltr'><strong>nequeat</strong></span> <span class='ocrx_word' id='word_1_567' title='bbox 3277 3585 3405 3640; x_wconf 87' lang='lat' dir='ltr'><strong>irn-</strong></span> 
     </span>
     <span class='ocr_line' id='line_1_98' title="bbox 2030 3660 3403 3733; baseline 0.005 -17"><span class='ocrx_word' id='word_1_568' title='bbox 2030 3660 2425 3733; x_wconf 87' lang='lat' dir='ltr'><strong>pedimentum</strong></span> <span class='ocrx_word' id='word_1_569' title='bbox 2492 3660 2637 3716; x_wconf 91' lang='lat' dir='ltr'><strong>illud</strong></span> <span class='ocrx_word' id='word_1_570' title='bbox 2696 3662 2912 3718; x_wconf 78' lang='lat' dir='ltr'><strong>aurerri</strong></span> <span class='ocrx_word' id='word_1_571' title='bbox 2948 3688 2961 3730; x_wconf 88' lang='lat'>;</span> <span class='ocrx_word' id='word_1_572' title='bbox 3010 3668 3065 3719; x_wconf 90' lang='lat' dir='ltr'><strong>et</strong></span> <span class='ocrx_word' id='word_1_573' title='bbox 3125 3664 3229 3721; x_wconf 91' lang='lat' dir='ltr'><strong>hoc</strong></span> <span class='ocrx_word' id='word_1_574' title='bbox 3274 3681 3403 3723; x_wconf 88' lang='lat' dir='ltr'><strong>non</strong></span> 
     </span>
     <span class='ocr_line' id='line_1_99' title="bbox 2028 3740 3404 3818; baseline 0.004 -20"><span class='ocrx_word' id='word_1_575' title='bbox 2028 3740 2289 3799; x_wconf 90' lang='lat' dir='ltr'><strong>obstante</strong></span> <span class='ocrx_word' id='word_1_576' title='bbox 2324 3741 2506 3798; x_wconf 90' lang='lat' dir='ltr'><strong>libere</strong></span> <span class='ocrx_word' id='word_1_577' title='bbox 2545 3743 2845 3809; x_wconf 89' lang='lat' dir='ltr'><strong>consentit,</strong></span> <span class='ocrx_word' id='word_1_578' title='bbox 2900 3744 3035 3816; x_wconf 87' lang='lat' dir='ltr'><strong>quia</strong></span> <span class='ocrx_word' id='word_1_579' title='bbox 3065 3745 3183 3818; x_wconf 89' lang='lat' dir='ltr'><strong>ipse</strong></span> <span class='ocrx_word' id='word_1_580' title='bbox 3211 3744 3404 3803; x_wconf 87' lang='lat' dir='ltr'><strong>libere</strong></span> 
     </span>
     <span class='ocr_line' id='line_1_100' title="bbox 2026 3820 3405 3895; baseline 0.003 -18"><span class='ocrx_word' id='word_1_581' title='bbox 2026 3820 2137 3878; x_wconf 90' lang='lat' dir='ltr'><strong>sibi</strong></span> <span class='ocrx_word' id='word_1_582' title='bbox 2154 3821 2404 3893; x_wconf 90' lang='lat' dir='ltr'><strong>imponit</strong></span> <span class='ocrx_word' id='word_1_583' title='bbox 2426 3822 2905 3895; x_wconf 89' lang='lat' dir='ltr'><strong>impedimentum</strong></span> <span class='ocrx_word' id='word_1_584' title='bbox 2932 3824 3076 3880; x_wconf 92' lang='lat' dir='ltr'><strong>illud</strong></span> <span class='ocrx_word' id='word_1_585' title='bbox 3093 3824 3161 3881; x_wconf 90' lang='lat' dir='ltr'><strong>ad</strong></span> <span class='ocrx_word' id='word_1_586' title='bbox 3177 3823 3405 3881; x_wconf 90' lang='lat' dir='ltr'><strong>dissen-</strong></span> 
     </span>
     <span class='ocr_line' id='line_1_101' title="bbox 2024 3901 3397 3976; baseline 0.005 -20"><span class='ocrx_word' id='word_1_587' title='bbox 2024 3917 2154 3957; x_wconf 87' lang='lat' dir='ltr'><strong>sum</strong></span> <span class='ocrx_word' id='word_1_588' title='bbox 2190 3923 2203 3956; x_wconf 90' lang='lat'><strong>:</strong></span> <span class='ocrx_word' id='word_1_589' title='bbox 2256 3901 2336 3957; x_wconf 90' lang='lat' dir='ltr'><strong>ita</strong></span> <span class='ocrx_word' id='word_1_590' title='bbox 2373 3901 2520 3975; x_wconf 91' lang='lat' dir='ltr'><strong>quod</strong></span> <span class='ocrx_word' id='word_1_591' title='bbox 2578 3904 2722 3959; x_wconf 86' lang='lat' dir='ltr'><strong>Deus</strong></span> <span class='ocrx_word' id='word_1_592' title='bbox 2769 3903 3101 3976; x_wconf 72' lang='lat' dir='ltr'><strong>praeviderit</strong></span> <span class='ocrx_word' id='word_1_593' title='bbox 3154 3907 3397 3963; x_wconf 85' lang='lat' dir='ltr'><strong>Petrum</strong></span> 
     </span>
     <span class='ocr_line' id='line_1_102' title="bbox 2027 3984 3401 4058; baseline 0.002 -17"><span class='ocrx_word' id='word_1_594' title='bbox 2027 3999 2461 4048; x_wconf 88' lang='lat' dir='ltr'><strong>consensurum,</strong></span> <span class='ocrx_word' id='word_1_595' title='bbox 2494 3990 2549 4040; x_wconf 90' lang='lat' dir='ltr'><strong>et</strong></span> <span class='ocrx_word' id='word_1_596' title='bbox 2574 3984 2721 4057; x_wconf 89' lang='lat' dir='ltr'><strong>quod</strong></span> <span class='ocrx_word' id='word_1_597' title='bbox 2751 3986 2867 4042; x_wconf 81' lang='lat' dir='ltr'><strong>haec</strong></span> <span class='ocrx_word' id='word_1_598' title='bbox 2894 3987 3254 4058; x_wconf 61' lang='lat' dir='ltr'><strong>praescientia</strong></span> <span class='ocrx_word' id='word_1_599' title='bbox 3282 4003 3401 4044; x_wconf 89' lang='lat' dir='ltr'><strong>ne-</strong></span> 
     </span>
     <span class='ocr_line' id='line_1_103' title="bbox 2025 4065 3398 4142; baseline 0.003 -21"><span class='ocrx_word' id='word_1_600' title='bbox 2025 4071 2194 4138; x_wconf 89' lang='lat' dir='ltr'><strong>queat</strong></span> <span class='ocrx_word' id='word_1_601' title='bbox 2232 4082 2361 4122; x_wconf 90' lang='lat' dir='ltr'><strong>cum</strong></span> <span class='ocrx_word' id='word_1_602' title='bbox 2401 4065 2659 4123; x_wconf 90' lang='lat' dir='ltr'><strong>dissensu</strong></span> <span class='ocrx_word' id='word_1_603' title='bbox 2699 4068 2988 4142; x_wconf 84' lang='lat' dir='ltr'><strong>conjungi,</strong></span> <span class='ocrx_word' id='word_1_604' title='bbox 3051 4084 3153 4125; x_wconf 88' lang='lat' dir='ltr'><strong>nec</strong></span> <span class='ocrx_word' id='word_1_605' title='bbox 3198 4069 3398 4127; x_wconf 84' lang='lat' dir='ltr'><strong>valeat</strong></span> 
     </span>
     <span class='ocr_line' id='line_1_104' title="bbox 2024 4144 3400 4218; baseline 0.004 -18"><span class='ocrx_word' id='word_1_606' title='bbox 2024 4160 2094 4200; x_wconf 89' lang='lat' dir='ltr'><strong>ex</strong></span> <span class='ocrx_word' id='word_1_607' title='bbox 2121 4144 2530 4217; x_wconf 88' lang='lat' dir='ltr'><strong>suppositione,</strong></span> <span class='ocrx_word' id='word_1_608' title='bbox 2563 4145 2710 4218; x_wconf 92' lang='lat' dir='ltr'><strong>quod</strong></span> <span class='ocrx_word' id='word_1_609' title='bbox 2755 4145 2839 4212; x_wconf 79' lang='lat' dir='ltr'><strong>iit,</strong></span> <span class='ocrx_word' id='word_1_610' title='bbox 2872 4147 3107 4213; x_wconf 78' lang='lat' dir='ltr'><strong>auferri,</strong></span> <span class='ocrx_word' id='word_1_611' title='bbox 3142 4148 3400 4206; x_wconf 86' lang='lat' dir='ltr'><strong>minime</strong></span> 
     </span>
     <span class='ocr_line' id='line_1_105' title="bbox 2026 4224 3397 4303; baseline 0.004 -24"><span class='ocrx_word' id='word_1_612' title='bbox 2026 4225 2174 4281; x_wconf 89' lang='lat' dir='ltr'><strong>tollit</strong></span> <span class='ocrx_word' id='word_1_613' title='bbox 2212 4229 2543 4297; x_wconf 87' lang='lat' dir='ltr'><strong>potestatem</strong></span> <span class='ocrx_word' id='word_1_614' title='bbox 2574 4225 2641 4281; x_wconf 94' lang='lat' dir='ltr'><strong>ad</strong></span> <span class='ocrx_word' id='word_1_615' title='bbox 2670 4224 3012 4291; x_wconf 88' lang='lat' dir='ltr'><strong>dissensum,</strong></span> <span class='ocrx_word' id='word_1_616' title='bbox 3044 4243 3147 4284; x_wconf 89' lang='lat' dir='ltr'><strong>nec</strong></span> <span class='ocrx_word' id='word_1_617' title='bbox 3173 4229 3397 4303; x_wconf 83' lang='lat' dir='ltr'><strong>praeju-</strong></span> 
     </span>
     <span class='ocr_line' id='line_1_106' title="bbox 2025 4303 3400 4380; baseline 0.004 -20"><span class='ocrx_word' id='word_1_618' title='bbox 2025 4303 2173 4361; x_wconf 91' lang='lat' dir='ltr'><strong>dicat</strong></span> <span class='ocrx_word' id='word_1_619' title='bbox 2222 4305 2492 4370; x_wconf 87' lang='lat' dir='ltr'><strong>libertati,</strong></span> <span class='ocrx_word' id='word_1_620' title='bbox 2551 4307 2687 4379; x_wconf 89' lang='lat' dir='ltr'><strong>quia</strong></span> <span class='ocrx_word' id='word_1_621' title='bbox 2730 4312 2813 4363; x_wconf 90' lang='lat' dir='ltr'><strong>est</strong></span> <span class='ocrx_word' id='word_1_622' title='bbox 2839 4309 3154 4380; x_wconf 80' lang='lat' dir='ltr'><strong>suppositio</strong></span> <span class='ocrx_word' id='word_1_623' title='bbox 3182 4325 3400 4366; x_wconf 89' lang='lat' dir='ltr'><strong>conse-</strong></span> 
     </span>
     <span class='ocr_line' id='line_1_107' title="bbox 2023 4386 3396 4459; baseline 0.004 -18"><span class='ocrx_word' id='word_1_624' title='bbox 2023 4401 2203 4459; x_wconf 88' lang='lat' dir='ltr'><strong>quens</strong></span> <span class='ocrx_word' id='word_1_625' title='bbox 2248 4386 2492 4444; x_wconf 88' lang='lat' dir='ltr'><strong>liberam</strong></span> <span class='ocrx_word' id='word_1_626' title='bbox 2542 4387 2697 4443; x_wconf 84' lang='lat' dir='ltr'><strong>Petri</strong></span> <span class='ocrx_word' id='word_1_627' title='bbox 2743 4387 3285 4447; x_wconf 88' lang='lat' dir='ltr'><strong>determinationem</strong></span> <span class='ocrx_word' id='word_1_628' title='bbox 3315 4391 3396 4447; x_wconf 87' lang='lat' dir='ltr'><strong>ad</strong></span> 
     </span>
     <span class='ocr_line' id='line_1_108' title="bbox 2021 4470 3399 4545; baseline 0.003 -21"><span class='ocrx_word' id='word_1_629' title='bbox 2021 4483 2382 4535; x_wconf 89' lang='lat' dir='ltr'><strong>consensum,</strong></span> <span class='ocrx_word' id='word_1_630' title='bbox 2426 4484 2596 4542; x_wconf 89' lang='lat' dir='ltr'><strong>quern</strong></span> <span class='ocrx_word' id='word_1_631' title='bbox 2652 4470 2837 4543; x_wconf 89' lang='lat' dir='ltr'><strong>reipsa</strong></span> <span class='ocrx_word' id='word_1_632' title='bbox 2866 4470 3117 4537; x_wconf 88' lang='lat' dir='ltr'><strong>haberet,</strong></span> <span class='ocrx_word' id='word_1_633' title='bbox 3147 4472 3196 4527; x_wconf 90' lang='lat' dir='ltr'><strong>si</strong></span> <span class='ocrx_word' id='word_1_634' title='bbox 3222 4473 3399 4545; x_wconf 91' lang='lat' dir='ltr'><strong>puri-</strong></span> 
     </span>
     <span class='ocr_line' id='line_1_109' title="bbox 2021 4546 2591 4606; baseline 0.004 -3"><span class='ocrx_word' id='word_1_635' title='bbox 2021 4546 2290 4606; x_wconf 84' lang='lat' dir='ltr'><strong>ficaretur</strong></span> <span class='ocrx_word' id='word_1_636' title='bbox 2318 4549 2591 4606; x_wconf 87' lang='lat' dir='ltr'><strong>conditio.</strong></span> 
     </span>
    </p>

    <p class='ocr_par' dir='ltr' id='par_1_13' title="bbox 2018 4631 3399 5108">
     <span class='ocr_line' id='line_1_110' title="bbox 2098 4631 3395 4704; baseline 0.005 -20"><span class='ocrx_word' id='word_1_637' title='bbox 2098 4631 2227 4686; x_wconf 82' lang='lat' dir='ltr'><strong>Haec</strong></span> <span class='ocrx_word' id='word_1_638' title='bbox 2242 4635 2434 4686; x_wconf 89' lang='lat' dir='ltr'><strong>tamen</strong></span> <span class='ocrx_word' id='word_1_639' title='bbox 2454 4631 2662 4688; x_wconf 88' lang='lat' dir='ltr'><strong>solutio</strong></span> <span class='ocrx_word' id='word_1_640' title='bbox 2680 4631 2816 4702; x_wconf 91' lang='lat' dir='ltr'><strong>petit</strong></span> <span class='ocrx_word' id='word_1_641' title='bbox 2840 4631 3189 4704; x_wconf 89' lang='lat' dir='ltr'><strong>principium</strong></span> <span class='ocrx_word' id='word_1_642' title='bbox 3217 4648 3395 4699; x_wconf 88' lang='lat' dir='ltr'><strong>;nam</strong></span> 
     </span>
     <span class='ocr_line' id='line_1_111' title="bbox 2020 4709 3397 4784; baseline 0.001 -18"><span class='ocrx_word' id='word_1_643' title='bbox 2020 4726 2149 4766; x_wconf 89' lang='lat' dir='ltr'><strong>curn</strong></span> <span class='ocrx_word' id='word_1_644' title='bbox 2191 4716 2594 4784; x_wconf 84' lang='lat' dir='ltr'><strong>argumentum</strong></span> <span class='ocrx_word' id='word_1_645' title='bbox 2624 4709 2822 4783; x_wconf 90' lang='lat' dir='ltr'><strong>probet</strong></span> <span class='ocrx_word' id='word_1_646' title='bbox 2847 4717 2980 4768; x_wconf 90' lang='lat' dir='ltr'><strong>ante</strong></span> <span class='ocrx_word' id='word_1_647' title='bbox 3009 4713 3161 4769; x_wconf 87' lang='lat' dir='ltr'><strong>Petri</strong></span> <span class='ocrx_word' id='word_1_648' title='bbox 3194 4711 3397 4769; x_wconf 89' lang='lat' dir='ltr'><strong>deter-</strong></span> 
     </span>
     <span class='ocr_line' id='line_1_112' title="bbox 2021 4790 3394 4866; baseline 0.004 -18"><span class='ocrx_word' id='word_1_649' title='bbox 2021 4793 2400 4850; x_wconf 88' lang='lat' dir='ltr'><strong>minationem</strong></span> <span class='ocrx_word' id='word_1_650' title='bbox 2427 4791 2553 4849; x_wconf 87' lang='lat' dir='ltr'><strong>dari</strong></span> <span class='ocrx_word' id='word_1_651' title='bbox 2582 4790 2865 4865; x_wconf 89' lang='lat' dir='ltr'><strong>quoddam</strong></span> <span class='ocrx_word' id='word_1_652' title='bbox 2895 4794 3394 4866; x_wconf 87' lang='lat' dir='ltr'><strong>impedimentum</strong></span> 
     </span>
     <span class='ocr_line' id='line_1_113' title="bbox 2021 4872 3399 4947; baseline 0.004 -20"><span class='ocrx_word' id='word_1_653' title='bbox 2021 4872 2472 4947; x_wconf 83' lang='lat' dir='ltr'><strong>inconjungibile</strong></span> <span class='ocrx_word' id='word_1_654' title='bbox 2500 4890 2628 4930; x_wconf 89' lang='lat' dir='ltr'><strong>cum</strong></span> <span class='ocrx_word' id='word_1_655' title='bbox 2659 4880 2898 4947; x_wconf 89' lang='lat' dir='ltr'><strong>utroque</strong></span> <span class='ocrx_word' id='word_1_656' title='bbox 2932 4882 3191 4933; x_wconf 82' lang='lat' dir='ltr'><strong>extremo</strong></span> <span class='ocrx_word' id='word_1_657' title='bbox 3219 4876 3399 4933; x_wconf 89' lang='lat' dir='ltr'><strong>liber-</strong></span> 
     </span>
     <span class='ocr_line' id='line_1_114' title="bbox 2019 4954 3392 5029; baseline 0.005 -21"><span class='ocrx_word' id='word_1_658' title='bbox 2019 4955 2171 5019; x_wconf 79' lang='lat' dir='ltr'><strong>tatis,</strong></span> <span class='ocrx_word' id='word_1_659' title='bbox 2206 4954 2509 5027; x_wconf 88' lang='lat' dir='ltr'><strong>respondet</strong></span> <span class='ocrx_word' id='word_1_660' title='bbox 2539 4954 2870 5027; x_wconf 57' lang='lat' dir='ltr'><strong>praedictum</strong></span> <span class='ocrx_word' id='word_1_661' title='bbox 2903 4956 3392 5029; x_wconf 86' lang='lat' dir='ltr'><strong>impedimentum</strong></span> 
     </span>
     <span class='ocr_line' id='line_1_115' title="bbox 2018 5034 3392 5108; baseline 0.003 -17"><span class='ocrx_word' id='word_1_662' title='bbox 2018 5036 2285 5108; x_wconf 89' lang='lat' dir='ltr'><strong>consequi</strong></span> <span class='ocrx_word' id='word_1_663' title='bbox 2312 5034 2381 5091; x_wconf 86' lang='lat' dir='ltr'><strong>ad</strong></span> <span class='ocrx_word' id='word_1_664' title='bbox 2414 5036 2595 5108; x_wconf 83' lang='lat' dir='ltr'><strong>ipsam</strong></span> <span class='ocrx_word' id='word_1_665' title='bbox 2627 5036 2779 5092; x_wconf 80' lang='lat' dir='ltr'><strong>Petri</strong></span> <span class='ocrx_word' id='word_1_666' title='bbox 2809 5035 3392 5096; x_wconf 82' lang='lat' dir='ltr'><strong>determinationem:</strong></span> 
     </span>
    </p>

    <p class='ocr_par' dir='ltr' id='par_1_14' title="bbox 3240 5119 3397 5176">
     <span class='ocr_line' id='line_1_116' title="bbox 3240 5119 3397 5176; baseline 0.013 -2"><span class='ocrx_word' id='word_1_667' title='bbox 3240 5119 3397 5176; x_wconf 79' lang='lat' dir='ltr'><strong>unde</strong></span> 
     </span>
    </p>
   </div>
   <div class='ocr_carea' id='block_1_12' title="bbox 3443 2700 3647 2755">
    <p class='ocr_par' dir='ltr' id='par_1_15' title="bbox 3443 2700 3647 2755">
     <span class='ocr_line' id='line_1_117' title="bbox 3443 2700 3647 2755; baseline 0 -13"><span class='ocrx_word' id='word_1_668' title='bbox 3443 2700 3590 2744; x_wconf 75' lang='lat' dir='ltr'><strong>Tertia</strong></span> <span class='ocrx_word' id='word_1_669' title='bbox 3645 2748 3647 2755; x_wconf 37' lang='grc' dir='ltr'>Ι</span> 
     </span>
    </p>
   </div>
   <div class='ocr_carea' id='block_1_13' title="bbox 3469 2776 3647 2856">
    <p class='ocr_par' dir='ltr' id='par_1_16' title="bbox 3469 2776 3647 2856">
     <span class='ocr_line' id='line_1_118' title="bbox 3469 2776 3647 2856; baseline -0.006 -14"><span class='ocrx_word' id='word_1_670' title='bbox 3469 2810 3553 2843; x_wconf 70' lang='lat'><strong>⁵10.</strong></span> <span class='ocrx_word' id='word_1_671' title='bbox 3644 2776 3647 2856; x_wconf 64' lang='lat' dir='ltr'><em>A</em></span> 
     </span>
    </p>
   </div>
   <div class='ocr_carea' id='block_1_14' title="bbox 3433 4653 3606 4746">
    <p class='ocr_par' dir='ltr' id='par_1_17' title="bbox 3433 4653 3606 4746">
     <span class='ocr_line' id='line_1_119' title="bbox 3433 4653 3606 4697; baseline 0.012 -2"><span class='ocrx_word' id='word_1_672' title='bbox 3433 4653 3606 4697; x_wconf 70' lang='lat' dir='ltr'><strong>everu-</strong></span> 
     </span>
     <span class='ocr_line' id='line_1_120' title="bbox 3471 4708 3558 4746; baseline 0.011 -1"><span class='ocrx_word' id='word_1_673' title='bbox 3471 4708 3558 4746; x_wconf 86' lang='lat' dir='ltr'><strong>tur.</strong></span> 
     </span>
    </p>
   </div>
  </div>
 </body>
</html>
