<?xml version="1.0" encoding="UTF-8"?>
<!DOCTYPE html PUBLIC "-//W3C//DTD XHTML 1.0 Transitional//EN"
    "http://www.w3.org/TR/xhtml1/DTD/xhtml1-transitional.dtd">
<html xmlns="http://www.w3.org/1999/xhtml" xml:lang="en" lang="en">
 <head>
  <title>
</title>
<meta http-equiv="Content-Type" content="text/html;charset=utf-8" />
  <meta name='ocr-system' content='tesseract 3.04.00' />
  <meta name='ocr-capabilities' content='ocr_page ocr_carea ocr_par ocr_line ocrx_word'/>
</head>
<body>
  <div class='ocr_page' id='page_1' title='image "./collegiisalmant00carmgoog_0435.png"; bbox 0 0 3647 5753; ppageno 0'>
   <div class='ocr_carea' id='block_1_1' title="bbox 93 3532 264 3625">
    <p class='ocr_par' dir='ltr' id='par_1_1' title="bbox 93 3532 264 3625">
     <span class='ocr_line' id='line_1_1' title="bbox 93 3532 264 3590; baseline 0.023 -19"><span class='ocrx_word' id='word_1_1' title='bbox 93 3532 123 3571; x_wconf 73' lang='lat' dir='ltr'>lt</span> <span class='ocrx_word' id='word_1_2' title='bbox 130 3540 264 3590; x_wconf 63' lang='grc' dir='ltr'>ιέξβοη·</span> 
     </span>
     <span class='ocr_line' id='line_1_2' title="bbox 136 3590 208 3625; baseline -0.014 -1"><span class='ocrx_word' id='word_1_3' title='bbox 136 3590 208 3625; x_wconf 64' lang='grc' dir='ltr'>8ίο.</span> 
     </span>
    </p>
   </div>
   <div class='ocr_carea' id='block_1_2' title="bbox 1422 426 3156 499">
    <p class='ocr_par' dir='ltr' id='par_1_2' title="bbox 1422 426 3156 499">
     <span class='ocr_line' id='line_1_3' title="bbox 1422 426 3156 499; baseline 0.005 -20"><span class='ocrx_word' id='word_1_4' title='bbox 1422 426 1602 481; x_wconf 68' lang='lat' dir='ltr'>mse.</span> <span class='ocrx_word' id='word_1_5' title='bbox 1650 428 1718 493; x_wconf 89' lang='lat'>11,</span> <span class='ocrx_word' id='word_1_6' title='bbox 1762 427 1928 485; x_wconf 86' lang='lat' dir='ltr'>DUB.</span> <span class='ocrx_word' id='word_1_7' title='bbox 1961 430 2041 499; x_wconf 67' lang='lat' dir='ltr'>¹v.</span> <span class='ocrx_word' id='word_1_8' title='bbox 3041 432 3156 490; x_wconf 82' lang='lat'>413</span> 
     </span>
    </p>
   </div>
   <div class='ocr_carea' id='block_1_3' title="bbox 73 595 1657 710">
    <p class='ocr_par' dir='ltr' id='par_1_3' title="bbox 73 595 1657 710">
     <span class='ocr_line' id='line_1_4' title="bbox 73 595 1657 710; baseline 0.003 -60"><span class='ocrx_word' id='word_1_9' title='bbox 73 609 181 710; x_wconf 50' lang='lat'>⁴1¹2&amp;</span> <span class='ocrx_word' id='word_1_10' title='bbox 182 608 254 702; x_wconf 49' lang='lat'>‹33-</span> <span class='ocrx_word' id='word_1_11' title='bbox 276 595 508 668; x_wconf 87' lang='lat' dir='ltr'>jectio)</span> <span class='ocrx_word' id='word_1_12' title='bbox 550 595 684 652; x_wconf 87' lang='lat' dir='ltr'>hinc</span> <span class='ocrx_word' id='word_1_13' title='bbox 724 601 920 668; x_wconf 91' lang='lat' dir='ltr'>aperte</span> <span class='ocrx_word' id='word_1_14' title='bbox 960 597 1140 669; x_wconf 87' lang='lat' dir='ltr'>sequi,</span> <span class='ocrx_word' id='word_1_15' title='bbox 1172 596 1323 669; x_wconf 92' lang='lat' dir='ltr'>quod</span> <span class='ocrx_word' id='word_1_16' title='bbox 1367 601 1657 670; x_wconf 86' lang='lat' dir='ltr'>peccatum</span> 
     </span>
    </p>
   </div>
   <div class='ocr_carea' id='block_1_4' title="bbox 227 675 1661 4397">
    <p class='ocr_par' dir='ltr' id='par_1_4' title="bbox 227 675 1661 4397">
     <span class='ocr_line' id='line_1_5' title="bbox 282 675 1661 751; baseline 0.001 -17"><span class='ocrx_word' id='word_1_17' title='bbox 282 675 578 749; x_wconf 82' lang='lat' dir='ltr'>originale</span> <span class='ocrx_word' id='word_1_18' title='bbox 616 676 794 748; x_wconf 84' lang='lat' dir='ltr'>possit</span> <span class='ocrx_word' id='word_1_19' title='bbox 841 677 1062 733; x_wconf 75' lang='lat' dir='ltr'>remitti</span> <span class='ocrx_word' id='word_1_20' title='bbox 1089 677 1299 751; x_wconf 84' lang='lat' dir='ltr'>absque</span> <span class='ocrx_word' id='word_1_21' title='bbox 1345 678 1661 735; x_wconf 88' lang='lat' dir='ltr'>intrinseca</span> 
     </span>
     <span class='ocr_line' id='line_1_6' title="bbox 280 757 1655 831; baseline 0.002 -17"><span class='ocrx_word' id='word_1_22' title='bbox 280 757 612 814; x_wconf 84' lang='lat' dir='ltr'>mutatione</span> <span class='ocrx_word' id='word_1_23' title='bbox 637 758 778 831; x_wconf 65' lang='lat' dir='ltr'>ejus»,</span> <span class='ocrx_word' id='word_1_24' title='bbox 820 758 919 830; x_wconf 90' lang='lat' dir='ltr'>qui</span> <span class='ocrx_word' id='word_1_25' title='bbox 965 758 1113 814; x_wconf 91' lang='lat' dir='ltr'>illud</span> <span class='ocrx_word' id='word_1_26' title='bbox 1140 760 1323 816; x_wconf 91' lang='lat' dir='ltr'>semel</span> <span class='ocrx_word' id='word_1_27' title='bbox 1349 759 1655 820; x_wconf 72' lang='lat' dir='ltr'>contraxit.</span> 
     </span>
     <span class='ocr_line' id='line_1_7' title="bbox 277 837 1660 911; baseline 0.001 -17"><span class='ocrx_word' id='word_1_28' title='bbox 277 837 446 903; x_wconf 88' lang='lat' dir='ltr'>Quod</span> <span class='ocrx_word' id='word_1_29' title='bbox 473 837 555 894; x_wconf 91' lang='lat' dir='ltr'>sic</span> <span class='ocrx_word' id='word_1_30' title='bbox 575 837 930 906; x_wconf 79' lang='lat' dir='ltr'>ostenditur3</span> <span class='ocrx_word' id='word_1_31' title='bbox 964 855 1102 896; x_wconf 91' lang='lat' dir='ltr'>nam</span> <span class='ocrx_word' id='word_1_32' title='bbox 1129 840 1490 896; x_wconf 80' lang='lat' dir='ltr'>conservatio</span> <span class='ocrx_word' id='word_1_33' title='bbox 1519 854 1660 911; x_wconf 79' lang='lat' dir='ltr'>prae·</span> 
     </span>
     <span class='ocr_line' id='line_1_8' title="bbox 273 918 1657 994; baseline 0.001 -19"><span class='ocrx_word' id='word_1_34' title='bbox 273 918 418 994; x_wconf 80' lang='lat' dir='ltr'>dicti</span> <span class='ocrx_word' id='word_1_35' title='bbox 443 919 653 992; x_wconf 88' lang='lat' dir='ltr'>peccati</span> <span class='ocrx_word' id='word_1_36' title='bbox 675 918 960 992; x_wconf 88' lang='lat' dir='ltr'>dependet</span> <span class='ocrx_word' id='word_1_37' title='bbox 988 935 1020 976; x_wconf 90' lang='lat' dir='ltr'>a</span> <span class='ocrx_word' id='word_1_38' title='bbox 1047 925 1271 992; x_wconf 89' lang='lat' dir='ltr'>peccato</span> <span class='ocrx_word' id='word_1_39' title='bbox 1301 920 1509 977; x_wconf 87' lang='lat' dir='ltr'>Adami</span> <span class='ocrx_word' id='word_1_40' title='bbox 1540 936 1657 977; x_wconf 92' lang='lat' dir='ltr'>non</span> 
     </span>
     <span class='ocr_line' id='line_1_9' title="bbox 278 1001 1658 1076; baseline 0 -18"><span class='ocrx_word' id='word_1_41' title='bbox 278 1006 593 1059; x_wconf 86' lang='lat' dir='ltr'>retractato</span> <span class='ocrx_word' id='word_1_42' title='bbox 627 1022 640 1057; x_wconf 72' lang='grc' dir='ltr'><strong>ε</strong></span> <span class='ocrx_word' id='word_1_43' title='bbox 669 1018 807 1076; x_wconf 88' lang='lat' dir='ltr'>ergo</span> <span class='ocrx_word' id='word_1_44' title='bbox 846 1002 896 1057; x_wconf 92' lang='lat' dir='ltr'>si</span> <span class='ocrx_word' id='word_1_45' title='bbox 924 1002 1181 1058; x_wconf 89' lang='lat' dir='ltr'>Adamus</span> <span class='ocrx_word' id='word_1_46' title='bbox 1204 1001 1353 1058; x_wconf 91' lang='lat' dir='ltr'>illud</span> <span class='ocrx_word' id='word_1_47' title='bbox 1381 1007 1658 1059; x_wconf 89' lang='lat' dir='ltr'>retracta-</span> 
     </span>
     <span class='ocr_line' id='line_1_10' title="bbox 281 1080 1656 1154; baseline -0.002 -15"><span class='ocrx_word' id='word_1_48' title='bbox 281 1087 391 1150; x_wconf 87' lang='lat' dir='ltr'>ret,</span> <span class='ocrx_word' id='word_1_49' title='bbox 422 1080 623 1137; x_wconf 89' lang='lat' dir='ltr'>statim</span> <span class='ocrx_word' id='word_1_50' title='bbox 653 1083 765 1138; x_wconf 89' lang='lat' dir='ltr'>tale</span> <span class='ocrx_word' id='word_1_51' title='bbox 786 1088 1078 1154; x_wconf 89' lang='lat' dir='ltr'>peccatum</span> <span class='ocrx_word' id='word_1_52' title='bbox 1101 1087 1488 1150; x_wconf 82' lang='lat' dir='ltr'>evanesceret,</span> <span class='ocrx_word' id='word_1_53' title='bbox 1523 1081 1656 1138; x_wconf 86' lang='lat' dir='ltr'>abs—</span> 
     </span>
     <span class='ocr_line' id='line_1_11' title="bbox 278 1162 1654 1238; baseline 0 -21"><span class='ocrx_word' id='word_1_54' title='bbox 278 1177 391 1234; x_wconf 89' lang='lat' dir='ltr'>que</span> <span class='ocrx_word' id='word_1_55' title='bbox 421 1178 594 1228; x_wconf 82' lang='lat' dir='ltr'>nova,</span> <span class='ocrx_word' id='word_1_56' title='bbox 627 1167 724 1219; x_wconf 90' lang='lat' dir='ltr'>aut</span> <span class='ocrx_word' id='word_1_57' title='bbox 744 1162 1012 1219; x_wconf 88' lang='lat' dir='ltr'>distincta</span> <span class='ocrx_word' id='word_1_58' title='bbox 1039 1164 1357 1221; x_wconf 85' lang='lat' dir='ltr'>mutatione</span> <span class='ocrx_word' id='word_1_59' title='bbox 1383 1163 1523 1238; x_wconf 78' lang='lat' dir='ltr'>eJus,</span> <span class='ocrx_word' id='word_1_60' title='bbox 1555 1162 1654 1234; x_wconf 90' lang='lat' dir='ltr'>qui</span> 
     </span>
     <span class='ocr_line' id='line_1_12' title="bbox 280 1241 1657 1324; baseline 0 -27"><span class='ocrx_word' id='word_1_61' title='bbox 280 1241 480 1315; x_wconf 90' lang='lat' dir='ltr'>ipsum</span> <span class='ocrx_word' id='word_1_62' title='bbox 524 1248 905 1299; x_wconf 82' lang='lat' dir='ltr'>contraxerat.</span> <span class='ocrx_word' id='word_1_63' title='bbox 938 1246 1054 1300; x_wconf 88' lang='lat' dir='ltr'>Nec</span> <span class='ocrx_word' id='word_1_64' title='bbox 1090 1244 1228 1324; x_wconf 82' lang='lat' dir='ltr'>satis</span> <span class='ocrx_word' id='word_1_65' title='bbox 1271 1243 1402 1311; x_wconf 91' lang='lat' dir='ltr'>erit,</span> <span class='ocrx_word' id='word_1_66' title='bbox 1433 1242 1483 1298; x_wconf 89' lang='lat' dir='ltr'>si</span> <span class='ocrx_word' id='word_1_67' title='bbox 1530 1257 1657 1298; x_wconf 90' lang='lat' dir='ltr'>res-</span> 
     </span>
     <span class='ocr_line' id='line_1_13' title="bbox 281 1311 1655 1396; baseline 0.001 -16"><span class='ocrx_word' id='word_1_68' title='bbox 281 1323 628 1396; x_wconf 87' lang='lat' dir='ltr'>pondeatur,</span> <span class='ocrx_word' id='word_1_69' title='bbox 678 1311 965 1382; x_wconf 82' lang='lat' dir='ltr'>Adamum</span> <span class='ocrx_word' id='word_1_70' title='bbox 1008 1330 1362 1392; x_wconf 85' lang='lat' dir='ltr'>retractasse,</span> <span class='ocrx_word' id='word_1_71' title='bbox 1413 1325 1508 1382; x_wconf 88' lang='lat' dir='ltr'>vel</span> <span class='ocrx_word' id='word_1_72' title='bbox 1552 1341 1655 1396; x_wconf 90' lang='lat' dir='ltr'>po-</span> 
     </span>
     <span class='ocr_line' id='line_1_14' title="bbox 279 1407 1654 1481; baseline -0.001 -19"><span class='ocrx_word' id='word_1_73' title='bbox 279 1407 461 1464; x_wconf 90' lang='lat' dir='ltr'>tuisse</span> <span class='ocrx_word' id='word_1_74' title='bbox 504 1413 811 1466; x_wconf 88' lang='lat' dir='ltr'>retractare</span> <span class='ocrx_word' id='word_1_75' title='bbox 852 1410 1208 1465; x_wconf 81' lang='lat' dir='ltr'>voluntatem</span> <span class='ocrx_word' id='word_1_76' title='bbox 1241 1407 1654 1481; x_wconf 83' lang='lat' dir='ltr'>praecedentem</span> 
     </span>
     <span class='ocr_line' id='line_1_15' title="bbox 283 1489 1655 1564; baseline 0.001 -21"><span class='ocrx_word' id='word_1_77' title='bbox 283 1494 346 1543; x_wconf 90' lang='lat' dir='ltr'>ut</span> <span class='ocrx_word' id='word_1_78' title='bbox 375 1489 693 1562; x_wconf 85' lang='lat' dir='ltr'>propriam,</span> <span class='ocrx_word' id='word_1_79' title='bbox 725 1497 781 1546; x_wconf 88' lang='lat' dir='ltr'>et</span> <span class='ocrx_word' id='word_1_80' title='bbox 803 1493 1165 1564; x_wconf 87' lang='lat' dir='ltr'>personalem</span> <span class='ocrx_word' id='word_1_81' title='bbox 1199 1514 1213 1558; x_wconf 92' lang='lat'>;</span> <span class='ocrx_word' id='word_1_82' title='bbox 1241 1490 1492 1547; x_wconf 91' lang='lat' dir='ltr'>minime</span> <span class='ocrx_word' id='word_1_83' title='bbox 1519 1504 1655 1545; x_wconf 85' lang='lat' dir='ltr'>vero</span> 
     </span>
     <span class='ocr_line' id='line_1_16' title="bbox 285 1569 1656 1644; baseline 0.003 -21"><span class='ocrx_word' id='word_1_84' title='bbox 285 1574 347 1623; x_wconf 88' lang='lat' dir='ltr'>ut</span> <span class='ocrx_word' id='word_1_85' title='bbox 371 1575 498 1626; x_wconf 90' lang='lat' dir='ltr'>erat</span> <span class='ocrx_word' id='word_1_86' title='bbox 525 1571 792 1628; x_wconf 82' lang='lat' dir='ltr'>voluntas</span> <span class='ocrx_word' id='word_1_87' title='bbox 828 1572 1078 1628; x_wconf 88' lang='lat' dir='ltr'>aliorum</span> <span class='ocrx_word' id='word_1_88' title='bbox 1114 1591 1128 1627; x_wconf 90' lang='lat'>:</span> <span class='ocrx_word' id='word_1_89' title='bbox 1182 1576 1350 1644; x_wconf 88' lang='lat' dir='ltr'>atque</span> <span class='ocrx_word' id='word_1_90' title='bbox 1390 1569 1519 1627; x_wconf 88' lang='lat' dir='ltr'>ideo</span> <span class='ocrx_word' id='word_1_91' title='bbox 1545 1584 1656 1626; x_wconf 85' lang='lat' dir='ltr'>cae·</span> 
     </span>
     <span class='ocr_line' id='line_1_17' title="bbox 284 1648 1653 1724; baseline 0.001 -21"><span class='ocrx_word' id='word_1_92' title='bbox 284 1655 456 1714; x_wconf 76' lang='lat' dir='ltr'>ter03,</span> <span class='ocrx_word' id='word_1_93' title='bbox 481 1650 582 1723; x_wconf 88' lang='lat' dir='ltr'>qui</span> <span class='ocrx_word' id='word_1_94' title='bbox 624 1658 912 1724; x_wconf 83' lang='lat' dir='ltr'>peccatum</span> <span class='ocrx_word' id='word_1_95' title='bbox 945 1652 1089 1709; x_wconf 92' lang='lat' dir='ltr'>illud</span> <span class='ocrx_word' id='word_1_96' title='bbox 1117 1656 1547 1716; x_wconf 82' lang='lat' dir='ltr'>contraxerant,</span> <span class='ocrx_word' id='word_1_97' title='bbox 1582 1648 1653 1706; x_wconf 90' lang='lat' dir='ltr'>ab</span> 
     </span>
     <span class='ocr_line' id='line_1_18' title="bbox 283 1732 1654 1808; baseline 0 -21"><span class='ocrx_word' id='word_1_98' title='bbox 283 1746 352 1787; x_wconf 89' lang='lat' dir='ltr'>eo</span> <span class='ocrx_word' id='word_1_99' title='bbox 383 1732 620 1788; x_wconf 90' lang='lat' dir='ltr'>liberari</span> <span class='ocrx_word' id='word_1_100' title='bbox 645 1750 762 1790; x_wconf 89' lang='lat' dir='ltr'>non</span> <span class='ocrx_word' id='word_1_101' title='bbox 786 1737 1033 1807; x_wconf 90' lang='lat' dir='ltr'>potuisse</span> <span class='ocrx_word' id='word_1_102' title='bbox 1056 1751 1157 1808; x_wconf 91' lang='lat' dir='ltr'>per</span> <span class='ocrx_word' id='word_1_103' title='bbox 1178 1736 1361 1791; x_wconf 90' lang='lat' dir='ltr'>solam</span> <span class='ocrx_word' id='word_1_104' title='bbox 1386 1736 1654 1790; x_wconf 89' lang='lat' dir='ltr'>retracta-</span> 
     </span>
     <span class='ocr_line' id='line_1_19' title="bbox 286 1812 1653 1887; baseline 0.001 -21"><span class='ocrx_word' id='word_1_105' title='bbox 286 1812 507 1870; x_wconf 85' lang='lat' dir='ltr'>tionem</span> <span class='ocrx_word' id='word_1_106' title='bbox 558 1813 786 1871; x_wconf 85' lang='lat' dir='ltr'>Adami.</span> <span class='ocrx_word' id='word_1_107' title='bbox 818 1819 964 1872; x_wconf 87' lang='lat' dir='ltr'>Nam</span> <span class='ocrx_word' id='word_1_108' title='bbox 1005 1822 1205 1873; x_wconf 91' lang='lat' dir='ltr'>contra</span> <span class='ocrx_word' id='word_1_109' title='bbox 1256 1817 1360 1874; x_wconf 91' lang='lat' dir='ltr'>hoc</span> <span class='ocrx_word' id='word_1_110' title='bbox 1386 1820 1489 1880; x_wconf 90' lang='lat' dir='ltr'>est,</span> <span class='ocrx_word' id='word_1_111' title='bbox 1517 1814 1653 1887; x_wconf 90' lang='lat' dir='ltr'>quia</span> 
     </span>
     <span class='ocr_line' id='line_1_20' title="bbox 290 1892 1652 1969; baseline 0 -21"><span class='ocrx_word' id='word_1_112' title='bbox 290 1894 453 1949; x_wconf 87' lang='lat' dir='ltr'>nulla</span> <span class='ocrx_word' id='word_1_113' title='bbox 504 1896 885 1969; x_wconf 83' lang='lat' dir='ltr'>repugnantia</span> <span class='ocrx_word' id='word_1_114' title='bbox 951 1901 1188 1969; x_wconf 87' lang='lat' dir='ltr'>apparet</span> <span class='ocrx_word' id='word_1_115' title='bbox 1237 1898 1304 1953; x_wconf 92' lang='lat' dir='ltr'>in</span> <span class='ocrx_word' id='word_1_116' title='bbox 1357 1912 1445 1961; x_wconf 92' lang='lat' dir='ltr'>e0,</span> <span class='ocrx_word' id='word_1_117' title='bbox 1501 1892 1652 1967; x_wconf 91' lang='lat' dir='ltr'>quod</span> 
     </span>
     <span class='ocr_line' id='line_1_21' title="bbox 290 1975 1651 2049; baseline 0.001 -22"><span class='ocrx_word' id='word_1_118' title='bbox 290 1975 439 2029; x_wconf 90' lang='lat' dir='ltr'>Deus</span> <span class='ocrx_word' id='word_1_119' title='bbox 452 1976 808 2033; x_wconf 86' lang='lat' dir='ltr'>constituerit</span> <span class='ocrx_word' id='word_1_120' title='bbox 828 1975 1111 2034; x_wconf 81' lang='lat' dir='ltr'>Adamum</span> <span class='ocrx_word' id='word_1_121' title='bbox 1131 1983 1299 2049; x_wconf 86' lang='lat' dir='ltr'>caput</span> <span class='ocrx_word' id='word_1_122' title='bbox 1314 1981 1651 2034; x_wconf 73' lang='lat' dir='ltr'>caeterorum</span> 
     </span>
     <span class='ocr_line' id='line_1_22' title="bbox 292 2053 1645 2130; baseline 0.001 -22"><span class='ocrx_word' id='word_1_123' title='bbox 292 2053 354 2109; x_wconf 88' lang='lat' dir='ltr'>in</span> <span class='ocrx_word' id='word_1_124' title='bbox 406 2055 609 2113; x_wconf 87' lang='lat' dir='ltr'>ordine</span> <span class='ocrx_word' id='word_1_125' title='bbox 655 2056 724 2112; x_wconf 92' lang='lat' dir='ltr'>ad</span> <span class='ocrx_word' id='word_1_126' title='bbox 772 2057 1102 2130; x_wconf 82' lang='lat' dir='ltr'>praedictam</span> <span class='ocrx_word' id='word_1_127' title='bbox 1158 2055 1645 2114; x_wconf 88' lang='lat' dir='ltr'>retractationem.</span> 
     </span>
     <span class='ocr_line' id='line_1_23' title="bbox 293 2135 1651 2197; baseline 0.003 -9"><span class='ocrx_word' id='word_1_128' title='bbox 293 2135 350 2190; x_wconf 75' lang='lat' dir='ltr'>Si</span> <span class='ocrx_word' id='word_1_129' title='bbox 379 2137 534 2194; x_wconf 90' lang='lat' dir='ltr'>enim</span> <span class='ocrx_word' id='word_1_130' title='bbox 577 2138 840 2195; x_wconf 85' lang='lat' dir='ltr'>voluntas</span> <span class='ocrx_word' id='word_1_131' title='bbox 868 2140 1176 2197; x_wconf 90' lang='lat' dir='ltr'>hominum</span> <span class='ocrx_word' id='word_1_132' title='bbox 1208 2144 1267 2194; x_wconf 89' lang='lat' dir='ltr'>ut</span> <span class='ocrx_word' id='word_1_133' title='bbox 1292 2142 1559 2194; x_wconf 90' lang='lat' dir='ltr'>contenta</span> <span class='ocrx_word' id='word_1_134' title='bbox 1586 2136 1651 2192; x_wconf 90' lang='lat' dir='ltr'>in</span> 
     </span>
     <span class='ocr_line' id='line_1_24' title="bbox 295 2216 1652 2295; baseline 0.003 -25"><span class='ocrx_word' id='word_1_135' title='bbox 295 2216 510 2276; x_wconf 76' lang='lat' dir='ltr'>Adamo</span> <span class='ocrx_word' id='word_1_136' title='bbox 539 2225 809 2293; x_wconf 87' lang='lat' dir='ltr'>tanquam</span> <span class='ocrx_word' id='word_1_137' title='bbox 859 2222 921 2278; x_wconf 92' lang='lat' dir='ltr'>in</span> <span class='ocrx_word' id='word_1_138' title='bbox 966 2223 1167 2295; x_wconf 90' lang='lat' dir='ltr'>capite,</span> <span class='ocrx_word' id='word_1_139' title='bbox 1219 2221 1329 2276; x_wconf 83' lang='lat' dir='ltr'>fuit</span> <span class='ocrx_word' id='word_1_140' title='bbox 1366 2219 1652 2275; x_wconf 88' lang='lat' dir='ltr'>sufficiens</span> 
     </span>
     <span class='ocr_line' id='line_1_25' title="bbox 297 2296 1651 2374; baseline 0.003 -23"><span class='ocrx_word' id='word_1_141' title='bbox 297 2296 365 2352; x_wconf 88' lang='lat' dir='ltr'>ad</span> <span class='ocrx_word' id='word_1_142' title='bbox 413 2298 823 2358; x_wconf 90' lang='lat' dir='ltr'>incurrendum</span> <span class='ocrx_word' id='word_1_143' title='bbox 852 2303 1182 2359; x_wconf 88' lang='lat' dir='ltr'>voluntarie</span> <span class='ocrx_word' id='word_1_144' title='bbox 1210 2305 1501 2374; x_wconf 88' lang='lat' dir='ltr'>peccatum</span> <span class='ocrx_word' id='word_1_145' title='bbox 1529 2299 1651 2356; x_wconf 91' lang='lat' dir='ltr'>ori-</span> 
     </span>
     <span class='ocr_line' id='line_1_26' title="bbox 290 2379 1652 2455; baseline 0.004 -23"><span class='ocrx_word' id='word_1_146' title='bbox 290 2379 504 2451; x_wconf 87' lang='lat' dir='ltr'>ginale,</span> <span class='ocrx_word' id='word_1_147' title='bbox 535 2399 640 2438; x_wconf 89' lang='lat' dir='ltr'>cur</span> <span class='ocrx_word' id='word_1_148' title='bbox 666 2383 863 2440; x_wconf 90' lang='lat' dir='ltr'>eodem</span> <span class='ocrx_word' id='word_1_149' title='bbox 906 2384 1075 2442; x_wconf 91' lang='lat' dir='ltr'>modo</span> <span class='ocrx_word' id='word_1_150' title='bbox 1100 2388 1368 2441; x_wconf 89' lang='lat' dir='ltr'>contenta</span> <span class='ocrx_word' id='word_1_151' title='bbox 1407 2398 1525 2440; x_wconf 91' lang='lat' dir='ltr'>non</span> <span class='ocrx_word' id='word_1_152' title='bbox 1547 2397 1652 2455; x_wconf 91' lang='lat' dir='ltr'>po-</span> 
     </span>
     <span class='ocr_line' id='line_1_27' title="bbox 298 2459 1651 2536; baseline 0.004 -24"><span class='ocrx_word' id='word_1_153' title='bbox 298 2459 408 2514; x_wconf 79' lang='lat' dir='ltr'>tuit</span> <span class='ocrx_word' id='word_1_154' title='bbox 452 2461 703 2518; x_wconf 85' lang='lat' dir='ltr'>sufficere</span> <span class='ocrx_word' id='word_1_155' title='bbox 754 2463 822 2519; x_wconf 92' lang='lat' dir='ltr'>ad</span> <span class='ocrx_word' id='word_1_156' title='bbox 866 2464 1291 2521; x_wconf 88' lang='lat' dir='ltr'>retractandum</span> <span class='ocrx_word' id='word_1_157' title='bbox 1338 2463 1651 2536; x_wconf 90' lang='lat' dir='ltr'>ipsummet</span> 
     </span>
     <span class='ocr_line' id='line_1_28' title="bbox 297 2545 1651 2621; baseline 0.006 -26"><span class='ocrx_word' id='word_1_158' title='bbox 297 2546 485 2597; x_wconf 88' lang='lat' dir='ltr'>actum</span> <span class='ocrx_word' id='word_1_159' title='bbox 515 2545 721 2616; x_wconf 90' lang='lat' dir='ltr'>peccati</span> <span class='ocrx_word' id='word_1_160' title='bbox 749 2548 776 2601; x_wconf 71' lang='grc' dir='ltr'>Ρ</span> <span class='ocrx_word' id='word_1_161' title='bbox 797 2547 1121 2605; x_wconf 84' lang='lat' dir='ltr'>Praesertim</span> <span class='ocrx_word' id='word_1_162' title='bbox 1148 2548 1285 2621; x_wconf 90' lang='lat' dir='ltr'>quia</span> <span class='ocrx_word' id='word_1_163' title='bbox 1314 2562 1431 2603; x_wconf 91' lang='lat' dir='ltr'>non</span> <span class='ocrx_word' id='word_1_164' title='bbox 1454 2546 1651 2603; x_wconf 90' lang='lat' dir='ltr'>mino-</span> 
     </span>
     <span class='ocr_line' id='line_1_29' title="bbox 301 2622 1650 2698; baseline 0.002 -21"><span class='ocrx_word' id='word_1_165' title='bbox 301 2636 424 2677; x_wconf 90' lang='lat' dir='ltr'>rem</span> <span class='ocrx_word' id='word_1_166' title='bbox 472 2622 590 2678; x_wconf 85' lang='lat' dir='ltr'>vim</span> <span class='ocrx_word' id='word_1_167' title='bbox 630 2624 796 2681; x_wconf 90' lang='lat' dir='ltr'>habet</span> <span class='ocrx_word' id='word_1_168' title='bbox 822 2626 1215 2684; x_wconf 81' lang='lat' dir='ltr'>voluntarium</span> <span class='ocrx_word' id='word_1_169' title='bbox 1244 2627 1308 2683; x_wconf 90' lang='lat' dir='ltr'>in</span> <span class='ocrx_word' id='word_1_170' title='bbox 1354 2625 1536 2698; x_wconf 90' lang='lat' dir='ltr'>capite</span> <span class='ocrx_word' id='word_1_171' title='bbox 1578 2623 1650 2681; x_wconf 90' lang='lat' dir='ltr'>ad</span> 
     </span>
     <span class='ocr_line' id='line_1_30' title="bbox 227 2704 1647 2781; baseline 0.004 -24"><span class='ocrx_word' id='word_1_172' title='bbox 227 2708 232 2711; x_wconf 84' lang='grc'><strong><em>’</em></strong></span> <span class='ocrx_word' id='word_1_173' title='bbox 302 2704 720 2762; x_wconf 87' lang='lat' dir='ltr'>retractandum</span> <span class='ocrx_word' id='word_1_174' title='bbox 775 2707 1167 2764; x_wconf 89' lang='lat' dir='ltr'>voluntarium</span> <span class='ocrx_word' id='word_1_175' title='bbox 1217 2710 1282 2766; x_wconf 92' lang='lat' dir='ltr'>in</span> <span class='ocrx_word' id='word_1_176' title='bbox 1327 2709 1510 2781; x_wconf 91' lang='lat' dir='ltr'>capite</span> <span class='ocrx_word' id='word_1_177' title='bbox 1537 2707 1647 2764; x_wconf 88' lang='lat' dir='ltr'>sibi</span> 
     </span>
     <span class='ocr_line' id='line_1_31' title="bbox 290 2787 1650 2865; baseline 0.003 -24"><span class='ocrx_word' id='word_1_178' title='bbox 290 2787 633 2857; x_wconf 87' lang='lat' dir='ltr'>oppositum,</span> <span class='ocrx_word' id='word_1_179' title='bbox 682 2806 744 2845; x_wconf 89' lang='lat' dir='ltr'>ac</span> <span class='ocrx_word' id='word_1_180' title='bbox 790 2792 1184 2847; x_wconf 80' lang='lat' dir='ltr'>voluntarium</span> <span class='ocrx_word' id='word_1_181' title='bbox 1232 2792 1533 2865; x_wconf 89' lang='lat' dir='ltr'>personale</span> <span class='ocrx_word' id='word_1_182' title='bbox 1578 2788 1650 2846; x_wconf 90' lang='lat' dir='ltr'>ad</span> 
     </span>
     <span class='ocr_line' id='line_1_32' title="bbox 295 2868 1648 2946; baseline 0.004 -23"><span class='ocrx_word' id='word_1_183' title='bbox 295 2868 713 2927; x_wconf 89' lang='lat' dir='ltr'>retractandum</span> <span class='ocrx_word' id='word_1_184' title='bbox 754 2873 1150 2930; x_wconf 76' lang='lat' dir='ltr'>voluntarium</span> <span class='ocrx_word' id='word_1_185' title='bbox 1199 2874 1502 2946; x_wconf 90' lang='lat' dir='ltr'>personale</span> <span class='ocrx_word' id='word_1_186' title='bbox 1535 2872 1648 2928; x_wconf 88' lang='lat' dir='ltr'>sibi</span> 
     </span>
     <span class='ocr_line' id='line_1_33' title="bbox 289 2951 1643 3027; baseline 0.004 -23"><span class='ocrx_word' id='word_1_187' title='bbox 289 2951 641 3006; x_wconf 87' lang='lat' dir='ltr'>contrarium</span> <span class='ocrx_word' id='word_1_188' title='bbox 676 2972 689 3006; x_wconf 91' lang='lat'>:</span> <span class='ocrx_word' id='word_1_189' title='bbox 730 2968 866 3027; x_wconf 88' lang='lat' dir='ltr'>ergo</span> <span class='ocrx_word' id='word_1_190' title='bbox 893 2954 941 3009; x_wconf 90' lang='lat' dir='ltr'>si</span> <span class='ocrx_word' id='word_1_191' title='bbox 966 2954 1139 3011; x_wconf 90' lang='lat' dir='ltr'>homo</span> <span class='ocrx_word' id='word_1_192' title='bbox 1161 2970 1263 3026; x_wconf 90' lang='lat' dir='ltr'>per</span> <span class='ocrx_word' id='word_1_193' title='bbox 1291 2959 1481 3011; x_wconf 91' lang='lat' dir='ltr'>actum</span> <span class='ocrx_word' id='word_1_194' title='bbox 1506 2970 1538 3010; x_wconf 91' lang='lat' dir='ltr'>a</span> <span class='ocrx_word' id='word_1_195' title='bbox 1564 2969 1643 3022; x_wconf 90' lang='lat' dir='ltr'>se,</span> 
     </span>
     <span class='ocr_line' id='line_1_34' title="bbox 291 3033 1650 3103; baseline 0.004 -17"><span class='ocrx_word' id='word_1_196' title='bbox 291 3035 348 3086; x_wconf 93' lang='lat' dir='ltr'>et</span> <span class='ocrx_word' id='word_1_197' title='bbox 376 3037 536 3103; x_wconf 88' lang='lat' dir='ltr'>prout</span> <span class='ocrx_word' id='word_1_198' title='bbox 554 3033 614 3089; x_wconf 91' lang='lat' dir='ltr'>in</span> <span class='ocrx_word' id='word_1_199' title='bbox 636 3050 696 3091; x_wconf 89' lang='lat' dir='ltr'>se</span> <span class='ocrx_word' id='word_1_200' title='bbox 721 3035 979 3091; x_wconf 87' lang='lat' dir='ltr'>elicitum</span> <span class='ocrx_word' id='word_1_201' title='bbox 1011 3041 1277 3092; x_wconf 88' lang='lat' dir='ltr'>retractat</span> <span class='ocrx_word' id='word_1_202' title='bbox 1302 3036 1650 3093; x_wconf 86' lang='lat' dir='ltr'>sufficienter</span> 
     </span>
     <span class='ocr_line' id='line_1_35' title="bbox 295 3116 1646 3188; baseline 0.004 -22"><span class='ocrx_word' id='word_1_203' title='bbox 295 3118 576 3182; x_wconf 89' lang='lat' dir='ltr'>peccatum</span> <span class='ocrx_word' id='word_1_204' title='bbox 605 3130 636 3170; x_wconf 92' lang='lat' dir='ltr'>a</span> <span class='ocrx_word' id='word_1_205' title='bbox 657 3130 736 3180; x_wconf 84' lang='lat' dir='ltr'>se,</span> <span class='ocrx_word' id='word_1_206' title='bbox 767 3121 824 3171; x_wconf 90' lang='lat' dir='ltr'>et</span> <span class='ocrx_word' id='word_1_207' title='bbox 851 3120 1018 3188; x_wconf 90' lang='lat' dir='ltr'>prout</span> <span class='ocrx_word' id='word_1_208' title='bbox 1055 3116 1119 3171; x_wconf 89' lang='lat' dir='ltr'>in</span> <span class='ocrx_word' id='word_1_209' title='bbox 1145 3132 1205 3173; x_wconf 88' lang='lat' dir='ltr'>se</span> <span class='ocrx_word' id='word_1_210' title='bbox 1228 3117 1603 3173; x_wconf 88' lang='lat' dir='ltr'>commissum</span> <span class='ocrx_word' id='word_1_211' title='bbox 1632 3138 1646 3181; x_wconf 90' lang='lat'><strong>;</strong></span> 
     </span>
     <span class='ocr_line' id='line_1_36' title="bbox 295 3191 1651 3269; baseline 0.004 -23"><span class='ocrx_word' id='word_1_212' title='bbox 295 3191 507 3263; x_wconf 89' lang='lat' dir='ltr'>pariter</span> <span class='ocrx_word' id='word_1_213' title='bbox 546 3210 646 3266; x_wconf 91' lang='lat' dir='ltr'>per</span> <span class='ocrx_word' id='word_1_214' title='bbox 668 3201 854 3251; x_wconf 90' lang='lat' dir='ltr'>actum</span> <span class='ocrx_word' id='word_1_215' title='bbox 885 3212 918 3252; x_wconf 92' lang='lat' dir='ltr'>a</span> <span class='ocrx_word' id='word_1_216' title='bbox 943 3212 1023 3262; x_wconf 89' lang='lat' dir='ltr'>se,</span> <span class='ocrx_word' id='word_1_217' title='bbox 1049 3202 1106 3253; x_wconf 92' lang='lat' dir='ltr'>et</span> <span class='ocrx_word' id='word_1_218' title='bbox 1127 3202 1297 3269; x_wconf 91' lang='lat' dir='ltr'>prout</span> <span class='ocrx_word' id='word_1_219' title='bbox 1333 3197 1397 3252; x_wconf 91' lang='lat' dir='ltr'>in</span> <span class='ocrx_word' id='word_1_220' title='bbox 1424 3213 1527 3253; x_wconf 93' lang='lat' dir='ltr'>suo</span> <span class='ocrx_word' id='word_1_221' title='bbox 1552 3211 1651 3252; x_wconf 89' lang='lat' dir='ltr'>ca-</span> 
     </span>
     <span class='ocr_line' id='line_1_37' title="bbox 293 3271 1651 3349; baseline 0.004 -23"><span class='ocrx_word' id='word_1_222' title='bbox 293 3271 407 3343; x_wconf 90' lang='lat' dir='ltr'>pite</span> <span class='ocrx_word' id='word_1_223' title='bbox 431 3280 782 3340; x_wconf 90' lang='lat' dir='ltr'>contentum,</span> <span class='ocrx_word' id='word_1_224' title='bbox 809 3276 1089 3343; x_wconf 86' lang='lat' dir='ltr'>elicitum,</span> <span class='ocrx_word' id='word_1_225' title='bbox 1138 3281 1318 3349; x_wconf 89' lang='lat' dir='ltr'>potest</span> <span class='ocrx_word' id='word_1_226' title='bbox 1341 3281 1651 3335; x_wconf 88' lang='lat' dir='ltr'>retractare</span> 
     </span>
     <span class='ocr_line' id='line_1_38' title="bbox 289 3352 1643 3429; baseline 0.005 -23"><span class='ocrx_word' id='word_1_227' title='bbox 289 3352 634 3412; x_wconf 82' lang='lat' dir='ltr'>sufficienter</span> <span class='ocrx_word' id='word_1_228' title='bbox 687 3361 972 3429; x_wconf 89' lang='lat' dir='ltr'>peccatum</span> <span class='ocrx_word' id='word_1_229' title='bbox 1037 3375 1070 3415; x_wconf 92' lang='lat' dir='ltr'>a</span> <span class='ocrx_word' id='word_1_230' title='bbox 1133 3373 1194 3413; x_wconf 90' lang='lat' dir='ltr'>se</span> <span class='ocrx_word' id='word_1_231' title='bbox 1249 3357 1643 3425; x_wconf 88' lang='lat' dir='ltr'>commissum,</span> 
     </span>
     <span class='ocr_line' id='line_1_39' title="bbox 293 3434 1441 3509; baseline 0.006 -23"><span class='ocrx_word' id='word_1_232' title='bbox 293 3437 459 3504; x_wconf 87' lang='lat' dir='ltr'>prout</span> <span class='ocrx_word' id='word_1_233' title='bbox 478 3434 540 3489; x_wconf 92' lang='lat' dir='ltr'>in</span> <span class='ocrx_word' id='word_1_234' title='bbox 568 3452 670 3491; x_wconf 91' lang='lat' dir='ltr'>suo</span> <span class='ocrx_word' id='word_1_235' title='bbox 691 3437 873 3508; x_wconf 89' lang='lat' dir='ltr'>capite</span> <span class='ocrx_word' id='word_1_236' title='bbox 901 3436 1441 3509; x_wconf 83' lang='lat' dir='ltr'>praecontinebatur.</span> 
     </span>
     <span class='ocr_line' id='line_1_40' title="bbox 364 3514 1652 3590; baseline 0.002 -21"><span class='ocrx_word' id='word_1_237' title='bbox 364 3514 759 3586; x_wconf 85' lang='lat' dir='ltr'>Respondetur</span> <span class='ocrx_word' id='word_1_238' title='bbox 805 3516 1063 3590; x_wconf 75' lang='lat' dir='ltr'>negando</span> <span class='ocrx_word' id='word_1_239' title='bbox 1102 3519 1410 3590; x_wconf 86' lang='lat' dir='ltr'>sequelam.</span> <span class='ocrx_word' id='word_1_240' title='bbox 1443 3515 1530 3571; x_wconf 91' lang='lat' dir='ltr'>Ad</span> <span class='ocrx_word' id='word_1_241' title='bbox 1550 3532 1652 3573; x_wconf 90' lang='lat' dir='ltr'>cu-</span> 
     </span>
     <span class='ocr_line' id='line_1_41' title="bbox 285 3594 1650 3666; baseline 0.003 -19"><span class='ocrx_word' id='word_1_242' title='bbox 285 3594 375 3666; x_wconf 86' lang='lat' dir='ltr'>jus</span> <span class='ocrx_word' id='word_1_243' title='bbox 441 3594 843 3666; x_wconf 88' lang='lat' dir='ltr'>probationem</span> <span class='ocrx_word' id='word_1_244' title='bbox 893 3595 1198 3654; x_wconf 89' lang='lat' dir='ltr'>dicendum</span> <span class='ocrx_word' id='word_1_245' title='bbox 1245 3601 1353 3663; x_wconf 89' lang='lat' dir='ltr'>est,</span> <span class='ocrx_word' id='word_1_246' title='bbox 1423 3597 1650 3652; x_wconf 88' lang='lat' dir='ltr'>nullam</span> 
     </span>
     <span class='ocr_line' id='line_1_42' title="bbox 292 3675 1650 3751; baseline 0.003 -23"><span class='ocrx_word' id='word_1_247' title='bbox 292 3676 735 3748; x_wconf 80' lang='lat' dir='ltr'>repugnantiam</span> <span class='ocrx_word' id='word_1_248' title='bbox 783 3677 845 3731; x_wconf 90' lang='lat' dir='ltr'>in</span> <span class='ocrx_word' id='word_1_249' title='bbox 896 3692 963 3734; x_wconf 91' lang='lat' dir='ltr'>eo</span> <span class='ocrx_word' id='word_1_250' title='bbox 1004 3692 1300 3751; x_wconf 88' lang='lat' dir='ltr'>apparere,</span> <span class='ocrx_word' id='word_1_251' title='bbox 1328 3675 1478 3750; x_wconf 90' lang='lat' dir='ltr'>quo&#39;d</span> <span class='ocrx_word' id='word_1_252' title='bbox 1502 3678 1650 3732; x_wconf 89' lang='lat' dir='ltr'>Deus</span> 
     </span>
     <span class='ocr_line' id='line_1_43' title="bbox 287 3759 1649 3831; baseline 0.005 -22"><span class='ocrx_word' id='word_1_253' title='bbox 287 3759 398 3814; x_wconf 84' lang='lat' dir='ltr'>tale</span> <span class='ocrx_word' id='word_1_254' title='bbox 426 3763 654 3831; x_wconf 89' lang='lat' dir='ltr'>pactum</span> <span class='ocrx_word' id='word_1_255' title='bbox 701 3776 832 3816; x_wconf 90' lang='lat' dir='ltr'>cum</span> <span class='ocrx_word' id='word_1_256' title='bbox 859 3759 1080 3816; x_wconf 85' lang='lat' dir='ltr'>Adamo</span> <span class='ocrx_word' id='word_1_257' title='bbox 1110 3760 1338 3825; x_wconf 76' lang='lat' dir='ltr'>faceret,</span> <span class='ocrx_word' id='word_1_258' title='bbox 1374 3764 1524 3816; x_wconf 92' lang='lat' dir='ltr'>uteo</span> <span class='ocrx_word' id='word_1_259' title='bbox 1553 3775 1649 3816; x_wconf 92' lang='lat' dir='ltr'>re-</span> 
     </span>
     <span class='ocr_line' id='line_1_44' title="bbox 285 3838 1651 3913; baseline 0.003 -21"><span class='ocrx_word' id='word_1_260' title='bbox 285 3843 569 3896; x_wconf 81' lang='lat' dir='ltr'>tractante</span> <span class='ocrx_word' id='word_1_261' title='bbox 593 3855 760 3895; x_wconf 90' lang='lat' dir='ltr'>suum</span> <span class='ocrx_word' id='word_1_262' title='bbox 808 3845 1115 3913; x_wconf 89' lang='lat' dir='ltr'>peccatum,</span> <span class='ocrx_word' id='word_1_263' title='bbox 1159 3840 1308 3896; x_wconf 90' lang='lat' dir='ltr'>illud</span> <span class='ocrx_word' id='word_1_264' title='bbox 1361 3838 1432 3896; x_wconf 91' lang='lat' dir='ltr'>ad</span> <span class='ocrx_word' id='word_1_265' title='bbox 1462 3844 1651 3912; x_wconf 90' lang='lat' dir='ltr'>poste-</span> 
     </span>
     <span class='ocr_line' id='line_1_45' title="bbox 289 3919 1646 3993; baseline 0.001 -19"><span class='ocrx_word' id='word_1_266' title='bbox 289 3934 381 3975; x_wconf 89' lang='lat' dir='ltr'>ros</span> <span class='ocrx_word' id='word_1_267' title='bbox 425 3935 548 3977; x_wconf 91' lang='lat' dir='ltr'>non</span> <span class='ocrx_word' id='word_1_268' title='bbox 594 3919 1068 3977; x_wconf 81' lang='lat' dir='ltr'>transfunderet:</span> <span class='ocrx_word' id='word_1_269' title='bbox 1121 3921 1185 3977; x_wconf 93' lang='lat' dir='ltr'>in</span> <span class='ocrx_word' id='word_1_270' title='bbox 1230 3936 1343 3993; x_wconf 88' lang='lat' dir='ltr'>quo</span> <span class='ocrx_word' id='word_1_271' title='bbox 1394 3925 1605 3977; x_wconf 85' lang='lat' dir='ltr'>eventu</span> <span class='ocrx_word' id='word_1_272' title='bbox 1632 3964 1646 3987; x_wconf 89' lang='lat'>,</span> 
     </span>
     <span class='ocr_line' id='line_1_46' title="bbox 290 3997 1646 4073; baseline 0.003 -20"><span class='ocrx_word' id='word_1_273' title='bbox 290 3997 513 4056; x_wconf 83' lang='lat' dir='ltr'>Adamo</span> <span class='ocrx_word' id='word_1_274' title='bbox 564 4004 905 4056; x_wconf 88' lang='lat' dir='ltr'>retractante</span> <span class='ocrx_word' id='word_1_275' title='bbox 945 4006 1132 4057; x_wconf 88' lang='lat' dir='ltr'>actum</span> <span class='ocrx_word' id='word_1_276' title='bbox 1164 4000 1646 4073; x_wconf 88' lang='lat' dir='ltr'>peccaminosum,</span> 
     </span>
     <span class='ocr_line' id='line_1_47' title="bbox 287 4080 1652 4155; baseline 0.002 -20"><span class='ocrx_word' id='word_1_277' title='bbox 287 4081 539 4137; x_wconf 89' lang='lat' dir='ltr'>minime</span> <span class='ocrx_word' id='word_1_278' title='bbox 576 4080 971 4139; x_wconf 88' lang='lat' dir='ltr'>traduceretur</span> <span class='ocrx_word' id='word_1_279' title='bbox 1024 4087 1311 4155; x_wconf 89' lang='lat' dir='ltr'>peccatum</span> <span class='ocrx_word' id='word_1_280' title='bbox 1367 4082 1652 4155; x_wconf 84' lang='lat' dir='ltr'>originale</span> 
     </span>
     <span class='ocr_line' id='line_1_48' title="bbox 285 4160 1650 4236; baseline 0 -20"><span class='ocrx_word' id='word_1_281' title='bbox 285 4160 359 4216; x_wconf 88' lang='lat' dir='ltr'>ad</span> <span class='ocrx_word' id='word_1_282' title='bbox 382 4166 658 4234; x_wconf 82' lang='lat' dir='ltr'>posterOS,</span> <span class='ocrx_word' id='word_1_283' title='bbox 689 4162 786 4235; x_wconf 90' lang='lat' dir='ltr'>qui</span> <span class='ocrx_word' id='word_1_284' title='bbox 837 4168 958 4236; x_wconf 87' lang='lat' dir='ltr'>post</span> <span class='ocrx_word' id='word_1_285' title='bbox 979 4165 1152 4220; x_wconf 86' lang='lat' dir='ltr'>talem</span> <span class='ocrx_word' id='word_1_286' title='bbox 1182 4162 1650 4219; x_wconf 89' lang='lat' dir='ltr'>retractationem</span> 
     </span>
     <span class='ocr_line' id='line_1_49' title="bbox 281 4243 1651 4317; baseline 0.001 -20"><span class='ocrx_word' id='word_1_287' title='bbox 281 4243 728 4317; x_wconf 83' lang='lat' dir='ltr'>conciperentur</span> <span class='ocrx_word' id='word_1_288' title='bbox 755 4264 768 4299; x_wconf 88' lang='lat'>:</span> <span class='ocrx_word' id='word_1_289' title='bbox 796 4244 941 4300; x_wconf 86' lang='lat' dir='ltr'>sicut</span> <span class='ocrx_word' id='word_1_290' title='bbox 965 4260 1140 4317; x_wconf 90' lang='lat' dir='ltr'>supra</span> <span class='ocrx_word' id='word_1_291' title='bbox 1165 4244 1439 4310; x_wconf 78' lang='lat' dir='ltr'>diximuS,</span> <span class='ocrx_word' id='word_1_292' title='bbox 1470 4257 1651 4317; x_wconf 79' lang='lat' dir='ltr'>even-</span> 
     </span>
     <span class='ocr_line' id='line_1_50' title="bbox 289 4322 1653 4397; baseline 0 -18"><span class='ocrx_word' id='word_1_293' title='bbox 289 4328 487 4380; x_wconf 90' lang='lat' dir='ltr'>turum</span> <span class='ocrx_word' id='word_1_294' title='bbox 520 4324 659 4391; x_wconf 76' lang='lat' dir='ltr'>fore,</span> <span class='ocrx_word' id='word_1_295' title='bbox 690 4325 740 4380; x_wconf 89' lang='lat' dir='ltr'>si</span> <span class='ocrx_word' id='word_1_296' title='bbox 764 4328 911 4380; x_wconf 91' lang='lat' dir='ltr'>Deus</span> <span class='ocrx_word' id='word_1_297' title='bbox 951 4331 1176 4397; x_wconf 89' lang='lat' dir='ltr'>pactum</span> <span class='ocrx_word' id='word_1_298' title='bbox 1225 4323 1372 4382; x_wconf 91' lang='lat' dir='ltr'>illud</span> <span class='ocrx_word' id='word_1_299' title='bbox 1401 4322 1471 4380; x_wconf 90' lang='lat' dir='ltr'>ad</span> <span class='ocrx_word' id='word_1_300' title='bbox 1500 4327 1653 4380; x_wconf 87' lang='lat' dir='ltr'>tem·</span> 
     </span>
    </p>
   </div>
   <div class='ocr_carea' id='block_1_5' title="bbox 290 4403 1705 4474">
    <p class='ocr_par' dir='ltr' id='par_1_5' title="bbox 290 4403 1705 4474">
     <span class='ocr_line' id='line_1_51' title="bbox 290 4403 1705 4474; baseline 0.001 -16"><span class='ocrx_word' id='word_1_301' title='bbox 290 4418 394 4474; x_wconf 87' lang='lat' dir='ltr'>pus</span> <span class='ocrx_word' id='word_1_302' title='bbox 437 4403 892 4461; x_wconf 87' lang='lat' dir='ltr'>determinatum</span> <span class='ocrx_word' id='word_1_303' title='bbox 929 4404 1338 4461; x_wconf 87' lang='lat' dir='ltr'>restrinxisset.</span> <span class='ocrx_word' id='word_1_304' title='bbox 1368 4404 1517 4460; x_wconf 87' lang='lat' dir='ltr'>Hinc</span> <span class='ocrx_word' id='word_1_305' title='bbox 1545 4419 1653 4460; x_wconf 89' lang='lat' dir='ltr'>au-</span> <span class='ocrx_word' id='word_1_306' title='bbox 1697 4418 1705 4425; x_wconf 89' lang='lat'><em>·</em></span> 
     </span>
    </p>
   </div>
   <div class='ocr_carea' id='block_1_6' title="bbox 285 4482 1652 5124">
    <p class='ocr_par' dir='ltr' id='par_1_6' title="bbox 285 4482 1652 5124">
     <span class='ocr_line' id='line_1_52' title="bbox 290 4482 1649 4557; baseline 0.001 -19"><span class='ocrx_word' id='word_1_307' title='bbox 290 4486 405 4538; x_wconf 85' lang='lat' dir='ltr'>tem</span> <span class='ocrx_word' id='word_1_308' title='bbox 434 4500 556 4540; x_wconf 92' lang='lat' dir='ltr'>non</span> <span class='ocrx_word' id='word_1_309' title='bbox 584 4482 766 4552; x_wconf 87' lang='lat' dir='ltr'>fieret,</span> <span class='ocrx_word' id='word_1_310' title='bbox 817 4483 966 4556; x_wconf 91' lang='lat' dir='ltr'>quod</span> <span class='ocrx_word' id='word_1_311' title='bbox 1011 4484 1111 4556; x_wconf 89' lang='lat' dir='ltr'>qui</span> <span class='ocrx_word' id='word_1_312' title='bbox 1151 4484 1330 4541; x_wconf 91' lang='lat' dir='ltr'>semel</span> <span class='ocrx_word' id='word_1_313' title='bbox 1359 4488 1649 4557; x_wconf 90' lang='lat' dir='ltr'>peccatum</span> 
     </span>
     <span class='ocr_line' id='line_1_53' title="bbox 292 4560 1649 4641; baseline 0.001 -20"><span class='ocrx_word' id='word_1_314' title='bbox 292 4565 580 4641; x_wconf 83' lang='lat' dir='ltr'>originale</span> <span class='ocrx_word' id='word_1_315' title='bbox 625 4571 1050 4634; x_wconf 87' lang='lat' dir='ltr'>contraxerant,</span> <span class='ocrx_word' id='word_1_316' title='bbox 1098 4567 1168 4623; x_wconf 92' lang='lat' dir='ltr'>ab</span> <span class='ocrx_word' id='word_1_317' title='bbox 1210 4560 1287 4623; x_wconf 69' lang='lat' dir='ltr'>‘eo</span> <span class='ocrx_word' id='word_1_318' title='bbox 1326 4583 1429 4639; x_wconf 88' lang='lat' dir='ltr'>per</span> <span class='ocrx_word' id='word_1_319' title='bbox 1466 4568 1649 4623; x_wconf 88' lang='lat' dir='ltr'>solam</span> 
     </span>
     <span class='ocr_line' id='line_1_54' title="bbox 287 4645 1652 4704; baseline 0.003 -4"><span class='ocrx_word' id='word_1_320' title='bbox 287 4647 675 4703; x_wconf 84' lang='lat' dir='ltr'>extrinsecam</span> <span class='ocrx_word' id='word_1_321' title='bbox 702 4645 910 4703; x_wconf 83' lang='lat' dir='ltr'>Adami</span> <span class='ocrx_word' id='word_1_322' title='bbox 959 4647 1420 4704; x_wconf 87' lang='lat' dir='ltr'>retractationem</span> <span class='ocrx_word' id='word_1_323' title='bbox 1461 4646 1652 4704; x_wconf 89' lang='lat' dir='ltr'>absol-</span> 
     </span>
     <span class='ocr_line' id='line_1_55' title="bbox 289 4729 1652 4802; baseline 0.004 -22"><span class='ocrx_word' id='word_1_324' title='bbox 289 4733 587 4784; x_wconf 83' lang='lat' dir='ltr'>verentur.</span> <span class='ocrx_word' id='word_1_325' title='bbox 613 4730 682 4783; x_wconf 87' lang='lat' dir='ltr'>Et</span> <span class='ocrx_word' id='word_1_326' title='bbox 704 4730 850 4786; x_wconf 90' lang='lat' dir='ltr'>ratio</span> <span class='ocrx_word' id='word_1_327' title='bbox 871 4734 976 4796; x_wconf 84' lang='lat' dir='ltr'>est,</span> <span class='ocrx_word' id='word_1_328' title='bbox 999 4729 1277 4802; x_wconf 89' lang='lat' dir='ltr'>quoniam</span> <span class='ocrx_word' id='word_1_329' title='bbox 1305 4734 1422 4787; x_wconf 89' lang='lat' dir='ltr'>tota</span> <span class='ocrx_word' id='word_1_330' title='bbox 1448 4744 1652 4786; x_wconf 90' lang='lat' dir='ltr'>causa-</span> 
     </span>
     <span class='ocr_line' id='line_1_56' title="bbox 291 4806 1651 4884; baseline 0.004 -23"><span class='ocrx_word' id='word_1_331' title='bbox 291 4806 421 4864; x_wconf 89' lang='lat' dir='ltr'>litas</span> <span class='ocrx_word' id='word_1_332' title='bbox 464 4806 674 4865; x_wconf 86' lang='lat' dir='ltr'>Adami</span> <span class='ocrx_word' id='word_1_333' title='bbox 729 4808 793 4866; x_wconf 88' lang='lat' dir='ltr'>in</span> <span class='ocrx_word' id='word_1_334' title='bbox 840 4811 1061 4866; x_wconf 89' lang='lat' dir='ltr'>ratione</span> <span class='ocrx_word' id='word_1_335' title='bbox 1087 4810 1288 4883; x_wconf 90' lang='lat' dir='ltr'>capitis</span> <span class='ocrx_word' id='word_1_336' title='bbox 1326 4810 1651 4884; x_wconf 81' lang='lat' dir='ltr'>ergajusti-</span> 
     </span>
     <span class='ocr_line' id='line_1_57' title="bbox 289 4889 1650 4966; baseline 0.004 -23"><span class='ocrx_word' id='word_1_337' title='bbox 289 4889 451 4954; x_wconf 88' lang='lat' dir='ltr'>tiam,</span> <span class='ocrx_word' id='word_1_338' title='bbox 499 4891 593 4947; x_wconf 86' lang='lat' dir='ltr'>vel</span> <span class='ocrx_word' id='word_1_339' title='bbox 621 4896 913 4963; x_wconf 90' lang='lat' dir='ltr'>peccatum</span> <span class='ocrx_word' id='word_1_340' title='bbox 954 4891 1239 4966; x_wconf 89' lang='lat' dir='ltr'>originale</span> <span class='ocrx_word' id='word_1_341' title='bbox 1285 4898 1650 4964; x_wconf 89' lang='lat' dir='ltr'>posterorum</span> 
     </span>
     <span class='ocr_line' id='line_1_58' title="bbox 285 4968 1644 5042; baseline 0.001 -18"><span class='ocrx_word' id='word_1_342' title='bbox 285 4968 409 5041; x_wconf 87' lang='lat' dir='ltr'>ejus</span> <span class='ocrx_word' id='word_1_343' title='bbox 433 4975 872 5042; x_wconf 85' lang='lat' dir='ltr'>consummatur</span> <span class='ocrx_word' id='word_1_344' title='bbox 895 4971 955 5027; x_wconf 94' lang='lat' dir='ltr'>in</span> <span class='ocrx_word' id='word_1_345' title='bbox 979 4971 1217 5028; x_wconf 89' lang='lat' dir='ltr'>instanti</span> <span class='ocrx_word' id='word_1_346' title='bbox 1241 4970 1644 5042; x_wconf 78' lang='lat' dir='ltr'>conceptionis,</span> 
     </span>
     <span class='ocr_line' id='line_1_59' title="bbox 294 5049 1650 5124; baseline 0.004 -22"><span class='ocrx_word' id='word_1_347' title='bbox 294 5049 455 5107; x_wconf 79' lang='lat' dir='ltr'>Unde</span> <span class='ocrx_word' id='word_1_348' title='bbox 481 5050 626 5106; x_wconf 90' lang='lat' dir='ltr'>sicut</span> <span class='ocrx_word' id='word_1_349' title='bbox 673 5065 790 5108; x_wconf 90' lang='lat' dir='ltr'>non</span> <span class='ocrx_word' id='word_1_350' title='bbox 830 5057 1010 5124; x_wconf 89' lang='lat' dir='ltr'>posset</span> <span class='ocrx_word' id='word_1_351' title='bbox 1056 5049 1462 5109; x_wconf 83' lang='lat' dir='ltr'>transfundere</span> <span class='ocrx_word' id='word_1_352' title='bbox 1476 5049 1650 5124; x_wconf 84' lang='lat' dir='ltr'>justi-</span> 
     </span>
    </p>
   </div>
   <div class='ocr_carea' id='block_1_7' title="bbox 1790 600 3157 1080">
    <p class='ocr_par' dir='ltr' id='par_1_7' title="bbox 1790 600 3157 1080">
     <span class='ocr_line' id='line_1_60' title="bbox 1792 600 3157 682; baseline 0.005 -27"><span class='ocrx_word' id='word_1_353' title='bbox 1792 600 1934 657; x_wconf 90' lang='lat' dir='ltr'>tiam</span> <span class='ocrx_word' id='word_1_354' title='bbox 1952 602 2319 678; x_wconf 84' lang='lat' dir='ltr'>originalem,</span> <span class='ocrx_word' id='word_1_355' title='bbox 2348 608 2461 664; x_wconf 90' lang='lat' dir='ltr'>nisi</span> <span class='ocrx_word' id='word_1_356' title='bbox 2486 608 2574 664; x_wconf 86' lang='lat' dir='ltr'>his</span> <span class='ocrx_word' id='word_1_357' title='bbox 2594 608 2689 682; x_wconf 91' lang='lat' dir='ltr'>qui</span> <span class='ocrx_word' id='word_1_358' title='bbox 2719 609 2886 665; x_wconf 89' lang='lat' dir='ltr'>illam</span> <span class='ocrx_word' id='word_1_359' title='bbox 2910 607 2973 663; x_wconf 92' lang='lat' dir='ltr'>in</span> <span class='ocrx_word' id='word_1_360' title='bbox 3002 622 3157 679; x_wconf 84' lang='lat' dir='ltr'>prae-</span> 
     </span>
     <span class='ocr_line' id='line_1_61' title="bbox 1792 678 3155 761; baseline 0.004 -25"><span class='ocrx_word' id='word_1_361' title='bbox 1792 678 1942 738; x_wconf 90' lang='lat' dir='ltr'>dicto</span> <span class='ocrx_word' id='word_1_362' title='bbox 2001 684 2241 741; x_wconf 90' lang='lat' dir='ltr'>instanti</span> <span class='ocrx_word' id='word_1_363' title='bbox 2297 693 2780 761; x_wconf 87' lang='lat' dir='ltr'>consequerentur</span> <span class='ocrx_word' id='word_1_364' title='bbox 2823 711 2837 755; x_wconf 91' lang='lat'>;</span> <span class='ocrx_word' id='word_1_365' title='bbox 2888 687 2969 743; x_wconf 91' lang='lat' dir='ltr'>ita</span> <span class='ocrx_word' id='word_1_366' title='bbox 3034 702 3155 743; x_wconf 89' lang='lat' dir='ltr'>non</span> 
     </span>
     <span class='ocr_line' id='line_1_62' title="bbox 1794 764 3150 843; baseline 0.005 -26"><span class='ocrx_word' id='word_1_367' title='bbox 1794 767 1979 833; x_wconf 88' lang='lat' dir='ltr'>posset</span> <span class='ocrx_word' id='word_1_368' title='bbox 2001 764 2251 822; x_wconf 89' lang='lat' dir='ltr'>liberare</span> <span class='ocrx_word' id='word_1_369' title='bbox 2269 783 2300 823; x_wconf 91' lang='lat' dir='ltr'>a</span> <span class='ocrx_word' id='word_1_370' title='bbox 2323 774 2543 840; x_wconf 88' lang='lat' dir='ltr'>peccato</span> <span class='ocrx_word' id='word_1_371' title='bbox 2572 769 2843 843; x_wconf 87' lang='lat' dir='ltr'>originali</span> <span class='ocrx_word' id='word_1_372' title='bbox 2862 767 2974 823; x_wconf 87' lang='lat' dir='ltr'>nisi</span> <span class='ocrx_word' id='word_1_373' title='bbox 2998 768 3150 833; x_wconf 83' lang='lat' dir='ltr'>illos,</span> 
     </span>
     <span class='ocr_line' id='line_1_63' title="bbox 1790 841 3149 914; baseline 0.006 -17"><span class='ocrx_word' id='word_1_374' title='bbox 1790 841 1890 914; x_wconf 91' lang='lat' dir='ltr'>qui</span> <span class='ocrx_word' id='word_1_375' title='bbox 1917 843 1980 898; x_wconf 91' lang='lat' dir='ltr'>in</span> <span class='ocrx_word' id='word_1_376' title='bbox 2004 844 2206 901; x_wconf 88' lang='lat' dir='ltr'>eodem</span> <span class='ocrx_word' id='word_1_377' title='bbox 2236 846 2479 904; x_wconf 90' lang='lat' dir='ltr'>instanti</span> <span class='ocrx_word' id='word_1_378' title='bbox 2509 847 2578 904; x_wconf 89' lang='lat' dir='ltr'>ab</span> <span class='ocrx_word' id='word_1_379' title='bbox 2607 865 2674 906; x_wconf 92' lang='lat' dir='ltr'>eo</span> <span class='ocrx_word' id='word_1_380' title='bbox 2703 847 3149 905; x_wconf 88' lang='lat' dir='ltr'>mundarentur.</span> 
     </span>
     <span class='ocr_line' id='line_1_64' title="bbox 1794 922 3150 1001; baseline 0.004 -24"><span class='ocrx_word' id='word_1_381' title='bbox 1794 922 2068 986; x_wconf 90' lang='lat' dir='ltr'>Quocirca</span> <span class='ocrx_word' id='word_1_382' title='bbox 2126 928 2416 998; x_wconf 84' lang='lat' dir='ltr'>supposita</span> <span class='ocrx_word' id='word_1_383' title='bbox 2482 930 2869 985; x_wconf 90' lang='lat' dir='ltr'>contractione</span> <span class='ocrx_word' id='word_1_384' title='bbox 2940 927 3150 1001; x_wconf 89' lang='lat' dir='ltr'>peccati</span> 
     </span>
     <span class='ocr_line' id='line_1_65' title="bbox 1795 1001 3152 1080; baseline 0.004 -23"><span class='ocrx_word' id='word_1_385' title='bbox 1795 1001 2129 1076; x_wconf 76' lang='lat' dir='ltr'>originaliS‚</span> <span class='ocrx_word' id='word_1_386' title='bbox 2165 1022 2282 1064; x_wconf 92' lang='lat' dir='ltr'>non</span> <span class='ocrx_word' id='word_1_387' title='bbox 2328 1013 2513 1080; x_wconf 88' lang='lat' dir='ltr'>posset</span> <span class='ocrx_word' id='word_1_388' title='bbox 2539 1008 2685 1064; x_wconf 94' lang='lat' dir='ltr'>illud</span> <span class='ocrx_word' id='word_1_389' title='bbox 2730 1008 3022 1065; x_wconf 90' lang='lat' dir='ltr'>destruere</span> <span class='ocrx_word' id='word_1_390' title='bbox 3050 1023 3152 1080; x_wconf 88' lang='lat' dir='ltr'>per</span> 
     </span>
    </p>
   </div>
   <div class='ocr_carea' id='block_1_8' title="bbox 1735 1086 3155 1146">
    <p class='ocr_par' dir='ltr' id='par_1_8' title="bbox 1735 1086 3155 1146">
     <span class='ocr_line' id='line_1_66' title="bbox 1735 1086 3155 1146; baseline 0.005 -10"><span class='ocrx_word' id='word_1_391' title='bbox 1735 1111 1740 1115; x_wconf 81' lang='lat'><em>-</em></span> <span class='ocrx_word' id='word_1_392' title='bbox 1790 1099 1958 1139; x_wconf 89' lang='lat' dir='ltr'>suam</span> <span class='ocrx_word' id='word_1_393' title='bbox 2010 1088 2493 1144; x_wconf 87' lang='lat' dir='ltr'>retractationem.</span> <span class='ocrx_word' id='word_1_394' title='bbox 2556 1087 2663 1143; x_wconf 91' lang='lat' dir='ltr'>Ubi</span> <span class='ocrx_word' id='word_1_395' title='bbox 2718 1090 2878 1146; x_wconf 91' lang='lat' dir='ltr'>enim</span> <span class='ocrx_word' id='word_1_396' title='bbox 2926 1086 3155 1145; x_wconf 91' lang='lat' dir='ltr'>descen-</span> 
     </span>
    </p>
   </div>
   <div class='ocr_carea' id='block_1_9' title="bbox 1782 1163 3211 2536">
    <p class='ocr_par' dir='ltr' id='par_1_9' title="bbox 1782 1163 3211 2536">
     <span class='ocr_line' id='line_1_67' title="bbox 1789 1163 3154 1242; baseline 0.004 -23"><span class='ocrx_word' id='word_1_397' title='bbox 1789 1163 1989 1222; x_wconf 88' lang='lat' dir='ltr'>dentes</span> <span class='ocrx_word' id='word_1_398' title='bbox 2026 1166 2097 1223; x_wconf 90' lang='lat' dir='ltr'>ab</span> <span class='ocrx_word' id='word_1_399' title='bbox 2166 1168 2391 1226; x_wconf 91' lang='lat' dir='ltr'>Adamo</span> <span class='ocrx_word' id='word_1_400' title='bbox 2447 1174 2572 1242; x_wconf 90' lang='lat' dir='ltr'>post</span> <span class='ocrx_word' id='word_1_401' title='bbox 2619 1169 2763 1226; x_wconf 90' lang='lat' dir='ltr'>illud</span> <span class='ocrx_word' id='word_1_402' title='bbox 2811 1170 3035 1225; x_wconf 88' lang='lat' dir='ltr'>instans</span> <span class='ocrx_word' id='word_1_403' title='bbox 3088 1170 3154 1225; x_wconf 91' lang='lat' dir='ltr'>in</span> 
     </span>
     <span class='ocr_line' id='line_1_68' title="bbox 1788 1247 3150 1322; baseline 0.004 -20"><span class='ocrx_word' id='word_1_404' title='bbox 1788 1247 2110 1322; x_wconf 89' lang='lat' dir='ltr'>semetipsis</span> <span class='ocrx_word' id='word_1_405' title='bbox 2129 1249 2455 1308; x_wconf 86' lang='lat' dir='ltr'>formaliter</span> <span class='ocrx_word' id='word_1_406' title='bbox 2476 1258 2638 1308; x_wconf 88' lang='lat' dir='ltr'>extra</span> <span class='ocrx_word' id='word_1_407' title='bbox 2660 1268 2856 1308; x_wconf 88' lang='lat' dir='ltr'>causas</span> <span class='ocrx_word' id='word_1_408' title='bbox 2876 1252 3150 1319; x_wconf 90' lang='lat' dir='ltr'>existunt,</span> 
     </span>
     <span class='ocr_line' id='line_1_69' title="bbox 1782 1328 3146 1406; baseline 0.004 -22"><span class='ocrx_word' id='word_1_409' title='bbox 1782 1328 1905 1401; x_wconf 88' lang='lat' dir='ltr'>jam</span> <span class='ocrx_word' id='word_1_410' title='bbox 1935 1346 2055 1387; x_wconf 92' lang='lat' dir='ltr'>non</span> <span class='ocrx_word' id='word_1_411' title='bbox 2082 1339 2390 1389; x_wconf 89' lang='lat' dir='ltr'>censentur</span> <span class='ocrx_word' id='word_1_412' title='bbox 2425 1335 2728 1391; x_wconf 88' lang='lat' dir='ltr'>moraliter</span> <span class='ocrx_word' id='word_1_413' title='bbox 2777 1334 3146 1406; x_wconf 82' lang='lat' dir='ltr'>praecontenti</span> 
     </span>
     <span class='ocr_line' id='line_1_70' title="bbox 1788 1410 3150 1489; baseline 0.004 -23"><span class='ocrx_word' id='word_1_414' title='bbox 1788 1410 1852 1466; x_wconf 92' lang='lat' dir='ltr'>in</span> <span class='ocrx_word' id='word_1_415' title='bbox 1879 1412 2076 1485; x_wconf 87' lang='lat' dir='ltr'>capite,</span> <span class='ocrx_word' id='word_1_416' title='bbox 2127 1415 2219 1470; x_wconf 81' lang='lat' dir='ltr'>vel</span> <span class='ocrx_word' id='word_1_417' title='bbox 2274 1416 2338 1471; x_wconf 93' lang='lat' dir='ltr'>in</span> <span class='ocrx_word' id='word_1_418' title='bbox 2381 1415 2588 1473; x_wconf 90' lang='lat' dir='ltr'>ordine</span> <span class='ocrx_word' id='word_1_419' title='bbox 2619 1415 2691 1472; x_wconf 90' lang='lat' dir='ltr'>ad</span> <span class='ocrx_word' id='word_1_420' title='bbox 2713 1416 3015 1489; x_wconf 88' lang='lat' dir='ltr'>justitiam,</span> <span class='ocrx_word' id='word_1_421' title='bbox 3060 1416 3150 1472; x_wconf 81' lang='lat' dir='ltr'>vel</span> 
     </span>
     <span class='ocr_line' id='line_1_71' title="bbox 1788 1493 3152 1570; baseline 0.005 -22"><span class='ocrx_word' id='word_1_422' title='bbox 1788 1493 1852 1549; x_wconf 92' lang='lat' dir='ltr'>in</span> <span class='ocrx_word' id='word_1_423' title='bbox 1879 1493 2084 1552; x_wconf 91' lang='lat' dir='ltr'>ordine</span> <span class='ocrx_word' id='word_1_424' title='bbox 2125 1496 2197 1552; x_wconf 90' lang='lat' dir='ltr'>ad</span> <span class='ocrx_word' id='word_1_425' title='bbox 2237 1498 2466 1570; x_wconf 91' lang='lat' dir='ltr'>culpam</span> <span class='ocrx_word' id='word_1_426' title='bbox 2501 1518 2514 1560; x_wconf 86' lang='lat'>;</span> <span class='ocrx_word' id='word_1_427' title='bbox 2544 1498 2643 1555; x_wconf 91' lang='lat' dir='ltr'>sed</span> <span class='ocrx_word' id='word_1_428' title='bbox 2686 1505 2870 1556; x_wconf 91' lang='lat' dir='ltr'>totum</span> <span class='ocrx_word' id='word_1_429' title='bbox 2913 1499 3018 1556; x_wconf 90' lang='lat' dir='ltr'>hoc</span> <span class='ocrx_word' id='word_1_430' title='bbox 3044 1514 3152 1555; x_wconf 92' lang='lat' dir='ltr'>ne-</span> 
     </span>
     <span class='ocr_line' id='line_1_72' title="bbox 1786 1574 3145 1653; baseline 0.004 -24"><span class='ocrx_word' id='word_1_431' title='bbox 1786 1574 2006 1647; x_wconf 87' lang='lat' dir='ltr'>gotium</span> <span class='ocrx_word' id='word_1_432' title='bbox 2030 1592 2159 1632; x_wconf 89' lang='lat' dir='ltr'>cum</span> <span class='ocrx_word' id='word_1_433' title='bbox 2208 1577 2330 1633; x_wconf 89' lang='lat' dir='ltr'>illis</span> <span class='ocrx_word' id='word_1_434' title='bbox 2388 1578 2722 1637; x_wconf 88' lang='lat' dir='ltr'>immediate</span> <span class='ocrx_word' id='word_1_435' title='bbox 2757 1578 3145 1653; x_wconf 87' lang='lat' dir='ltr'>peragendum</span> 
     </span>
     <span class='ocr_line' id='line_1_73' title="bbox 1786 1655 3149 1734; baseline 0.007 -27"><span class='ocrx_word' id='word_1_436' title='bbox 1786 1657 1886 1708; x_wconf 87' lang='lat' dir='ltr'>est.</span> <span class='ocrx_word' id='word_1_437' title='bbox 1918 1657 2104 1718; x_wconf 88' lang='lat' dir='ltr'>Quare</span> <span class='ocrx_word' id='word_1_438' title='bbox 2129 1655 2273 1712; x_wconf 90' lang='lat' dir='ltr'>sicut</span> <span class='ocrx_word' id='word_1_439' title='bbox 2304 1666 2601 1732; x_wconf 89' lang='lat' dir='ltr'>repugnat,</span> <span class='ocrx_word' id='word_1_440' title='bbox 2633 1660 2784 1733; x_wconf 91' lang='lat' dir='ltr'>quod</span> <span class='ocrx_word' id='word_1_441' title='bbox 2829 1661 2927 1734; x_wconf 87' lang='lat' dir='ltr'>qui</span> <span class='ocrx_word' id='word_1_442' title='bbox 2968 1660 3149 1717; x_wconf 88' lang='lat' dir='ltr'>semel</span> 
     </span>
     <span class='ocr_line' id='line_1_74' title="bbox 1787 1731 3144 1813; baseline 0.005 -23"><span class='ocrx_word' id='word_1_443' title='bbox 1787 1731 1997 1806; x_wconf 81' lang='lat' dir='ltr'>absque</span> <span class='ocrx_word' id='word_1_444' title='bbox 2011 1740 2231 1807; x_wconf 88' lang='lat' dir='ltr'>peccato</span> <span class='ocrx_word' id='word_1_445' title='bbox 2248 1737 2444 1795; x_wconf 76' lang='lat' dir='ltr'>fuisset</span> <span class='ocrx_word' id='word_1_446' title='bbox 2470 1746 2786 1813; x_wconf 77' lang='lat' dir='ltr'>conceptu5‚</span> <span class='ocrx_word' id='word_1_447' title='bbox 2808 1740 2952 1796; x_wconf 92' lang='lat' dir='ltr'>illud</span> <span class='ocrx_word' id='word_1_448' title='bbox 2979 1740 3144 1797; x_wconf 89' lang='lat' dir='ltr'>dein-</span> 
     </span>
     <span class='ocr_line' id='line_1_75' title="bbox 1784 1817 3150 1893; baseline 0.005 -22"><span class='ocrx_word' id='word_1_449' title='bbox 1784 1829 1914 1887; x_wconf 86' lang='lat' dir='ltr'>ceps</span> <span class='ocrx_word' id='word_1_450' title='bbox 1967 1817 2330 1874; x_wconf 88' lang='lat' dir='ltr'>contraberet</span> <span class='ocrx_word' id='word_1_451' title='bbox 2366 1819 2436 1876; x_wconf 92' lang='lat' dir='ltr'>ob</span> <span class='ocrx_word' id='word_1_452' title='bbox 2484 1825 2773 1893; x_wconf 88' lang='lat' dir='ltr'>peccatum</span> <span class='ocrx_word' id='word_1_453' title='bbox 2817 1820 2887 1889; x_wconf 87' lang='lat' dir='ltr'>ab</span> <span class='ocrx_word' id='word_1_454' title='bbox 2929 1819 3150 1878; x_wconf 87' lang='lat' dir='ltr'>Adamo</span> 
     </span>
     <span class='ocr_line' id='line_1_76' title="bbox 1785 1896 3211 1976; baseline 0.004 -24"><span class='ocrx_word' id='word_1_455' title='bbox 1785 1896 2157 1954; x_wconf 86' lang='lat' dir='ltr'>commissum</span> <span class='ocrx_word' id='word_1_456' title='bbox 2192 1920 2205 1954; x_wconf 91' lang='lat'><strong>:</strong></span> <span class='ocrx_word' id='word_1_457' title='bbox 2235 1899 2315 1956; x_wconf 91' lang='lat' dir='ltr'>ita</span> <span class='ocrx_word' id='word_1_458' title='bbox 2346 1908 2642 1976; x_wconf 80' lang='lat' dir='ltr'>repugnat,</span> <span class='ocrx_word' id='word_1_459' title='bbox 2668 1901 2817 1975; x_wconf 90' lang='lat' dir='ltr'>quod</span> <span class='ocrx_word' id='word_1_460' title='bbox 2843 1903 2941 1975; x_wconf 89' lang='lat' dir='ltr'>qui</span> <span class='ocrx_word' id='word_1_461' title='bbox 2969 1903 3151 1960; x_wconf 90' lang='lat' dir='ltr'>semel</span> <span class='ocrx_word' id='word_1_462' title='bbox 3206 1971 3211 1976; x_wconf 80' lang='lat'>.</span> 
     </span>
     <span class='ocr_line' id='line_1_77' title="bbox 1786 1976 3148 2053; baseline 0.004 -21"><span class='ocrx_word' id='word_1_463' title='bbox 1786 1976 1851 2032; x_wconf 92' lang='lat' dir='ltr'>in</span> <span class='ocrx_word' id='word_1_464' title='bbox 1890 1979 2254 2050; x_wconf 90' lang='lat' dir='ltr'>conceptione</span> <span class='ocrx_word' id='word_1_465' title='bbox 2301 1987 2590 2053; x_wconf 88' lang='lat' dir='ltr'>peccatum</span> <span class='ocrx_word' id='word_1_466' title='bbox 2635 1983 3030 2048; x_wconf 84' lang='lat' dir='ltr'>contraxisset,</span> <span class='ocrx_word' id='word_1_467' title='bbox 3076 1981 3148 2039; x_wconf 89' lang='lat' dir='ltr'>ab</span> 
     </span>
     <span class='ocr_line' id='line_1_78' title="bbox 1784 2057 3153 2132; baseline 0.006 -20"><span class='ocrx_word' id='word_1_468' title='bbox 1784 2071 1854 2113; x_wconf 92' lang='lat' dir='ltr'>eo</span> <span class='ocrx_word' id='word_1_469' title='bbox 1879 2057 2258 2114; x_wconf 87' lang='lat' dir='ltr'>mundaretur</span> <span class='ocrx_word' id='word_1_470' title='bbox 2286 2062 2516 2132; x_wconf 71' lang='lat' dir='ltr'>praecise</span> <span class='ocrx_word' id='word_1_471' title='bbox 2555 2061 2626 2118; x_wconf 93' lang='lat' dir='ltr'>ob</span> <span class='ocrx_word' id='word_1_472' title='bbox 2666 2063 2849 2118; x_wconf 88' lang='lat' dir='ltr'>solam</span> <span class='ocrx_word' id='word_1_473' title='bbox 2876 2067 3153 2119; x_wconf 86' lang='lat' dir='ltr'>retracta-</span> 
     </span>
     <span class='ocr_line' id='line_1_79' title="bbox 1785 2137 3152 2215; baseline 0.006 -23"><span class='ocrx_word' id='word_1_474' title='bbox 1785 2137 2003 2193; x_wconf 90' lang='lat' dir='ltr'>tionem</span> <span class='ocrx_word' id='word_1_475' title='bbox 2031 2137 2259 2196; x_wconf 74' lang='lat' dir='ltr'>Adami.</span> <span class='ocrx_word' id='word_1_476' title='bbox 2294 2142 2499 2197; x_wconf 87' lang='lat' dir='ltr'>Existit</span> <span class='ocrx_word' id='word_1_477' title='bbox 2525 2142 2736 2215; x_wconf 89' lang='lat' dir='ltr'>quippe</span> <span class='ocrx_word' id='word_1_478' title='bbox 2765 2143 2827 2198; x_wconf 90' lang='lat' dir='ltr'>in</span> <span class='ocrx_word' id='word_1_479' title='bbox 2855 2143 3059 2214; x_wconf 88' lang='lat' dir='ltr'>seipso,</span> <span class='ocrx_word' id='word_1_480' title='bbox 3093 2147 3152 2200; x_wconf 87' lang='lat' dir='ltr'>et</span> 
     </span>
     <span class='ocr_line' id='line_1_80' title="bbox 1785 2217 3147 2297; baseline 0.006 -24"><span class='ocrx_word' id='word_1_481' title='bbox 1785 2217 2053 2291; x_wconf 88' lang='lat' dir='ltr'>deinceps</span> <span class='ocrx_word' id='word_1_482' title='bbox 2092 2220 2163 2276; x_wconf 90' lang='lat' dir='ltr'>ab</span> <span class='ocrx_word' id='word_1_483' title='bbox 2194 2221 2417 2278; x_wconf 87' lang='lat' dir='ltr'>influxu</span> <span class='ocrx_word' id='word_1_484' title='bbox 2457 2225 2658 2297; x_wconf 87' lang='lat' dir='ltr'>capitis</span> <span class='ocrx_word' id='word_1_485' title='bbox 2682 2242 2797 2281; x_wconf 92' lang='lat' dir='ltr'>non</span> <span class='ocrx_word' id='word_1_486' title='bbox 2820 2225 3100 2297; x_wconf 88' lang='lat' dir='ltr'>dependet</span> <span class='ocrx_word' id='word_1_487' title='bbox 3132 2248 3147 2290; x_wconf 87' lang='lat'>;</span> 
     </span>
     <span class='ocr_line' id='line_1_81' title="bbox 1784 2303 3144 2377; baseline 0.004 -23"><span class='ocrx_word' id='word_1_488' title='bbox 1784 2303 1841 2354; x_wconf 89' lang='lat' dir='ltr'>et</span> <span class='ocrx_word' id='word_1_489' title='bbox 1887 2308 2296 2373; x_wconf 89' lang='lat' dir='ltr'>consequenter</span> <span class='ocrx_word' id='word_1_490' title='bbox 2351 2303 2500 2359; x_wconf 91' lang='lat' dir='ltr'>nihil</span> <span class='ocrx_word' id='word_1_491' title='bbox 2556 2305 2878 2362; x_wconf 87' lang='lat' dir='ltr'>retractatio</span> <span class='ocrx_word' id='word_1_492' title='bbox 2943 2304 3144 2377; x_wconf 86' lang='lat' dir='ltr'>capitis</span> 
     </span>
     <span class='ocr_line' id='line_1_82' title="bbox 1783 2378 3146 2462; baseline 0.007 -29"><span class='ocrx_word' id='word_1_493' title='bbox 1783 2378 2062 2443; x_wconf 91' lang='lat' dir='ltr'>conducit,</span> <span class='ocrx_word' id='word_1_494' title='bbox 2115 2387 2176 2437; x_wconf 89' lang='lat' dir='ltr'>ut</span> <span class='ocrx_word' id='word_1_495' title='bbox 2226 2389 2514 2454; x_wconf 89' lang='lat' dir='ltr'>peccatum</span> <span class='ocrx_word' id='word_1_496' title='bbox 2567 2386 2745 2441; x_wconf 89' lang='lat' dir='ltr'>semel</span> <span class='ocrx_word' id='word_1_497' title='bbox 2791 2390 3146 2462; x_wconf 87' lang='lat' dir='ltr'>contractum</span> 
     </span>
     <span class='ocr_line' id='line_1_83' title="bbox 1783 2461 3146 2536; baseline 0.004 -20"><span class='ocrx_word' id='word_1_498' title='bbox 1783 2464 1976 2516; x_wconf 87' lang='lat' dir='ltr'>exuat.</span> <span class='ocrx_word' id='word_1_499' title='bbox 2009 2463 2116 2517; x_wconf 87' lang='lat' dir='ltr'>Per</span> <span class='ocrx_word' id='word_1_500' title='bbox 2136 2461 2283 2535; x_wconf 92' lang='lat' dir='ltr'>quod</span> <span class='ocrx_word' id='word_1_501' title='bbox 2308 2469 2456 2535; x_wconf 88' lang='lat' dir='ltr'>patet</span> <span class='ocrx_word' id='word_1_502' title='bbox 2477 2463 2548 2519; x_wconf 90' lang='lat' dir='ltr'>ad</span> <span class='ocrx_word' id='word_1_503' title='bbox 2574 2465 2904 2536; x_wconf 86' lang='lat' dir='ltr'>exemplum</span> <span class='ocrx_word' id='word_1_504' title='bbox 2929 2465 2991 2521; x_wconf 90' lang='lat' dir='ltr'>in</span> <span class='ocrx_word' id='word_1_505' title='bbox 3014 2480 3146 2522; x_wconf 90' lang='lat' dir='ltr'>con·</span> 
     </span>
    </p>
   </div>
   <div class='ocr_carea' id='block_1_10' title="bbox 1784 2540 3246 2624">
    <p class='ocr_par' dir='ltr' id='par_1_10' title="bbox 1784 2540 3246 2624">
     <span class='ocr_line' id='line_1_84' title="bbox 1784 2540 3246 2624; baseline 0.007 -29"><span class='ocrx_word' id='word_1_506' title='bbox 1784 2540 2032 2596; x_wconf 90' lang='lat' dir='ltr'>trarium</span> <span class='ocrx_word' id='word_1_507' title='bbox 2061 2542 2363 2599; x_wconf 88' lang='lat' dir='ltr'>adductum</span> <span class='ocrx_word' id='word_1_508' title='bbox 2396 2567 2411 2610; x_wconf 70' lang='grc' dir='ltr'><strong><em>ς</em></strong></span> <span class='ocrx_word' id='word_1_509' title='bbox 2442 2553 2578 2600; x_wconf 88' lang='lat' dir='ltr'>nam</span> <span class='ocrx_word' id='word_1_510' title='bbox 2605 2545 2700 2617; x_wconf 91' lang='lat' dir='ltr'>qui</span> <span class='ocrx_word' id='word_1_511' title='bbox 2734 2550 2999 2602; x_wconf 88' lang='lat' dir='ltr'>retractat</span> <span class='ocrx_word' id='word_1_512' title='bbox 3022 2563 3145 2620; x_wconf 90' lang='lat' dir='ltr'>pec·</span> <span class='ocrx_word' id='word_1_513' title='bbox 3236 2603 3246 2624; x_wconf 60' lang='grc'><strong>,</strong></span> 
     </span>
    </p>
   </div>
   <div class='ocr_carea' id='block_1_11' title="bbox 1783 2624 3201 3999">
    <p class='ocr_par' dir='ltr' id='par_1_11' title="bbox 1783 2624 3201 3999">
     <span class='ocr_line' id='line_1_85' title="bbox 1784 2624 3150 2694; baseline 0.004 -17"><span class='ocrx_word' id='word_1_514' title='bbox 1784 2626 1972 2677; x_wconf 89' lang='lat' dir='ltr'>catum</span> <span class='ocrx_word' id='word_1_515' title='bbox 2002 2624 2318 2694; x_wconf 90' lang='lat' dir='ltr'>personale,</span> <span class='ocrx_word' id='word_1_516' title='bbox 2346 2624 2556 2693; x_wconf 87' lang='lat' dir='ltr'>influit,</span> <span class='ocrx_word' id='word_1_517' title='bbox 2583 2632 2639 2681; x_wconf 91' lang='lat' dir='ltr'>et</span> <span class='ocrx_word' id='word_1_518' title='bbox 2667 2626 2935 2682; x_wconf 89' lang='lat' dir='ltr'>immutat</span> <span class='ocrx_word' id='word_1_519' title='bbox 2964 2627 3150 2683; x_wconf 89' lang='lat' dir='ltr'>reali-</span> 
     </span>
     <span class='ocr_line' id='line_1_86' title="bbox 1784 2704 3146 2781; baseline 0.005 -23"><span class='ocrx_word' id='word_1_520' title='bbox 1784 2707 1870 2759; x_wconf 89' lang='lat' dir='ltr'>ter</span> <span class='ocrx_word' id='word_1_521' title='bbox 1914 2704 2304 2777; x_wconf 89' lang='lat' dir='ltr'>semetipsum,</span> <span class='ocrx_word' id='word_1_522' title='bbox 2349 2723 2382 2763; x_wconf 91' lang='lat' dir='ltr'>a</span> <span class='ocrx_word' id='word_1_523' title='bbox 2426 2724 2536 2781; x_wconf 90' lang='lat' dir='ltr'>quo</span> <span class='ocrx_word' id='word_1_524' title='bbox 2578 2709 2764 2765; x_wconf 77' lang='lat' dir='ltr'>fuerat</span> <span class='ocrx_word' id='word_1_525' title='bbox 2812 2713 3146 2780; x_wconf 83' lang='lat' dir='ltr'>peccatum:</span> 
     </span>
     <span class='ocr_line' id='line_1_87' title="bbox 1785 2783 3143 2862; baseline 0.004 -24"><span class='ocrx_word' id='word_1_526' title='bbox 1785 2783 2037 2840; x_wconf 88' lang='lat' dir='ltr'>Adamus</span> <span class='ocrx_word' id='word_1_527' title='bbox 2088 2791 2279 2842; x_wconf 90' lang='lat' dir='ltr'>autem</span> <span class='ocrx_word' id='word_1_528' title='bbox 2329 2792 2553 2844; x_wconf 87' lang='lat' dir='ltr'>exercet</span> <span class='ocrx_word' id='word_1_529' title='bbox 2622 2788 2870 2845; x_wconf 83' lang='lat' dir='ltr'>officium</span> <span class='ocrx_word' id='word_1_530' title='bbox 2935 2789 3143 2862; x_wconf 89' lang='lat' dir='ltr'>capitis</span> 
     </span>
     <span class='ocr_line' id='line_1_88' title="bbox 1784 2866 3140 2942; baseline 0.004 -19"><span class='ocrx_word' id='word_1_531' title='bbox 1784 2866 1975 2925; x_wconf 90' lang='lat' dir='ltr'>media</span> <span class='ocrx_word' id='word_1_532' title='bbox 1993 2869 2381 2941; x_wconf 88' lang='lat' dir='ltr'>generatione,</span> <span class='ocrx_word' id='word_1_533' title='bbox 2409 2886 2475 2927; x_wconf 86' lang='lat' dir='ltr'>ea</span> <span class='ocrx_word' id='word_1_534' title='bbox 2502 2886 2637 2927; x_wconf 88' lang='lat' dir='ltr'>vcro</span> <span class='ocrx_word' id='word_1_535' title='bbox 2667 2875 2978 2942; x_wconf 88' lang='lat' dir='ltr'>peracta,et</span> <span class='ocrx_word' id='word_1_536' title='bbox 3003 2888 3140 2929; x_wconf 88' lang='lat' dir='ltr'>con-</span> 
     </span>
     <span class='ocr_line' id='line_1_89' title="bbox 1783 2949 3144 3023; baseline 0.003 -17"><span class='ocrx_word' id='word_1_537' title='bbox 1783 2953 1942 3022; x_wconf 84' lang='lat' dir='ltr'>cepto</span> <span class='ocrx_word' id='word_1_538' title='bbox 1970 2949 2125 3015; x_wconf 72' lang='lat' dir='ltr'>stetu,</span> <span class='ocrx_word' id='word_1_539' title='bbox 2172 2966 2205 3006; x_wconf 90' lang='lat' dir='ltr'>a</span> <span class='ocrx_word' id='word_1_540' title='bbox 2252 2951 2520 3023; x_wconf 69' lang='lat' dir='ltr'>praedicto</span> <span class='ocrx_word' id='word_1_541' title='bbox 2565 2951 2746 3009; x_wconf 88' lang='lat' dir='ltr'>officio</span> <span class='ocrx_word' id='word_1_542' title='bbox 2787 2951 3028 3021; x_wconf 86' lang='lat' dir='ltr'>desistit,</span> <span class='ocrx_word' id='word_1_543' title='bbox 3086 2957 3144 3010; x_wconf 90' lang='lat' dir='ltr'>et</span> 
     </span>
     <span class='ocr_line' id='line_1_90' title="bbox 1785 3029 3145 3106; baseline 0.004 -19"><span class='ocrx_word' id='word_1_544' title='bbox 1785 3030 2025 3103; x_wconf 89' lang='lat' dir='ltr'>perinde</span> <span class='ocrx_word' id='word_1_545' title='bbox 2050 3046 2111 3087; x_wconf 91' lang='lat' dir='ltr'>se</span> <span class='ocrx_word' id='word_1_546' title='bbox 2133 3029 2319 3099; x_wconf 88' lang='lat' dir='ltr'>habet,</span> <span class='ocrx_word' id='word_1_547' title='bbox 2354 3048 2415 3088; x_wconf 90' lang='lat' dir='ltr'>ac</span> <span class='ocrx_word' id='word_1_548' title='bbox 2441 3032 2490 3088; x_wconf 91' lang='lat' dir='ltr'>si</span> <span class='ocrx_word' id='word_1_549' title='bbox 2519 3038 2686 3106; x_wconf 88' lang='lat' dir='ltr'>caput</span> <span class='ocrx_word' id='word_1_550' title='bbox 2715 3048 2828 3088; x_wconf 91' lang='lat' dir='ltr'>non</span> <span class='ocrx_word' id='word_1_551' title='bbox 2852 3039 3016 3099; x_wconf 88' lang='lat' dir='ltr'>esset,</span> <span class='ocrx_word' id='word_1_552' title='bbox 3046 3035 3145 3092; x_wconf 89' lang='lat' dir='ltr'>vel</span> 
     </span>
     <span class='ocr_line' id='line_1_91' title="bbox 1785 3110 3144 3185; baseline 0.004 -18"><span class='ocrx_word' id='word_1_553' title='bbox 1785 3127 1903 3168; x_wconf 92' lang='lat' dir='ltr'>non</span> <span class='ocrx_word' id='word_1_554' title='bbox 1924 3110 2140 3169; x_wconf 82' lang='lat' dir='ltr'>fuisset.</span> <span class='ocrx_word' id='word_1_555' title='bbox 2167 3111 2552 3176; x_wconf 83' lang='lat' dir='ltr'>Quamobrem</span> <span class='ocrx_word' id='word_1_556' title='bbox 2569 3113 2689 3185; x_wconf 88' lang='lat' dir='ltr'>ejus</span> <span class='ocrx_word' id='word_1_557' title='bbox 2706 3113 2960 3170; x_wconf 83' lang='lat' dir='ltr'>influxus</span> <span class='ocrx_word' id='word_1_558' title='bbox 2990 3114 3144 3172; x_wconf 92' lang='lat' dir='ltr'>nihil</span> 
     </span>
     <span class='ocr_line' id='line_1_92' title="bbox 1786 3191 3145 3266; baseline 0.003 -19"><span class='ocrx_word' id='word_1_559' title='bbox 1786 3196 1909 3264; x_wconf 88' lang='lat' dir='ltr'>post</span> <span class='ocrx_word' id='word_1_560' title='bbox 1937 3191 2157 3250; x_wconf 88' lang='lat' dir='ltr'>instans</span> <span class='ocrx_word' id='word_1_561' title='bbox 2181 3193 2569 3266; x_wconf 85' lang='lat' dir='ltr'>generationis</span> <span class='ocrx_word' id='word_1_562' title='bbox 2591 3199 2860 3266; x_wconf 89' lang='lat' dir='ltr'>operatur</span> <span class='ocrx_word' id='word_1_563' title='bbox 2881 3221 2893 3262; x_wconf 87' lang='lat'>;</span> <span class='ocrx_word' id='word_1_564' title='bbox 2921 3199 2978 3250; x_wconf 87' lang='lat' dir='ltr'>et</span> <span class='ocrx_word' id='word_1_565' title='bbox 3003 3211 3145 3251; x_wconf 91' lang='lat' dir='ltr'>con-</span> 
     </span>
     <span class='ocr_line' id='line_1_93' title="bbox 1783 3275 3149 3349; baseline 0.004 -21"><span class='ocrx_word' id='word_1_566' title='bbox 1783 3281 2085 3346; x_wconf 88' lang='lat' dir='ltr'>sequenter</span> <span class='ocrx_word' id='word_1_567' title='bbox 2104 3291 2207 3330; x_wconf 91' lang='lat' dir='ltr'>sua</span> <span class='ocrx_word' id='word_1_568' title='bbox 2240 3275 2782 3349; x_wconf 50' lang='lat' dir='ltr'>retractationegnon</span> <span class='ocrx_word' id='word_1_569' title='bbox 2812 3281 2993 3348; x_wconf 89' lang='lat' dir='ltr'>posset</span> <span class='ocrx_word' id='word_1_570' title='bbox 3023 3292 3149 3348; x_wconf 89' lang='lat' dir='ltr'>pec·</span> 
     </span>
     <span class='ocr_line' id='line_1_94' title="bbox 1784 3355 3150 3416; baseline 0.001 -3"><span class='ocrx_word' id='word_1_571' title='bbox 1784 3361 1974 3413; x_wconf 89' lang='lat' dir='ltr'>catum</span> <span class='ocrx_word' id='word_1_572' title='bbox 1994 3357 2171 3412; x_wconf 87' lang='lat' dir='ltr'>semel</span> <span class='ocrx_word' id='word_1_573' title='bbox 2194 3362 2547 3413; x_wconf 89' lang='lat' dir='ltr'>contractum</span> <span class='ocrx_word' id='word_1_574' title='bbox 2589 3355 2900 3413; x_wconf 89' lang='lat' dir='ltr'>destruere.</span> <span class='ocrx_word' id='word_1_575' title='bbox 2953 3359 3150 3416; x_wconf 87' lang='lat' dir='ltr'>Posset</span> 
     </span>
     <span class='ocr_line' id='line_1_95' title="bbox 1785 3437 3147 3510; baseline 0 -16"><span class='ocrx_word' id='word_1_576' title='bbox 1785 3443 1975 3494; x_wconf 89' lang='lat' dir='ltr'>autem</span> <span class='ocrx_word' id='word_1_577' title='bbox 2021 3453 2088 3493; x_wconf 90' lang='lat' dir='ltr'>ea</span> <span class='ocrx_word' id='word_1_578' title='bbox 2116 3437 2459 3503; x_wconf 86' lang='lat' dir='ltr'>retractatio,</span> <span class='ocrx_word' id='word_1_579' title='bbox 2516 3437 2812 3493; x_wconf 87' lang='lat' dir='ltr'>accedente</span> <span class='ocrx_word' id='word_1_580' title='bbox 2863 3443 3041 3510; x_wconf 89' lang='lat' dir='ltr'>pact0,</span> <span class='ocrx_word' id='word_1_581' title='bbox 3074 3437 3147 3496; x_wconf 90' lang='lat' dir='ltr'>ad</span> 
     </span>
     <span class='ocr_line' id='line_1_96' title="bbox 1784 3516 3143 3590; baseline 0.001 -16"><span class='ocrx_word' id='word_1_582' title='bbox 1784 3517 1891 3574; x_wconf 91' lang='lat' dir='ltr'>hoc</span> <span class='ocrx_word' id='word_1_583' title='bbox 1915 3516 2198 3590; x_wconf 89' lang='lat' dir='ltr'>prodesse,</span> <span class='ocrx_word' id='word_1_584' title='bbox 2245 3524 2307 3572; x_wconf 93' lang='lat' dir='ltr'>ut</span> <span class='ocrx_word' id='word_1_585' title='bbox 2328 3521 2472 3573; x_wconf 88' lang='lat' dir='ltr'>Deus</span> <span class='ocrx_word' id='word_1_586' title='bbox 2498 3517 2618 3590; x_wconf 85' lang='lat' dir='ltr'>ejus</span> <span class='ocrx_word' id='word_1_587' title='bbox 2645 3518 2881 3585; x_wconf 87' lang='lat' dir='ltr'>intuitu,</span> <span class='ocrx_word' id='word_1_588' title='bbox 2912 3519 3061 3575; x_wconf 86' lang='lat' dir='ltr'>sicut</span> <span class='ocrx_word' id='word_1_589' title='bbox 3087 3525 3143 3576; x_wconf 90' lang='lat' dir='ltr'>et</span> 
     </span>
     <span class='ocr_line' id='line_1_97' title="bbox 1784 3597 3201 3672; baseline -0.004 -16"><span class='ocrx_word' id='word_1_590' title='bbox 1784 3597 1858 3656; x_wconf 91' lang='lat' dir='ltr'>ob</span> <span class='ocrx_word' id='word_1_591' title='bbox 1887 3615 2077 3671; x_wconf 88' lang='lat' dir='ltr'>preces</span> <span class='ocrx_word' id='word_1_592' title='bbox 2122 3598 2359 3654; x_wconf 88' lang='lat' dir='ltr'>alterius</span> <span class='ocrx_word' id='word_1_593' title='bbox 2379 3600 2537 3672; x_wconf 88' lang='lat' dir='ltr'>justi,</span> <span class='ocrx_word' id='word_1_594' title='bbox 2584 3597 2860 3655; x_wconf 91' lang='lat' dir='ltr'>liberaret</span> <span class='ocrx_word' id='word_1_595' title='bbox 2880 3598 3145 3658; x_wconf 90' lang='lat' dir='ltr'>homines</span> <span class='ocrx_word' id='word_1_596' title='bbox 3198 3650 3201 3651; x_wconf 9' lang='lat' dir='ltr'>a</span> 
     </span>
     <span class='ocr_line' id='line_1_98' title="bbox 1785 3679 3141 3753; baseline 0 -16"><span class='ocrx_word' id='word_1_597' title='bbox 1785 3697 1819 3737; x_wconf 89' lang='lat' dir='ltr'>a</span> <span class='ocrx_word' id='word_1_598' title='bbox 1864 3685 2103 3753; x_wconf 87' lang='lat' dir='ltr'>peccato,</span> <span class='ocrx_word' id='word_1_599' title='bbox 2157 3679 2502 3735; x_wconf 88' lang='lat' dir='ltr'>conferendo</span> <span class='ocrx_word' id='word_1_600' title='bbox 2542 3680 2811 3753; x_wconf 85' lang='lat' dir='ltr'>gratiam,</span> <span class='ocrx_word' id='word_1_601' title='bbox 2840 3696 2941 3752; x_wconf 89' lang='lat' dir='ltr'>per</span> <span class='ocrx_word' id='word_1_602' title='bbox 2969 3697 3141 3753; x_wconf 90' lang='lat' dir='ltr'>quam</span> 
     </span>
     <span class='ocr_line' id='line_1_99' title="bbox 1786 3758 3142 3833; baseline 0.001 -18"><span class='ocrx_word' id='word_1_603' title='bbox 1786 3760 2096 3817; x_wconf 89' lang='lat' dir='ltr'>intrinsece</span> <span class='ocrx_word' id='word_1_604' title='bbox 2115 3763 2496 3816; x_wconf 90' lang='lat' dir='ltr'>mutarentur.</span> <span class='ocrx_word' id='word_1_605' title='bbox 2514 3758 2830 3816; x_wconf 78' lang='lat' dir='ltr'>videantur</span> <span class='ocrx_word' id='word_1_606' title='bbox 2851 3777 2975 3833; x_wconf 81' lang='lat' dir='ltr'>quae</span> <span class='ocrx_word' id='word_1_607' title='bbox 2995 3760 3142 3817; x_wconf 87' lang='lat' dir='ltr'>dixi·</span> 
     </span>
     <span class='ocr_line' id='line_1_100' title="bbox 1785 3840 3130 3913; baseline 0.002 -17"><span class='ocrx_word' id='word_1_608' title='bbox 1785 3858 1915 3896; x_wconf 90' lang='lat' dir='ltr'>mus</span> <span class='ocrx_word' id='word_1_609' title='bbox 1935 3847 2094 3897; x_wconf 80' lang='lat' dir='ltr'>tract.</span> <span class='ocrx_word' id='word_1_610' title='bbox 2142 3840 2206 3895; x_wconf 82' lang='lat' dir='ltr'>de</span> <span class='ocrx_word' id='word_1_611' title='bbox 2227 3842 2481 3913; x_wconf 63' lang='lat' dir='ltr'>peccam,</span> <span class='ocrx_word' id='word_1_612' title='bbox 2523 3843 2584 3895; x_wconf 77' lang='lat' dir='ltr'>in</span> <span class='ocrx_word' id='word_1_613' title='bbox 2610 3847 2892 3897; x_wconf 84' lang='lat' dir='ltr'>comment.</span> <span class='ocrx_word' id='word_1_614' title='bbox 2919 3841 2995 3896; x_wconf 80' lang='lat' dir='ltr'>ad</span> <span class='ocrx_word' id='word_1_615' title='bbox 3019 3848 3130 3899; x_wconf 79' lang='lat' dir='ltr'>art.</span> 
     </span>
     <span class='ocr_line' id='line_1_101' title="bbox 1784 3921 2174 3999; baseline 0.005 -23"><span class='ocrx_word' id='word_1_616' title='bbox 1784 3922 1840 3989; x_wconf 88' lang='lat'>4,</span> <span class='ocrx_word' id='word_1_617' title='bbox 1872 3928 2051 3999; x_wconf 74' lang='lat' dir='ltr'>quaest.</span> <span class='ocrx_word' id='word_1_618' title='bbox 2083 3921 2174 3978; x_wconf 84' lang='lat'>81.</span> 
     </span>
    </p>
   </div>
   <div class='ocr_carea' id='block_1_12' title="bbox 1868 4001 3361 4086">
    <p class='ocr_par' dir='ltr' id='par_1_12' title="bbox 1868 4001 3361 4086">
     <span class='ocr_line' id='line_1_102' title="bbox 1868 4001 3361 4086; baseline 0.003 -28"><span class='ocrx_word' id='word_1_619' title='bbox 1868 4004 1990 4058; x_wconf 69' lang='lat'>166.</span> <span class='ocrx_word' id='word_1_620' title='bbox 2019 4001 2126 4060; x_wconf 89' lang='lat' dir='ltr'>Sed</span> <span class='ocrx_word' id='word_1_621' title='bbox 2154 4001 2335 4059; x_wconf 90' lang='lat' dir='ltr'>adhuc</span> <span class='ocrx_word' id='word_1_622' title='bbox 2365 4001 2592 4076; x_wconf 85' lang='lat' dir='ltr'>urgebis</span> <span class='ocrx_word' id='word_1_623' title='bbox 2619 4023 2631 4057; x_wconf 74' lang='grc' dir='ltr'><strong>ε</strong></span> <span class='ocrx_word' id='word_1_624' title='bbox 2661 4004 2936 4074; x_wconf 91' lang='lat' dir='ltr'>quoniam</span> <span class='ocrx_word' id='word_1_625' title='bbox 2981 4004 3145 4060; x_wconf 90' lang='lat' dir='ltr'>nulla</span> <span class='ocrx_word' id='word_1_626' title='bbox 3171 4031 3361 4086; x_wconf 72' lang='lat' dir='ltr'>neptim.</span> 
     </span>
    </p>
   </div>
   <div class='ocr_carea' id='block_1_13' title="bbox 1783 4081 3145 5126">
    <p class='ocr_par' dir='ltr' id='par_1_13' title="bbox 1783 4081 3145 5126">
     <span class='ocr_line' id='line_1_103' title="bbox 1787 4081 3145 4156; baseline 0.001 -17"><span class='ocrx_word' id='word_1_627' title='bbox 1787 4086 2023 4156; x_wconf 89' lang='lat' dir='ltr'>apparet</span> <span class='ocrx_word' id='word_1_628' title='bbox 2048 4082 2364 4156; x_wconf 87' lang='lat' dir='ltr'>implicatio</span> <span class='ocrx_word' id='word_1_629' title='bbox 2393 4082 2455 4138; x_wconf 91' lang='lat' dir='ltr'>in</span> <span class='ocrx_word' id='word_1_630' title='bbox 2494 4099 2579 4148; x_wconf 89' lang='lat' dir='ltr'>e0,</span> <span class='ocrx_word' id='word_1_631' title='bbox 2611 4081 2760 4155; x_wconf 91' lang='lat' dir='ltr'>quod</span> <span class='ocrx_word' id='word_1_632' title='bbox 2803 4085 2949 4139; x_wconf 91' lang='lat' dir='ltr'>Deus</span> <span class='ocrx_word' id='word_1_633' title='bbox 2973 4100 3145 4140; x_wconf 90' lang='lat' dir='ltr'>cons-</span> 
     </span>
     <span class='ocr_line' id='line_1_104' title="bbox 1786 4162 3145 4239; baseline 0.001 -21"><span class='ocrx_word' id='word_1_634' title='bbox 1786 4162 1953 4219; x_wconf 89' lang='lat' dir='ltr'>tituat</span> <span class='ocrx_word' id='word_1_635' title='bbox 1968 4163 2263 4220; x_wconf 88' lang='lat' dir='ltr'>hominem</span> <span class='ocrx_word' id='word_1_636' title='bbox 2286 4168 2454 4236; x_wconf 91' lang='lat' dir='ltr'>caput</span> <span class='ocrx_word' id='word_1_637' title='bbox 2475 4165 2696 4219; x_wconf 88' lang='lat' dir='ltr'>morale</span> <span class='ocrx_word' id='word_1_638' title='bbox 2713 4163 2981 4230; x_wconf 90' lang='lat' dir='ltr'>aliorum,</span> <span class='ocrx_word' id='word_1_639' title='bbox 3004 4181 3145 4239; x_wconf 90' lang='lat' dir='ltr'>quos</span> 
     </span>
     <span class='ocr_line' id='line_1_105' title="bbox 1786 4243 3141 4318; baseline 0.004 -20"><span class='ocrx_word' id='word_1_640' title='bbox 1786 4244 2017 4318; x_wconf 89' lang='lat' dir='ltr'>physice</span> <span class='ocrx_word' id='word_1_641' title='bbox 2045 4260 2160 4301; x_wconf 93' lang='lat' dir='ltr'>non</span> <span class='ocrx_word' id='word_1_642' title='bbox 2184 4244 2609 4317; x_wconf 82' lang='lat' dir='ltr'>praecontineat,</span> <span class='ocrx_word' id='word_1_643' title='bbox 2637 4243 2734 4299; x_wconf 93' lang='lat' dir='ltr'>sed</span> <span class='ocrx_word' id='word_1_644' title='bbox 2755 4245 2853 4316; x_wconf 89' lang='lat' dir='ltr'>qui</span> <span class='ocrx_word' id='word_1_645' title='bbox 2877 4246 2967 4302; x_wconf 81' lang='lat' dir='ltr'>vel</span> <span class='ocrx_word' id='word_1_646' title='bbox 2991 4262 3141 4318; x_wconf 69' lang='lat' dir='ltr'>prze-</span> 
     </span>
     <span class='ocr_line' id='line_1_106' title="bbox 1784 4323 3145 4402; baseline 0.001 -21"><span class='ocrx_word' id='word_1_647' title='bbox 1784 4325 2190 4382; x_wconf 90' lang='lat' dir='ltr'>contineantur</span> <span class='ocrx_word' id='word_1_648' title='bbox 2230 4324 2293 4379; x_wconf 93' lang='lat' dir='ltr'>in</span> <span class='ocrx_word' id='word_1_649' title='bbox 2331 4323 2464 4379; x_wconf 89' lang='lat' dir='ltr'>aliis</span> <span class='ocrx_word' id='word_1_650' title='bbox 2490 4327 2693 4389; x_wconf 89' lang='lat' dir='ltr'>causis,</span> <span class='ocrx_word' id='word_1_651' title='bbox 2726 4326 2817 4380; x_wconf 81' lang='lat' dir='ltr'>vel</span> <span class='ocrx_word' id='word_1_652' title='bbox 2840 4326 2962 4398; x_wconf 88' lang='lat' dir='ltr'>jam</span> <span class='ocrx_word' id='word_1_653' title='bbox 3004 4343 3145 4402; x_wconf 89' lang='lat' dir='ltr'>sup-</span> 
     </span>
     <span class='ocr_line' id='line_1_107' title="bbox 1786 4404 3145 4479; baseline 0.003 -17"><span class='ocrx_word' id='word_1_654' title='bbox 1786 4410 2077 4479; x_wconf 87' lang='lat' dir='ltr'>ponantur</span> <span class='ocrx_word' id='word_1_655' title='bbox 2116 4404 2360 4473; x_wconf 87' lang='lat' dir='ltr'>existere</span> <span class='ocrx_word' id='word_1_656' title='bbox 2402 4404 2463 4459; x_wconf 93' lang='lat' dir='ltr'>in</span> <span class='ocrx_word' id='word_1_657' title='bbox 2498 4404 2740 4476; x_wconf 88' lang='lat' dir='ltr'>seipsis:</span> <span class='ocrx_word' id='word_1_658' title='bbox 2773 4405 2928 4478; x_wconf 88' lang='lat' dir='ltr'>atqui</span> <span class='ocrx_word' id='word_1_659' title='bbox 2972 4406 3036 4463; x_wconf 91' lang='lat' dir='ltr'>in</span> <span class='ocrx_word' id='word_1_660' title='bbox 3074 4424 3145 4466; x_wconf 93' lang='lat' dir='ltr'>eo</span> 
     </span>
     <span class='ocr_line' id='line_1_108' title="bbox 1783 4483 3145 4558; baseline 0.002 -16"><span class='ocrx_word' id='word_1_661' title='bbox 1783 4489 2014 4551; x_wconf 87' lang='lat' dir='ltr'>eventu,</span> <span class='ocrx_word' id='word_1_662' title='bbox 2058 4483 2107 4539; x_wconf 91' lang='lat' dir='ltr'>si</span> <span class='ocrx_word' id='word_1_663' title='bbox 2156 4490 2410 4556; x_wconf 88' lang='lat' dir='ltr'>peccaret</span> <span class='ocrx_word' id='word_1_664' title='bbox 2455 4484 2557 4540; x_wconf 92' lang='lat' dir='ltr'>ille</span> <span class='ocrx_word' id='word_1_665' title='bbox 2603 4484 2794 4551; x_wconf 90' lang='lat' dir='ltr'>homo,</span> <span class='ocrx_word' id='word_1_666' title='bbox 2849 4493 3145 4558; x_wconf 89' lang='lat' dir='ltr'>peccarent</span> 
     </span>
     <span class='ocr_line' id='line_1_109' title="bbox 1785 4564 3144 4641; baseline 0.001 -17"><span class='ocrx_word' id='word_1_667' title='bbox 1785 4582 1986 4624; x_wconf 89' lang='lat' dir='ltr'>omnes</span> <span class='ocrx_word' id='word_1_668' title='bbox 2014 4565 2313 4621; x_wconf 88' lang='lat' dir='ltr'>moraliter</span> <span class='ocrx_word' id='word_1_669' title='bbox 2358 4564 2421 4619; x_wconf 89' lang='lat' dir='ltr'>in</span> <span class='ocrx_word' id='word_1_670' title='bbox 2447 4580 2512 4621; x_wconf 89' lang='lat' dir='ltr'>eo</span> <span class='ocrx_word' id='word_1_671' title='bbox 2539 4564 2823 4633; x_wconf 79' lang='lat' dir='ltr'>contont13</span> <span class='ocrx_word' id='word_1_672' title='bbox 2854 4572 2910 4623; x_wconf 92' lang='lat' dir='ltr'>et</span> <span class='ocrx_word' id='word_1_673' title='bbox 2948 4568 2997 4624; x_wconf 90' lang='lat' dir='ltr'>si</span> <span class='ocrx_word' id='word_1_674' title='bbox 3040 4585 3144 4641; x_wconf 91' lang='lat' dir='ltr'>pro</span> 
     </span>
     <span class='ocr_line' id='line_1_110' title="bbox 1784 4649 3140 4723; baseline 0.002 -16"><span class='ocrx_word' id='word_1_675' title='bbox 1784 4651 1906 4707; x_wconf 90' lang='lat' dir='ltr'>illis</span> <span class='ocrx_word' id='word_1_676' title='bbox 1935 4652 2267 4705; x_wconf 88' lang='lat' dir='ltr'>retractaret</span> <span class='ocrx_word' id='word_1_677' title='bbox 2307 4654 2615 4720; x_wconf 89' lang='lat' dir='ltr'>peccatum,</span> <span class='ocrx_word' id='word_1_678' title='bbox 2641 4649 2827 4705; x_wconf 91' lang='lat' dir='ltr'>cuncti</span> <span class='ocrx_word' id='word_1_679' title='bbox 2858 4667 2891 4706; x_wconf 88' lang='lat' dir='ltr'>a</span> <span class='ocrx_word' id='word_1_680' title='bbox 2920 4656 3140 4723; x_wconf 89' lang='lat' dir='ltr'>peccato</span> 
     </span>
     <span class='ocr_line' id='line_1_111' title="bbox 1785 4727 3145 4805; baseline 0.002 -18"><span class='ocrx_word' id='word_1_681' title='bbox 1785 4728 2208 4793; x_wconf 87' lang='lat' dir='ltr'>mundarentur</span> <span class='ocrx_word' id='word_1_682' title='bbox 2235 4749 2248 4783; x_wconf 91' lang='lat'>:</span> <span class='ocrx_word' id='word_1_683' title='bbox 2272 4743 2408 4801; x_wconf 92' lang='lat' dir='ltr'>ergo</span> <span class='ocrx_word' id='word_1_684' title='bbox 2430 4727 2698 4799; x_wconf 88' lang='lat' dir='ltr'>possibile</span> <span class='ocrx_word' id='word_1_685' title='bbox 2719 4733 2825 4797; x_wconf 90' lang='lat' dir='ltr'>est,</span> <span class='ocrx_word' id='word_1_686' title='bbox 2849 4730 2997 4802; x_wconf 88' lang='lat' dir='ltr'>quod</span> <span class='ocrx_word' id='word_1_687' title='bbox 3020 4749 3145 4805; x_wconf 89' lang='lat' dir='ltr'>pec-</span> 
     </span>
     <span class='ocr_line' id='line_1_112' title="bbox 1784 4809 3141 4886; baseline 0.001 -15"><span class='ocrx_word' id='word_1_688' title='bbox 1784 4818 1973 4871; x_wconf 91' lang='lat' dir='ltr'>catum</span> <span class='ocrx_word' id='word_1_689' title='bbox 2001 4809 2180 4866; x_wconf 90' lang='lat' dir='ltr'>semel</span> <span class='ocrx_word' id='word_1_690' title='bbox 2206 4814 2559 4866; x_wconf 90' lang='lat' dir='ltr'>contractum</span> <span class='ocrx_word' id='word_1_691' title='bbox 2581 4809 2909 4867; x_wconf 88' lang='lat' dir='ltr'>destruatur</span> <span class='ocrx_word' id='word_1_692' title='bbox 2932 4811 3141 4886; x_wconf 89' lang='lat' dir='ltr'>absque</span> 
     </span>
     <span class='ocr_line' id='line_1_113' title="bbox 1786 4891 3145 4966; baseline 0.001 -15"><span class='ocrx_word' id='word_1_693' title='bbox 1786 4891 2205 4956; x_wconf 87' lang='lat' dir='ltr'>retractatione,</span> <span class='ocrx_word' id='word_1_694' title='bbox 2238 4895 2294 4947; x_wconf 91' lang='lat' dir='ltr'>et</span> <span class='ocrx_word' id='word_1_695' title='bbox 2320 4891 2636 4948; x_wconf 88' lang='lat' dir='ltr'>mutatione</span> <span class='ocrx_word' id='word_1_696' title='bbox 2665 4893 2979 4950; x_wconf 89' lang='lat' dir='ltr'>intrinseca</span> <span class='ocrx_word' id='word_1_697' title='bbox 3009 4910 3109 4966; x_wconf 90' lang='lat' dir='ltr'>pec</span> <span class='ocrx_word' id='word_1_698' title='bbox 3136 4929 3145 4937; x_wconf 78' lang='lat'>,</span> 
     </span>
     <span class='ocr_line' id='line_1_114' title="bbox 1784 4970 3141 5044; baseline 0 -13"><span class='ocrx_word' id='word_1_699' title='bbox 1784 4972 2026 5038; x_wconf 86' lang='lat' dir='ltr'>catoris;</span> <span class='ocrx_word' id='word_1_700' title='bbox 2049 4970 2146 5028; x_wconf 90' lang='lat' dir='ltr'>sed</span> <span class='ocrx_word' id='word_1_701' title='bbox 2170 4987 2270 5044; x_wconf 90' lang='lat' dir='ltr'>per</span> <span class='ocrx_word' id='word_1_702' title='bbox 2290 4973 2473 5029; x_wconf 90' lang='lat' dir='ltr'>solam</span> <span class='ocrx_word' id='word_1_703' title='bbox 2503 4972 2881 5028; x_wconf 89' lang='lat' dir='ltr'>mutationem</span> <span class='ocrx_word' id='word_1_704' title='bbox 2909 4975 3141 5031; x_wconf 86' lang='lat' dir='ltr'>extrin-</span> 
     </span>
     <span class='ocr_line' id='line_1_115' title="bbox 1783 5051 3141 5126; baseline 0.001 -18"><span class='ocrx_word' id='word_1_705' title='bbox 1783 5068 1970 5109; x_wconf 87' lang='lat' dir='ltr'>secam</span> <span class='ocrx_word' id='word_1_706' title='bbox 2007 5051 2346 5108; x_wconf 89' lang='lat' dir='ltr'>existentem</span> <span class='ocrx_word' id='word_1_707' title='bbox 2389 5052 2451 5106; x_wconf 90' lang='lat' dir='ltr'>in</span> <span class='ocrx_word' id='word_1_708' title='bbox 2474 5052 2606 5117; x_wconf 91' lang='lat' dir='ltr'>ali0,</span> <span class='ocrx_word' id='word_1_709' title='bbox 2639 5068 2845 5125; x_wconf 86' lang='lat' dir='ltr'>nempe</span> <span class='ocrx_word' id='word_1_710' title='bbox 2873 5052 2935 5108; x_wconf 91' lang='lat' dir='ltr'>in</span> <span class='ocrx_word' id='word_1_711' title='bbox 2957 5054 3141 5126; x_wconf 84' lang='lat' dir='ltr'>capite</span> 
     </span>
    </p>
   </div>
  </div>
 </body>
</html>
