3647 5753
76 2388 276 2434 Retelli-

97 2443 178 2483 ων
194 2449 280 2482 am·

119 2487 257 2542 plius.

116 3937 248 3979 Joan.

1439 418 1616 476 DISP.
1640 449 1645 456 ·
1662 419 1755 487 IV,
1799 419 1969 476 DUB.
2016 423 2110 478 111.

316 586 491 646 stabit
511 588 682 645 illum
705 587 917 647 habere
938 589 1133 662 plures
1155 587 1369 665 gradus
1386 587 1680 657 bonitatis,

315 675 374 729 et
394 686 513 727 non
533 685 656 728 esse
677 669 862 745 magis
887 669 1278 727 meritorium.
1316 674 1685 745 Consequen-

319 752 400 808 tia
436 756 620 824 patet;
654 767 790 808 nam
818 750 1305 824 quemadmodum
1336 751 1407 808 ad
1437 751 1687 809 redden-

317 833 456 891 dum
501 850 708 907 corpus
759 833 946 908 magis
996 832 1216 901 album,
1267 834 1407 891 satia
1456 838 1542 892 est
1591 835 1685 892 vel

314 914 467 988 quod
513 912 792 971 afficiatur
836 914 1046 988 majori
1086 913 1373 983 albedine,
1403 916 1498 972 vel
1532 914 1685 989 quod

314 994 515 1053 eadem
554 995 739 1070 magis
779 998 1040 1052 actuetur
1064 1014 1078 1051 ε
1106 995 1187 1052 ita
1232 995 1409 1053 etiam
1452 994 1524 1052 ad
1552 996 1678 1063 hoc,

292 1076 298 1082 ’
315 1081 377 1134 ut
392 1075 665 1134 reddatur
681 1080 838 1133 actus
851 1076 1036 1151 magis
1056 1075 1411 1142 meritorius,
1425 1075 1683 1135 sufficere

312 1159 481 1218 debet
506 1164 603 1216 aut
632 1157 783 1233 quod
824 1158 1102 1216 charitate
1142 1157 1369 1232 majori,
1409 1164 1509 1224 aut
1531 1159 1681 1233 quod

310 1242 513 1301 eadem
529 1242 713 1317 magis
727 1241 1095 1300 informetur.
1112 1240 1467 1299 Antecedens
1487 1246 1679 1299 autem

314 1325 619 1399 probatur;
661 1339 799 1381 nam
838 1340 951 1397 quo
989 1328 1146 1381 actus
1183 1323 1462 1380 charitate
1490 1323 1682 1381 infor-

313 1413 503 1465 matus
522 1412 608 1465 est
631 1406 859 1475 melior,
886 1412 944 1464 et
962 1407 1214 1463 charitas
1241 1405 1325 1462 ihi
1349 1408 1403 1479 pl
1413 1422 1478 1463 us
1498 1405 1681 1464 infor-

312 1495 452 1558 mat,
486 1491 613 1564 plus
640 1486 953 1563 dignificat,
979 1502 1158 1561 eoque
1183 1488 1368 1563 magis
1394 1503 1496 1561 per
1516 1486 1679 1546 ordi-

311 1586 448 1628 nem
475 1568 546 1627 ad
573 1570 743 1625 illum
769 1568 1017 1641 explicat
1038 1570 1160 1626 vim
1196 1567 1674 1643 dignificativam,

310 1666 483 1724 quam
537 1649 709 1708 habet
756 1665 828 1707 ex
878 1649 1066 1724 gratia
1115 1669 1130 1705 ε
1176 1665 1315 1725 ergo
1374 1665 1443 1707 eo
1494 1649 1680 1724 magis

311 1731 612 1805 praedictus
650 1735 807 1789 actus
855 1730 1159 1804 participat
1197 1732 1383 1804 ipsam
1423 1730 1679 1789 charita-

308 1817 458 1877 tem,
502 1817 558 1869 et
598 1812 703 1868 illa
754 1811 1126 1870 informatur.
1179 1810 1678 1877 Quemadmodum

308 1898 522 1964 quanto
550 1893 782 1966 aliquod
806 1910 1012 1965 corpus
1038 1892 1225 1967 majus
1250 1895 1452 1960 est,'eo
1494 1893 1678 1967 magis

307 1976 535 2045 (saltem
555 1976 872 2047 extensive)
893 1976 1153 2032 animam
1176 1974 1498 2048 participat,
1530 1974 1548 2029 i
1555 1991 1678 2047 psa-

307 2072 417 2129 que
443 2055 640 2114 anima
660 2058 905 2130 explicat
925 2057 1109 2131 magis
1130 2057 1194 2114 in
1223 2057 1329 2114 illo
1351 2057 1473 2113 vim
1496 2056 1676 2114 infor·

310 2138 610 2203 mativam,
664 2142 722 2194 et
773 2136 1209 2204 vivificativam,
1258 2153 1433 2210 quam
1481 2135 1670 2203 habet,

308 2218 658 2277 vivificando
693 2220 756 2276 in
796 2235 865 2277 eo
904 2221 1099 2293 plures
1146 2224 1354 2292 partes,
1395 2235 1569 2292 quam
1611 2220 1675 2275 in

307 2301 791 2373 corporeminori
821 2300 1163 2358 vivificaret.

382 2382 476 2437 37.
518 2382 907 2439 confirmatur
939 2382 1187 2440 secundo
1218 2404 1232 2440 ε
1261 2382 1535 2456 quoniam
1563 2385 1675 2454 (lo-

308 2461 535 2536 quendo
562 2480 680 2521 non
702 2464 772 2522 de
799 2465 1015 2530 habitu.
1044 2473 1142 2523 aut
1167 2470 1292 2522 actu
1321 2465 1512 2523 elicito
1536 2465 1675 2522 cha-

314 2544 518 2613 ritatis,
548 2545 646 2603 sed
672 2546 742 2603 de
769 2547 873 2604 illo
901 2545 1087 2616 modo,
1117 2548 1239 2604 sive
1266 2547 1540 2616 formula,
1574 2564 1675 2621 per

310 2643 483 2701 quam
529 2628 778 2686 charitas
817 2629 1150 2689 immediate
1197 2631 1475 2688 informat
1515 2637 1672 2687 actus

307 2711 557 2768 aliarum
609 2711 916 2783 virtutum)
961 2712 1061 2769 ille
1117 2714 1356 2783 (caeteris
1409 2713 1669 2786 paribus)

300 2797 544 2859 exercet,
584 2792 997 2850 universaliter
1044 2792 1347 2866 loquendo,
1384 2794 1671 2868 majorem

298 2872 657 2941 charitatem,
690 2874 790 2948 qui
824 2880 1047 2932 exercet
1088 2880 1278 2932 actum
1308 2875 1672 2949 praestantio-

304 2969 427 3011 rem
460 2976 473 3011 ε
502 2971 638 3030 ergo
666 2971 783 3013 non
809 2961 934 3023 stat,
968 2960 1124 3013 actus
1159 2972 1192 3012 a
1230 2957 1511 3014 charitate
1553 2957 1669 3013 im-

303 3044 526 3110 peratos
565 3055 817 3096 crescere
849 3039 914 3094 in
942 3038 1196 3096 bonitate
1222 3040 1456 3108 morali,
1485 3039 1672 3096 unde-

303 3136 543 3194 cumque
564 3121 684 3179 haec
712 3121 937 3178 bonitas
968 3122 1284 3194 proveniat,
1302 3124 1361 3178 et
1378 3120 1529 3194 quod
1552 3137 1671 3178 non

302 3209 513 3259 crescat
551 3204 615 3260 in
653 3203 951 3270 charitate,
985 3208 1153 3277 atque
1186 3202 1326 3260 adeo
1368 3204 1432 3258 in
1461 3203 1671 3260 merito

300 3282 673 3343 beatitudinis
735 3283 1078 3342 essentialis.
1154 3286 1403 3357 Utraque
1468 3299 1671 3340 conse-

298 3367 533 3439 quentia
569 3371 654 3424 est
690 3367 830 3423 satis
870 3367 1198 3440 perspicua;
1243 3381 1381 3422 nam
1420 3370 1577 3421 actus
1602 3381 1669 3422 eo

297 3451 383 3502 est
410 3447 791 3519 praestantior,
822 3464 934 3521 quo
972 3453 1058 3503 est
1100 3447 1337 3512 melion
1380 3462 1448 3504 eo
1476 3450 1669 3502 autem

299 3532 383 3583 est
408 3527 632 3596 melior,
663 3543 775 3600 quo
796 3529 927 3600 plus
955 3528 1127 3585 habet
1153 3528 1445 3594 bonitatiS,
1482 3528 1670 3585 unde-

301 3624 523 3682 cunque
549 3610 666 3665 haec
702 3609 928 3667 bonitas
955 3615 1146 3668 ortum
1183 3610 1350 3667 ducat
1377 3631 1390 3666 ε
1418 3615 1476 3667 et
1500 3610 1670 3667 simi-

306 3690 439 3746 liter
460 3706 527 3748 eo
553 3689 717 3747 debet
742 3706 864 3747 esse
890 3692 1074 3766 magis
1108 3692 1445 3749 meritorius
1486 3691 1671 3749 beati-

306 3770 525 3827 tudinis
575 3772 913 3839 essentialiS‚
963 3789 1074 3845 quo
1125 3773 1332 3848 majori
1391 3773 1671 3831 charitate

303 3858 619 3919 exercetur,
650 3857 707 3908 et
739 3852 1111 3911 informatur.
1153 3854 1505 3911 Antecedens
1533 3869 1670 3912 vero

303 3932 615 3990 suadetur:
646 3938 768 3988 tum
808 3948 880 3989 ex
920 3933 1023 3990 illo
1048 3935 1214 3990 Joan.
1257 3936 1359 3990 15:
1396 3934 1670 4007 Majorem

307 4016 413 4070 hac
431 4014 771 4070 dilectionem
792 4031 946 4068 nemo
967 4014 1142 4080 habet,
1161 4032 1328 4092 quam
1341 4023 1402 4071 ut
1417 4019 1668 4073 animam

301 4116 461 4154 suam
498 4104 669 4171 ponat
694 4099 819 4167 quis
854 4115 954 4170 pro
991 4099 1190 4153 amicis
1226 4100 1380 4155 suis:
1407 4098 1508 4155 ubi
1536 4114 1667 4155 cum

305 4194 423 4235 non
448 4179 522 4234 sit
548 4193 742 4235 sermo
775 4175 846 4233 de
877 4177 1001 4250 ipso
1027 4177 1244 4246 habitu,
1274 4181 1367 4235 vel
1398 4183 1524 4236 actu
1554 4179 1668 4236 eli-

301 4259 413 4317 cito
451 4259 747 4317 charitatis
772 4261 977 4333 (potest
1011 4260 1171 4316 enim
1207 4261 1305 4332 qui
1344 4276 1461 4317 non
1504 4261 1667 4334 ponit

303 4355 407 4413 pro
429 4344 541 4397 Deo
562 4340 822 4398 animam
843 4357 1025 4408 suam,
1046 4347 1106 4396 ut
1126 4343 1433 4408 confessor,
1453 4340 1668 4399 habere

301 4421 683 4479 intensiorem
711 4420 971 4477 habitum
998 4421 1315 4490 charitatis,
1339 4426 1398 4479 et
1421 4437 1666 4479 serven-

299 4502 509 4561 tiorem
531 4508 739 4570 actum,
764 4518 936 4576 quam
958 4502 1131 4559 habet
1150 4508 1397 4577 martyr,
1413 4502 1514 4576 qui
1534 4519 1663 4561 eam

299 4585 483 4658 ponit)
507 4584 747 4641 nomine
766 4582 1093 4640 dilectionis
1115 4582 1557 4658 intelligendum
1581 4589 1668 4641 est

299 4666 617 4741 imperium
652 4665 943 4738 passivum
977 4664 1294 4731 charitatis,
1326 4666 1450 4722 sive
1475 4665 1666 4722 forma

299 4748 423 4815 illa,
449 4763 575 4821 quae
600 4763 634 4804 a
654 4747 931 4805 charitate
950 4746 1249 4805 derivatur
1274 4744 1344 4803 ad
1365 4751 1521 4803 actus
1546 4746 1665 4803 im-

299 4835 542 4905 peratos,
573 4830 798 4887 ratione
835 4830 994 4904 cujus
1035 4830 1166 4885 illos
1206 4828 1541 4887 immediate
1567 4831 1665 4887 in-

296 4913 529 4979 format,
554 4916 611 4969 et
636 4911 871 4969 ordinat
898 4911 971 4968 ad
996 4927 1165 4968 suum
1205 4909 1382 4967 finem
1418 4931 1431 4966 ε
1459 4910 1532 4969 de
1560 4912 1666 4969 hac

297 4996 476 5071 igitur
502 4995 762 5054 Christus
790 4995 1071 5053 Dominus
1106 4995 1205 5064 ait,
1237 4995 1464 5051 nullam
1505 5009 1666 5068 posse

295 5093 418 5136 esse
456 5078 767 5153 majorem,
812 5094 987 5151 quam
1037 5078 1175 5145 illa,
1218 5092 1345 5152 quae
1385 5076 1665 5135 informat

3073 419 3186 474 737

1817 592 2363 665 praestantissimum
2386 598 2595 658 actum,
2620 591 2718 664 qui
2744 593 2830 664 est
2856 593 3012 647 actus
3030 603 3185 644 mar-

1815 673 1984 745 tyrii:
2013 679 2182 746 atque
2209 672 2350 731 adeo
2374 678 2510 730 tunc
2535 688 2715 730 unam
2740 686 2813 727 ex
2848 669 2940 725 his
2981 667 3184 725 formis

1756 797 1767 810 .
1814 771 1938 814 esse
1964 756 2082 813 alia
2107 755 2406 830 maJorem,
2434 753 2664 830 quando
2690 759 2847 811 actus
2872 766 3042 824 quem
3085 750 3183 806 in-

1815 837 2048 904 format,
2079 839 2290 896 melior
2307 843 2421 907 est3
2451 838 2730 908 illamque
2760 848 2883 891 esse
2912 831 3180 890 omnium

1817 919 2373 991 praestantissimam,
2398 935 2510 993 qua
2536 918 2722 990 major
2749 915 2866 973 alia
2903 930 3027 972 esse
3063 929 3181 972 non

1815 999 2010 1071 possit,
2039 1015 2164 1071 quae
2192 999 2623 1057 nobilissimum
2651 1001 2839 1054 actum
2879 995 3180 1072 informat.

1813 1077 1977 1144 Quod
2016 1086 2079 1136 ut
2106 1095 2311 1137 verum
2339 1082 2436 1148 sit,
2464 1079 2633 1138 debet
2657 1091 2886 1149 semper
2916 1074 3185 1147 praedicta

1812 1160 2004 1218 forma
2029 1161 2327 1218 charitatis
2365 1177 2433 1219 eo
2472 1161 2658 1235 major
2700 1174 2840 1225 esse,
2872 1173 2983 1230 quo
3029 1161 3186 1212 actus

1811 1257 1985 1316 quem
2029 1241 2330 1310 informat,
2359 1242 2569 1300 melior
2607 1245 2710 1307 est,
2744 1244 2806 1295 ut
2845 1239 2925 1294 ila
2964 1238 3069 1293 illa
3107 1236 3185 1292 sit

1811 1325 2079 1384 omnium
2102 1326 2378 1392 maxima,
2396 1340 2506 1398 qua
2528 1325 2694 1381 nulla
2715 1323 2833 1380 alia
2854 1321 3039 1394 major
3058 1336 3182 1377 esse

1812 1406 2009 1479 possit,
2045 1422 2172 1479 quae
2210 1406 2491 1462 informat
2537 1410 2727 1461 actum
2770 1399 3177 1475 praestantissi-

1810 1503 1996 1553 mum,
2024 1491 2088 1542 ut
2105 1492 2190 1545 est
2216 1491 2371 1543 actus
2396 1484 2691 1559 martyrii.

1884 1569 2034 1626 Tum
2049 1568 2243 1636 etiam,
2259 1567 2394 1641 quia
2408 1581 2538 1623 cum
2556 1566 2858 1638 proprium
2881 1561 3180 1621 charitatis

1808 1650 1886 1707 sit
1905 1649 2149 1725 diligere
2169 1653 2350 1706 Deum
2374 1651 2606 1721 propter
2625 1663 2705 1714 se,
2730 1651 2787 1703 et
2808 1645 2927 1703 alia
2949 1649 3182 1718 propter

1808 1731 2022 1804 ipsum,
2052 1731 2199 1788 sicut
2243 1729 2349 1786 illa
2393 1733 2479 1784 est
2525 1727 2713 1802 maJor
2752 1725 3022 1791 charitas,
3054 1740 3179 1796 quae

1810 1811 1940 1884 plus
1973 1814 2152 1868 Deum
2173 1809 2399 1884 diligit3
2423 1808 2505 1865 ita
2530 1809 2707 1865 etiam
2737 1807 2842 1862 illa
2868 1803 3034 1861 debet
3058 1820 3181 1861 esse

1809 1893 2006 1965 aliquo
2044 1889 2214 1950 modo
2239 1891 2444 1965 major,
2476 1905 2601 1963 quae
2630 1890 2758 1962 plus
2782 1886 2977 1961 diligit
3003 1900 3180 1958 prop-

1809 1979 1897 2032 ter
1919 1977 2098 2032 Deum
2120 1996 2133 2030 ε
2154 1975 2282 2047 plus
2304 1978 2494 2030 autem
2513 1977 2745 2045 propter
2762 1973 2942 2027 Deum
2965 1966 3172 2042 diligit.

1807 2054 1906 2129 qui
1937 2061 2168 2129 propter
2195 2055 2369 2131 illum
2396 2059 2621 2112 exercet
2662 2057 2850 2110 actum
2898 2054 3176 2124 praestan-

1807 2140 2035 2208 tiorem,
2056 2141 2119 2196 in
2134 2154 2246 2212 quo
2265 2142 2401 2193 sunt
2424 2139 2618 2211 plures
2635 2136 2847 2212 gradus
2868 2132 3173 2198 bonitatis3

1807 2237 1946 2278 nam
1968 2239 2038 2280 eo
2063 2222 2187 2296 ipso
2211 2222 2338 2294 plus
2366 2226 2599 2294 propter
2639 2223 2820 2276 Deum
2863 2217 3015 2285 facit,
3049 2215 3177 2289 plus

1807 2303 1924 2359 Deo
1943 2303 2128 2370 offert,
2159 2308 2217 2359 et
2237 2304 2364 2376 plus
2389 2302 2459 2358 ad
2482 2305 2662 2359 Deum
2693 2300 2887 2356 refert.

1881 2387 1971 2442 38.
2005 2385 2089 2440 Ex
2117 2402 2229 2458 quo
2249 2386 2428 2442 etiam
2454 2385 2666 2442 solutio
2686 2382 2947 2441 adhibita
2971 2382 3176 2441 confir·
3205 2385 3371 2430 solutio

3213 2436 3363 2478 conflr-

1806 2466 2051 2523 mationi
2080 2467 2249 2523 facile
2294 2466 2706 2541 impugnatum
2752 2480 2888 2520 nam
2915 2463 3065 2537 quod
3090 2470 3176 2523 est
3202 2485 3374 2529 nunni

1807 2564 1910 2622 per
1936 2564 1998 2606 se
2021 2547 2092 2605 ad
2114 2550 2367 2623 aliquem
2394 2549 2680 2615 effectum,
2711 2546 2878 2604 debet
2896 2548 2944 2602 si
2974 2563 3174 2622 augea·

1806 2636 1922 2698 tur,
1954 2631 2018 2687 in
2037 2648 2105 2689 eo
2131 2646 2359 2705 genere,
2392 2631 2455 2687 in
2481 2646 2592 2704 quo
2618 2634 2720 2698 est,
2749 2644 2851 2700 per
2877 2645 2937 2685 se
2965 2644 3172 2703 augere

1806 2712 2141 2785 praedictum
2164 2711 2428 2770 effectum
2457 2727 2629 2786 :ergo
2655 2711 2705 2768 si
2729 2710 2955 2768 bonitas
2984 2726 3175 2769 mora-

1804 2796 1879 2852 lis
1931 2797 2181 2854 aliarum
2237 2797 2539 2863 virtutum,
2589 2798 2796 2854 saltem
2849 2795 2913 2852 in
2963 2810 3172 2870 genere

1802 2894 1986 2935 causae
2038 2880 2380 2948 materialia,
2415 2896 2516 2953 per
2543 2896 2666 2938 sese
2693 2878 2865 2936 habet
2893 2876 2963 2936 ad
2992 2879 3174 2936 meri-

1802 2966 1949 3028 tum,
1981 2962 2105 3020 sive
2142 2962 2314 3037 (quod
2356 2962 2510 3020 idem
2550 2961 2735 3036 quoad
2784 2976 3040 3034 praesens
3070 2962 3175 3031 est)

1803 3043 1876 3100 ad
1928 3044 2403 3103 informationem
2451 3044 2767 3109 charitatiS,
2820 3057 2939 3099 non
2995 3046 3176 3114 potest

1803 3141 1943 3192 non,
1969 3127 2018 3181 si
2048 3131 2342 3201 augeatur,
2371 3141 2580 3199 augere
2606 3125 2784 3181 etiam
2813 3124 2876 3178 in
2904 3121 3174 3194 praedicto

1801 3221 2013 3280 genere
2067 3205 2397 3280 hujusmodi
2452 3204 2949 3267 informationem,
3008 3210 3176 3276 atque

1803 3286 1944 3343 adeo
1965 3293 2021 3343 et
2042 3288 2231 3361 ipsum
2255 3286 2551 3344 meritum.
2572 3286 2750 3341 Sicuti
2772 3286 2909 3357 quia
2930 3286 3175 3342 materia

1801 3365 1867 3421 in
1905 3383 2008 3424 suo
2045 3383 2258 3443 genere
2298 3382 2400 3440 per
2444 3382 2568 3423 sese
2607 3364 2780 3422 habet
2813 3365 2884 3422 ad
2909 3364 3174 3425 effectum

1802 3446 2111 3505 formalem
2153 3448 2383 3515 animae,
2421 3447 2641 3504 scilicet
2688 3445 2759 3503 ad
2804 3446 3168 3503 informatio·

1801 3544 1938 3586 nem
1964 3528 2240 3603 corporis,
2265 3546 2334 3588 eo
2363 3530 2486 3602 ipso
2512 3526 2663 3602 quod
2694 3535 2970 3603 augeatur
3000 3532 3177 3584 mate-

1802 3614 1911 3679 ria,
1944 3618 2183 3688 augetur
2219 3614 2397 3671 etiam
2441 3612 2770 3685 huJ'usmodi
2813 3610 3170 3678 informati0,

1800 3699 1855 3752 et
1881 3693 2112 3752 effectus
2134 3693 2399 3751 formalis
2420 3694 2656 3749 animae.
2681 3691 2787 3749 Sed
2809 3691 2880 3747 de
2902 3692 3006 3749 hoc
3030 3691 3171 3748 cha-

1802 3774 1992 3832 ritatis
2050 3778 2361 3849 augmento
2400 3772 2471 3831 ad
2511 3778 2886 3847 augmentum
2928 3772 3171 3828 moralis

1799 3856 2093 3923 bonitatis,
2159 3856 2222 3912 in
2286 3855 2572 3914 solutione
2631 3853 2702 3910 ad
2766 3853 3163 3928 objectionem,

1799 3954 1973 4013 quam
1995 3938 2118 4012 jam
2147 3936 2507 4012 subjicimuS,
2541 3937 2711 4010 plura
2748 3935 3032 3993 dicentur.

2391 4105 2424 4173 ,s
2464 4103 2560 4158 111·

1798 4259 2144 4334 Principalis
2168 4259 2390 4331 objectio
2412 4265 2607 4315 contra
2631 4265 2879 4314 nostram
2903 4260 3165 4314 assertio-

2045 4357 2169 4396 nem
2189 4342 2543 4414 proponitur,
2574 4345 2626 4394 et
2651 4340 2913 4396 diluitur.

1871 4506 1963 4562 39.
2010 4508 2124 4563 Nec
2151 4506 2346 4574 refert,
2378 4504 2427 4561 si
2464 4502 2718 4578 objicias,
2751 4503 2900 4576 quod
2942 4502 3166 4561 bonitas

1797 4587 2040 4643 moralis
2068 4587 2322 4643 aliarum
2349 4580 2632 4642 virtutum
2666 4589 2847 4658 potest
2873 4585 3088 4660 augeri,
3112 4590 3168 4642 et

1795 4683 1945 4741 saepe
1989 4668 2054 4724 in
2101 4668 2314 4724 nostris
2360 4667 2580 4724 actibus
2626 4673 2866 4741 augetur
2911 4670 3041 4724 sine
3073 4683 3161 4734 ee,

1794 4748 1947 4822 quod
1985 4749 2252 4815 charitas,
2303 4765 2337 4806 a
2386 4763 2499 4822 qua
2537 4748 2918 4822 imperantur,
2970 4750 3165 4822 aliquo

1794 4829 1967 4887 modo
2007 4834 2282 4904 augeatur
2329 4852 2342 4887 ε
2382 4846 2521 4906 ergo
2558 4831 2654 4888 vel
2699 4829 3007 4887 dicendum
3055 4833 3160 4896 est,

1794 4913 2071 4969 meritum
2097 4928 2213 4970 non
2233 4929 2462 4986 semper
2485 4913 2680 4987 augeri
2699 4912 2768 4969 ad
2787 4918 3165 4987 augmentum

1794 4994 2070 5052 bonitatis
2103 4996 2363 5062 moralis,
2394 4999 2596 5052 contra
2626 4993 2937 5051 secundam
2975 5010 3165 5052 asser-

1795 5074 2049 5143 tionem;
2079 5078 2171 5135 vel
2201 5092 2363 5151 posse
2403 5076 2600 5149 augeri
2641 5075 2870 5133 etiamsi
2910 5074 3164 5132 charitas

3184 2533 3376 2579 anniblta

3209 2583 3364 2627 everti·

3233 2639 3313 2677 tuf.

3204 4515 3357 4562 Ob'cc·

3234 4571 3248 4608 ῑ
3270 4576 3309 4610 0.
