3647 5753
1414 339 1596 395 DISP.
1638 339 1734 406 111,

268 519 660 589 praeparantes
699 513 1011 587 disponant
1037 512 1213 569 etiam
1245 511 1493 587 physice,
1525 513 1650 570 sive

263 612 337 655 ex
383 600 594 652 natura
642 594 758 661 rei;
813 594 895 649 sic
948 593 1109 650 enim
1156 601 1421 649 servatur
1465 594 1651 668 major

191 722 194 725 1
269 677 560 750 proportio
605 676 762 732 inter
788 672 1248 746 dispositionem,
1280 677 1337 730 et
1376 674 1645 740 formam,

71 3288 192 3345 Etru·

54 3348 201 3391 grum.

269 759 497 832 qualem
550 755 969 829 coaptationem
1017 754 1414 811 connaturalis
1454 772 1650 813 rerum

264 838 408 896 ordo
428 836 696 909 deposcit.
729 837 877 891 Tum
914 832 1182 907 denique,
1208 836 1342 908 quia
1367 837 1554 910 gratia
1580 852 1652 893 ex

266 924 476 976 natura
500 934 605 974 sua
645 917 911 989 postulat,
944 915 1095 988 quod
1123 915 1652 992 infundaturjuxta

262 1015 468 1057 eorum
484 995 744 1062 modum,
763 1001 821 1054 et
842 995 1231 1053 conditionem
1252 1020 1266 1064 ;
1291 996 1652 1071 unumquod-

262 1096 374 1154 que
400 1079 561 1136 enim
586 1077 729 1149 petit
753 1092 825 1133 ex
855 1081 1064 1132 natura
1102 1092 1204 1133 sua
1227 1078 1401 1150 recipi
1429 1076 1499 1133 ad
1522 1092 1652 1134 mo-

263 1161 407 1217 dum
439 1158 766 1231 recipientis
799 1178 811 1212 :
842 1155 1046 1213 modus
1089 1164 1280 1214 autem
1319 1157 1649 1215 adultorum

266 1240 534 1314 proprius
561 1246 645 1294 est
672 1235 866 1309 perfici
891 1238 1222 1295 voluntarie
1246 1253 1351 1310 per
1376 1238 1644 1312 gratiam,

264 1327 322 1380 et
361 1320 544 1377 libere
590 1318 929 1376 contrahere
977 1317 1297 1374 amicitiam
1327 1333 1458 1374 cum
1485 1320 1601 1375 Deo
1634 1340 1648 1375 :

267 1402 421 1459 unde
465 1405 618 1458 actus
648 1398 819 1456 liberi
867 1398 1096 1455 arbitrii
1138 1399 1208 1456 ad
1237 1399 1341 1456 hoc
1370 1400 1649 1473 praecipue

262 1484 669 1542 desiderantur
692 1480 763 1536 ad
805 1480 1135 1539 adultorum
1158 1479 1644 1556 justificationem,

265 1571 327 1620 ut
357 1564 475 1620 haec
502 1560 600 1618 fiat
648 1559 851 1626 libere,
885 1566 942 1617 et
984 1561 1171 1636 gratia
1197 1560 1419 1617 dicatur
1448 1561 1644 1629 volita,

263 1652 327 1702 ut
354 1644 610 1701 diximus
629 1643 760 1699 dub.
794 1645 839 1709 l,
871 1651 919 1699 el
948 1644 1074 1700 dub.
1103 1644 1423 1717 praecedenti
1442 1662 1461 1697 .·
1482 1659 1649 1701 cons-

263 1732 346 1785 tat
368 1734 576 1793 autem,
597 1724 746 1799 quod
769 1725 1024 1798 praedicti
1048 1731 1203 1783 actus
1223 1742 1294 1782 ex
1320 1731 1526 1782 natura
1545 1743 1648 1785 sua

264 1807 481 1866 habent
508 1805 749 1865 reddere
795 1805 1264 1881 justificationem
1302 1806 1567 1874 liberam,
1593 1813 1650 1865 et

262 1892 512 1967 gratiam
541 1891 781 1946 volitam
804 1913 818 1957 ;
861 1889 1147 1963 siquidem
1188 1887 1258 1946 ad
1299 1889 1403 1947 hoc
1444 1891 1649 1963 praeci-

266 1989 394 2049 pue,
445 1979 564 2029 tam
609 1989 680 2029 ex
726 1988 805 2041 se,
838 1989 1013 2046 quam
1061 1987 1132 2029 ex
1178 1971 1501 2030 intentione
1546 1972 1648 2029 Dei

262 2057 576 2131 operantis,
608 2060 663 2112 et
690 2054 948 2111 hominis
976 2054 1338 2126 cooperantis
1379 2053 1647 2130 dirigun-

264 2146 358 2197 tur
391 2153 563 2213 :ergo
585 2138 770 2211 magis
796 2137 1062 2212 congruit
1090 2136 1316 2193 naturis
1343 2152 1559 2204 rerum,
1585 2143 1650 2193 ut

260 2221 448 2296 gratia
469 2217 815 2275 infundatur
837 2217 1019 2292 impio
1046 2217 1244 2275 adulto
1259 2216 1647 2290 dependenter

264 2302 337 2359 ab
365 2303 487 2376 ejus
536 2297 774 2366 actibus,
807 2305 1082 2372 tanquam
1114 2313 1146 2354 a
1172 2296 1646 2370 dispositionibus

265 2380 534 2457 physicis,
577 2381 645 2434 Et
690 2379 794 2436 hoc
841 2379 1125 2451 posterius
1173 2379 1461 2436 motivum
1509 2379 1647 2436 satis

264 2467 459 2535 aperte
487 2460 749 2515 insinuat
775 2457 1035 2515 Trident.
1063 2476 1186 2515 can.
1231 2461 1286 2528 4,
1322 2460 1510 2525 citato,
1545 2458 1646 2515 ubi

264 2545 348 2601 ait
376 2565 389 2599 :
426 2564 451 2595 α
482 2541 541 2597 Si
571 2542 698 2614 quis
742 2539 956 2597 dixerit
983 2538 1233 2598 liberum
1264 2540 1524 2598 hominis
1547 2558 1646 2598 ar-

269 2648 294 2679 «
325 2623 568 2681 bitrium
592 2640 625 2679 a
654 2624 767 2680 Deo
789 2627 1030 2691 motum,
1062 2627 1119 2679 et
1158 2623 1470 2681 excitatum
1494 2623 1644 2679 nihil

269 2728 295 2760 α
325 2704 621 2778 cooperari
644 2702 1007 2761 assentiendo
1036 2706 1150 2761 Deo
1167 2704 1459 2769 excitanti,
1481 2710 1646 2776 atque

267 2809 293 2841 α
323 2788 600 2851 moventi,
632 2803 743 2859 quo
770 2786 840 2844 ad
871 2784 1245 2844 obtinendam
1279 2787 1646 2861 Justificatio-

266 2893 290 2925 «
324 2871 417 2928 nis
461 2870 711 2947 gratiam
749 2886 809 2928 se
848 2867 1134 2942 disponat,
1192 2885 1253 2926 ac
1304 2872 1582 2943 praeparet
1628 2890 1642 2926 ι

266 2973 292 3005 «
324 2966 508 3025 neque
534 2967 696 3025 posse
722 2950 1045 3018 dissentire,
1076 2949 1126 3005 si
1155 2950 1313 3016 velit,
1338 2950 1435 3007 sed
1466 2949 1644 3007 veluti

270 3032 590 3088 «inanime
635 3029 912 3103 quiddam
962 3029 1114 3086 nihil
1163 3031 1406 3098 omnino
1453 3046 1639 3105 agere,

272 3135 298 3168 α
327 3129 595 3186 mareque
650 3112 876 3186 passive
937 3127 999 3169 se
1048 3110 1280 3182 habere,
1337 3113 1645 3170 anathema

274 3218 300 3249 a
329 3203 487 3327 slltsct?
521 3274 632 3327 Nec
658 3267 935 3326 satisfacit
957 3266 1109 3341 quod
1147 3268 1283 3325 huic
1329 3283 1645 3342 argumen-

271 3357 446 3420 t0,et
488 3348 1032 3408 confirmationibus
1089 3348 1438 3421 respondent
1483 3365 1645 3405 com-

274 3432 528 3488 muniter
549 3430 904 3498 Adversarii,
928 3445 1136 3503 nempe
1157 3428 1300 3485 duas
1324 3429 1531 3502 praecip
1543 3446 1644 3486 uas

275 3514 631 3571 conditiones
678 3512 1072 3586 dispositionis
1121 3511 1370 3587 physicae
1397 3510 1644 3569 deficere

276 3592 488 3650 nostris
520 3591 735 3647 actibus
764 3593 828 3648 in
850 3589 1054 3648 ordine
1083 3591 1155 3647 ad
1194 3591 1445 3665 gratiam
1475 3608 1644 3649 sanc-

273 3671 608 3729 tificantem.
644 3674 711 3726 Et
747 3675 1163 3744 consequenter
1208 3669 1425 3737 dicunt,
1461 3687 1645 3745 neque

270 3772 344 3813 ex
386 3753 639 3810 Concilio
665 3752 1029 3818 TridentinO,
1063 3767 1166 3808 nec
1206 3747 1304 3809 ex'
1331 3754 1463 3810 aliis
1503 3770 1645 3811 con-

271 3836 575 3912 gruentiiS,
603 3842 699 3894 aut
744 3851 941 3893 rerum
990 3836 1350 3892 naturalium
1379 3835 1644 3908 exemplo

274 3918 467 3992 colligi
502 3934 681 3991 posse,
712 3916 861 3990 quod
912 3915 1170 3988 praedicti
1218 3922 1372 3974 actus
1399 3916 1645 3974 debeant

276 4001 682 4073 dispositiones
711 3999 958 4075 physicae
990 3999 1272 4071 appellari
1298 4022 1313 4065 ;
1350 4015 1485 4055 nam
1514 4015 1643 4056 ma-

278 4083 403 4138 lum
425 4096 495 4138 ex
546 4096 902 4153 quocumque
955 4077 1201 4135 defectu.
1233 4079 1430 4136 Prima
1483 4080 1643 4136 enim

277 4161 531 4220 conditio
553 4159 949 4234 dispositionis
972 4160 1220 4234 physicae
1240 4166 1345 4228 est,
1373 4159 1524 4234 quod
1548 4161 1643 4216 ha·

278 4245 406 4302 beat
428 4243 810 4301 necessariam
832 4241 1255 4299 connexionem
1272 4258 1401 4298 cum
1431 4241 1638 4309 forma,

277 4325 350 4382 ad
371 4341 542 4399 quam
570 4324 842 4396 disponit,
874 4337 1113 4395 eamque
1158 4323 1502 4379 naturaliter
1547 4322 1644 4378 in-

279 4407 429 4464 ferat
446 4430 460 4472 ;
492 4405 707 4478 alioqui
731 4403 934 4460 formae
961 4402 1311 4460 introductio
1340 4418 1456 4460 non
1485 4418 1646 4460 revo-

278 4487 506 4545 cabitur
533 4489 596 4543 in
619 4483 1074 4557 dispositionem,
1113 4486 1210 4542 sed
1240 4485 1311 4542 ad
1356 4485 1644 4543 extrinse-

277 4587 403 4628 cam
451 4567 879 4627 ordinationem
940 4567 1179 4642 agentis,
1223 4565 1480 4642 Secunda
1525 4571 1638 4634 est,

275 4651 428 4724 qnod
457 4648 661 4706 afficiat
687 4645 1027 4719 subjectum,
1063 4646 1124 4702 in
1146 4662 1259 4720 quo
1288 4646 1477 4703 forma
1507 4647 1645 4702 reci·

276 4731 465 4805 pitur;
491 4729 660 4786 aliter
674 4727 836 4785 enim
865 4727 1063 4800 nequit
1086 4726 1232 4782 illud
1254 4726 1645 4784 determinare

274 4818 335 4871 et
361 4812 590 4871 trahere
620 4809 691 4867 ad
718 4809 989 4867 formam.
1043 4811 1260 4866 Neutra
1287 4813 1478 4864 autem
1505 4825 1645 4866 con-

277 4893 423 4951 ditio
443 4892 713 4951 convenit
736 4891 949 4948 nostris
991 4889 1211 4947 actibus
1249 4890 1314 4946 in
1343 4887 1548 4946 ordine
1575 4890 1644 4947 ad

275 4974 545 5053 gratiam.
572 4978 702 5034 Non
738 4975 950 5049 prima,
983 4973 1119 5048 quia
1141 4972 1323 5047 posito
1369 4986 1647 5044 quocum-

1779 339 1948 394 DUB.
1988 339 2057 395 V.
3046 347 3157 403 615

1779 528 1890 586 que
1912 517 2037 569 actu
2059 527 2131 570 ex
2160 518 2321 587 parte
2343 519 2559 582 nostra,
2594 519 2775 588 potest
2797 514 2980 572 adhuc
3001 518 3149 574 Deus

1783 595 2136 653 infusionem
2157 597 2361 670 gratiae
2387 597 2761 671 suspendere.
2792 600 2904 655 Nec
2941 614 3147 655 secun-

1783 678 1856 735 da
1881 722 1893 741 .
1943 678 2078 750 quia
2129 679 2314 754 gratia
2370 681 2647 754 recipitur
2699 681 3033 739 immediate
3082 683 3147 738 in

1783 758 2102 817 substantia
2120 760 2330 817 animae
2357 782 2371 816 ε
2395 767 2548 819 actus
2571 768 2763 819 autem
2786 762 3147 835 recipiuntur

1784 841 1849 897 in
1876 840 2163 913 potentiis.

1861 916 1993 980 Hoc,
2028 914 2287 988 inquam,
2333 931 2450 974 non
2480 917 2673 984 refert,
2717 916 2816 974 sed
2868 933 2936 974 ex
2978 916 3144 973 dictis
3172 927 3367 974 contuta-

1783 994 1950 1052 facile
1972 994 2260 1052 refellitur
2288 1017 2300 1053 :
2331 998 2606 1071 quoniam
2653 998 2779 1054 duae
2803 998 2920 1054 illae
2943 997 3144 1054 condi-
3211 983 3292 1023 ω’·

1782 1075 1988 1142 tiones,
2018 1092 2142 1148 quae
2164 1077 2227 1133 in
2248 1077 2353 1133 hac
2377 1078 2645 1135 evasione
2674 1077 3022 1147 reseruntur,
3049 1081 3142 1137 vel
3194 1088 3197 1089 ’

1783 1156 2120 1212 necessariae
2147 1172 2265 1213 non
2292 1155 2519 1213 suntad
2542 1162 2875 1230 conceptum
2898 1157 3147 1231 disposi-
3243 1182 3252 1189 ·

1782 1236 1960 1294 tionis
1999 1238 2264 1309 physicas,
2295 1239 2390 1296 vel
2419 1238 2637 1297 actibus
2685 1242 2896 1297 nostris
2942 1257 3149 1315 super-

1783 1316 2148 1375 naturalibus
2175 1318 2640 1394 praeparantibus
2661 1320 2732 1377 ad
2751 1322 2998 1397 gratiam
3020 1341 3153 1382 con·

1781 1399 2045 1456 veniunt.
2110 1399 2269 1465 Quod
2330 1398 2401 1458 de
2446 1405 2634 1475 prima
2687 1402 3015 1462 conditione
3073 1406 3154 1463 sic

1780 1480 2123 1548 ostenditur,
2149 1482 2285 1554 quia
2307 1496 2425 1538 non
2452 1487 2536 1539 est
2562 1482 2632 1540 de
2657 1491 2926 1557 conceptu
2955 1500 3155 1543 essen-

1781 1561 1908 1618 tiali
1961 1562 2154 1618 omnis
2201 1563 2570 1636 dipositionis
2632 1566 2881 1641 physicae
2939 1567 3153 1626 habere

1729 1684 1732 1687 η
1781 1644 2185 1712 necessariam,
2214 1650 2270 1702 et
2296 1645 2698 1702 omnimodam
2727 1648 3149 1707 connexionem

1780 1740 1911 1781 cum
1927 1723 2135 1791 forma,
2168 1723 2238 1782 ad
2263 1741 2438 1799 quam
2460 1725 2712 1800 disponit
2744 1748 2757 1783 ε
2789 1745 2924 1804 ergo
2944 1745 3016 1786 ex
3043 1730 3150 1788 hoc

1780 1804 1964 1877 capite
2003 1804 2280 1879 denegari
2310 1821 2427 1862 non
2456 1805 2621 1864 debet
2667 1807 2882 1865 actibus
2929 1826 3147 1884 praepa-

1782 1886 2045 1943 rantibus
2074 1886 2144 1945 ad
2165 1886 2657 1960 justificationem,
2684 1888 2833 1963 quod
2879 1891 2997 1947 sint
3023 1890 3146 1948 dis-

1781 1967 2091 2040 positiones
2133 1968 2400 2043 physicae.
2450 1971 2802 2028 Antecedens
2847 1973 3120 2028 suadetur
3184 1961 3331 2012 0⁰³¹&

1779 2049 1915 2120 quia
1960 2048 2023 2105 in
2053 2049 2416 2107 naturalibus
2456 2050 2859 2125 dispositiones
2907 2017 3140 2111 remota}
3155 2019 3362 2112 pgggfgio

1780 2126 1852 2184 ad
1880 2127 2127 2185 sormam
2149 2134 2285 2185 sunt
2301 2146 2435 2188 vere
2449 2130 2851 2203 dispositiones
2868 2132 3135 2206 physicae,
3156 2110 3353 2210 ξιιῗζέἒξξῖ

1779 2214 1836 2266 et
1861 2210 2024 2267 nullo
2046 2211 2217 2269 modo
2238 2214 2524 2278 morales;
2553 2217 2608 2268 et
2634 2217 2830 2269 tamen
2860 2213 3141 2284 praedictae
3171 2208 3341 2300 ²⁵?¹f¹⁶¹{¹·

1778 2289 2181 2363 dispositiones
2204 2309 2321 2350 non
2352 2293 2565 2350 habent
2594 2294 2974 2351 necessariam
3003 2311 3143 2351 con-
3181 2266 3304 2350 ῗηειῗιῖ.

1781 2373 2091 2429 nexionem
2139 2390 2269 2432 cum
2312 2374 2581 2447 praedicta
2607 2375 2797 2432 forma
2822 2393 2834 2428 :
2863 2392 2998 2451 ergo
3025 2391 3155 2433 non

1778 2459 1863 2510 est
1889 2453 1958 2511 de
1983 2460 2251 2528 conceptu
2275 2459 2566 2515 essentiali
2590 2457 2983 2531 dispositionis
3004 2459 3145 2533 phy-

1776 2536 1908 2593 sicae
1925 2536 2133 2595 habere
2161 2542 2540 2597 necessariam
2570 2541 2988 2599 connexionem
3013 2558 3144 2598 cum

1777 2616 1989 2683 forma,
2015 2618 2085 2675 ad
2107 2616 2280 2693 quam
2316 2622 2585 2695 disponit.
2638 2619 2699 2676 1d
2730 2622 2907 2695 liquet
2944 2637 3146 2680 exem-

1778 2697 1927 2771 plis:
1959 2699 2178 2756 etenim
2200 2703 2356 2759 calor
2379 2707 2440 2758 ut
2459 2708 2724 2775 quatuor,
2758 2705 2850 2760 vel
2875 2708 2936 2760 ut
2969 2705 3146 2779 quin-

1777 2795 1905 2853 que,
1952 2781 2207 2856 disponit
2257 2784 2490 2859 physice
2530 2786 2838 2843 materiam
2882 2787 3028 2862 ligni
3075 2786 3145 2845 ad

1777 2861 2029 2921 formam
2061 2865 2247 2941 ignis:
2272 2883 2445 2940 quam
2468 2871 2665 2926 tamen
2711 2868 3006 2927 multoties
3029 2886 3147 2929 non

1779 2944 2017 3013 inducit,
2051 2947 2149 3004 sed
2179 2947 2249 3004 ab
2272 2949 2395 3023 ejus
2421 2952 2869 3022 consequutione
2896 2952 3148 3024 impedi-

1778 3029 1892 3082 tur.
1924 3027 2211 3084 Similiter
2257 3028 2557 3103 dispositio
2586 3031 2922 3103 imperfecta
2950 3035 3148 3107 acqui-

1775 3106 1886 3162 sita
1920 3123 2022 3179 per
2074 3107 2327 3180 aliquem
2376 3115 2564 3167 actum
2612 3111 2845 3176 virtutis
2893 3111 3148 3186 disponit

1778 3187 2010 3261 physice
2040 3186 2109 3243 ad
2138 3191 2553 3262 acquirendum
2584 3195 2818 3250 virtutis
2839 3194 3100 3252 habitum
3128 3218 3142 3262 3

1775 3274 1834 3326 et
1861 3269 2251 3327 nihilominus
2285 3288 2404 3330 non
2431 3290 2657 3347 semper
2699 3276 2876 3332 infert
2906 3273 3145 3350 praedie-

1776 3355 1900 3405 tum
1928 3348 2212 3416 habitum,
2264 3352 2363 3409 sed
2391 3354 2697 3423 evanescit,
2724 3359 2866 3429 quin
2916 3357 3146 3414 habitus
3184 3403 3189 3408 .

1775 3435 2066 3502 sequatur.
2128 3429 2285 3488 Idem
2350 3432 2529 3506 igitur
2572 3437 3145 3509 proportionabiliter

1777 3510 2085 3568 dicendum
2112 3520 2197 3569 est
2218 3511 2287 3571 de
2315 3514 2550 3586 actibus,
2577 3519 2676 3591 qui
2699 3518 2769 3575 ad
2798 3536 3144 3593 comparan-

1777 3591 1917 3649 dum
1955 3591 2217 3649 habitum
2268 3596 2469 3669 gratiae
2509 3599 2916 3656 sanctificantis
2951 3601 3144 3673 dispo-

1779 3679 1943 3742 nunt,
1973 3673 2104 3730 licet
2136 3689 2253 3732 non
2281 3674 2529 3732 habeant
2571 3680 2969 3738 omnimodam
3015 3698 3145 3740 con·

1778 3754 2088 3811 nexionem
2142 3771 2271 3811 cum
2328 3756 2447 3813 illo.
2504 3759 2572 3814 Et
2614 3759 2760 3817 ratio
2819 3767 2903 3818 est
2943 3762 3142 3821 eadem

1777 3833 2118 3907 utrobique;
2169 3837 2304 3909 quia
2351 3837 2637 3895 nimirum
2696 3842 2824 3899 licet
2864 3843 3145 3915 praedictae

1775 3917 2179 3989 dispositiones
2207 3919 2455 3976 formam
2485 3921 2886 3981 infallibiliter
2910 3941 3026 3983 non
3046 3926 3144 3983 in-

1775 3996 2004 4062 ducant,
2038 3997 2346 4054 habilitant
2395 4000 2882 4062 nihilominus-ex
2937 4012 3144 4063 natura

1774 4093 1879 4134 sua
1923 4076 2261 4151 subjectum,
2315 4078 2575 4152 illudque
2622 4081 3034 4154 determinant,
3088 4093 3144 4144 et

1777 4158 2015 4214 trahunt
2056 4157 2125 4214 ad
2174 4158 2377 4216 formae
2428 4165 2932 4236 consequutionem
2984 4184 2996 4219 ε
3042 4168 3142 4239 qui

1775 4238 2009 4296 effectus
2029 4240 2298 4314 physicus
2339 4245 2442 4308 est,
2462 4249 2519 4300 et
2545 4244 2628 4301 eis
2668 4244 3143 4318 dispositionibus

1776 4321 2050 4377 convenit
2089 4320 2492 4380 antecedenter
2536 4324 2606 4380 ad
2635 4319 3021 4385 extrinsecam·
3043 4330 3142 4387 Dei

1776 4402 2227 4459 ordInationem.

1861 4483 1980 4538 115.
2026 4482 2144 4546 Qod
2170 4483 2219 4538 si
2242 4498 2435 4541 sermo
2462 4483 2560 4541 fiat
2580 4485 2649 4543 de
2688 4487 2906 4544 actibus
2937 4492 3142 4549 ultimo

1777 4562 2215 4635 disponentibus
2269 4563 2340 4620 ad
2386 4565 2873 4639 justificationem,
2908 4572 3049 4630 falso
3076 4574 3141 4630 in

1778 4641 1890 4701 hac'
1901 4646 2172 4703 evasione
2191 4648 2554 4719 supponitur,
2574 4650 2724 4722 quod
2749 4667 2865 4709 non
2893 4654 3140 4712 habeant

1775 4727 2196 4785 connexionem
2219 4724 2349 4783 cum
2375 4730 2563 4802 gratia
2610 4730 2680 4788 ad
2733 4750 2905 4806 quam
2947 4734 3140 4808 dispo·

1777 4814 1945 4866 nunt.
1977 4811 2124 4866 Nam
2147 4813 2301 4865 actus
2331 4811 2537 4868 ultimo
2557 4811 2628 4868 ad
2672 4816 3139 4889 justificationem

1778 4887 2144 4961 disponentes
2171 4895 2306 4945 sunt
2330 4891 2622 4961 contritio,
2642 4900 2699 4951 et
2738 4912 2900 4955 amor
2942 4898 3139 4956 chari-

1776 4971 1931 5038 tatis,
1955 4976 2019 5028 ut
2044 4977 2262 5029 constat
2300 4987 2372 5030 ex
2411 4972 2686 5034 hactenus
2725 4978 2891 5037 dictis
2931 4981 2994 5038 in
3035 4982 3140 5041 hac
