3647 5753
509 402 622 457 210
718 440 724 445 -

515 579 598 631 tat
624 595 637 629 ε
664 573 763 630 sed
788 590 903 630 non
934 578 1112 647 potest
1151 573 1399 648 intelligi
1428 573 1682 645 operatio
1709 543 1872 629 crea-

436 700 440 703 .
510 661 652 710 turae
675 659 980 726 antequam
1002 653 1364 729 intelligatur
1402 660 1725 710 creaturam
1748 668 1874 727 age·

319 1354 470 1399 cunda.

309 4491 464 4535 Tertia.

512 749 573 791 re
604 756 617 790 :
647 733 797 807 quod
844 735 1125 808 praecipue
1165 737 1400 807 apparet
1427 734 1489 790 in
1517 731 1873 807 operationi-

511 815 616 872 bus
635 816 928 884 vitalibus‚
969 816 1038 874 de
1063 832 1309 890 quarum
1335 815 1557 873 ratione
1576 821 1660 873 est
1682 830 1873 888 proce-

513 897 651 955 dere
690 914 723 954 a
776 898 1064 972 principio
1109 897 1421 955 intrinsem
1461 903 1679 972 agente,
1712 903 1768 954 et
1810 913 1872 954 se

515 983 788 1037 movente
815 1000 828 1036 :
857 995 993 1053 ergo
1031 984 1354 1036 creaturam
1394 994 1515 1036 esse
1549 985 1785 1044 motam,
1815 983 1873 1035 et

515 1061 858 1134 applicatam
882 1061 953 1118 ad
990 1061 1294 1137 agendum,
1323 1061 1518 1133 nequit
1544 1076 1665 1117 esse
1701 1059 1873 1117 effec-

512 1146 603 1197 tus
645 1141 908 1198 formalis
970 1142 1319 1214 operationis
1365 1158 1398 1198 a
1439 1146 1702 1198 creatura
1743 1140 1871 1199 ‘eli-

509 1224 651 1291 citae,
685 1230 900 1297 prouta
927 1227 1040 1281 Deo
1064 1223 1457 1296 dependentis

585 1303 973 1362 confirmatur
1036 1303 1284 1361 secundo
1311 1325 1324 1360 ε
1392 1320 1526 1362 nam
1584 1303 1870 1360 auxilium

508 1384 705 1443 efficax
751 1390 957 1452 movet,
1013 1391 1069 1441 et
1129 1383 1478 1442 determinat
1521 1390 1866 1453 creaturam,

509 1482 627 1524 non
673 1473 994 1537 utcumque,
1044 1465 1143 1523 sed
1203 1465 1533 1527 intrinsece,
1582 1472 1638 1523 et
1684 1465 1871 1523 inhae-

511 1551 725 1613 renter‚
773 1544 1152 1619 relinquendo
1197 1546 1359 1602 illam
1387 1550 1758 1604 immutatam
1805 1547 1870 1603 i'n

510 1628 714 1701 seipsa,
750 1632 810 1683 ut
835 1632 866 1698 g
896 1625 1237 1700 praecedenti
1289 1627 1645 1684 ostendimus
1671 1632 1871 1686 contra

509 1709 734 1765 Scotum
764 1729 776 1764 :
800 1706 897 1764 sed
924 1712 1184 1764 creatura
1215 1708 1507 1765 multoties
1528 1708 1726 1782 nequit
1752 1709 1869 1764 im-

513 1791 732 1848 mutari
774 1790 1086 1847 intrinsece
1112 1805 1212 1864 per
1243 1790 1522 1847 actionem
1567 1806 1597 1846 a
1623 1806 1684 1847 se
1704 1790 1869 1848 elici-

512 1876 630 1929 tam
656 1894 669 1929 :
700 1889 836 1947 ergo
857 1873 1141 1929 auxilium
1170 1871 1363 1929 efficax
1404 1873 1598 1947 nequit
1628 1873 1691 1928 in
1720 1890 1871 1946 prae-

518 1954 667 2011 dicta
716 1955 1047 2028 operatione
1085 1955 1412 2011 consistere.
1446 1953 1729 2011 Probatur
1750 1949 1862 2012 mi·

515 2051 640 2102 nor,
672 2036 806 2107 quia
835 2036 1126 2094 multoties
1164 2041 1425 2091 creatura
1471 2041 1739 2108 operatur
1768 2053 1870 2109 per

511 2114 792 2171 actionem
834 2115 1156 2172 formaliter
1204 2120 1617 2182 transeuntem,
1662 2124 1717 2174 et
1744 2134 1870 2190 quae

509 2197 572 2252 in
603 2213 764 2269 passo
785 2198 1098 2254 intrinsece
1126 2197 1417 2270 recipitur,
1454 2204 1514 2253 ut
1535 2198 1703 2256 modo
1728 2216 1869 2273 sup-

510 2278 779 2350 ponimus
798 2288 868 2334 ex
920 2279 991 2333 iis
1012 2293 1136 2350 quae
1161 2277 1364 2334 docent
1393 2282 1461 2335 N.
1495 2281 1868 2352 compluten-

507 2363 592 2414 tes
618 2360 678 2413 in
706 2358 797 2414 lib.
830 2358 1048 2430 Physic.
1080 2359 1221 2429 disp.
1276 2359 1358 2424 17,
1402 2367 1583 2435 quast.
1627 2360 1663 2414 4
1690 2384 1703 2427 ;
1731 2376 1869 2435 ergo

509 2442 771 2495 creatura
794 2439 1085 2495 multoties
1114 2438 1531 2510 nequitmutari
1557 2439 1868 2498 intrinsece

513 2535 613 2590 per
635 2519 915 2575 actionem
946 2535 979 2575 a
1012 2535 1071 2574 se
1092 2520 1342 2575 elicitam
1370 2542 1384 2585 ;
1430 2519 1687 2590 implicat
1706 2521 1866 2576 enirn

509 2600 822 2675 subjectum
874 2600 1172 2656 immutari
1236 2601 1546 2656 intrinsece
1610 2615 1710 2672 per
1782 2601 1862 2670 id,

508 2682 657 2755 quod
687 2698 804 2738 non
839 2682 898 2737 in
926 2698 1012 2748 ρο,
1037 2680 1132 2737 sed
1179 2682 1239 2737 in
1281 2682 1395 2738 alio
1442 2682 1750 2739 intrinsece
1771 2699 1867 2740 re-

511 2764 749 2836 peritur.
1486 2762 1490 2766 ’

583 2845 652 2900 Et
682 2847 917 2917 urgetur
961 2841 1229 2915 ampliuS,
1260 2843 1535 2915 quoniam
1567 2843 1866 2902 necessitas

509 2923 760 2998 ponendi
789 2940 1127 2981 concursum
1158 2924 1255 2981 Dei
1281 2926 1583 2997 praevium,
1613 2931 1668 2982 et
1687 2925 1866 2983 effica-

504 3024 649 3075 cem,
682 3005 957 3063 fundatur
1001 3008 1063 3063 in
1112 3006 1335 3063 ratione
1375 3008 1667 3064 communi
1702 3009 1863 3064 omni

506 3105 686 3147 causae
749 3089 1009 3145 secundae
1035 3093 1224 3163 agenti
1270 3091 1392 3146 sive
1438 3107 1538 3164 per
1582 3091 1864 3147 actionem

507 3171 945 3236 immanentem,
966 3169 1088 3226 sive
1116 3186 1215 3242 per
1242 3171 1524 3228 actionem
1556 3178 1864 3228 transeun-

500 3256 618 3308 tem
652 3272 665 3307 :
712 3251 869 3323 cujus
912 3250 1142 3325 signum
1187 3255 1288 3316 est,
1319 3250 1467 3323 quod
1509 3252 1671 3307 nulla
1697 3267 1865 3308 causa

505 3330 751 3400 secunda
772 3330 960 3396 datur,
985 3346 1109 3402 quae
1131 3346 1248 3387 non
1275 3336 1435 3405 egeat
1455 3331 1557 3386 tali
1586 3346 1861 3389 concursu

508 3410 578 3471 ad
608 3411 904 3468 actualiter
956 3410 1310 3483 operandum
1347 3432 1359 3466 ε
1402 3427 1536 3486 ergo
1565 3411 1865 3484 praedictus

509 3507 816 3549 concursus
837 3490 1003 3548 debet
1027 3492 1336 3549 consistere
1380 3493 1444 3547 in
1472 3494 1681 3566 aliquo,
1713 3492 1863 3564 quod

503 3572 818 3630 secundum
840 3572 1081 3630 eandem
1106 3572 1672 3646 proportionabiliter
1696 3574 1866 3630 ratio·

503 3668 638 3711 nem
665 3653 1025 3726 dispensetur
1052 3654 1212 3711 omni
1238 3670 1418 3711 causae
1444 3654 1701 3711 secundae
1726 3676 1738 3711 :
1763 3653 1864 3711 sed

507 3740 759 3808 respectu
776 3751 954 3792 causae
967 3734 1224 3792 secundae
1235 3735 1454 3809 agentis
1471 3751 1570 3808 per
1581 3736 1861 3792 actionem

507 3815 833 3873 formaliter
843 3821 1234 3872 transeuntem
1259 3815 1457 3888 nequit
1476 3815 1784 3872 consistere
1799 3815 1863 3871 in

508 3897 525 3952 i
533 3914 630 3970 psa
639 3898 970 3970 operatione
985 3903 1259 3954 creaturas
1279 3903 1337 3952 ut
1359 3913 1391 3953 a
1408 3899 1521 3954 Deo
1542 3896 1864 3970 dependen-

504 3982 580 4043 te;
603 3976 702 4034 sed
717 3977 974 4033 consistit
987 3977 1049 4033 in
1066 3978 1258 4050 aliquo
1281 3978 1493 4050 praevio
1511 3977 1580 4033 ab
1601 3977 1618 4032 i
1626 3994 1722 4049 psa
1733 3993 1863 4050 ope-

502 4057 725 4114 ratione
743 4057 975 4114 realiter
996 4056 1261 4114 distincto
1284 4078 1296 4112 :
1320 4072 1454 4131 ergo
1476 4073 1580 4114 nec
1606 4062 1859 4130 respectu

501 4152 683 4194 causae
726 4136 989 4195 secundae
1018 4138 1235 4211 agentis
1283 4153 1383 4210 per
1424 4138 1704 4194 actionem
1744 4138 1861 4194 im-

506 4225 840 4276 manentem
862 4219 1121 4276 consistit
1141 4220 1204 4275 in
1230 4217 1560 4293 hujusmodi
1582 4219 1802 4276 actione
1828 4235 1862 4276 a

504 4306 764 4357 creatura
800 4300 1009 4367 elicita,
1061 4299 1160 4356 sed
1224 4300 1287 4357 in
1335 4300 1528 4372 aliquo
1569 4300 1782 4373 praevio
1828 4315 1861 4355 a

503 4383 607 4438 tali
636 4381 857 4438 actione
885 4381 1117 4438 realiter
1137 4379 1423 4437 distincto,

576 4460 963 4521 confirmatur
978 4463 1166 4529 tertio,
1180 4463 1314 4534 quia
1331 4462 1757 4536 praedestinatio
1776 4467 1862 4520 est

500 4550 653 4603 certa
681 4561 797 4603 non
831 4546 954 4602 sola
977 4542 1320 4601 certitudine
1349 4543 1736 4616 praeseientiae‚
1761 4542 1860 4599 sed

497 4628 674 4683 etiam
720 4625 977 4692 efficacis,
1008 4629 1065 4682 et
1091 4624 1424 4680 infallibilis
1467 4622 1817 4681 causalitatis
1841 4647 1857 4691 ς

498 4707 646 4781 quod
671 4707 885 4764 salvari
909 4722 1027 4763 non
1051 4711 1249 4778 potest,
1276 4705 1391 4762 nisi
1409 4704 1600 4762 media
1617 4720 1716 4779 per
1735 4720 1862 4777 quae

500 4787 926 4860 praedestinatio
953 4785 1262 4842 mandatur
1300 4785 1690 4857 exequutioni,
1741 4786 1860 4840 im-

500 4876 726 4942 portent
751 4869 1052 4934 efficacem,
1079 4875 1135 4926 et
1157 4866 1531 4925 infallibilem
1551 4866 1860 4924 causalita-

503 4959 618 5007 tem
644 4966 819 5024 supra
847 4956 1111 5007 nostrum
1158 4964 1522 5015 consensum,
1553 4954 1608 5005 et
1653 4964 1861 5020 opera-

499 5030 683 5090 tiones
711 5036 954 5098 nostras,
989 5036 1048 5087 ut
1073 5030 1330 5087 diximus
1355 5030 1478 5087 dub.
1501 5030 1692 5104 paeced.
1724 5032 1754 5100 ξ
1782 5030 1817 5085 5
1842 5053 1856 5097 3

1539 401 1632 456 DE
1672 401 1941 457 GRATIA
1982 381 2322 456 EFFiCAci.

2003 571 2123 630 sed'
2142 571 2307 646 juxta
2352 571 2503 628 hunc
2545 571 2774 628 dicendi
2805 565 3039 627 modum
3076 579 3365 645 nequeunt
3424 542 3429 546 .

2004 655 2285 730 assignari
2336 654 2603 727 praedicta
2629 653 2819 711 media
2854 675 2866 709 ε
2896 669 3032 728 ergo
3078 655 3210 711 talis
3237 671 3364 713 mo·
3395 659 3412 671 ⁶

2003 735 2110 792 dus
2125 735 2319 809 nequit
2337 735 2562 791 salvare
2577 732 2978 792 certitudinem
2998 734 3364 807 praedestina·

2005 816 2197 884 tioniS,
2218 816 2452 890 ‚qualem
2474 830 2545 872 ex
2574 818 2635 870 D.
2668 814 2874 871 Thom.
2901 816 3020 871 loco
3046 814 3214 872 citato
3231 814 3362 878 des-

2004 898 2329 971 cripsimus,
2362 896 2643 954 Suadetur
2688 896 2916 963 minor;
2949 912 3085 953 nam
3134 897 3197 953 in
3238 897 3362 970 pri-

2003 979 2118 1035 mis
2171 977 2442 1051 praedicta
2488 976 2680 1034 media
2734 983 3025 1050 nequeunt
3075 991 3198 1034 esse
3243 977 3363 1035 sola

2004 1060 2225 1116 auxilia
2271 1058 2640 1126 sufficientia;
2671 1057 2789 1114 haec
2831 1058 3042 1131 quippe
3082 1074 3197 1115 non
3248 1058 3363 1114 im-

2006 1145 2238 1213 portant
2264 1139 2637 1197 infallibilem
2678 1139 3069 1196 causalitatem
3117 1139 3183 1196 in
3227 1155 3364 1213 ope-

2006 1221 2259 1279 rationes
2287 1227 2529 1287 nostras,
2579 1219 2677 1276 sed
2703 1224 2919 1293 queunt
2946 1220 3163 1292 optime
3188 1218 3258 1277 ab
3296 1234 3364 1278 ea

2003 1303 2260 1375 separari
2296 1322 2309 1357 :
2340 1317 2444 1358 nec
2472 1307 2704 1375 possunt
2728 1316 2851 1358 esse
2877 1300 3097 1358 auxilia
3122 1298 3364 1358 efficacia

2004 1382 2076 1438 ab
2098 1382 2451 1440 Authorihus
2476 1398 2616 1456 quos
2637 1383 3062 1458 impugnamus,
3088 1381 3358 1452 adm‘issa3

2006 1481 2143 1522 nam
2196 1482 2325 1523 cum
2368 1465 2429 1521 in
2455 1480 2657 1521 eorum
2685 1464 2960 1538 opinione
3008 1481 3125 1521 non
3152 1464 3362 1522 distin-

2001 1551 2252 1623 guantur
2280 1546 2351 1604 ab
2385 1547 2832 1620 operationibus
2865 1553 3154 1620 nequeunt
3180 1548 3361 1606 ullam

2003 1627 2398 1684 causalitatem
2446 1627 2509 1681 in
2535 1643 2630 1683 eas
2667 1641 2963 1694 exercere;
2994 1631 3080 1683 est
3105 1627 3264 1683 enim
3291 1626 3362 1686 de

2005 1709 2232 1766 ratione
2255 1725 2436 1765 causae
2482 1708 2771 1766 distinctio
2817 1710 2990 1766 realis
3018 1708 3089 1764 ab
3135 1708 3354 1780 effectu,

2005 1794 2066 1846 ut
2090 1788 2395 1846 ostendunt
2417 1791 2482 1845 N.
2501 1790 2928 1862 Complutenses
2949 1791 3008 1845 in
3027 1789 3123 1845 lib.
3139 1789 3355 1863 physic.

2002 1870 2141 1943 disp.
2167 1871 2222 1936 8,
2255 1877 2434 1942 quai-st.
2476 1871 2522 1926 l.

2077 1952 2209 2005 295.
2230 1949 2388 2006 Adde
2405 1949 2613 2022 primo,
2634 1948 2760 2006 ideo
2781 1949 3053 2023 quosdam
3076 1950 3357 2008 Authorcs
3374 1964 3562 2012 urgetur

2001 2033 2346 2106 excogitasse
2372 2033 2695 2104 oppositum
2719 2031 2945 2088 dicendi
2994 2032 3251 2099 modum,
3299 2041 3357 2090 et

2003 2129 2236 2187 negasse
2277 2114 2561 2170 auxilium
2590 2113 2783 2169 efficax
2814 2115 3096 2185 praevium
3127 2116 3358 2172 realiter

2002 2192 2337 2261 distinctum
2386 2193 2457 2250 ab
2502 2194 2833 2266 operatione
2861 2195 3191 2264 voluntatiS,
3224 2197 3358 2267 quia

2001 2274 2410 2331 existimarunt
2449 2291 2548 2347 per
2584 2274 2909 2347 huiusmodi
2938 2276 3221 2332 auxilium
3251 2278 3356 2333 im·

2003 2356 2212 2423 minui,
2262 2358 2355 2413 vel
2403 2356 2674 2429 impediri
2721 2355 2952 2413 arbitrii
3004 2358 3355 2423 libertatem;

1999 2445 2147 2494 esset
2191 2437 2372 2503 enim,
2409 2443 2470 2492 ut
2510 2437 2619 2509 ipsi
2665 2435 3014 2502 discurrunt,
3046 2437 3362 2510 suppositio

2000 2518 2341 2577 antecedens
2404 2519 2801 2576 determinans
2867 2519 3221 2575 voluntatem
3287 2517 3358 2574 ad

2001 2616 2202 2668 unum,
2247 2605 2303 2656 et
2342 2600 2598 2656 inferens
2627 2597 3017 2655 infallibiliter
3056 2598 3176 2671 ejus
3220 2615 3358 2656 con·

1999 2696 2228 2737 sensum
2262 2681 2459 2753 :atqui
2509 2681 2691 2736 multo
2737 2680 2923 2753 majus
2965 2678 3357 2754 praejudicium

1999 2755 2250 2817 infertur
2293 2760 2564 2825 libertati,
2597 2760 2644 2815 si
2673 2760 2895 2816 dicatur
2922 2759 3207 2815 auxilium
3235 2759 3356 2815 effi-

1999 2857 2101 2898 cax
2126 2857 2248 2899 esse
2288 2841 2472 2914 ipsam
2519 2840 2912 2914 operationem
2943 2839 3255 2897 voluntatis
3294 2844 3357 2895 ut

1998 2923 2413 2998 dependentem
2443 2939 2476 2980 a
2502 2926 2615 2980 Deo
2649 2945 2662 2981 ε
2690 2940 2826 2998 ergo
2855 2922 3107 2995 praedicti
3138 2921 3368 2979 Autho-‘

2001 3021 2090 3062 res
2155 3007 2630 3077 inconsequenter
2688 3003 3019 3076 procedunt.
3074 3002 3360 3060 Probatur

1999 3086 2213 3151 minor,
2245 3085 2379 3158 quia
2412 3084 2697 3141 auxilium
2724 3083 2918 3141 efficax
2944 3083 3051 3140 sub
3089 3089 3357 3156 conceptu

1998 3168 2202 3224 auxilii
2233 3167 2564 3240 producitur
2590 3184 2623 3224 a
2657 3168 2778 3224 solo
2807 3168 2938 3235 Deo,
2983 3172 3039 3224 et
3080 3165 3360 3224 antecedit

1998 3248 2286 3305 influxum
2326 3247 2643 3306 voluntatis
2668 3253 2887 3314 creatae,
2921 3246 2989 3304 ad
3018 3247 3122 3304 boc
3147 3247 3359 3320 quippe

1998 3329 2192 3396 datur,
2217 3335 2277 3384 ut
2304 3328 2572 3386 voluntas
2598 3327 2840 3387 influat:
2871 3344 3005 3402 ergo
3033 3328 3080 3383 si
3112 3327 3355 3401 praedic·

1999 3414 2119 3465 tum
2147 3409 2431 3466 auxilium
2453 3408 3045 3466 consistitformaliter
3066 3408 3129 3465 in
3151 3424 3355 3482 opera-

1999 3491 2173 3557 tione,
2197 3491 2463 3547 voluntas
2482 3490 2754 3562 supponit
2773 3505 2937 3545 suam
2961 3490 3352 3562 operationem

1995 3589 2028 3628 a
2053 3573 2165 3628 Deo
2187 3570 2519 3650 productam
2549 3592 2561 3626 :
2585 3587 2719 3644 ergo
2748 3587 2865 3628 non
2895 3571 3246 3643 relinquitur
3268 3571 3354 3627 lo-

1995 3669 2108 3720 cuS,
2136 3657 2197 3708 ut
2217 3654 2485 3710 voluntas
2508 3652 2690 3725 ipsam
2715 3652 2986 3724 producat
3007 3658 3206 3725 :atque
3228 3651 3357 3708 ideo

1996 3738 2190 3789 manet
2229 3730 2503 3805 impedita
2529 3748 2644 3787 non
2682 3733 2871 3788 solum
2902 3736 2962 3787 ut
2995 3736 3124 3806 agat
3151 3730 3350 3797 libere,

1994 3813 2090 3870 sed
2118 3814 2292 3871 etiam
2319 3818 2380 3869 ut
2400 3816 2528 3887 agat
2555 3813 2830 3871 absolute.
2869 3815 2972 3871 Vel
2998 3815 3046 3869 si
3078 3829 3194 3871 non
3223 3811 3355 3872 obs-

1994 3898 2167 3962 tante,
2199 3891 2350 3967 quod
2383 3893 2486 3949 illa
2506 3893 2762 3965 operatio
2789 3899 3143 3966 supponatur
3171 3910 3203 3950 a
3245 3896 3356 3950 Deo

1997 3972 2285 4047 producta,
2319 3972 2447 4030 fieri
2476 3979 2674 4045 potest,
2705 3972 2853 4047 quod
2897 3975 3162 4030 voluntas
3190 3974 3354 4031 illam

1996 4054 2194 4124 libere,
2219 4059 2276 4111 et
2295 4055 2550 4112 vitaliter
2577 4056 2786 4122 eliciat,
2807 4061 3020 4129 quanto
3042 4056 3224 4130 magis
3244 4056 3356 4112 erit

1996 4134 2282 4209 possibile,
2307 4135 2455 4208 quod
2483 4137 2775 4209 supposito
2803 4136 3022 4193 auxilio
3048 4134 3256 4194 efficaci
3283 4135 3356 4191 ab

1993 4216 2323 4291 operatione
2350 4216 2634 4285 distincto,
2661 4218 2928 4275 voluntas
2955 4217 3156 4285 libere,
3177 4222 3234 4274 et
3262 4217 3353 4273 vi-

1995 4299 2186 4354 taliter
2208 4302 2474 4369 operetur
2498 4300 2525 4354 ἰ’

2069 4377 2227 4435 Adde
2251 4377 2520 4444 secund0,
2569 4376 2863 4451 praedictos
2891 4377 3175 4435 Authores
3202 4377 3353 4434 nihil

1995 4458 2057 4514 in
2082 4473 2162 4524 re,
2195 4464 2291 4514 aut
2319 4458 2438 4515 sere
2461 4458 2611 4514 nihil
2633 4458 2783 4514 circa
2805 4458 2908 4514 hoc
2936 4465 3208 4531 punctum
3236 4456 3352 4513 dit-

1994 4538 2146 4596 t'erre
2172 4555 2204 4594 a
2230 4539 2468 4605 Molina,
2499 4545 2556 4595 et
2580 4537 2930 4611 sequacibus
2963 4538 3170 4611 quibus
3210 4538 3355 4594 alias

1995 4618 2245 4677 fatentur
2289 4635 2349 4676 se
2398 4620 2530 4676 totis
2575 4618 2798 4674 viribus
2837 4618 3167 4686 adversari;
3217 4619 3354 4692 qnia

1993 4699 2321 4773 hujusmodi
2351 4699 2632 4757 Authores
2660 4699 2812 4755 nihil
2859 4698 3017 4755 aliud
3053 4716 3231 4773 supra
3256 4716 3354 4756 au·

1992 4781 2137 4839 xilia
2157 4781 2494 4838 sufficientia
2516 4780 2809 4855 adjiciunt,
2831 4780 2942 4837 nisi
2961 4781 3355 4855 operationem

1991 4863 2509 4936 supernaturalem,
2536 4878 2709 4935 quam
2732 4861 2927 4918 dicunt
2956 4863 3135 4934 prius,
3161 4867 3217 4920 et
3248 4862 3357 4918 im·

1993 4944 2298 5002 mediatius
2323 4944 2646 5018 dependere
2684 4961 2717 5001 a
2757 4948 2888 5012 Deo,
2920 4960 3092 5017 quam
3133 4961 3166 5001 a
3204 4960 3359 5002 crea·

1993 5033 2139 5085 tura.
2189 5027 2348 5093 Quod
2395 5032 2577 5085 totum
2632 5025 2945 5083 admittunt
2999 5025 3355 5092 Molinistae;

3037 5105 3354 5165 concedunt

3379 2012 3576 2064 amphus

3396 4397 3537 4449 alajot

3394 4450 3548 4506 condr-

3396 4503 3539 4541 innuo,
