3647 5753
310 1151 458 1203 ment„

247 1963 451 2024 Animad-

267 2024 426 2060 versuo.

284 5069 459 5116 conclu·

336 5119 417 5163 sio.

463 488 580 545 718
1424 498 1517 552 DE
1556 496 1882 552 INFLUXU
1923 493 2375 551 CHARITATIS.

469 676 577 733 pro
617 660 833 717 actibus
878 662 1033 731 fidei,
1092 667 1522 738 misericordiae,
1576 669 1827 743 pietatis,

467 739 824 810 obedientiae,
851 745 1279 818 hospitalitatis,
1324 756 1380 807 et
1408 751 1659 807 aliarum
1699 750 1832 807 vir-

470 828 657 881 tutum
687 826 805 882 vita
831 833 1046 886 aeterna
1068 830 1235 888 nobis
1254 834 1570 906 saepissime
1592 834 1831 906 promit·

468 906 630 975 titur,
664 913 727 963 ut
771 909 966 968 videre
1011 917 1096 970 est
1146 913 1350 973 March.
1392 918 1458 972 10
1484 924 1535 971 et
1572 918 1634 971 12
1659 923 1709 970 et
1730 917 1823 981 25,

470 988 658 1047 Marci
685 991 719 1045 3
744 998 793 1046 et
821 994 870 1059 9,
918 992 1075 1050 Lucae
1104 997 1185 1061 10,
1220 998 1265 1062 1,
1316 998 1391 1053 ad
1446 997 1698 1056 Corinth.
1741 999 1823 1053 15.

470 1070 555 1125 Ex
575 1088 687 1144 quo
717 1073 835 1130 loco
858 1072 915 1129 id
945 1075 1133 1147 ipsum
1155 1076 1315 1135 docet
1341 1081 1663 1136 Concilium
1691 1079 1831 1135 Tri-

470 1151 626 1208 dent.
674 1171 800 1210 sess,
833 1157 887 1220 6,
914 1162 1021 1212 toto
1068 1160 1189 1231 cap.
1232 1161 1313 1227 16,
1346 1159 1416 1218 de
1441 1177 1554 1233 quo
1583 1158 1827 1232 proinde

470 1247 641 1289 nemo
667 1243 751 1289 est
770 1234 868 1306 qui
896 1234 1136 1294 dubitet.
1168 1239 1326 1302 Quod
1349 1226 1483 1316 ergo
1505 1240 1827 1297 indubium

472 1315 770 1381 vertimus,
795 1321 879 1372 est
917 1334 991 1374 an
1019 1320 1347 1394 hujusmodi
1377 1324 1677 1379 charitatis
1707 1323 1829 1379 im-

468 1395 717 1468 perium,
739 1396 1054 1471 relatioque
1074 1402 1138 1457 in
1157 1402 1279 1475 ejus
1305 1402 1481 1469 finem
1506 1406 1829 1461 necessaria

465 1478 586 1534 sint
633 1479 696 1535 in
724 1478 939 1536 actibus
990 1490 1327 1542 caeterarum
1370 1487 1674 1553 virtutum,
1712 1493 1827 1543 tam

468 1559 819 1627 infusarum,
844 1582 1017 1638 quam
1046 1569 1474 1641 acquisitarum,
1506 1576 1566 1627 ut
1594 1570 1829 1627 merito-

469 1641 545 1697 rii
572 1644 689 1698 sint
717 1643 1125 1707 beatitudinis?
1164 1654 1254 1708 An
1283 1668 1420 1710 vero
1447 1652 1517 1710 ad
1563 1651 1622 1709 id
1667 1652 1830 1708 suffi-

466 1722 596 1790 ciat,
628 1723 776 1797 quod
799 1727 1126 1801 hujusmodi
1169 1738 1324 1789 actus
1351 1732 1493 1790 fiant
1519 1751 1552 1790 a
1578 1734 1828 1808 subjecto

468 1805 747 1864 existente
773 1808 836 1865 in
861 1812 1065 1883 gratia,
1099 1814 1327 1872 etiamsi
1356 1815 1628 1889 praedicta
1671 1816 1828 1873 rela-

467 1886 568 1955 tio,
599 1894 655 1944 et
688 1889 1000 1963 imperium
1030 1893 1152 1950 illis
1179 1895 1405 1953 deficiat
1427 1900 1454 1953 P

540 1968 594 2024 2.
631 1971 742 2026 Pro
768 1986 878 2044 quo
906 1972 1089 2030 adhuc
1134 1983 1287 2044 nota,
1318 1976 1467 2050 quod
1508 1980 1590 2048 (ut
1634 1976 1828 2049 expli-

466 2049 692 2105 cuimus
721 2052 779 2105 in
800 2059 961 2110 tract.
988 2056 1051 2110 de
1065 2056 1323 2124 bonitate,
1348 2065 1397 2114 et
1423 2060 1666 2124 matitia,
1692 2059 1823 2114 dist.

466 2131 522 2196 5,
549 2149 585 2186 a
606 2149 761 2188 num.
801 2135 874 2203 l,)
898 2137 1203 2210 tripliciter
1224 2145 1405 2211 potest
1431 2140 1642 2213 aliquis
1668 2145 1830 2196 actus

467 2212 539 2270 ad
562 2211 738 2272 finem
768 2217 1018 2290 aliquem
1065 2221 1315 2278 referri:
1365 2222 1554 2295 primo
1603 2229 1748 2287 actu,
1773 2228 1831 2278 et

468 2292 795 2353 formaliter
820 2319 833 2353 :
856 2300 1105 2358 secundo
1132 2303 1463 2361 virtualiter
1489 2325 1502 2360 ε
1545 2304 1716 2361 tertio
1742 2319 1831 2360 so·

466 2376 591 2433 lum
608 2376 998 2438 habitualiter.
1034 2384 1290 2441 Praesens
1316 2385 1506 2456 itaque
1527 2385 1831 2441 difficultas

469 2472 588 2513 non
618 2460 870 2530 procedit
908 2461 978 2519 de
1024 2463 1128 2520 hac
1175 2466 1478 2537 posteriori
1524 2466 1826 2530 relatione,

468 2540 602 2611 quia
631 2541 710 2596 sic
738 2542 1109 2603 habitualiter
1137 2547 1357 2620 aliquid
1387 2548 1458 2605 ad
1486 2547 1663 2605 finem
1692 2549 1821 2605 cha·

473 2622 659 2677 ritatis
690 2625 894 2681 reterri
921 2627 1070 2682 nihil
1098 2628 1256 2684 aliud
1278 2636 1377 2696 est,
1404 2647 1577 2703 quam
1602 2629 1729 2688 fieri
1759 2630 1832 2687 ab

470 2703 717 2761 habente
737 2705 998 2763 habitum
1019 2708 1317 2767 charitatis
1341 2732 1354 2767 ε
1380 2712 1530 2769 unde
1549 2714 1694 2770 sicut
1714 2730 1832 2770 cer-

472 2789 595 2841 tum
647 2792 752 2852 est,
785 2788 1012 2844 nullum
1067 2794 1280 2847 mereri
1322 2794 1504 2849 vitam
1550 2800 1831 2850 aeternam

471 2865 599 2923 sine
624 2867 826 2939 gratia,
871 2886 995 2942 quae
1042 2873 1363 2931 necessario
1407 2879 1492 2931 est
1530 2875 1832 2948 conjuncta

474 2961 602 3003 cum
627 2946 823 3006 habitu
846 2951 1171 3020 charitatis;
1198 2954 1274 3010 ita
1296 2955 1471 3011 etiam
1488 2962 1570 3012 est
1585 2962 1827 3024 certum,

475 3045 594 3086 non
622 3033 836 3089 mereri
864 3033 1027 3092 illam
1049 3036 1176 3092 sine
1197 3037 1302 3092 hac
1328 3036 1610 3095 habituali
1633 3041 1833 3097 chari-

475 3112 605 3169 tatis
644 3114 941 3174 relatione.
979 3121 1172 3193 Neque
1221 3119 1477 3193 procedit
1526 3119 1833 3179 difficultas

470 3192 541 3250 de
586 3195 777 3266 prima
809 3197 1086 3256 relatione
1136 3201 1344 3258 actuali
1392 3200 1661 3269 formali3
1694 3219 1833 3259 nam

469 3275 644 3330 etiam
675 3276 794 3332 tere
814 3276 962 3349 apud
984 3295 1186 3339 omnes
1211 3286 1431 3339 certum
1458 3287 1561 3342 est.
1593 3288 1649 3338 et
1670 3298 1834 3339 cons·

470 3358 552 3410 tat
573 3370 643 3411 ex
671 3353 835 3412 dictis
858 3374 889 3413 a
918 3359 1083 3418 nobis
1110 3363 1232 3419 loco
1276 3363 1465 3430 citato,
1511 3362 1660 3418 hauc
1712 3380 1831 3421 non

470 3451 698 3508 semper
724 3435 794 3493 ad
817 3440 1090 3498 meritum
1134 3443 1375 3516 requiri.
1410 3443 1673 3501 Procedit
1695 3461 1833 3519 ergo

473 3517 544 3574 de
562 3518 809 3575 secunda
852 3523 1130 3582 relatione
1177 3526 1436 3592 virtuali,
1481 3527 1568 3582 cui
1613 3543 1835 3584 corres-

475 3599 685 3673 pondet
712 3601 958 3661 virtuale
973 3607 1146 3663 etiam
1169 3608 1464 3664 charitatis
1489 3607 1828 3681 imperium,

475 3681 699 3737 ratione
719 3682 804 3755 cuj
815 3700 876 3738 us
897 3685 1002 3741 etsi
1023 3687 1272 3743 charitas
1289 3704 1405 3745 non
1426 3688 1620 3746 eliciat
1642 3695 1834 3746 actum

475 3763 800 3830 formalem,
828 3782 931 3823 nec
952 3766 1276 3827 formaliter
1291 3777 1577 3843 operetur,
1598 3770 1667 3828 de
1689 3771 1837 3831 facto

474 3850 670 3903 tamen
700 3846 887 3919 reipsa
932 3848 1122 3905 influit
1167 3851 1230 3907 in
1276 3868 1416 3924 opus
1464 3854 1835 3912 meritorium

482 3929 703 3986 ratione
730 3931 969 4004 aliqu‘us
991 3938 1144 3988 actus
1172 3935 1457 4001 virtualis,
1489 3936 1588 4009 qui
1612 3936 1684 3993 ab
1714 3938 1836 4011 ipsa

479 4009 773 4076 charitate,
798 4018 854 4068 et
881 4018 1006 4068 actu
1046 4013 1168 4086 ejus
1197 4013 1428 4071 formali
1458 4017 1748 4089 processit,
1781 4025 1839 4076 et

478 4091 675 4164 inquo
697 4093 909 4150 virtute
949 4095 1070 4152 haec
1107 4097 1533 4155 contineantur.
1582 4098 1669 4154 Ad
1698 4117 1836 4158 eum

478 4174 967 4245 proportionalem
991 4175 1248 4239 modum.
1279 4194 1390 4251 quo
1412 4195 1584 4254 agens
1613 4180 1839 4252 princi-

479 4255 606 4326 pale
623 4271 723 4327 per
738 4256 1211 4331 virtutem,quam
1226 4259 1685 4318 ininstrumento
1704 4263 1838 4319 reli-

477 4334 622 4407 quit,
653 4336 847 4394 inssuit
869 4338 1195 4397 virtualiter
1220 4341 1284 4396 in
1306 4340 1586 4413 effectum,
1603 4344 1836 4402 etiamsi

479 4418 811 4491 praedictum
841 4438 1012 4496 agens
1029 4423 1149 4497 jam
1172 4440 1290 4482 nou
1316 4430 1483 4490 extet,
1517 4430 1615 4481 aut
1634 4427 1840 4485 etiam-

474 4499 525 4554 si
548 4499 896 4634 tformaliter,
922 4508 978 4559 et
1004 4503 1338 4563 immediate
1366 4506 1517 4562 nihil
1552 4506 1673 4580 jam
1698 4524 1839 4582 ope-

481 4595 545 4636 re
573 4596 661 4637 ur.

1099 4752 1130 4820 g
1171 4749 1212 4805 1.

556 4892 843 4952 Sententia
872 4894 1124 4967 Anqclici
1145 4895 1401 4955 Doctoris
1421 4897 1758 4971 defenditur.

560 5059 613 5114 3.
644 5057 955 5115 Dicendum
979 5075 1115 5136 ergo
1136 5066 1234 5129 est,
1258 5062 1407 5134 quod
1431 5068 1490 5119 ut
1518 5068 1672 5120 actus
1695 5062 1840 5120 reli-

481 5153 726 5209 quarum
755 5139 1034 5196 virtutum
1074 5143 1190 5198 sint
1232 5141 1606 5199 beatitudinis
1653 5143 1841 5200 meri-

1965 666 2115 734 torii,
2147 666 2357 723 debent
2383 665 2705 723 necessario
2752 680 2784 721 a
2830 662 3111 719 charitate
3138 661 3337 733 impe-

1966 752 2108 817 rari,
2139 755 2195 806 et
2235 749 2306 806 ad
2344 750 2466 824 ejus
2509 749 2685 807 tinem
2733 749 3065 806 virtualiter
3114 750 3328 805 saltem

1966 833 2191 890 reterri.
2243 832 2312 888 Et
2358 832 2707 907 intelligitur
2746 832 3036 888 conclusio
3083 837 3203 887 tam
3261 831 3336 890 de

1964 912 2181 970 actibus
2205 911 2764 985 supernaturalibus,
2795 914 2893 985 qui
2934 913 3256 969 eliciuntur
3296 929 3333 971 a

1963 993 2274 1052 virtutibus
2303 994 2530 1060 infusis,
2562 1010 2735 1067 quam
2775 992 2846 1050 de
2890 994 3011 1049 illis
3037 995 3138 1067 qui
3179 993 3332 1051 fiunt

1963 1076 2034 1134 ab
2064 1076 2368 1149 acquisitis,
2403 1081 2463 1132 ut
2496 1081 2631 1131 sunt
2658 1091 2859 1132 omnes
2899 1083 3057 1132 actus
3099 1075 3331 1133 ordinis

1962 1158 2266 1216 naturalis
2289 1158 2418 1213 Haec
2430 1163 2514 1214 est
2536 1164 2808 1230 perpetuo
2835 1175 3000 1214 mens
3019 1162 3081 1215 D.
3108 1159 3322 1215 Thom.
3341 1152 3524 1247 {fg-ffl-

1965 1244 2024 1294 ut
2064 1244 2281 1296 constat
2319 1254 2391 1295 ex
2429 1238 2792 1295 conclusione
2840 1238 3013 1313 hujus
3065 1240 3322 1296 articuli.
3412 1262 3470 1297 ex

1967 1341 1992 1372 α
2023 1318 2297 1375 Meritum
2329 1319 2458 1374 vitae
2482 1324 2710 1375 aeternze
2735 1318 2925 1390 primo
2961 1320 3211 1392 pertinet
3254 1301 3400 1376 adn·
3423 1301 3520 1347 m

1969 1422 1995 1453 α
2022 1399 2383 1465 charitatem,
2414 1397 2485 1454 ad
2533 1399 2677 1455 alias
2715 1399 2957 1455 virtutes
2983 1400 3328 1457 secundario

1969 1502 1994 1534 α
2023 1478 2339 1537 secundum
2377 1478 2527 1552 quod
2573 1496 2774 1536 earum
2803 1485 2957 1536 actus
2986 1497 3016 1536 a
3045 1482 3331 1539 charitate

1969 1583 1995 1615 α
2026 1562 2407 1634 imperantur.
2441 1580 2466 1611 n
2520 1562 2589 1615 Et
2627 1577 2697 1617 ex
2725 1562 3013 1618 solutione
3042 1561 3111 1618 ad
3139 1565 3194 1630 2,
3223 1562 3327 1619 ubi

1964 1642 2081 1699 ait:
2120 1664 2145 1695 α
2177 1641 2488 1698 Dicendum
2515 1641 2666 1714 quod
2705 1640 2838 1698 fidei
2881 1651 3033 1699 actus
3080 1661 3199 1702 non
3245 1651 3335 1702 est

1969 1748 1994 1779 α
2024 1724 2376 1791 meritoriae,
2430 1725 2542 1781 nisi
2596 1724 2734 1782 fides
2795 1742 2895 1798 per
2956 1725 3328 1785 dilectionem

1969 1830 1994 1862 α
2023 1813 2310 1880 operetur,
2330 1812 2392 1862 ut
2412 1806 2620 1864 dicitur
2643 1807 2712 1864 ad
2741 1809 2924 1865 Galat.
2951 1810 3005 1864 5.
3039 1809 3330 1866 Similiter

1968 1913 1994 1945 α
2023 1891 2197 1947 etiam
2221 1895 2376 1946 actus
2406 1891 2711 1963 patientiae,
2727 1897 2783 1947 et
2807 1891 3183 1955 tortitudinis.
3210 1894 3330 1949 nisi

1967 1995 1992 2027 α
2029 1972 2239 2045 aliquis
2259 1988 2330 2029 ex
2350 1972 2629 2029 charitate
2675 1971 2793 2028 haec
2840 1978 3126 2045 operetur.
3157 1994 3182 2025 n
3210 1974 3327 2030 Ubi

1961 2054 2386 2115 observandum
2425 2059 2529 2119 est,
2560 2054 2707 2125 quod
2760 2058 2905 2129 Ang.
2961 2057 3163 2113 Doctor
3204 2073 3331 2114 non

1963 2144 2186 2197 tantum
2217 2138 2468 2211 loquitur
2495 2136 2564 2193 de
2591 2136 2809 2194 actibus
2835 2139 3115 2194 virtutum
3141 2140 3336 2211 acqui·

1963 2223 2225 2288 sitarum,
2251 2219 2349 2276 sed
2364 2219 2536 2277 etiam
2552 2218 2621 2276 de
2642 2219 2859 2275 actibus
2881 2219 3245 2287 infusarum3
3272 2228 3337 2277 et

1963 2305 2044 2360 ita
2069 2301 2333 2375 opposuit
2368 2302 2700 2373 exemplum
2749 2302 2813 2357 in
2859 2300 2989 2357 fide.
3025 2302 3327 2374 patientia.

1962 2381 2202 2434 etc.Non
2219 2377 2413 2431 minus
2434 2376 2586 2432 clare
2608 2377 2863 2449 loquitur
2879 2378 2945 2430 'de
2963 2375 3326 2454 Veriaquaest.

1962 2462 2055 2525 26,
2082 2467 2192 2516 art.
2218 2461 2273 2526 6,
2310 2457 2407 2514 ubi
2438 2458 2518 2514 ita
2546 2458 2734 2531 inquit
2762 2481 2774 2515 :
2812 2482 2836 2512 «
2863 2460 2959 2515 Isti
2989 2466 3180 2516 autem
3230 2477 3332 2516 ac-

1971 2564 1995 2596 «
2027 2548 2116 2598 tus
2133 2540 2331 2609 »(idest
2357 2555 2558 2595 omnes
2584 2540 2681 2612 qui
2705 2557 2736 2596 a
2766 2542 3058 2599 voluntate
3085 2542 3335 2598 eliciun-

1963 2632 2077 2692 tur,
2106 2627 2194 2682 vel
2226 2624 2609 2696 imperantur)
2637 2646 2662 2677 α
2706 2639 2822 2681 non
2871 2630 3005 2680 sunt
3031 2624 3328 2699 condigni,

1969 2729 1994 2762 «
2025 2707 2186 2780 quasi
2213 2705 2459 2776 pretium
2498 2710 2751 2776 respectu
2780 2706 3179 2774 vitaepaeternae.
3210 2707 3327 2763 nisi

1971 2812 1996 2842 α
2025 2785 2337 2844 secundum
2378 2782 2528 2858 quod
2572 2790 2705 2839 sunt
2745 2786 2949 2858 gratia,
2976 2794 3030 2843 et
3050 2788 3337 2846 charitate

1971 2893 1993 2925 ι(
2027 2867 2365 2926 informati:
2416 2865 2569 2924 unde
2625 2865 2695 2924 ad
2742 2867 2864 2933 hoc,
2910 2867 3056 2941 quod
3117 2871 3337 2944 aliquis

1972 2974 1997 3005 α
2026 2956 2179 3008 actus
2218 2950 2294 3006 sit
2336 2965 2433 3022 per
2461 2965 2521 3004 se
2549 2948 2900 3012 meritorius,
2934 2957 3152 3023 oportet
3178 2951 3335 3025 quod

1971 3056 1995 3086 α
2027 3033 2102 3089 sit
2130 3037 2286 3089 actus
2333 3031 2666 3098 voluntatiS,
2704 3033 2794 3087 vel
2845 3032 3207 3104 imperantiS,
3235 3034 3333 3090 vel

1972 3139 1997 3169 α
2026 3114 2328 3177 elicientis,
2356 3119 2411 3170 et
2437 3113 2651 3170 iterum
2675 3113 2823 3185 quod
2844 3115 3215 3172 sitcharitate
3244 3116 3336 3171 in·

1972 3199 2326 3257 «formatus.
2360 3217 2386 3247 ι)
2427 3199 2630 3252 Actum
2674 3201 2866 3252 autem
2911 3198 3190 3255 charitate
3233 3201 3337 3255 in-

1966 3281 2230 3344 formari,
2264 3277 2414 3335 nihil
2445 3277 2602 3334 aliud
2629 3283 2730 3345 est,
2762 3294 2934 3350 quam
2977 3296 3010 3336 a
3051 3280 3341 3337 charitate

1968 3361 2267 3436 imperari,
2293 3365 2349 3417 et
2376 3359 2446 3416 ad
2474 3359 2595 3433 ejus
2611 3358 2786 3415 finem
2814 3360 3040 3418 referri.
3071 3362 3336 3419 Eandem

1966 3446 2287 3503 doctrinam
2331 3439 2501 3497 habet
2553 3442 2614 3495 in
2653 3442 2708 3506 2,
2758 3442 2886 3498 dist.
2928 3445 3021 3506 40,
3055 3451 3241 3520 quast.
3280 3446 3335 3510 l,

1967 3535 2080 3585 art.
2109 3529 2162 3591 5,
2193 3534 2240 3581 et
2277 3527 2337 3580 in
2378 3525 2429 3590 3,
2459 3525 2590 3580 dise.
2626 3525 2706 3587 18,
2739 3532 2920 3601 quaest.
2963 3526 3007 3587 1,
3034 3533 3144 3581 art.
3176 3528 3213 3580 5
3256 3526 3339 3581 ad

1967 3604 2244 3665 ultimum,
2301 3606 2352 3653 ct
2400 3599 2529 3654 dist.
2575 3599 2663 3666 30,
2721 3606 2901 3676 quaest.
2957 3601 3000 3663 l,
3033 3607 3141 3656 art.
3169 3603 3243 3666 5,
3271 3603 3336 3655 in

1967 3702 2111 3757 corp.
2156 3689 2205 3737 et
2246 3681 2321 3736 acl
2365 3683 2420 3746 5,
2467 3680 2585 3735 ibi:
2638 3681 2866 3735 «Actus
2906 3680 3156 3735 aliarum
3206 3679 3332 3736 vir-

1976 3789 2004 3820 «
2030 3768 2216 3820 tutum
2239 3780 2356 3820 non
2370 3765 2504 3817 sunt
2522 3760 2826 3825 meritorii,
2845 3760 2957 3816 nisi
2977 3760 3333 3833 inquantum

1976 3869 2001 3900 «
2030 3849 2164 3902 sunt
2186 3842 2481 3901 informati
2504 3840 2782 3897 charitate
2811 3862 2823 3896 ε
2866 3841 3012 3895 sicut
3053 3858 3154 3898 nec
3176 3848 3336 3898 actus

1976 3948 2001 3981 α
2030 3928 2313 3984 virtutum
2332 3930 2465 3982 sunt
2493 3922 2830 3988 laudabiles,
2879 3924 2994 3978 nisi
3043 3925 3105 3979 in
3140 3941 3330 3998 quan-

1976 4031 2002 4064 α
2031 4014 2152 4064 tum
2193 4013 2329 4065 sunt
2377 4005 2715 4064 voluntarii.
2781 4007 2863 4060 Ita
2932 4022 3065 4079 ergo
3125 4012 3209 4061 est
3257 4005 3332 4062 de

1974 4112 2000 4144 α
2033 4091 2255 4148 ratione
2276 4095 2430 4146 actus
2458 4086 2744 4146 meritorii
2769 4085 3159 4155 beatitudinis,
3179 4086 3332 4159 quod

1976 4195 2002 4227 α
2032 4172 2379 4230 informetur
2405 4169 2701 4235 charitate,
2734 4176 2789 4224 et
2812 4168 2882 4224 ab
2911 4170 3016 4225 illa
3042 4168 3328 4241 procedat,

1975 4275 2002 4306 «
2031 4253 2176 4309 sicut
2201 4256 2286 4308 est
2311 4249 2381 4307 de
2403 4248 2625 4305 ratione
2648 4253 2801 4305 actus
2820 4248 3149 4311 laudabilis.
3181 4248 3337 4321 quod

1975 4356 2000 4388 α
2032 4335 2106 4390 sit
2156 4332 2537 4392 voluntarius
2574 4352 2598 4382 n
2635 4330 2707 4387 In
2733 4334 2787 4395 4,
2835 4335 3003 4388 etiam
3054 4332 3184 4387 dist.
3236 4333 3334 4398 49,

1970 4423 2202 4495 quaest...
2250 4423 2359 4472 art.
2410 4417 2465 4480 4,
2511 4416 2796 4488 quaestione
2855 4415 2908 4477 3,
2962 4414 3032 4470 de
3081 4414 3340 4486 potentia

1970 4507 2154 4571 quaest.
2183 4501 2237 4566 6,
2269 4506 2378 4555 art.
2405 4499 2440 4553 9
2480 4499 2540 4552 in
2567 4514 2714 4570 corp.
2748 4504 2924 4573 quaest.
2956 4499 3011 4563 2,
3043 4497 3113 4553 de
3136 4513 3340 4568 pecca-

1973 4584 2062 4651 tis,
2106 4590 2216 4640 art.
2278 4584 2314 4637 5
2371 4581 2445 4637 ad
2481 4583 2537 4648 7,
2588 4581 2642 4643 2.
2715 4584 2768 4644 2,
2837 4588 3020 4656 quaest.
3092 4582 3213 4646 182,
3278 4587 3341 4638 et

1971 4666 2112 4724 alibi
2138 4666 2451 4740 saepissime
2480 4664 2702 4736 repetit,
2736 4668 2891 4719 actus
2919 4663 3171 4721 aliarum
3200 4663 3335 4720 vir-

1970 4753 2159 4805 tutum
2199 4764 2315 4806 non
2358 4762 2480 4804 esse
2524 4761 2594 4802 ex
2633 4760 2694 4802 se
2736 4744 3085 4812 meritorios,
3130 4745 3245 4801 nisi
3300 4760 3340 4803 a

1970 4825 2247 4890 charitate
2274 4830 2653 4903 imperentur,
2687 4827 2966 4884 charitate
2996 4827 3333 4884 informen-

1971 4916 2085 4981 tur,
2112 4911 2258 4970 etad
2291 4912 2411 4986 ejus
2438 4908 2616 4967 finem
2642 4911 2848 4965 saltem
2878 4907 3209 4965 virtualiter
3236 4922 3338 4964 re-

1972 4993 2253 5050 serantur.

2049 5069 2159 5124 Per
2208 5064 2357 5141 quod
2390 5066 2617 5123 exclusa
2660 5070 2855 5121 manet
2894 5063 3124 5128 solutio,
3156 5077 3336 5134 quam
3405 5092 3525 5151 1382-

1973 5150 2318 5208 testimoniis
2342 5149 2511 5223 huJus
2534 5148 2762 5204 articuli
2793 5144 3066 5203 adhibent
3106 5146 3339 5202 Monte-
3395 5149 3536 5194 ⁸¹⁸²-

3145 5219 3335 5287 sinus,
