3647 5753
267 1858 422 1900 Secun-

299 1907 398 1949 dum

278 1965 397 2006 argu·

250 2011 443 2049 mentum.

266 2887 423 2943 contir-

268 2941 411 2978 matio.

246 4915 429 5005 ¹²⁰3&

274 4962 426 5103 {⁸310
461 5061 660 5116 solute.
708 5058 873 5114 Ratio
911 5057 1263 5130 disparitatis
1298 5058 1419 5132 jam
1456 5075 1632 5131 supra
1673 5058 1822 5116 insi·-

942 324 1021 413 ὰ

460 445 570 499 416
1391 438 1484 491 DE
1523 438 1551 490 J
1558 433 2053 499 USTIFICATION
2060 431 2104 486 E
2144 431 2349 485 IMPII.

462 614 612 670 taria
640 613 859 687 gratiae,
893 630 994 687 per
1020 606 1192 685 qua‘m
1222 612 1394 669 homo
1421 608 1492 666 ad
1520 612 1701 665 Deum
1728 608 1821 664 ul-

463 695 670 751 timum
719 693 894 752 finem
943 692 1314 750 habitualiter
1359 688 1817 755 convertebatur,

463 780 526 832 ut
548 774 903 834 ostendimus
924 775 1045 832 loco
1072 773 1336 846 proxime
1363 772 1550 829 citato.
1586 772 1823 827 Praeter·

462 873 634 930 quam
666 854 816 928 quod
844 854 1141 912 conversio
1164 852 1476 909 habitualis
1503 849 1575 908 ad
1601 849 1821 906 bonum

463 934 868 992 commutabile
889 950 1006 991 non
1035 933 1205 990 habet
1232 931 1742 997 inordinationem,
1760 933 1825 999 ,et

468 1017 748 1072 rationem
797 1015 1024 1087 peccati,
1069 1014 1183 1069 nisi
1231 1019 1509 1087 quatenus
1554 1015 1826 1068 connotat

465 1094 854 1153 voluntariam
902 1093 1289 1167 privationem
1335 1092 1534 1167 gratiae
1577 1107 1650 1147 ex
1697 1094 1820 1146 actu

466 1174 674 1248 peccati
723 1174 1012 1239 relictam;
1055 1173 1190 1228 hinc
1228 1170 1395 1229 enim
1430 1168 1714 1244 provenit,
1760 1173 1823 1224 ut

465 1272 629 1313 amor
646 1255 782 1312 boni
807 1255 1049 1328 proprii,
1073 1254 1171 1326 qui
1195 1253 1265 1311 de
1278 1269 1338 1310 se
1360 1253 1548 1309 malus
1576 1266 1693 1308 non
1713 1256 1817 1318 est,

463 1335 560 1392 sed
590 1334 946 1401 indifferens,
980 1332 1079 1391 fiat
1105 1332 1477 1391 irreferibilis
1504 1331 1575 1389 ad
1615 1335 1816 1399 Deum,

404 1472 407 1475 .
463 1418 693 1475 etsistat
715 1417 778 1472 in
806 1416 1071 1490 praedicto
1094 1398 1244 1473 bono
1264 1415 1517 1488 proprio,
1545 1419 1819 1504 tanquam

465 1499 528 1554 in
576 1497 779 1554 ultimo
825 1496 959 1554 fine.
1005 1495 1170 1553 Unde
1197 1497 1392 1568 nequit
1432 1512 1494 1552 ea
1522 1494 1820 1552 conversio

464 1580 701 1646 destrui,
735 1579 849 1635 nisi
877 1578 1203 1635 destruatur
1225 1578 1327 1634 illa
1354 1578 1551 1652 gratiae
1573 1576 1821 1650 privatio

463 1678 606 1735 quae,
642 1668 703 1718 ut
729 1661 997 1729 vidimus,
1042 1660 1258 1717 destrui
1287 1676 1403 1717 non
1434 1660 1584 1716 valet
1612 1658 1822 1732 absque

466 1743 869 1800 immutatione
891 1741 1204 1799 intrinseca
1226 1740 1553 1814 peccatoris,

548 1827 669 1882 169.
687 1825 963 1899 Arguitur
982 1822 1248 1889 secundo,
1268 1823 1402 1896 quia
1431 1823 1577 1878 Deus
1601 1838 1716 1881 non
1736 1824 1822 1877 est

462 1906 657 1962 minus
680 1910 877 1977 potens
893 1903 963 1961 ad
980 1900 1390 1961 remittendum
1413 1902 1690 1959 offensam
1707 1900 1818 1957 sibi

463 1987 687 2050 factam,
734 2002 905 2058 quam
928 1985 1140 2041 homo:
1168 1982 1265 2041 sed
1306 1984 1477 2040 homo
1518 1987 1699 2055 potest
1726 1997 1820 2038 re-

460 2068 690 2124 mittere
729 2066 1004 2123 offensam
1045 2064 1155 2121 sibi
1199 2064 1401 2120 factam
1450 2062 1660 2135 absque
1700 2063 1820 2118 ulla

460 2148 804 2206 offendentis
851 2148 1167 2211 mutatione
1211 2168 1225 2202 ε
1273 2163 1407 2220 ergo
1449 2147 1597 2205 Deus,
1642 2148 1821 2217 potest

463 2231 757 2289 remittere
784 2229 1061 2287 offensam
1092 2228 1302 2301 absque
1343 2228 1460 2284 ulla
1502 2228 1821 2287 mutatione

462 2312 825 2384 peccatoris:
875 2310 1029 2383 atqui
1083 2310 1322 2366 remissa
1367 2309 1584 2366 offensa
1643 2312 1822 2364 cessat

460 2398 798 2464 peccatum:
845 2405 980 2463 ergo
1028 2389 1318 2462 possibilis
1374 2394 1459 2446 est
1511 2388 1821 2446 destructio

460 2473 666 2543 peccati
708 2470 916 2542 absque
944 2470 1262 2527 mutatione
1302 2471 1627 2542 peccatoris.
1675 2472 1822 2525 Pro-

459 2549 626 2605 batur
656 2549 870 2613 minor,
896 2548 1029 2621 quia
1060 2565 1159 2620 per
1188 2549 1308 2613 hoc,
1337 2548 1484 2621 quod
1516 2549 1688 2605 homo
1729 2547 1816 2605 of-

460 2626 981 2685 fensusosiendenti
1005 2632 1215 2700 parcat,
1239 2628 1480 2683 remittit
1507 2626 1815 2695 offensam3
1851 2621 1858 2629 '

459 2713 516 2765 et
554 2715 747 2763 tamen
788 2723 857 2763 ex
884 2723 971 2773 eo,
1003 2707 1153 2779 quod
1183 2707 1289 2778 ipsi
1328 2712 1539 2779 parcat,
1572 2708 1726 2763 nihil
1755 2708 1818 2764 in

458 2803 525 2844 eo
553 2785 829 2860 producit,
859 2792 921 2842 ut
940 2803 1011 2843 ex
1032 2803 1093 2843 se
1117 2788 1292 2859 liquet
1319 2804 1508 2862 :erg0,
1541 2794 1645 2844 etc.

533 2866 957 2937 Confirmatur;
1009 2886 1144 2925 nam
1193 2886 1260 2927 eo
1308 2870 1448 2942 ipso,
1481 2869 1631 2944 quod
1671 2872 1819 2927 Deus

460 2957 808 3026 peccatorem
834 2956 1094 3024 acceptet,
1127 2967 1222 3008 seu
1258 2952 1606 3025 praeordinet
1632 2952 1702 3009 ad
1726 2953 1819 3009 vi-

461 3042 578 3091 tam
630 3039 922 3102 aeternam,
974 3033 1287 3090 destruitur
1338 3041 1623 3107 peccatum
1664 3057 1677 3092 ε
1720 3035 1818 3092 sed

464 3121 642 3190 potest
686 3117 832 3172 Deus
874 3116 1061 3188 ipsum
1105 3123 1411 3189 acceptare,
1443 3124 1496 3174 et
1538 3116 1818 3191 praeordi-

461 3214 602 3255 nare
630 3195 699 3254 ad
728 3198 907 3254 vitam
922 3196 1213 3255 'aeternam
1242 3198 1451 3271 absque
1479 3201 1670 3272 aliqua
1697 3202 1819 3275 ejus

460 3280 817 3337 mutatione:
857 3297 992 3355 ergo
1042 3284 1220 3352 potest
1265 3288 1552 3354 peccatum
1598 3281 1816 3340 destrui

459 3362 585 3417 sine
613 3360 805 3432 aliqua
827 3360 1134 3432 peccatoris
1156 3362 1491 3420 mutatione.
1519 3363 1703 3437 Maior
1725 3364 1819 3420 vi-

458 3442 626 3499 detur
653 3448 823 3507 certa,
856 3442 991 3515 quia
1020 3444 1193 3500 homo
1217 3449 1548 3517 acceptatuS,
1580 3452 1633 3502 et
1672 3462 1821 3517 prae—

458 3523 758 3580 ordinatus
780 3523 848 3579 ad
875 3524 1052 3579 vitam
1071 3529 1368 3590 aeternam,
1390 3524 1559 3581 habet
1574 3525 1669 3599 jus
1689 3542 1818 3583 eam

458 3605 836 3678 consequendi
867 3627 879 3662 ε
921 3605 1017 3663 sed
1047 3623 1177 3663 cum
1218 3607 1322 3662 hoc
1356 3607 1488 3680 jure
1517 3623 1634 3664 non
1662 3625 1821 3665 com-

460 3687 675 3758 patitur
704 3693 891 3742 reatus
920 3685 988 3742 ad
1021 3702 1248 3758 poenam
1283 3694 1579 3754 aeternam,
1611 3689 1709 3761 qui
1737 3695 1822 3746 est

461 3767 869 3841 inseparabilis
897 3785 928 3824 a
957 3774 1180 3841 peccato
1208 3789 1220 3823 ε
1245 3785 1380 3842 ergo
1402 3786 1468 3826 eo
1495 3770 1638 3842 ipso,
1670 3770 1818 3843 quod

461 3851 607 3906 Deus
633 3855 892 3921 acceptet,
915 3855 971 3905 et
999 3849 1341 3921 praeordinet
1371 3857 1718 3922 peccatorem
1750 3850 1819 3908 ad

461 3930 639 3987 vitam
686 3936 981 3994 aeternam,
1013 3928 1328 3986 destruitur
1365 3938 1673 4004 peccatum.
1705 3933 1822 3987 Mi-

462 4025 568 4065 nor
608 4007 899 4073 suadetur,
949 4009 1085 4081 quia
1124 4011 1187 4065 in
1235 4011 1508 4066 humanis
1548 4028 1649 4083 per
1692 4012 1815 4081 hoc,

458 4090 604 4164 quod
654 4107 802 4146 unus
852 4090 1026 4145 homo
1073 4097 1339 4163 acceptet,
1370 4097 1425 4147 et
1473 4091 1823 4164 praeordinet

459 4173 704 4228 alterum
728 4170 799 4227 ad
822 4169 1212 4226 haereditatem
1242 4188 1480 4229 suorum
1509 4172 1815 4241 bonorum,

460 4253 609 4310 nihil
656 4254 1040 4310 intrinsecum
1088 4254 1151 4308 in
1192 4270 1260 4310 eo
1289 4255 1469 4327 ponit,
1505 4270 1607 4311 nec
1650 4256 1818 4311 illum

461 4335 730 4390 immutat
755 4355 769 4389 z
798 4349 932 4407 ergo
966 4332 1121 4390 idem
1149 4333 1456 4390 dicendum
1486 4341 1570 4390 est
1595 4334 1666 4392 de
1708 4337 1820 4393 Deo

459 4415 756 4471 hominem
799 4419 1139 4487 acceptante,
1184 4420 1240 4470 et
1281 4414 1705 4486 praeordinante
1751 4416 1821 4472 ad

460 4495 641 4551 vitam
687 4500 988 4551 aeternam.
1031 4493 1190 4558 Quod
1231 4495 1368 4550 satis
1397 4500 1591 4567 aperte
1630 4495 1822 4553 docuit

268 4578 527 4647 D.'1·110.D·
561 4576 766 4632 Thom.
806 4578 823 4631 l
866 4595 927 4649 p.
973 4581 1157 4652 quaest.
1187 4576 1278 4641 23,
1324 4583 1436 4630 art.
1473 4578 1528 4643 2,
1562 4592 1822 4635 asserens

464 4654 1022 4731 praedestinationem
1067 4654 1216 4710 nihil
1247 4670 1459 4728 ponere
1480 4657 1544 4712 in
1574 4657 1820 4730 praedes-

461 4739 662 4805 tinat0‚
708 4753 837 4793 cum
864 4743 1056 4792 tamen
1082 4734 1509 4808 praedestinatio
1537 4737 1702 4795 illam
1727 4755 1821 4795 ac-

458 4819 839 4892 ceptationem
869 4816 1160 4888 importet.

534 4897 619 4953 Ad
649 4903 1055 4990 argumentum
1100 4896 1476 4968 respondetur
1503 4897 1822 4956 omittendo

464 4979 805 5050 praemissa3‚
831 4982 888 5034 et
929 4975 1190 5051 negando
1216 4978 1680 5050 consequentiam
1716 4978 1823 5035 ab-

1958 610 2132 662 nuata
2158 610 2243 662 est
2270 626 2283 660 :
2322 603 2598 677 quoniam
2625 601 2841 674 optime
2872 600 3135 667 cohaeret,
3166 597 3318 671 quod

1958 687 2131 745 homo
2170 687 2418 746 offensus
2462 684 2666 759 diligat
2715 685 2964 741 alterum
3017 682 3319 739 hominem

1957 768 2361 836 offendentem,
2393 772 2449 826 et
2474 767 2700 825 desinat
2739 782 2862 825 esse
2901 765 3013 839 ipsi
3041 763 3312 833 offensus,

1957 850 2089 909 lieet
2127 851 2219 910 hic
2257 856 2488 908 maneat
2514 850 2699 908 adhuc
2726 851 2788 907 in
2819 853 3060 923 peccato,
3104 852 3162 904 et
3187 845 3320 905 odio

1959 938 2332 1005 prosequatur
2348 932 2648 990 offensum.
2666 931 2928 1003 Implicat
2942 935 3152 995 autem,
3167 926 3318 1001 quod

1937 1016 2105 1070 -Deus
2144 1030 2262 1072 non
2308 1015 2383 1071 sit
2429 1014 2695 1072 infensus
2741 1012 3039 1086 peccatori,
3070 1026 3319 1083 eumque

1959 1095 2225 1167 respiciat
2239 1103 2301 1152 ut
2313 1097 2596 1172 objectum
2610 1096 2722 1152 sibi
2739 1093 3130 1152 abominabile
3143 1116 3158 1161 ;
3181 1093 3320 1166 quia

1957 1173 2091 1233 odio
2110 1182 2245 1233 sunt
2275 1179 2386 1235 Deo
2411 1177 2647 1251 impius,
2671 1181 2729 1234 et
2756 1175 3021 1248 impietas
3046 1175 3204 1249 ejus:
3238 1178 3320 1231 at·

1956 1273 2066 1329 que
2092 1257 2221 1315 ideo
2247 1259 2524 1332 implicat,
2556 1258 2705 1334 quod
2743 1262 2893 1315 Deus
2934 1257 3191 1323 remittat
3228 1256 3321 1314 of-

1958 1336 2200 1405 fensam,
2234 1340 2348 1397 nisi
2377 1339 2655 1399 mutando
2680 1340 2977 1397 hominem
3007 1338 3069 1394 in
3096 1338 3316 1411 seipso;

1957 1418 2107 1491 quod
2132 1418 2260 1477 fieri
2291 1436 2409 1479 non
2445 1423 2599 1480 valet
2616 1420 2826 1492 absque
2854 1419 3170 1477 intrinseca
3208 1418 3317 1477 ho-

1957 1502 2138 1559 minis
2183 1505 2520 1571 mutatione,
2565 1510 2628 1561 ut
2670 1519 2743 1561 ex
2792 1518 2855 1559 se
2897 1501 3097 1575 liquet.
3155 1501 3321 1559 Unde

1957 1592 2362 1660 argumentum
2390 1586 2557 1645 debet
2593 1585 2911 1659 retorqueri
2938 1584 3001 1640 in
3029 1584 3319 1641 Adversa-

1959 1666 2109 1734 rios;
2140 1683 2276 1724 nam
2307 1668 2439 1724 licet
2478 1668 2542 1724 in
2571 1666 2842 1724 humanis
2870 1664 3045 1738 possit
3069 1663 3319 1722 offensus

1959 1748 2254 1806 remittere
2282 1749 2560 1824 injuriam
2590 1748 2922 1814 offendenti,
2960 1750 3017 1803 et
3036 1747 3108 1814 ei,
3139 1763 3318 1820 quan·

1957 1833 2081 1883 tum
2101 1835 2186 1884 est
2206 1827 2276 1884 de
2302 1845 2380 1894 se,
2416 1829 2642 1902 pacari;
2669 1828 3056 1885 nihilominus
3084 1827 3198 1883 nisi
3225 1826 3318 1884 oi—

1959 1909 2197 1966 fendens
2213 1915 2465 1968 mutetur
2481 1912 2544 1967 in
2566 1912 2769 1984 seipsO,
2790 1911 2974 1967 adhuc
2990 1914 3317 1983 perseverat

1955 2005 2027 2046 ex
2056 1996 2214 2062 parte
2237 2007 2340 2047 sua
2367 2008 2600 2049 aversus
2622 1991 2692 2049 ab
2713 1990 2949 2055 offenSO,
2979 1997 3037 2047 et
3058 1989 3314 2046 macula-

1958 2077 2047 2126 tus
2069 2076 2289 2143 peccato
2312 2073 2544 2147 injuriae
2561 2072 2834 2130 adversus
2850 2073 3019 2128 illum
3041 2070 3316 2127 commis-

1956 2168 2032 2209 sae
2058 2173 2071 2207 ε
2100 2168 2236 2229 ergo
2261 2154 2499 2210 evidens
2523 2154 2752 2228 signum
2779 2159 2881 2219 est,
2910 2158 3194 2224 peccatum
3219 2150 3319 2207 ha-

1958 2231 2193 2300 bituale,
2243 2239 2301 2290 et
2344 2233 2620 2291 offensam
2668 2232 3022 2290 habitualem
3070 2231 3314 2287 activam

1956 2312 2140 2370 deleri
2190 2331 2308 2372 non
2358 2331 2516 2387 posse
2562 2314 2772 2388 absque
2817 2312 3146 2385 peccatoriS,
3192 2311 3318 2367 sive

1957 2393 2299 2451 offendentis
2322 2395 2726 2452 immutatione
2751 2416 2764 2451 ε
2790 2410 2926 2469 ergo
2956 2393 3108 2450 idem
3139 2408 3170 2447 a
3193 2390 3317 2447 for-

1956 2472 2092 2529 tiori
2139 2473 2444 2530 dicendum
2498 2480 2585 2531 est
2635 2473 2706 2531 de
2758 2479 2979 2547 peccato
3031 2470 3313 2528 habituali

1956 2560 2154 2611 contra
2181 2556 2383 2612 Deum.
2409 2558 2768 2629 Quamquam
2795 2555 2859 2610 in
2887 2552 3093 2611 ordine
3119 2550 3189 2607 ad
3219 2565 3315 2606 re-

1957 2634 2293 2692 missionem
2310 2637 2539 2693 offensae
2556 2637 2811 2708 passivae,
2826 2641 2883 2693 et
2896 2633 3312 2706 depositionem

1956 2713 2072 2771 odii
2096 2714 2261 2770 detur
2289 2715 2612 2773 differentia
2636 2716 2955 2788 assignata3
2981 2728 3115 2768 nam
3141 2712 3318 2769 bomo

1957 2798 2140 2865 potest
2179 2811 2296 2851 non
2318 2793 2504 2850 odisse
2530 2792 2931 2859 offendentem,
2964 2792 3094 2847 licet
3116 2805 3319 2862 perse-

1956 2879 2115 2932 veret
2142 2873 2206 2929 in
2247 2880 2486 2947 peccato,
2513 2872 2633 2930 imo
2661 2873 2723 2930 in
2751 2872 2959 2931 actuali
2991 2871 3318 2929 intentione

1957 2954 2221 3030 peccandi
2255 2976 2267 3010 ε
2299 2957 2445 3012 Deus
2482 2962 2672 3013 autem
2713 2955 2784 3013 ob
2822 2971 3111 3011 summam
3148 2970 3316 3011 suam

1957 3036 2362 3110 perfectionem
2387 3038 2587 3110 nequit
2617 3036 3090 3096 nonabominari
3119 3051 3316 3108 pecca-

1956 3124 2159 3185 torem,
2203 3123 2259 3176 et
2299 3134 2536 3176 manere
2564 3119 2674 3192 ipsi
2716 3118 2999 3185 infensus,
3051 3117 3165 3174 nisi
3192 3118 3314 3191 ipse

1955 3199 2201 3272 deponat
2227 3201 2454 3272 culpam
2482 3200 2809 3266 formalem,
2835 3205 2933 3256 aut
2957 3201 3316 3273 aequivalen-

1953 3286 2070 3338 tem
2092 3283 2213 3355 ejus
2234 3283 2694 3340 retractationem
2712 3306 2727 3351 ;
2750 3299 2875 3356 quae
2889 3288 3083 3340 tamen
3106 3283 3316 3355 impos-

1955 3360 2144 3418 sibilis
2182 3368 2265 3420 est
2293 3362 2505 3436 absque
2548 3363 2739 3437 aliqua
2780 3364 2961 3436 ipsius
3007 3363 3314 3436 pec-catoris

1958 3444 2294 3510 mutatione,
2329 3450 2389 3499 ut
2415 3449 2633 3500 constat
2657 3461 2729 3502 ex
2733 3442 2939 3501 dictis.

2029 3522 2115 3578 Ad
2151 3523 2649 3581 confirmationem
2690 3541 2966 3600 negamus
3012 3524 3309 3614 majorem,
3329 3543 3510 3586 Diluitur

3353 3594 3498 3635 contir-

3362 3642 3498 3685 nlntio.

1956 3603 2115 3677 cujus
2137 3604 2355 3660 falsitas
2375 3603 2672 3662 evidenter
2697 3606 2878 3662 elucet
2903 3609 3026 3660 tum
3050 3604 3112 3660 in
3137 3602 3316 3676 pluri-

1956 3680 2061 3737 bus
2087 3683 2473 3755 peccatoribus
2496 3683 2928 3755 praedestinatis,
2959 3685 3055 3757 qui
3080 3681 3310 3756 accepti,

1956 3769 2012 3820 et
2039 3763 2411 3836 praeordinati
2451 3771 2587 3821 sunt
2612 3765 2682 3822 ad
2711 3766 2890 3822 vitam
2916 3772 3191 3822 aeternam
3217 3788 3232 3831 ;
3262 3770 3318 3822 et

1957 3845 2343 3902 nihilominus
2382 3854 2721 3919 permanent
2759 3847 2829 3904 de
2871 3847 3014 3905 facto
3058 3848 3121 3903 in
3166 3850 3315 3903 statu

1957 3927 2168 3999 peccati
2198 3948 2209 3982 :
2241 3933 2359 3982 tum
2384 3928 2518 4000 quia
2547 3934 2724 4000 potest
2752 3932 2897 3985 Deus
2923 3933 3230 4000 acceptare,
3262 3933 3319 3983 et

1957 4007 2351 4080 praeordinare
2389 4007 2457 4065 ad
2501 4010 2679 4065 vitam
2707 4016 2982 4066 aeternam
3018 4010 3317 4066 hominem

1957 4088 2255 4145 actualiter
2284 4095 2606 4161 peccantem
2632 4114 2647 4158 ;
2677 4105 2846 4162 quem
2877 4096 3069 4146 tamen
3095 4096 3316 4146 certum

1955 4174 2039 4223 est
2066 4173 2198 4226 tunc
2226 4183 2344 4224 non
2370 4185 2490 4226 esse
2517 4170 2801 4226 mundum
2830 4187 2863 4227 a
2890 4176 3126 4243 peccam,
3172 4170 3316 4226 alias

1957 4251 2255 4307 actualiter
2303 4267 2419 4308 non
2471 4259 2738 4325 peccaret.
2789 4252 2875 4308 Ad
2918 4251 3314 4325 probationem

1958 4336 2149 4388 autem
2196 4331 2261 4388 in
2315 4334 2671 4390 contrarium
2721 4331 3112 4406 respondetur,
3168 4332 3316 4404 quod

1958 4413 2088 4469 licet
2112 4412 2365 4484 implicet
2388 4414 2683 4471 hominem
2706 4413 2916 4472 habere
2935 4413 3028 4486 jus
3050 4412 3118 4469 ad
3134 4413 3314 4470 vitam

1957 4501 2232 4550 aeternam
2277 4493 2591 4550 secundum
2630 4494 3084 4568 dispositionem,
3128 4499 3187 4550 et
3223 4492 3319 4550 di-

1955 4577 2232 4651 gnitatem
2253 4576 2655 4645 intrinsecam3
2677 4584 2734 4635 et
2751 4576 2900 4651 quod
2931 4576 3318 4634 nihilominus

1959 4656 2164 4713 habeat
2189 4654 2362 4712 simul
2395 4662 2616 4713 reatum
2645 4657 2715 4713 ad
2745 4673 2972 4731 poenam
3000 4661 3275 4713 aeternam
3301 4680 3315 4714 :

1958 4738 2121 4794 nulla
2142 4744 2333 4795 tamen
2362 4736 2530 4795 datur
2560 4740 2939 4814 repugnantia
2967 4739 3029 4796 in
3055 4754 3137 4806 eo,
3167 4739 3318 4812 quod

1956 4816 2269 4877 secundum
2317 4819 2691 4878 intrinsecam
2757 4819 3193 4893 dispositionem
3246 4820 3320 4876 sit

1959 4913 2139 4971 poenae
2177 4905 2405 4956 aeternae
2451 4898 2752 4966 obnoxius,
2786 4907 2844 4957 et
2868 4898 3185 4957 secundum
3212 4914 3318 4956 ex-

1957 4981 2264 5038 trinsecam
2307 4981 2406 5039 Dei
2452 4981 2881 5039 ordinationem
2923 4982 2999 5037 sit
3037 4981 3108 5038 ad
3135 4981 3317 5038 vitam

1955 5067 2231 5121 aeternam
2248 5064 2474 5134 electus,
2497 5070 2558 5119 ut
2580 5065 2762 5138 patet
2747 5081 2810 5121 m
2824 5064 3108 5136 exemplis
3130 5063 3322 5135 proxi·

3229 5159 3323 5200 me
