3647 5753
245 1645 436 1690 Confuta-

314 1703 394 1740 ω’·
463 1721 645 1779 neque
664 1708 782 1762 suis
800 1707 1100 1785 principiis
1126 1713 1403 1781 cohaeret3
1432 1715 1709 1787 quoniam
1756 1717 1818 1768 ut

478 406 495 460 l
514 407 577 461 12
1493 405 1585 460 DE
1623 404 1897 460 GRATIA
1935 402 2278 459 EFFICACI.

435 577 587 648 ejus
644 582 829 633 actus·
860 577 1246 635 conditionate
1294 578 1514 635 futuros
1566 575 1823 634 absolute

447 658 891 729 „praediffiniant
938 663 1058 725 Quo
1083 666 1242 733 pacto
1262 659 1373 716 sibi
1402 658 1675 717 videntur
1701 659 1822 715 sal-

447 751 621 803 ware,
652 736 801 810 quod
830 737 1250 812 praedestinatio
1293 737 1499 797 habeat
1534 736 1825 796 certitudi-

453 829 600 872 nem
631 834 747 875 non
773 835 845 876 ex
859 820 980 875 sola
998 820 1352 893 praescientia
1372 821 1493 888 Dei,
1524 818 1622 877 sed
1643 820 1820 877 etiam

454 911 533 952 ex
567 903 725 969 parte
752 901 1063 956 voluntatis
1096 900 1329 967 divinae,
1378 917 1502 976 quae
1541 901 1822 958 immuta-

464 974 616 1040 bilis,
660 983 716 1033 et
765 978 1148 1036 efficacissima
1193 985 1277 1037 est
1321 979 1392 1037 ad
1432 979 1819 1037 inducendum

461 1056 690 1112 effectus
710 1058 1097 1117 conditionate
1123 1060 1362 1127 futuros
1394 1067 1449 1118 et
1492 1077 1592 1134 per
1630 1062 1821 1117 scien-

465 1136 603 1192 tiam
633 1137 881 1194 mediam
908 1141 1197 1212 praevisos,
1221 1158 1362 1214 quos
1403 1147 1463 1197 ut
1482 1142 1619 1206 sint,
1652 1140 1821 1198 abso-

465 1217 579 1274 lute
631 1218 901 1278 decernit.
962 1224 1073 1279 Nec
1125 1230 1320 1280 tamen
1372 1224 1476 1281 hoc
1526 1221 1818 1281 decretum

461 1297 654 1354 efficax
674 1315 1039 1375 consequens
1083 1304 1175 1360 vel
1201 1304 1590 1361 concomitans
1638 1304 1819 1362 liber-

462 1378 562 1433 tati
610 1387 938 1439 nostrorum
991 1390 1220 1441 actuum
1275 1384 1626 1459 praejudicat,
1681 1386 1819 1457 quia

455 1461 576 1534 J'am
598 1464 868 1536 supponit
894 1466 1044 1538 ipsos
1085 1466 1549 1525 utconditionate
1594 1468 1822 1526 futuros

460 1558 530 1598 ex
554 1542 734 1601 libera
751 1546 1063 1606 voluntatis
1082 1556 1283 1606 creatae
1304 1547 1810 1608 determinatione.

537 1626 817 1681 Caeterum
848 1643 1029 1700 neque
1050 1629 1157 1687 ista
1200 1632 1493 1704 responsio
1519 1631 1812 1697 satisfacit,

463 1789 892 1861 praedestinatio
946 1795 1022 1850 sit
1084 1802 1234 1853 certa
1291 1796 1634 1854 certitudine
1699 1810 1817 1852 non

461 1869 637 1926 solius
660 1873 1051 1943 praescientiae,
1084 1876 1180 1932 sed
1222 1878 1397 1934 etiam
1441 1877 1810 1942 causalitatis,

464 1951 780 2023 requiritur
806 1953 954 2026 quod
978 1955 1235 2014 absoluta
1265 1959 1362 2026 Dei
1388 1960 1653 2016 voluntas
1679 1972 1817 2014 exe-

461 2034 722 2102 quutioni
746 2035 1053 2093 mandetur
1082 2055 1180 2110 per
1203 2039 1393 2097 media
1421 2038 1817 2097 infallibiliter

461 2116 756 2172 causantia
781 2133 1140 2186 consensum,
1196 2124 1285 2179 vel
1328 2123 1472 2179 alios
1523 2119 1817 2195 praedesti-

462 2196 716 2254 nationis
735 2198 1000 2266 effectus3
1033 2203 1113 2257 ita
1138 2203 1287 2276 quod
1314 2202 1652 2264 infallibilis
1677 2217 1817 2258 con·-

463 2277 633 2334 nexio
661 2279 814 2335 inter
843 2283 1146 2350 auxilium,
1174 2292 1229 2340 et
1243 2301 1583 2342 consensum
1609 2281 1818 2339 funde-

463 2362 554 2412 tur
579 2373 695 2413 non
724 2359 787 2414 in
813 2362 934 2416 sola
957 2364 1312 2434 praescientia
1330 2370 1569 2421 eventus
1612 2362 1812 2428 futuri,

460 2436 558 2492 sed
600 2438 661 2492 in
715 2440 908 2512 aliquo
976 2443 1290 2500 intrinseco
1349 2445 1685 2517 participato
1748 2459 1818 2499 ex

460 2516 725 2586 efficacia,
775 2527 832 2577 et
868 2522 1078 2579 virtute
1116 2522 1330 2581 divinae
1376 2524 1688 2582 voluntatis
1722 2544 1734 2578 :
1765 2528 1820 2579 at

468 2613 565 2668 per
631 2600 751 2667 hoc,
814 2601 963 2672 quod
1028 2606 1174 2659 Deus
1236 2606 1528 2679 supposita
1582 2603 1819 2662 scientia

466 2676 655 2733 media
681 2688 918 2736 eventus
944 2682 1331 2742 conditionate
1371 2685 1573 2751 futuri,
1621 2687 1820 2743 decer-

468 2762 565 2812 nat
600 2758 853 2818 absolute
898 2780 1239 2823 concurrere
1276 2783 1406 2822 cum
1442 2774 1703 2825 creatura
1751 2769 1819 2826 ad

464 2854 827 2903 consensum.
886 2846 1115 2903 nullum
1170 2846 1536 2921 praedicatum
1590 2849 1823 2908 advenit

465 2921 717 2989 auxiliis,
788 2941 888 2997 per
950 2927 1098 2999 quod
1151 2929 1545 2988 infallibiliter
1591 2939 1825 2989 causent

463 3017 821 3092 consensum,
840 3007 1256 3067 infallibilitate
1285 3012 1521 3070 fundata
1539 3014 1600 3069 in
1630 3014 1823 3086 aliquo

465 3084 777 3142 intrinseco
825 3089 1156 3162 participato
1202 3107 1273 3148 ex
1323 3093 1566 3150 efficacia
1612 3092 1823 3150 divinae

468 3167 775 3223 voluntatis
796 3191 809 3234 ;
838 3167 935 3224 sed
951 3175 1065 3228 tota
1085 3173 1361 3230 certitudo
1381 3174 1667 3247 adaequate
1688 3175 1820 3233 fun-

464 3247 633 3303 datur
661 3247 724 3303 in
745 3250 864 3304 sola
888 3252 1242 3322 praescientia
1270 3274 1282 3309 ε
1305 3270 1441 3328 ergo
1462 3255 1607 3311 illud
1627 3255 1827 3314 decre-

467 3336 589 3384 tum
643 3328 987 3396 absolutum,
1046 3338 1168 3405 post
1216 3334 1514 3392 scientiam
1570 3337 1823 3394 mediam

463 3410 897 3481 superveniens,
932 3413 1155 3470 nullam
1185 3430 1393 3474 novam
1423 3417 1823 3476 certitudinem

465 3490 811 3546 causalitatis
830 3492 1039 3564 praebet
1058 3494 1563 3567 praedestinationi,
1584 3498 1680 3555 sed
1696 3515 1823 3556 eam

469 3571 745 3643 relinquit
772 3590 900 3629 cum
922 3576 1039 3632 sola
1071 3578 1436 3649 praescientiae
1462 3581 1822 3638 certitudine.

469 3653 650 3726 Maj0r
677 3660 908 3720 constat,
936 3658 1211 3729 quoniam
1233 3660 1511 3718 certitudo
1533 3662 1828 3734 praedesti-

472 3734 721 3789 nationis
750 3750 864 3791 non
888 3735 1052 3793 debet
1091 3742 1417 3797 mensurari
1448 3758 1548 3815 per
1588 3745 1828 3801 certitu-

470 3812 686 3879 dinem,
712 3821 768 3872 et
789 3816 1340 3878 indefectibilitatem
1359 3823 1458 3880 Dei
1481 3825 1543 3880 in
1565 3824 1823 3892 essendo;

467 3895 565 3952 sed
593 3911 766 3968 penes
810 3896 1287 3957 infallibilitatem
1333 3903 1677 3971 mediorum,
1728 3921 1828 3978 per

467 3995 591 4051 quae
629 3978 840 4044 influit,
889 3985 946 4036 et
992 3997 1093 4052 per
1141 3998 1266 4055 quae
1309 3982 1511 4041 divina
1562 3988 1827 4045 voluntas

466 4059 833 4142 exequutionj
857 4059 1166 4118 mandatur
1186 4085 1199 4128 ;
1230 4064 1372 4119 alias
1386 4066 1664 4124 certitudo
1682 4084 1827 4140 prae-

468 4140 868 4199 destinationis
924 4143 1348 4208 non,differret
1395 4163 1427 4202 a
1475 4149 1828 4206 certitudine

465 4226 789 4280 communis
813 4225 1206 4297 providentiae,
1236 4242 1335 4284 nec
1356 4228 1464 4301 ipsi
1488 4229 1704 4303 aliquid
1726 4248 1826 4287 su—

469 4304 821 4376 peradderet,
849 4305 960 4362 nisi
1001 4304 1070 4361 ad
1096 4322 1390 4363 summum
1417 4309 1822 4368 certitudinem

470 4389 862 4461 praescientiae;
910 4388 1191 4462 siquidem
1239 4406 1440 4446 omnes
1468 4390 1566 4447 alii
1596 4392 1826 4450 effectus

469 4472 777 4543 procedunt
804 4476 977 4533 etiam
1007 4473 1076 4530 ab
1102 4473 1303 4532 eodem
1328 4474 1515 4546 primo
1538 4475 1823 4551 principio

465 4554 704 4611 omnino
745 4557 1063 4615 necessario
1108 4556 1171 4611 in
1222 4553 1461 4611 essendo
1514 4577 1528 4611 ε
1579 4573 1715 4631 ergo
1762 4564 1822 4615 ut

463 4633 885 4705 praedestinatio
904 4634 979 4694 sit
1016 4642 1169 4695 certa
1194 4634 1537 4694 certitudine
1575 4638 1820 4695 causali-

461 4714 609 4780 tatiS,
644 4731 761 4773 non
782 4716 1003 4785 sufficit,
1034 4717 1184 4791 quod
1227 4720 1371 4775 Dens
1397 4718 1536 4774 velit
1565 4718 1820 4778 absolute

461 4801 614 4851 actus
641 4801 882 4865 nostros,
914 4805 968 4856 et
993 4799 1141 4873 quod
1171 4799 1288 4856 haec
1321 4799 1524 4856 volitio
1564 4799 1635 4856 ab
1678 4800 1817 4873 ipsis

458 4876 674 4934 actibus
722 4880 783 4935 in
811 4885 955 4937 statu
1004 4880 1263 4937 absoluto
1310 4887 1812 4954 praesupponatur;

454 4959 551 5017 sed
575 4963 909 5033 requiritur,
955 4965 1105 5037 quod
1128 4964 1392 5039 praedicta
1422 4965 1519 5021 Dei
1549 4967 1815 5023 voluntas

455 5042 674 5117 aliquid
694 5047 1078 5104 communicet
1107 5047 1359 5114 auxiliis,
1389 5064 1490 5120 per
1514 5048 1663 5121 quod
1691 5048 1814 5105 cffi-

1951 573 2162 631 caciam
2188 591 2352 631 suam
2380 573 2682 639 diffundat,
2708 580 2766 631 et
2806 573 2910 630 illa
2948 588 3080 630 cum
3119 571 3316 630 effectu

1953 655 2363 722 infallibiliter,
2394 663 2451 712 et
2468 656 2770 714 causaliter
2791 661 3088 713 connectat
3108 679 3121 722 ;
3147 654 3321 711 aliter

1953 736 2114 793 enim
2167 736 2445 810 relinquit
2482 737 2606 810 ipsa
2646 752 2880 810 prorsus
2921 736 3232 797 invariata,
3262 739 3319 790 et

1953 834 2082 875 cum
2103 819 2224 875 sola
2242 818 2585 876 certitudine
2606 819 2997 893 praescientiae,
3021 834 3195 891 quam
3213 817 3317 874 illa

1955 899 2213 958 absoluta
2239 901 2340 957 Dei
2367 902 2634 958 voluntas
2665 901 2976 974 supponit:
3016 906 3072 957 et
3099 900 3182 955 sic
3222 913 3318 955 re-

1954 978 2133 1036 deunt
2157 995 2358 1037 omnes
2401 980 2867 1055 impugnationes
2892 996 3069 1054 supra
3096 978 3312 1052 positae.

1954 1060 2148 1118 Minor
2166 1060 2340 1119 etiam
2363 1061 2578 1135 liquet:
2612 1066 2736 1118 tum
2765 1062 2902 1135 quia
2928 1061 3033 1118 illa
3061 1059 3319 1116 absoluta

1956 1143 2057 1199 Dei
2079 1143 2343 1200 voluntas
2366 1149 2488 1216 post
2513 1143 2816 1201 scientiam
2843 1141 3097 1200 mediam
3125 1157 3323 1214 super·

1955 1223 2215 1289 venienS,
2246 1228 2471 1280 tantum
2502 1225 2627 1280 vult
2646 1222 3018 1296 exequutioni
3041 1219 3323 1278 mandare

1953 1319 2293 1361 consensum
2314 1310 2578 1361 nostrum
2599 1303 2986 1379 dependenter
3013 1303 3084 1360 ab
3103 1301 3321 1361 eisdem

1953 1400 2187 1458 prorsus
2213 1386 2470 1451 auxiliis,
2503 1385 2608 1442 sub
2630 1385 2838 1459 quibus
2865 1385 3102 1443 scientia
3129 1381 3320 1440 media

1953 1465 2217 1538 praevidit
2237 1482 2578 1524 consensum
2606 1464 2994 1525 conditionate
3017 1465 3277 1522 futurum
3307 1485 3322 1518 ε

1951 1546 2049 1604 sed
2077 1547 2292 1604 auxilia
2311 1546 2415 1604 sub
2441 1547 2650 1621 quibus
2691 1564 3001 1606 consensus
3041 1543 3327 1619 praevide-

1951 1633 2046 1684 tur
2094 1625 2484 1685 conditionate
2534 1628 2786 1695 futurus,
2838 1644 2954 1685 non
3006 1628 3325 1700 important

1953 1707 2127 1763 aliam
2145 1706 2571 1774 certitudinem,
2595 1724 2769 1781 quam
2793 1706 3166 1780 praescientiae
3185 1705 3326 1761 fun—

1952 1786 2098 1843 datae
2121 1786 2182 1842 in
2196 1786 2320 1858 ipsa
2333 1787 2723 1861 suppositione
2739 1786 3071 1844 accidentali
3088 1801 3325 1841 consen-

1950 1883 2046 1923 sus
2065 1865 2450 1925 conditionate
2490 1868 2701 1935 futuri;
2730 1865 3013 1941 siquidem
3055 1865 3322 1938 praedicta

1953 1949 2171 2005 auxilia
2194 1948 2589 2021 praevidentur
2615 1949 2913 2023 conjuncta
2939 1964 3070 2005 cum
3118 1947 3319 2005 effectu

1953 2028 2352 2086 antecedenter
2374 2028 2444 2086 ad
2468 2029 2789 2088 absolutam
2805 2030 2905 2085 Dei
2926 2030 3283 2086 voluntatem
3305 2049 3318 2082 ε

1952 2126 2088 2184 ergo
2113 2126 2214 2183 per
2235 2110 2357 2178 hoc,
2388 2110 2536 2184 quod
2557 2110 2844 2183 supposita
2870 2109 3107 2166 scientia
3128 2106 3320 2165 media

1952 2209 2259 2250 consensus
2278 2194 2662 2252 conditionate
2689 2193 2871 2249 futuri
2896 2196 3039 2249 Deus
3064 2191 3322 2249 absolute

1952 2275 2221 2332 decernat
2246 2291 2590 2334 concurrere
2637 2274 2706 2332 ad
2753 2290 3116 2339 consensum,
3166 2272 3318 2329 nihil

1954 2357 2186 2415 advenit
2208 2358 2490 2432 praedictis
2511 2357 2765 2423 auxiliis»,
2795 2373 2895 2430 per
2915 2355 3063 2429 quod
3083 2361 3319 2411 causent

1953 2444 2125 2508 certo,
2178 2438 2520 2497 certitudine
2568 2438 2937 2503 causalitatiS,
2986 2435 3084 2494 sed
3132 2435 3317 2492 relin-

1953 2525 2208 2593 quuntur
2233 2536 2362 2576 cum
2388 2519 2511 2576 sola
2551 2518 2896 2576 certitudine
2927 2517 3309 2591 praescientiae.

1955 2602 2101 2656 Tum
2122 2602 2317 2666 etiam,
2343 2600 2478 2672 quia
2499 2600 2603 2656 illa
2623 2601 2889 2657 voluntas
2901 2598 3318 2670 superveniens

1956 2696 2073 2737 non
2118 2686 2204 2737 est
2249 2679 2481 2752 praevia,
2534 2678 2631 2736 sed
2678 2678 3103 2744 concomitans;
3150 2682 3319 2749 atque

1955 2759 2085 2817 ideo
2124 2775 2242 2816 non
2291 2760 2518 2834 attingit
2551 2760 2887 2816 immediate
2932 2759 3167 2823 auxilia,
3217 2758 3317 2815 sed

1958 2839 2147 2897 influit
2195 2838 2525 2898 immediate
2569 2840 2633 2897 in
2678 2838 3071 2913 operationem
3119 2858 3133 2893 ε
3179 2852 3319 2912 ergo

1960 2939 2076 2980 non
2104 2922 2372 2978 immutat
2416 2922 2652 2987 auxilia,
2703 2922 2801 2980 sed
2840 2938 2906 2978 ea
2948 2920 3226 2993 relinquit
3251 2919 3316 2975 in

1959 3005 2210 3078 propria,
2252 3009 2308 3061 et
2353 3005 2666 3061 intrinseca
2701 3020 2901 3062 eorum
2950 3001 3316 3060 conditione:

1957 3100 2092 3158 ergo
2120 3085 2233 3141 nisi
2256 3084 2474 3141 auxilia
2500 3084 2616 3140 sint
2642 3099 2713 3140 ex
2731 3100 2811 3149 se,
2848 3088 2903 3140 et
2932 3081 3002 3139 ab
3037 3081 3319 3139 intrinse—

1959 3183 2041 3232 co,
2073 3165 2335 3231 efficacia,
2364 3170 2651 3238 nequeunt
2669 3181 2740 3222 ex
2771 3165 2825 3221 vi
2854 3165 3023 3240 hujus
3043 3180 3320 3237 superveoe

1961 3249 2173 3306 nientis
2193 3248 2505 3305 voluntatis
2532 3246 2776 3306 influere
2800 3251 2953 3305 certo
2974 3245 3319 3304 certitudine

1958 3329 2334 3395 causalitatis;
2363 3327 2461 3385 sed
2507 3329 2695 3385 solum
2736 3327 3029 3385 habebunt
3071 3325 3182 3384 sibi
3211 3325 3319 3382 ad-

1954 3410 2210 3484 junctam
2237 3406 2640 3465 certitudinem
2665 3408 3051 3480 praescientiae.

2041 3492 2163 3548 168.
2205 3492 2453 3566 Urgetur
2464 3490 2567 3548 hoc
2580 3491 2826 3563 amplius
2840 3514 2855 3557 ;
2868 3489 3083 3547 etenim
3098 3489 3192 3546 vel
3213 3488 3317 3546 illa

1961 3736 2133 3801 saria,
2163 3739 2221 3791 ut
2268 3735 2484 3790 auxilia
2531 3740 2757 3791 causent
2785 3733 3198 3805 operationem,
3223 3734 3319 3791 vel

1963 3834 2079 3875 non
2106 3822 2190 3874 est
2213 3816 2531 3873 necessaria
2558 3819 2585 3873 ?
2606 3816 2663 3871 Si
2685 3814 2853 3871 datur
2874 3816 2979 3873 hoc
3000 3816 3270 3871 ultimum
3303 3838 3318 3872 ε

1959 3915 2095 3974 ergo
2148 3898 2414 3971 praedicta
2454 3898 2721 3969 voluntas
2750 3912 2890 3969 pure
2934 3897 3319 3954 concomitan-

1961 3987 2048 4038 ter
2090 3997 2152 4037 se
2202 3978 2371 4037 habet
2415 3978 2486 4037 ad
2540 3979 2774 4045 auxilia,
2819 3984 2876 4035 et
2913 3979 3136 4035 nullam
3176 3978 3320 4052 ipsis

1960 4063 2369 4128 causalitatem,
2412 4061 2736 4126 efficaciam,
2777 4062 2869 4118 vel
2914 4060 3316 4119 certitudinem

1961 4147 2290 4219 impertitur
2316 4171 2328 4213 ;
2357 4151 2413 4203 et
2438 4150 2848 4218 consequenter
2892 4160 3009 4201 non
3039 4143 3313 4217 proderit,

1962 4232 2022 4283 ut
2050 4228 2268 4284 auxilia
2294 4243 2417 4300 quae
2441 4242 2513 4283 ex
2539 4242 2598 4283 se
2623 4228 2812 4283 solum
2839 4222 3126 4281 habebunt
3152 4227 3321 4282 certi·

1959 4307 2219 4365 tudinem
2245 4306 2630 4381 praescientiae,
2659 4306 2905 4363 habeant
2929 4311 3121 4377 postea
3142 4306 3319 4363 certi-

1959 4389 2217 4448 tudinem
2235 4389 2601 4447 causalitatiS.
2628 4389 2687 4444 Si
2715 4395 2903 4446 autem
2925 4389 3170 4462 eligatur
3192 4388 3321 4480 pri·-

1958 4490 2119 4530 mum
2157 4484 2318 4549 :ergo
2366 4470 2630 4546 praedicta
2656 4473 2924 4529 voluntas
2970 4471 3318 4528 recensenda

1955 4563 2040 4614 est
2060 4557 2213 4614 inter
2236 4555 2519 4629 principia
2554 4571 2586 4611 a
2606 4553 2812 4628 quibus
2832 4567 3137 4610 consensus
3165 4569 3318 4626 prae-

1954 4638 2182 4696 videtur
2222 4637 2543 4712 dependere
2567 4638 2631 4693 in
2678 4640 2826 4693 statu
2878 4634 3267 4693 conditionato
3294 4660 3307 4703 ς

1953 4735 2088 4776 nam
2114 4718 2185 4777 ab
2205 4718 2422 4776 eisdem
2446 4715 3138 4792 principiisconditionate
3153 4717 3314 4790 posi·

1952 4802 2025 4858 tis
2038 4801 2319 4875 dependet
2336 4801 2564 4859 effectus
2583 4798 2969 4858 conditionate
2989 4799 3218 4856 futurus
3239 4824 3252 4866 ;
3279 4817 3312 4856 a

1948 4883 2415 4957 quibusabsolute
2425 4882 2619 4956 positis
2630 4879 3320 4954 dependeteffectusabso-

1948 4965 2065 5021 lute
2080 4964 2326 5020 futurus.
2358 4962 2522 5020 Unde
2534 4960 2814 5036 objectum
2843 4959 3095 5027 scientiae
3108 4957 3316 5017 mediae

1945 5048 2026 5104 sic
2062 5045 2434 5105 formandum
2468 5046 2609 5104 erit:
2637 5044 2706 5103 Si
2739 5043 3305 5101 constituar-osterum

3250 5142 3310 5180 m

3351 3490 3517 3547 Umen-

1961 3573 2218 3632 absoluta
2243 3574 2339 3630 Dei
2361 3574 2627 3631 voluntas
2647 3572 2957 3630 decernens
2977 3586 3318 3629 concurrere
3347 3543 3527 3642 ‘fflf

1962 3654 2258 3713 nobiscum
2287 3654 2356 3710 ad
2385 3655 2776 3727 operationem
2814 3659 2897 3709 est
2919 3670 3019 3727 per
3037 3670 3098 3710 se
3119 3668 3318 3710 neces·
3381 3639 3461 3683 ²¹⁰·
