3647 5753
1384 452 1563 508 DISP.
1606 451 1702 521 lv,
1747 453 1917 510 DUB.
1959 456 2028 512 V.

250 631 380 672 sum
410 616 579 674 habet
605 617 933 675 dominium
955 664 970 688 ,
1012 626 1069 678 et
1108 620 1235 678 ideo
1260 622 1358 694 qui
1387 627 1616 679 tenetur

248 713 322 753 ex
348 697 628 755 charitate
667 716 728 756 se
766 706 823 757 et
848 702 1047 758 omnia
1085 719 1187 758 sua
1217 703 1279 758 in
1307 702 1486 760 finem
1513 719 1615 759 su-

252 781 683 851 pernaturalem
711 780 1009 839 efficaciter
1037 783 1287 852 referre,
1334 785 1616 858 praecipue

250 859 418 921 debet
438 861 491 917 ei
513 862 896 921 subordinare
917 864 1246 938 hujusmodi
1275 872 1448 923 actus.
1464 868 1614 922 Tum

249 941 448 1007 etiam,
480 942 616 1015 quia
655 951 714 999 ut
744 944 807 1000 in
837 945 1025 1017 prima
1055 944 1490 1004 confirmatione
1511 962 1615 1019 pro

253 1026 451 1079 nostra
482 1024 705 1080 ratione
745 1024 1094 1093 dicebamus,
1127 1042 1328 1084 omnes
1355 1033 1511 1084 actus
1538 1028 1616 1083 li-

252 1104 437 1171 berOS,
486 1124 625 1180 quos
669 1109 827 1165 elicit
869 1110 1061 1175 homo,
1104 1115 1160 1166 et
1200 1125 1317 1167 non
1384 1111 1615 1184 praecise

253 1192 486 1259 propter
507 1191 706 1254 Deum,
738 1190 1023 1246 convertit
1049 1188 1346 1248 efficaciter
1369 1191 1439 1248 ad
1460 1192 1614 1264 seip—

250 1284 400 1336 sum,
428 1273 483 1324 et
505 1267 575 1323 ad
598 1271 900 1342 proprium
925 1269 1160 1337 bonum,
1182 1272 1305 1329 sive
1324 1289 1395 1330 ex
1418 1288 1616 1330 amore

250 1350 740 1421 concupiscentias,
786 1351 909 1408 sive
934 1367 1007 1407 ex
1034 1352 1293 1408 amicitia
1318 1357 1609 1425 operetur,

247 1443 316 1485 eo
367 1428 516 1501 quod
564 1430 893 1487 amicabilia
933 1432 1004 1488 ad
1044 1432 1295 1489 alterum
1342 1432 1616 1506 (quando

250 1524 414 1565 amor
456 1525 571 1566 non
606 1517 690 1567 est
716 1511 985 1583 charitas)
1013 1528 1242 1585 semper
1269 1514 1517 1570 veniunt
1543 1530 1617 1571 ex

253 1589 654 1647 amicabilibus
700 1590 769 1647 ad
797 1608 858 1648 se
889 1613 903 1648 ε
935 1592 1088 1650 unde
1114 1594 1213 1667 qui
1241 1596 1354 1651 Deo
1380 1592 1487 1649 fini
1515 1610 1616 1650 su-

251 1675 608 1746 pernaturali
659 1674 890 1748 subjicit
947 1675 1246 1734 efficaciter
1312 1677 1567 1749 seipsum
1594 1721 1608 1745 ,

246 1758 652 1830 constituitque
699 1757 943 1830 proinde
984 1763 1168 1816 totum
1195 1774 1365 1815 suum
1397 1757 1616 1815 bonum

250 1838 554 1897 honestum
595 1840 658 1896 in
688 1841 911 1897 ratione
940 1841 1139 1908 medii,
1174 1848 1271 1898 aut
1300 1842 1462 1915 quasi
1491 1857 1618 1898 me-

245 1918 332 1975 dii
377 1919 511 1976 finis
558 1924 652 1978 isti
697 1922 1080 1991 subordinati,
1125 1925 1220 1981 vel
1259 1923 1424 1981 debet
1461 1930 1619 1980 actus

246 2017 380 2057 suos
409 2004 709 2060 moraliter
739 2004 915 2061 bonos
941 2005 1289 2072 formaliter,
1321 2011 1378 2062 et
1405 2005 1618 2062 imme-

247 2082 403 2139 diate
429 2083 498 2139 ad
527 2084 698 2140 illum
746 2086 988 2151 referre,
1047 2091 1109 2142 ut
1153 2086 1293 2142 dum
1344 2092 1618 2159 operatur

250 2163 482 2237 praecise
540 2171 773 2238 propter
829 2168 1042 2240 ipsum,
1086 2169 1179 2224 vel
1236 2167 1287 2223 si
1348 2172 1618 2239 operatur

253 2254 487 2320 propter
530 2247 747 2306 bonum
800 2252 1122 2324 proprium,
1154 2255 1212 2307 et
1258 2254 1490 2322 propter
1515 2265 1577 2305 se
1599 2291 1612 2315 ,

253 2328 420 2385 debet
447 2330 578 2385 illos
605 2330 823 2389 referre
843 2332 1174 2388 virtualiter
1202 2329 1498 2386 mediante
1518 2345 1619 2386 eo·-

152 2478 157 2482 ,
252 2409 386 2467 dem
410 2410 559 2467 bono
588 2412 818 2484 proprio
834 2412 956 2484 jam
987 2413 1186 2469 relato.

77 4535 216 4578 1100ae

120 4584 185 4626 10.

331 2494 683 2551 Antecedens
711 2500 899 2552 autem
941 2494 1215 2551 suadetur
1243 2492 1452 2566 primo,
1484 2491 1620 2565 quia

251 2575 498 2651 diligere
520 2578 700 2633 Deum
721 2577 1021 2634 efficaciter
1041 2582 1098 2633 et
1119 2576 1501 2649 appretiative
1521 2591 1621 2630 su*-

255 2674 357 2731 per
397 2658 615 2724 omnia,
668 2657 737 2715 ad
784 2658 934 2732 quod
975 2659 1366 2731 unusquisque
1393 2661 1621 2713 tenetur

247 2756 321 2797 ex
344 2745 621 2813 praecepto
647 2741 966 2808 charitatis;
998 2756 1115 2797 non
1143 2746 1227 2797 est
1254 2740 1413 2797 aliud
1441 2754 1618 2813 quam

251 2823 432 2880 Deum
479 2821 590 2879 sibi
642 2826 699 2879 et
740 2821 1010 2880 omnibus
1056 2820 1353 2880 efficaciter
1382 2825 1621 2893 antepo-

252 2921 411 2971 nere,
458 2921 575 2962 non
604 2910 927 2978 utcumque,
957 2904 1055 2961 sed
1098 2920 1200 2978 per
1222 2903 1458 2961 modum
1487 2900 1620 2957 finis

252 2985 448 3042 ultimi
489 2985 600 3051 sui,
645 3001 993 3058 suorumque
1034 2984 1329 3051 omnium;
1360 2981 1512 3056 quod
1537 2986 1622 3038 est

251 3083 331 3133 se,
357 3073 413 3124 et
433 3068 630 3124 omnia
656 3084 759 3125 sua
785 3067 1083 3124 efficaciter
1106 3067 1198 3122 illi
1226 3066 1526 3141 subjicere,
1559 3079 1624 3120 ac

250 3147 655 3213 subordinare,
702 3147 1054 3221 proindeque
1099 3148 1298 3204 omnia
1327 3145 1397 3202 ad
1432 3147 1622 3218 ipsum

251 3229 552 3288 efficaciter
582 3230 818 3288 referre.
852 3231 918 3284 Et
947 3228 1077 3286 ideo
1104 3231 1169 3285 D.
1194 3228 1399 3285 Thom.
1444 3241 1625 3297 expo-

255 3328 401 3372 nens
426 3315 481 3378 2,
507 3315 563 3378 2,
589 3320 772 3390 quaest.
798 3314 891 3376 44,
916 3317 1027 3365 art.
1055 3313 1111 3378 4,
1136 3310 1259 3365 vim
1283 3309 1452 3382 hujus
1476 3322 1625 3379 prae—

254 3395 424 3467 cepti,
453 3395 643 3466 inquit
677 3414 690 3448 t
723 3395 868 3449 Deus
894 3398 1079 3446 autem
1106 3397 1181 3446 est
1213 3389 1524 3460 diliyendus
1542 3390 1626 3443 si-

260 3483 349 3532 συί
390 3476 519 3546 finis
556 3473 807 3538 ultimus,
834 3473 909 3527 ad
931 3488 1087 3547 quem
1109 3471 1297 3524 omnia
1323 3477 1454 3525 sunt
1480 3470 1626 3541 refe-

263 3556 453 3612 renda.
504 3556 574 3609 Et
600 3553 662 3609 in
691 3553 797 3610 hac
843 3556 887 3619 l,
924 3557 977 3618 2,
1017 3558 1212 3626 quaest.
1248 3553 1366 3619 100,
1399 3557 1490 3608 art
1524 3554 1623 3609 10:

264 3639 383 3697 Sub
423 3643 680 3711 praecepto
724 3637 1018 3692 charitatis
1044 3637 1369 3700 continetur,
1401 3642 1463 3690 ut
1489 3635 1627 3690 dili-

262 3727 430 3792 9atur
458 3719 605 3775 Deus
630 3734 702 3771 ea>
739 3723 847 3772 toto
891 3717 1064 3782 corde,
1096 3716 1185 3774 ad,
1206 3715 1348 3793 quod
1373 3717 1622 3787 pertinet,

265 3810 326 3858 uc
353 3803 541 3857 omnia
572 3800 889 3872 reserantur
915 3801 976 3853 in
1006 3800 1197 3855 Deum.
1249 3798 1307 3852 Si
1338 3797 1517 3871 igitur
1557 3796 1628 3853 ad

267 3898 525 3940 amorem
567 3881 702 3937 finis
749 3880 981 3946 ultimi,
1031 3884 1088 3935 et
1132 3877 1498 3934 dilectionem
1527 3878 1628 3934 Dei

265 3979 436 4037 super
482 3962 680 4021 omnia
729 3965 942 4033 spectat
993 3965 1054 4015 ut
1106 3959 1171 4015 in
1210 3958 1400 4032 ipsum
1430 3958 1630 4015 omnia

266 4046 384 4102 alia
406 4043 835 4109 ordinentur,et
861 4042 929 4098 ad
952 4042 1121 4097 illum
1147 4046 1630 4113 rerantur,quan-

264 4127 365 4183 diu
389 4125 678 4184 ordinatio
699 4126 826 4192 ista,
853 4130 909 4182 et
947 4123 1152 4181 modus
1179 4122 1468 4180 referendi
1501 4122 1630 4179 fue-

268 4211 345 4266 rit
371 4208 653 4275 inefficax,
676 4212 733 4264 et
760 4222 876 4264 non
897 4223 968 4263 ex
994 4211 1109 4264 toto
1149 4205 1335 4272 corde,
1370 4219 1487 4261 non
1519 4205 1631 4261 erit

265 4290 479 4356 efficax,
530 4293 586 4344 et
610 4303 681 4344 ex
720 4291 835 4344 toto
880 4286 1047 4344 corde
1094 4286 1395 4360 praedictus
1440 4301 1623 4354 amor,

266 4371 413 4426 sicut
463 4373 547 4423 est
592 4369 655 4424 in
684 4371 977 4441 praecepto.

344 4452 560 4510 Deinde
605 4451 710 4507 hoc
753 4449 892 4506 satis
955 4451 1301 4521 expressisse
1359 4448 1631 4505 videntur

270 4534 445 4593 verba
474 4535 597 4599 illa,
629 4549 753 4607 quae
775 4537 1069 4605 ponuntur
1096 4534 1259 4589 Lucae
1290 4532 1353 4587 10
1380 4554 1393 4588 ι
1425 4530 1633 4601 Diliyes

269 4616 571 4675 Dominum
601 4614 776 4671 Deum
803 4622 959 4668 tuum
1005 4631 1076 4668 ex
1120 4621 1227 4668 toto
1253 4613 1409 4669 corde
1435 4620 1546 4676 tua,
1582 4619 1631 4667 et

267 4717 340 4756 ea:
385 4705 499 4754 tota
552 4697 746 4751 anima
788 4703 907 4762 tua,
937 4701 985 4749 et
1011 4712 1083 4750 ecc
1124 4693 1375 4750 omnibus
1419 4691 1633 4748 viribus

270 4783 400 4845 tuis,
432 4787 481 4835 et
502 4795 574 4834 ex
598 4778 749 4833 omni
765 4783 938 4832 mente
958 4783 1075 4841 tua,
1106 4782 1200 4831 etc.
1231 4776 1296 4830 In
1318 4773 1543 4845 quibus,
1571 4778 1633 4848 ut

269 4879 341 4921 ex
367 4878 443 4930 se,
467 4865 525 4918 et
550 4876 622 4917 ex
648 4875 807 4917 sacro
832 4863 1100 4916 contextu
1130 4858 1325 4931 liquet,
1368 4855 1633 4912 contine-

269 4951 366 5001 tur
411 4949 756 5018 praeceptum
808 4942 1123 5009 charitatis,
1163 4944 1221 4997 et
1261 4938 1636 5012 praecipimur

270 5027 452 5082 Deum
477 5023 739 5098 diligere,
768 5037 886 5080 non
911 5027 1237 5095 utcumque,
1268 5019 1368 5076 sed
1395 5018 1502 5075 sub
1529 5019 1636 5075 illa

270 5105 567 5172 totalitate,
592 5122 664 5161 eae
690 5112 798 5186 toto
823 5105 979 5161 corde
1003 5111 1100 5159 etc.
1126 5101 1262 5176 quia
1289 5104 1471 5179 totum
1496 5114 1635 5157 nos-

2998 447 3114 504 759

1745 628 1904 681 trum
1931 641 2047 693 cor,
2072 630 2189 683 tota
2218 626 2437 689 anima,
2463 628 2579 681 tota
2607 637 2771 679 mens
2799 630 3112 690 omnesque

1747 708 1901 765 vires
1959 713 2168 765 nostrae
2225 706 2434 764 debent
2479 701 2973 777 (unumquodque
3008 714 3111 755 suo

1745 787 1938 860 modo)
1976 788 2191 845 divinae
2235 788 2531 845 dilectioni
2556 784 2909 848 incumbere,
2937 795 3111 837 cunc-

1746 873 1914 949 taque
1954 870 2071 927 haec
2091 876 2357 927 tenemur
2385 870 2448 925 in
2477 869 2577 925 Dei
2604 866 2943 939 obsequium
2972 876 3112 918 con—

1744 967 1990 1017 secrare,
2041 958 2326 1023 quatenus
2370 951 2494 1007 sive
2516 949 2684 1007 corde
2712 944 2929 1019 aliquid
2969 943 3111 999 dili-

1745 1049 1968 1108 gamus,
2004 1033 2128 1089 sive
2168 1032 2478 1107 cogitemus
2520 1036 2733 1095 mente,
2766 1030 2889 1085 sive
2929 1026 3011 1091 vi,
3055 1030 3112 1082 et

1747 1110 1947 1170 anima
1998 1113 2279 1170 sensitiva
2319 1111 2537 1184 aliquid
2581 1116 2936 1184 appetamuS,
2987 1106 3111 1163 sive

1745 1194 2176 1268 quomodolibet
2216 1194 2426 1252 mediis
2463 1195 2674 1252 nostris
2721 1191 3012 1264 potentiis,
3056 1191 3114 1245 et

1746 1275 2063 1333 virtutibus
2089 1277 2405 1348 operativis
2433 1274 2591 1331 aliud
2632 1271 2944 1346 quidquam
2972 1284 3111 1326 exe·
3199 1298 3200 1303 κ

1746 1360 2013 1432 quutioni
2066 1358 2430 1423 mandemus,
2481 1355 2649 1413 debet
2695 1354 2889 1413 omnis
2917 1355 3114 1409 nostra

1749 1442 2003 1498 humana
2029 1441 2290 1515 operatio
2315 1456 2388 1497 ex
2436 1440 2536 1496 Dei
2566 1454 2762 1495 amore
2792 1437 2988 1507 aliqua
3015 1449 3114 1489 ra-

1748 1525 1906 1582 tione
1951 1522 2275 1598 procedere,
2307 1527 2363 1579 et
2402 1520 2471 1578 ad
2515 1523 2694 1577 Deum
2723 1525 2998 1591 tanquam
3042 1514 3113 1571 ad

1748 1604 1926 1663 finem
1971 1604 2265 1673 ultimum,
2316 1604 2521 1660 saltem
2568 1600 2899 1680 virtualiter
2950 1596 3114 1655 ordi-

1750 1703 1907 1744 nari.

1822 1769 1914 1824 80.
1961 1769 2257 1838 Potestque
2303 1765 2488 1841 magis
2535 1762 2798 1821 roborari
2845 1766 2961 1817 tota
2996 1760 3321 1849 haecmgemr·

1750 1849 2100 1922 improbatio
2146 1847 2536 1922 responsionis
2578 1847 2749 1918 Vasq.
2796 1851 2852 1901 et
2896 1841 3113 1900 confir—

1750 1931 1902 1987 mari
1932 1930 2115 1987 adhuc
2142 1934 2340 1986 nostra
2388 1929 2554 1985 ratio.
2588 1927 2874 1990 Quoniam
2908 1923 3113 1981 modus

1750 2009 2027 2083 operandi
2067 2011 2131 2066 in
2185 2008 2458 2067 omnibus
2515 2023 2585 2063 ex
2645 2005 2924 2062 charitate
2962 2003 3115 2061 cadit

1749 2088 1860 2145 sub
1885 2096 2161 2163 praecepto
2180 2089 2497 2155 charitatiS,
2531 2088 2610 2143 ita
2634 2091 2696 2142 ut
2715 2087 2813 2158 qui
2840 2101 3115 2142 servave-

1754 2172 1831 2227 rit
1853 2170 1958 2227 hoc
1986 2176 2350 2244 praeceptum,
2383 2185 2488 2226 nec
2514 2166 2949 2241 praetermiserit
2977 2165 3112 2231 alia,

1751 2250 1877 2330 q'uae
1897 2254 1967 2311 ad
1991 2254 2135 2311 illud
2177 2254 2544 2317 ordinantur,
2577 2249 2854 2325 quidquid
2883 2249 3118 2306 honeste
3214 2242 3222 2247 ’

1752 2336 2104 2410 operabitur,
2123 2351 2194 2392 ex
2212 2351 2408 2392 amore
2429 2334 2549 2399 Dei,
2569 2338 2625 2389 et
2647 2338 2880 2405 propter
2903 2331 3113 2402 ipsum,

1751 2420 1957 2475 saltem
1984 2416 2313 2473 virtualiter
2333 2419 2602 2488 operetur
2630 2434 2642 2467 ε
2671 2430 2807 2489 ergo
2829 2410 3117 2469 ordinatio

1753 2505 2086 2557 nostrorum
2137 2494 2365 2555 actuum
2393 2499 2456 2553 in
2484 2495 2662 2553 finem
2701 2498 3119 2568 supernatura-

1754 2582 1890 2647 lem,
1910 2597 2033 2654 quae
2048 2578 2317 2638 caditsub
2335 2582 2628 2651 praecepto,
2649 2582 2702 2634 et
2720 2574 2786 2631 fit
2807 2591 2906 2648 per
2929 2577 3117 2629 actum

1753 2661 2071 2728 charitatis,
2104 2666 2190 2718 est
2215 2659 2509 2717 ordinatio
2544 2659 2761 2723 efficax,
2807 2656 2968 2729 qu'us
2992 2652 3120 2709 vir-

1755 2747 1846 2799 tus
1897 2745 2026 2801 sine
2077 2759 2230 2800 nova
2269 2741 2527 2814 praedicti
2577 2747 2732 2797 actus
2781 2735 3120 2809 repetitione

1754 2822 1920 2882 debet
1948 2839 2124 2898 usque
2147 2822 2217 2882 ad
2233 2832 2446 2881 'eorum
2471 2821 2915 2895 exequutionem
2938 2834 2999 2873 se
3026 2832 3122 2874 ex-

1754 2904 2010 2963 tendere.
2061 2905 2414 2962 Antecedens
2458 2920 2529 2960 ex
2580 2901 2836 2960 dicendis
2881 2918 2917 2955 a
2961 2917 3115 2955 num.

1763 2987 1885 3053 117,
1908 2987 1971 3042 in
1991 2986 2278 3043 solutione
2307 2984 2376 3041 ad
2405 2985 2661 3056 primum
2690 2981 2960 3054 oppositae
2986 2995 3124 3035 sen-

1755 3069 1951 3124 tentiae
1997 3068 2137 3124 satis
2180 3065 2481 3124 constabit.
2517 3064 2939 3130 Consequentia
2985 3076 3124 3118 vero

1757 3150 1956 3221 liquet,
2006 3148 2143 3220 quia
2194 3146 2304 3201 nisi
2356 3144 2649 3202 ordinatio
2696 3145 2817 3208 illa,
2871 3149 2928 3198 et
2969 3144 3124 3198 actus

1757 3228 2056 3285 charitatis
2095 3230 2243 3283 esset
2287 3225 2457 3282 modo
2497 3224 2647 3280 dicto
2686 3223 2900 3286 efficax,
2940 3227 3125 3294 posset

1758 3307 1932 3364 homo
1956 3304 2275 3378 adimplere
2302 3304 2649 3360 sufficienter
2671 3302 2969 3359 charitatis
2985 3316 3125 3373 prae-

1757 3393 2005 3460 ceptum,
2036 3391 2094 3444 et
2127 3392 2323 3443 tamen
2352 3385 2416 3441 in
2444 3384 2708 3457 pluribus
2747 3383 2868 3439 suis
2908 3380 3124 3439 actibus

1759 3483 1879 3525 non
1901 3466 2128 3539 operari
2151 3482 2222 3523 ex
2249 3464 2545 3531 charitate,
2564 3480 2694 3521 cum
2723 3462 2792 3520 ad
2815 3462 2967 3518 hunc
2987 3477 3124 3535 ope-

1762 3546 1932 3605 randi
1960 3545 2195 3602 modum
2227 3545 2290 3600 in
2316 3543 2608 3610 omnibus,
2653 3559 2755 3601 nec
2782 3542 2974 3616 prima
3019 3542 3126 3599 illa

1760 3626 2070 3692 ordinatio,
2098 3626 2431 3698 primusque
2452 3625 2553 3680 ille
2576 3630 2731 3681 actus
2750 3622 3045 3680 charitatis
3065 3637 3127 3679 se

1760 3705 2115 3770 extenderet,
2148 3720 2332 3777 neque
2359 3703 2429 3760 ad
2458 3705 2633 3760 aliam
2671 3702 3120 3767 ordinationem,

1762 3793 2026 3845 actumve
2068 3784 2368 3843 charitatis
2407 3801 2479 3842 ex
2505 3784 2801 3840 charitatis
2849 3788 3125 3856 praecepto

1762 3874 2044 3926 teneatur.
2089 3866 2196 3924 Sed
2231 3865 2302 3923 de
2328 3865 2435 3922 hoc
2474 3866 2644 3938 plura
2682 3864 2937 3920 dicemus
2963 3881 3119 3920 num.

1762 3953 1949 4006 citato,

1839 4038 2097 4103 Qualiter
2139 4051 2278 4093 vero
2323 4033 2613 4092 ordinatio
2652 4033 2861 4106 prima,
2894 4048 3018 4105 quae
3060 4031 3127 4088 fit
3174 4050 3297 4095 uota.

1764 4135 1868 4193 per
1888 4125 2077 4176 actum
2098 4117 2415 4183 charitatiS,
2437 4114 2690 4189 quandiu
2715 4130 2834 4170 non
2859 4117 3125 4171 retracta·

1763 4205 1876 4267 tur,
1910 4200 2278 4257 continuetur
2318 4214 2446 4254 cum
2477 4195 2695 4253 actibus
2722 4193 3124 4267 subsequenti-

1764 4280 1890 4347 bus,
1914 4287 1971 4336 et
1995 4279 2163 4336 duret
2188 4294 2413 4352 semper
2437 4277 2783 4343 virtualiter,
2812 4275 2891 4331 ita
2914 4279 2976 4329 ut
3002 4291 3127 4348 pos·

1762 4362 1840 4417 sit
1885 4362 1948 4417 in
1976 4361 2108 4417 illos
2148 4358 2416 4426 influere,
2446 4358 2704 4415 dicemus
2750 4357 2814 4412 in
2840 4357 3127 4415 solutione

1766 4441 1837 4499 ad
1879 4441 2225 4516 objectiones
2250 4445 2450 4498 contra
2494 4439 2776 4495 rationem
2817 4440 2883 4493 D.
2917 4438 3119 4494 Thom.

1763 4542 1906 4598 quas
1921 4526 2043 4599 J‘am
2070 4522 2490 4598 subjungimus.

1841 4606 1987 4663 Illud
2010 4612 2201 4663 autem
2224 4605 2316 4661 hic
2339 4603 2499 4676 prius
2520 4600 2946 4658 observandum
2969 4602 3132 4659 venit

1765 4689 1843 4760 (et
1870 4704 1986 4745 non
2015 4703 2220 4760 parum
2249 4690 2504 4743 nostram
2529 4683 2926 4749 assertionem,
2954 4689 3010 4740 et
3032 4699 3133 4742 ra·-

1766 4769 1985 4826 tionem
2013 4765 2356 4836 confirmat)
2383 4763 2532 4838 quod
2559 4763 2735 4820 etiam
2758 4762 2905 4835 apud
2937 4763 3132 4835 plures

1765 4865 1838 4906 ex
1884 4847 2251 4913 adversariis,
2296 4843 2597 4900 transactis
2642 4843 2970 4899 formaliter
3004 4848 3130 4899 actu

1765 4930 2084 4995 charitatis,
2131 4934 2188 4986 et
2225 4925 2593 4985 ordinatione
2634 4941 2736 4998 per
2774 4941 2908 4982 eum
2963 4924 3126 4991 facta,

1766 5012 2043 5085 omnique
2088 5015 2212 5067 actu
2253 5008 2567 5065 voluntatis
2592 5012 2864 5072 cessante,
2899 5021 3135 5078 perma-

1769 5099 1868 5152 net
1906 5093 2067 5149 illius
2112 5091 2298 5148 virtus
2338 5105 2439 5163 per
2485 5087 2720 5161 aliquod
2763 5092 3004 5160 tempus,
3050 5087 3131 5145 ita
