3647 5753
1285 379 1694 443 ARTIGULUS
1735 381 1808 436 v1
1851 382 1943 436 ET
1984 384 2104 440 vlt.
3026 397 3135 452 537

349 561 547 619 Prima
577 561 888 617 conclusio:
923 560 994 614 Ut
1035 560 1250 633 impius
1270 561 1632 634 justificetur,

270 644 439 703 debet
464 644 728 701 accedere
755 643 826 700 ad
854 647 1034 700 Deum
1059 660 1159 718 per
1186 643 1555 703 desiderium.

349 726 604 785 Secunda
631 726 944 782 conclusio:
969 724 1055 781 Ad
1083 726 1251 798 impii
1274 726 1638 801 justificatio-

272 825 408 865 nem
439 807 754 881 requiritur
783 812 992 871 motuS,
1024 822 1136 879 quo
1163 806 1474 865 detestetur
1502 825 1635 882 pec-

269 896 478 948 catum.
1093 898 1103 908 ·

741 1034 1059 1077 ARTICULUS
1083 1036 1156 1076 VI.

275 1163 417 1207 Utrum
434 1166 629 1208 remissio
642 1168 907 1219 peccatorum
925 1165 1073 1208 debeat
1090 1165 1306 1208 numerari
1322 1165 1434 1207 iuter
1451 1174 1516 1215 ea,
1543 1173 1635 1217 quar

516 1223 788 1276 requiruntur
812 1222 1226 1274 adjusee'lfralioucm
1246 1222 1382 1275 t'mpi'c'.

316 1345 384 1388 Ad
400 1351 561 1389 sextum
579 1344 642 1388 sic
658 1345 909 1397 proceditur.
930 1345 1125 1397 Videtur,
1143 1343 1253 1398 quod
1272 1343 1464 1389 remissio
1493 1354 1631 1397 peom-

268 1405 402 1462 torum
428 1411 510 1443 non
541 1401 689 1445 debeat
719 1401 923 1446 numerari
956 1401 1066 1445 inter
1095 1410 1158 1451 ca.
1179 1412 1269 1464 quae
1296 1400 1558 1453 requiruntur
1575 1400 1630 1444 ad

265 1455 604 1507 justificationem
623 1457 751 1510 impii.
769 1457 1005 1500 Substantia
1017 1456 1128 1500 enim
1144 1466 1205 1500 ret
1222 1466 1303 1499 non
1317 1461 1632 1500 connumeratur

269 1511 351 1560 iiis.
369 1523 460 1565 quac
477 1513 529 1555 ad
550 1524 634 1558 rem
654 1514 942 1567 requiruntur;
971 1515 1077 1557 sicut
1096 1514 1217 1556 homo
1237 1523 1317 1555 non
1338 1512 1459 1557 debet
1480 1524 1631 1556 conuu-

269 1570 420 1613 merari
453 1571 618 1621 animae.
647 1577 691 1615 et
719 1574 915 1624 corpori:
945 1572 1020 1616 sed
1051 1573 1137 1625 ipsa
1164 1570 1408 1623 justificatio
1434 1571 1548 1624 impii
1566 1578 1632 1615 est

268 1627 461 1671 remissio
481 1634 752 1679 peccatorum.
774 1636 816 1673 ιιι
835 1630 988 1673 dictum
1006 1636 1071 1674 est
1092 1648 1101 1673 :
1119 1639 1220 1682 crgo
1237 1627 1428 1671 remissio
1444 1633 1631 1680 peccato-

267 1693 356 1747 rum
376 1693 458 1725 non
480 1683 604 1727 debet
622 1684 847 1738 computari
868 1686 977 1730 inter
994 1696 1058 1737 ea,
1091 1696 1181 1739 quae
1207 1684 1262 1727 atl
1289 1683 1629 1737 justificationem

268 1740 387 1793 impii
408 1742 685 1793 requiruntur.

313 1798 354 1839 2.
373 1798 608 1842 Praeterea:
629 1798 746 1842 Idem
771 1804 834 1842 cst
852 1798 995 1851 gratim
1015 1798 1182 1851 infusi0,
1200 1803 1240 1843 et
1260 1798 1391 1851 culpae
1410 1799 1599 1844 remissio
1616 1817 1626 1850 ;

262 1853 372 1897 sicut
390 1854 501 1899 idem
519 1860 582 1899 est
597 1855 860 1905 illuminatiO.
874 1862 915 1899 et
929 1852 1191 1899 tenebrarum
1203 1856 1412 1909 expulsio:
1428 1857 1503 1901 scd
1519 1856 1630 1900 idem

264 1919 346 1953 iton
377 1909 501 1955 debet
533 1911 817 1955 connumerari
853 1911 934 1954 sibi
969 1911 1073 1964 ipsi;
1101 1922 1223 1957 unum
1241 1912 1352 1955 euim
1373 1911 1628 1955 multitudini

262 1965 483 2061 tripponiltur
501 1985 512 2010 :
530 1977 631 2029 ergo
650 1978 730 2010 non
751 1967 878 2011 debet
894 1966 1024 2020 culpa:
1040 1967 1235 2011 remissio
1253 1967 1538 2012 connumerari
1568 1970 1630 2012 in·

282 2029 419 2064 usioni
440 2028 601 2074 gratia».

316 2086 356 2125 3.
375 2084 585 2125 Praeterm
600 2097 610 2122 ε
628 2078 839 2122 Remissio
856 2083 1112 2130 peccatorum
1127 2078 1394 2131 consequitur
1404 2079 1457 2122 ad
1476 2084 1628 2122 motum

262 2141 386 2188 liberi
413 2137 574 2182 arbitrii
607 2135 649 2178 in
674 2138 821 2187 Deum,
852 2140 895 2178 et
926 2135 969 2178 in
1001 2142 1224 2188 peccatum.
1254 2134 1361 2178 sicut
1390 2138 1559 2180 effectus
1573 2138 1627 2181 ad

260 2207 454 2245 musam
476 2202 548 2245 per
566 2190 688 2234 tidem
706 2192 834 2239 enim.
853 2196 897 2235 et
926 2190 1220 2235 contritionem
1252 2191 1513 2236 remittuntur
1536 2203 1628 2246 pec·

259 2259 351 2297 cata
372 2270 383 2295 ι
414 2249 490 2294 sed
521 2250 689 2292 effectus
709 2258 789 2289 non
811 2248 936 2291 debet
955 2248 1241 2291 connumerari
1261 2258 1345 2292 suae
1364 2260 1512 2301 causae,
1533 2249 1627 2303 quia

258 2320 307 2354 αι
339 2318 430 2363 quai
459 2310 819 2354 connumerantur,
851 2305 969 2357 quasi
999 2303 1053 2347 ad
1084 2302 1263 2347 invicem
1283 2304 1512 2356 condivisa.
1531 2312 1629 2349 sunt

258 2365 383 2411 simul
415 2369 556 2406 natura
580 2371 708 2413 :ergo
727 2361 919 2404 remissio
937 2362 1068 2414 culpae
1089 2371 1170 2403 non
1199 2361 1322 2405 debet
1341 2366 1627 2408 connumerari

257 2422 370 2474 aliis.
390 2432 480 2475 quae
501 2420 764 2472 requiruntur
782 2419 835 2462 ad
853 2418 1192 2472 justificationem
1211 2418 1342 2471 impii.

317 2482 402 2526 sed
421 2484 563 2524 contra
579 2484 658 2528 est.
677 2479 785 2531 quod
806 2478 848 2521 in
865 2479 1177 2524 enumeratione
1201 2489 1359 2532 eorum.
1379 2491 1469 2533 quae
1488 2480 1627 2535 requi·

258 2542 406 2583 runtur
421 2536 476 2578 ad
508 2545 609 2584 rem.
630 2545 711 2577 non
731 2534 855 2577 debet
874 2535 1128 2587 praetermitti
1151 2536 1261 2587 nnis,
1281 2536 1348 2590 qui
1367 2543 1433 2581 est
1461 2537 1627 2589 potissi-

262 2605 370 2639 mum
393 2594 434 2638 in
454 2602 697 2653 unoquoque
723 2610 732 2635 :
763 2591 847 2653 sed·
869 2591 1060 2636 remissio
1090 2599 1348 2646 peccatorum
1377 2601 1442 2638 est
1469 2595 1562 2638 finis
1581 2594 1626 2637 in

257 2649 562 2703 justificatione
593 2646 724 2700 impii.
754 2647 919 2689 Dicitur
947 2647 1058 2690 enirn
1089 2650 1191 2691 lsai.
1213 2651 1289 2691 27:
1310 2652 1395 2693 Iste
1410 2654 1474 2692 est
1492 2650 1627 2694 omnis

260 2708 433 2756 fructus,
459 2711 502 2749 ut
519 2705 730 2749 auferatur
747 2711 957 2758 peccatum
974 2706 1088 2757 ejus:
1114 2715 1215 2759 ergo
1234 2706 1423 2751 remissio
1440 2713 1627 2759 peccato·

261 2777 352 2812 rum
371 2765 494 2809 debet
508 2764 794 2807 connumerari
814 2761 920 2807 inter
937 2773 1001 2815 ea,
1016 2774 1107 2816 qua}
1126 2764 1388 2817 requiruntur
1405 2766 1458 2808 ad
1473 2763 1625 2818 justifi-

263 2821 466 2867 rationem
486 2818 617 2871 impii.

311 2878 563 2933 Respondeo
599 2874 833 2927 dicendum.
866 2878 974 2931 quod
1004 2882 1177 2931 quatuor
1201 2883 1507 2929 enumerantur.
1534 2889 1626 2932 quae

259 2937 525 2992 requiruntur
541 2934 595 2978 ad
610 2934 952 2987 justificationem
971 2932 1103 2986 impii.
1118 2934 1280 2978 scilicet
1292 2934 1437 2988 gratiae
1454 2935 1623 2988 infusi0‚

256 2997 394 3037 motus
413 2991 536 3036 libert
557 2989 724 3035 arbitrii
740 2989 781 3032 in
800 2991 932 3032 Deum
952 2999 1025 3041 per
1043 2990 1181 3041 fldem,
1197 2995 1240 3033 ct
1260 2997 1393 3034 motus
1419 2990 1544 3035 liberi
1561 3003 1625 3035 ar·

256 3050 374 3096 bitrii
395 3049 439 3093 in
459 3053 687 3103 peccatum.
707 3053 750 3092 et
776 3047 968 3091 remissio
987 3048 1146 3101 culpas:
1173 3047 1292 3101 quus
1310 3049 1415 3092 ratio
1432 3055 1510 3101 est,
1529 3052 1624 3103 quia

253 3108 365 3152 sicut
395 3107 549 3151 dietum
569 3111 648 3157 est.
664 3103 908 3157 justiflmtio
924 3110 988 3147 est
1014 3104 1181 3157 quidam
1211 3111 1358 3157 motus,
1379 3115 1460 3159 quo
1488 3106 1625 3151 anima

251 3169 439 3208 movetur
456 3174 481 3206 a
500 3165 591 3207 Deo
609 3173 632 3205 a
650 3166 757 3204 statu
775 3161 907 3210 culpa)
926 3159 969 3202 in
987 3164 1141 3204 statum
1154 3160 1359 3213 justitiae:
1381 3173 1424 3205 tn
1438 3163 1626 3215 quolibet

252 3225 393 3265 autem
419 3227 545 3271 motu.
565 3230 646 3274 quo
662 3217 821 3272 aliquid
854 3218 909 3261 ab
926 3218 1059 3262 altero
1091 3225 1293 3269 movetur,
1314 3224 1392 3263 tria
1412 3221 1624 3275 requirun-

254 3283 336 3323 tur.
352 3278 494 3322 Primo
512 3277 697 3331 quidem,
717 3275 845 3319 motio
864 3274 995 3327 ipsius
1019 3273 1236 3317 moventis.
1264 3276 1468 3327 secundo.
1489 3283 1625 3322 motus

253 3334 439 3377 mobilis.
477 3331 638 3383 Tertio,
675 3329 974 3375 consummatio
1008 3333 1156 3380 ιιιοιιιε,
1193 3330 1283 3375 sive
1319 3333 1535 3384 perventio
1569 3335 1624 3378 ad

255 3390 400 3434 tinem.
422 3392 484 3434 Ex
502 3396 618 3443 parte
643 3387 768 3441 igitur
786 3386 983 3430 motionis
1002 3385 1157 3429 divina}
1178 3388 1379 3439 accipitur
1395 3389 1540 3441 gratiae
1559 3391 1624 3434 in·

257 3447 394 3492 fusio:
413 3458 465 3492 ex
479 3454 594 3501 parte
614 3457 712 3491 vero
730 3445 853 3489 liberi
872 3443 1037 3488 arbitrii
1053 3443 1151 3488 moti
1164 3445 1421 3498 accipiuntur
1440 3447 1521 3490 duo
1542 3458 1625 3491 mo-

256 3509 324 3549 ttts
342 3504 473 3558 ipsius
489 3503 714 3549 secundum
733 3512 939 3546 recessum
957 3513 980 3544 a
1005 3502 1182 3546 termino
1197 3513 1220 3544 a
1241 3514 1334 3556 quo.
1353 3509 1395 3547 et
1413 3515 1625 3548 accessum

254 3561 310 3605 ad
331 3561 547 3606 terminum
566 3561 619 3603 ad
639 3569 772 3613 quein.
793 3557 1099 3601 consummatio
1116 3564 1268 3609 autem,
1288 3560 1379 3604 sive
1406 3560 1623 3612 perventio

255 3617 312 3661 ad
329 3619 548 3662 terminum
566 3618 689 3670 hujus
718 3621 853 3659 motus
871 3615 1114 3667 importatur
1131 3624 1205 3668 per
1223 3616 1511 3660 remissionem
1539 3617 1623 3662 cul·

256 3685 346 3728 pan
368 3676 411 3719 in
430 3676 505 3719 boc
520 3675 631 3719 enim
655 3673 898 3726 justificatio
917 3678 1232 3717 consummatur.

308 3733 375 3777 Ad
394 3732 568 3786 primum
579 3743 677 3785 ergo
691 3731 927 3782 dicendum,
943 3731 1054 3784 quoti
1070 3729 1316 3782 justificatio
1334 3730 1450 3785 impii
1470 3730 1624 3774 dicitur

255 3801 350 3837 esse
366 3791 452 3845 ipsa
471 3791 663 3835 remissio
680 3794 952 3843 peccatorum.
968 3789 1189 3833 secundum
1211 3789 1318 3843 quod
1338 3789 1473 3834 omnis
1492 3794 1624 3833 motus

254 3850 405 3902 accipit
423 3848 604 3902 speciem
623 3857 646 3889 a
666 3847 843 3890 termino
864 3864 875 3895 ;
903 3850 1038 3889 tamen
1057 3844 1111 3888 ad
1131 3845 1350 3890 terminum
1368 3855 1624 3899 consequen-

258 3906 356 3950 dum
379 3907 502 3949 multa
519 3904 602 3947 alia
621 3902 897 3956 requiruntur,
916 3907 961 3944 ut
975 3912 1028 3945 ex
1046 3902 1296 3955 supradictis
1310 3907 1434 3954 patet.

308 3961 376 4006 Ad
394 3961 618 4004 secundum
642 3958 878 4007 dicendum.
899 3958 1008 4009 quod
1026 3958 1170 4010 gratiae
1189 3958 1358 4010 ἰιιιιιείο,
1376 3964 1419 4003 et
1431 3956 1623 4002 remissio

258 4017 392 4071 culpae
410 4016 630 4068 dupliciter
647 4013 900 4060 considerari
921 4019 1106 4066 possunt.
1128 4017 1223 4058 Uno
1248 4015 1370 4058 modo
1397 4015 1623 4059 secundum

257 4072 393 4127 ipsam
422 4071 692 4115 substantiam
717 4078 844 4122 actus,
877 4075 919 4114 ct
949 4069 1011 4112 sic
1052 4069 1164 4113 idem
1190 4077 1317 4122 sunt;
1345 4070 1493 4113 eodem
1510 4071 1623 4115 enim

255 4134 351 4173 actu
366 4131 480 4171 Deus
497 4132 542 4171 et
561 4128 733 4181 largitur
749 4125 934 4180 gratiam,
948 4131 990 4168 ct
1009 4125 1183 4169 remittit
1200 4127 1374 4179 culpam.
1389 4124 1487 4168 Alio
1502 4126 1622 4169 modo

256 4188 429 4238 possunt
448 4181 705 4226 considerari
723 4190 776 4225 ex
794 4187 908 4234 parte
924 4179 1197 4233 objectorum,
1210 4186 1252 4224 et
1268 4182 1331 4224 sic
1343 4180 1540 4223 differunt
1556 4190 1623 4225 se-

252 4241 432 4286 cundum
447 4240 721 4284 differentiam
739 4239 868 4291 culpae
882 4249 971 4291 quae
987 4237 1160 4288 tollitur,
1170 4244 1211 4282 et
1226 4238 1369 4292 gratiae
1383 4248 1473 4290 qua:
1488 4237 1623 4281 infun·

254 4299 393 4349 ditur;
411 4297 519 4341 sicut
535 4297 662 4341 etiam
681 4296 724 4339 in
743 4297 866 4340 rebus
885 4295 1141 4339 naturalibus
1159 4297 1387 4349 generatio,
1404 4301 1446 4340 ct
1459 4306 1622 4349 corrup-

256 4356 317 4400 tio
352 4354 565 4405 differuut,
594 4352 780 4407 quamvis
805 4350 1019 4404 generatio
1049 4351 1171 4396 unius
1199 4351 1255 4395 sit
1284 4353 1494 4405 corruptio
1520 4354 1623 4398 alte·

252 4413 358 4456 rius.

303 4467 372 4510 Ad
392 4465 559 4512 tertium
577 4464 811 4515 dicendum,
836 4464 945 4518 quod
965 4463 1042 4506 ista
1061 4472 1141 4526 uon
1155 4468 1220 4506 est
1233 4465 1542 4509 connumeratio
1559 4477 1622 4510 se·

252 4523 434 4569 cundum
454 4522 705 4567 divisionem
722 4522 890 4575 generis
910 4520 952 4563 in
970 4528 1146 4571 spectes».
1166 4518 1210 4562 in
1229 4531 1307 4574 qua
1321 4527 1497 4574 oportet.
1511 4522 1622 4575 quod

252 4585 547 4625 connumerata
566 4580 651 4623 sint
664 4578 808 4621 simul:
832 4576 907 4621 sed
924 4575 1151 4620 secundum
1167 4575 1444 4621 differentiam
1461 4588 1620 4630 eorum,

250 4648 343 4692 quae
367 4636 632 4690 requiruntur
650 4636 704 4679 ad
723 4635 1040 4688 completionem
1058 4632 1266 4685 alicujus:
1295 4633 1337 4677 in
1357 4645 1436 4688 qua
1454 4633 1621 4688 quidem

249 4700 564 4739 enumeratione
581 4693 741 4746 aliquid
756 4697 995 4746 potestesse
1006 4691 1139 4744 prins.
1151 4697 1195 4734 et
1209 4691 1373 4744 aliquid
1388 4691 1594 4746 posterius
1607 4710 1618 4744 ς

249 4751 665 4854 (ιιέἰίῗίιιιίιιοίιῐιίιοωιιι
681 4756 726 4796 et
741 4749 918 4805 partium
938 4748 999 4793 rei
1017 4748 1255 4802 composita:
1274 4755 1517 4802 potestesse
1541 4749 1622 4793 ali-

250 4819 276 4862 q
371 4809 459 4853 alio
476 4819 500 4863 p
542 4819 606 4854 us.
1310 4841 1313 4844 ,

328 4934 529 4992 Prima
555 4934 830 4990 conclusio
860 4953 877 4989 :
916 4936 983 4991 In
1018 4931 1425 5010 justificatione
1452 4930 1621 5005 impii

253 5009 427 5083 plura
452 5013 822 5067 concurrunt.

405 5088 695 5149 Salmant.
725 5087 891 5149 Cure.
917 5089 1142 5162 theoloy.
1176 5095 1304 5146 tom.
1336 5086 1405 5146 X.

1845 552 2099 611 Secunda
2122 559 2433 614 conclusio:
2461 562 2744 618 Remissio
2768 565 2976 635 peccati
3004 581 3131 622 con-

1772 634 2134 693 numeranda
2159 644 2244 694 est
2264 639 2417 697 inter
2445 642 2578 709 alia,
2613 658 2738 715 quae
2767 643 2827 698 in
2852 644 3132 717 justifica-

1773 713 1928 771 tione
1955 715 2125 789 impii
2150 719 2571 777 interveniunt.

2229 910 2544 952 ARTICULUS
2569 912 2665 953 vlf.

1806 1019 1952 1060 Uti-um
1960 1018 2053 1069 just
2067 1020 2215 1070 'ficano
2231 1020 2354 1073 impii
2367 1023 2445 1073 siat
2461 1022 2506 1065 in
2536 1025 2729 1071 instanti.
2749 1027 2817 1067 vel
2833 1033 3078 1074 smccssc't’c.

1767 1207 1777 1217 ,
1813 1153 1881 1219 Ad
1908 1154 2125 1206 septimum
2155 1156 2220 1200 sic
2243 1158 2491 1209 proceditur.
2522 1159 2712 1211 Videtur,
2743 1162 2851 1213 quod
2879 1162 3129 1216 justificat‘o

1764 1210 1882 1272 ιιιιριι
1904 1221 1984 1274 non
2005 1213 2074 1254 ilat
2089 1211 2131 1253 in
2147 1212 2332 1264 instanti,
2345 1213 2420 1257 sed
2435 1214 2691 1266 successive;
2712 1218 2806 1270 quia
2823 1223 2864 1260 ιιι
2882 1220 3110 1268 dictumest

1762 1264 1816 1306 ad
1840 1267 2181 1317 justificationem
2213 1269 2326 1320 impii
2370 1270 2596 1323 requiritur
2625 1276 2757 1315 motus
2788 1274 2913 1318 tiberi
2943 1261 3126 1324 arbitriis

1762 1322 1892 1386 Actus
1906 1328 2042 1367 autem
2063 1325 2187 1369 liberi
2199 1325 2364 1369 arbitrii
2378 1331 2442 1369 est
2458 1326 2631 1377 eligere.
2646 1329 2716 1383 qui
2736 1332 2949 1383 pra-exigit
2969 1334 3128 1382 delibe-

1764 1384 1966 1423 rationem
1984 1380 2165 1432 consilii‚
2187 1386 2228 1423 ιιι
2247 1382 2401 1425 dictum
2414 1387 2496 1426 est.
2518 1385 2616 1427 Cum
2636 1385 2762 1436 igitur
2778 1387 3028 1434 deliberatio
3043 1392 3130 1437 dis-

1763 1447 1923 1479 cursum
1943 1437 2144 1490 quendam
2167 1439 2370 1491 importet.
2392 1443 2461 1495 qui
2492 1443 2793 1487 successionem
2825 1447 3028 1499 quandam
3060 1450 3128 1494 lia-

1762 1493 2022 1545 bet,videtur
2039 1497 2146 1549 quod
2158 1495 2403 1548 justificatio
2424 1498 2536 1551 impii
2557 1501 2609 1543 sit
2628 1503 2873 1547 successiva.

1810 1554 1850 1593 2.
1866 1553 2103 1616 &ra-terea:
2125 1556 2260 1597 Motus
2280 1554 2404 1599 liberi
2423 1556 2587 1600 arbitrii
2611 1568 2691 1602 non
2721 1566 2785 1604 est
2802 1562 2957 1616 absque
2974 1567 3126 1611 actuali

1763 1607 2096 1673 consideratione
2117 1629 2127 1653 ε
2146 1610 2220 1653 sed
2242 1610 2499 1664 impossibile
2518 1619 2583 1657 est
2602 1616 2720 1659 simul
2743 1619 2865 1661 inulta
2888 1619 3126 1673 intelligere

1763 1673 1807 1705 tn
1823 1668 1931 1730 actu,
1952 1670 1992 1708 uf
2013 1676 2060 1708 in
2076 1666 2208 1719 primo
2227 1667 2382 1711 dictum
2401 1674 2478 1713 est.
2499 1670 2599 1714 Cum
2627 1671 2754 1723 igitur
2783 1674 2835 1716 ad
2863 1674 3127 1727 justificatio·

1762 1732 1858 1787 nem
1875 1723 1989 1774 impii
2007 1724 2240 1776 requiratur
2257 1731 2389 1769 motus
2408 1726 2530 1770 liberi
2557 1728 2722 1772 arbitrii
2745 1730 2786 1774 in
2814 1732 2992 1783 diversa.
3013 1736 3127 1781 scili-

1762 1784 1826 1822 cet
1839 1790 1882 1822 in
1900 1782 2046 1844 Deum.
2067 1788 2108 1825 et
2122 1781 2169 1847 ‘in
2190 1789 2413 1835 peccatum,
2431 1785 2596 1830 videtur
2609 1789 2718 1838 quod
2732 1787 2977 1840 justificatio
3006 1794 3124 1847 impii

1763 1844 1845 1878 non
1864 1843 1992 1887 possit
2008 1848 2101 1881 esse
2120 1850 2162 1880 in
2190 1839 2374 1882 instanti.

1785 1948 1795 1957 ο
1810 1896 1849 1934 3.
1869 1895 2074 1939 Praeterea
2096 1915 2106 1939 ι
2125 1898 2274 1940 Forma
2287 1908 2378 1950 quie
2396 1898 2570 1951 suscipit
2588 1902 2717 1954 magis
2732 1907 2776 1946 et
2793 1905 2943 1955 minus.
2960 1919 3128 1954 succes-

1760 1958 1852 1992 sive
1869 1949 2064 2003 recipitur
2082 1951 2125 1994 iu
2144 1952 2346 2006 subiecto,
2365 1954 2474 1997 sicut
2491 1960 2601 2008 patet
2618 1956 2669 1999 de
2686 1958 2896 2012 albedine,
2916 1971 2958 2007 ct
2988 1967 3127 2019 nigre·

1762 2006 1861 2052 dine
1882 2026 1893 2051 ε
1927 2009 2001 2053 sed
2019 2009 2149 2061 gratia
2173 2011 2343 2063 suscipit
2374 2011 2503 2064 magis
2518 2019 2562 2055 et
2590 2014 2740 2067 ιιιίιιιιε,
2761 2024 2799 2061 ιιι
2823 2029 2943 2071 supra
2963 2022 3121 2069 dictum

1759 2070 1826 2106 est
1849 2082 1861 2130 :⁸
1888 2073 1989 2117 ergo
2007 2076 2089 2108 non
2122 2065 2320 2119 recipitur
2341 2067 2480 2111 subito
2508 2068 2550 2111 in
2580 2070 2780 2123 subjecto.
2803 2075 2902 2118 Cum
2921 2076 3048 2130 igitur
3065 2083 3120 2125 ad

1756 2122 2096 2186 justificationem
2117 2124 2231 2178 impii
2248 2125 2478 2178 requiratur
2495 2128 2639 2180 gratim
2653 2130 2821 2182 infusio,
2835 2133 2999 2179 videtur
3012 2140 3122 2192 quod

1756 2179 1999 2231 justificatio
2017 2179 2133 2232 impii
2155 2190 2236 2223 iton
2256 2181 2382 2232 possit
2397 2191 2490 2226 esse
2511 2183 2552 2226 in
2574 2184 2758 2229 instanti.

1809 2240 1846 2279 4.
1870 2238 2076 2280 Praeterea
2099 2255 2108 2279 :
2131 2240 2268 2280 Motus
2286 2238 2408 2282 liberi
2427 2239 2608 2291 arbitrii.
2628 2243 2695 2295 qui
2715 2243 2768 2286 ad
2784 2244 3128 2297 jtisfificationeiir

1760 2291 2112 2344 impiiconcurrit‚
2131 2300 2195 2336 est
2214 2294 2475 2346 meritorius;
2496 2301 2529 2339 tt
2543 2296 2596 2340 ita
2616 2305 2777 2351 oportet
2793 2303 2903 2355 quod
2928 2306 3124 2356 procedat

1757 2361 1781 2394 a
1801 2351 1947 2401 gratia.
1969 2350 2060 2393 sine
2080 2361 2155 2402 qua
2171 2352 2331 2395 nulium
2348 2358 2411 2395 cst
2432 2354 2633 2405 meritum,
2656 2361 2700 2397 ut
2719 2356 2825 2400 infra
2846 2359 3030 2406 dicetur:
3049 2366 3128 2408 sed

1758 2409 1874 2461 prius
1891 2414 1954 2452 cst
1969 2408 2128 2462 aliquid
2146 2409 2340 2462 consequi
2363 2410 2549 2460 formam.
2568 2423 2686 2464 quain
2705 2416 2927 2460 secundum
2949 2418 3123 2464 formam

1759 2466 1921 2518 operari
1937 2483 1947 2508 ε
1961 2476 2061 2518 crgo
2075 2467 2189 2518 prius
2203 2466 2437 2511 infunditur
2449 2469 2595 2521 gratia,
2611 2475 2653 2513 et
2667 2477 2806 2523 postea
2822 2474 2998 2519 liberum
3013 2477 3125 2521 arbi-

1759 2524 1884 2569 trium
1910 2531 2093 2581 movetur
2112 2523 2156 2567 in
2175 2525 2322 2575 Deum.
2341 2531 2382 2569 et
2413 2525 2456 2569 in
2475 2527 2790 2574 detestationem
2810 2533 2967 2585 peccati
2998 2553 3007 2579 :
3039 2547 3122 2580 non

1758 2596 1859 2639 ergo
1872 2585 2117 2637 justificatio
2134 2590 2199 2629 est
2218 2590 2300 2629 tota
2319 2584 2456 2628 simul.

1806 2644 1846 2686 5.
1867 2645 2072 2687 Praeterea
2093 2662 2103 2686 :
2122 2644 2166 2686 Si
2182 2642 2312 2696 gratia
2326 2641 2567 2685 infundatur
2582 2642 2746 2694 animae,
2762 2651 2923 2697 oportet
2935 2647 3034 2695 dare
3047 2651 3124 2695 ali-

1757 2699 1868 2752 quod
1896 2700 2069 2751 instans.
2091 2699 2131 2743 in
2165 2710 2245 2754 quo
2265 2699 2397 2752 primo
2421 2699 2571 2742 auiniae
2599 2699 2718 2751 insit;
2737 2702 2934 2748 similiter
2950 2706 2985 2749 si
3006 2707 3127 2761 culpa

1758 2757 1997 2808 remittitur.
2012 2763 2173 2811 oportet
2189 2756 2375 2800 ultimum
2390 2757 2550 2800 instans
2568 2757 2681 2807 darc.
2704 2758 2745 2800 in
2765 2770 2845 2813 quo
2860 2761 2981 2806 homo
2994 2767 3126 2818 culpae

1757 2814 1984 2868 subjaceat.
2013 2817 2096 2859 Sed
2118 2825 2198 2859 non
2218 2819 2460 2867 potestesse
2482 2815 2592 2858 idem
2613 2815 2786 2868 instans,
2807 2818 2902 2870 quia
2924 2821 2984 2864 sic
3002 2833 3127 2878 oppo-

1756 2870 1837 2916 sita
1852 2872 1976 2916 simul
1996 2872 2182 2917 inessent
2199 2872 2336 2917 eidem
2364 2892 2376 2916 ι
2405 2883 2507 2926 ergo
2525 2878 2686 2925 oportet
2710 2884 2803 2919 esse
2823 2876 2908 2920 duo
2923 2876 3123 2924 instantia

1756 2930 1839 2974 sibi
1871 2932 2150 2981 succedentia.
2183 2931 2292 2975 inter
2323 2941 2429 2984 qum.
2465 2932 2690 2975 secundum
2718 2933 3009 2987 Philosophum
3037 2938 3081 2980 in
3100 2941 3126 2980 6

1757 2990 1880 3043 Phys.
1901 2995 2064 3043 oportet
2080 2998 2173 3034 esse
2192 2994 2351 3041 tempus
2370 2987 2577 3032 medium:
2598 2999 2679 3033 non
2696 2999 2797 3042 ergo
2811 2992 3057 3043 justificatio
3081 2995 3127 3038 ιιι

1758 3050 1841 3089 tota
1859 3046 2001 3094 simul.
2022 3045 2095 3089 sed
2109 3046 2360 3094 successive,

1805 3104 1890 3147 Sed
1904 3108 2047 3147 contra
2064 3107 2142 3153 est,
2169 3103 2279 3156 quod
2300 3100 2547 3154 justificatio
2566 3100 2681 3154 impii
2698 3103 2743 3145 ιιι
2760 3113 2833 3156 per
2845 3104 3019 3156 gratiam
3036 3107 3125 3159 Spi-

1757 3158 1864 3204 ritus
1878 3161 2008 3204 sancti
2026 3160 2296 3213 justificantis
2318 3179 2328 3202 =
2357 3159 2433 3202 scd
2463 3159 2643 3212 Spiritus
2661 3166 2826 3204 sanctus
2846 3161 2984 3205 subito
3001 3162 3127 3207 adve-

1757 3215 1820 3259 nit
1846 3216 2054 3260 mentibus
2085 3217 2309 3263 bominum.
2328 3214 2555 3259 secundum
2583 3215 2685 3258 illud
2704 3217 2798 3260 Act.
2818 3220 2873 3260 2:
2893 3219 3044 3261 Factus
3061 3225 3127 3263 est

1757 3277 1927 3324 repente
1946 3270 1998 3315 de
2016 3272 2121 3315 eoelo
2138 3281 2279 3320 sonus.
2304 3275 2494 3323 tanquam
2510 3270 2776 3315 advenientis
2803 3273 2975 3325 spiritus
3004 3275 3127 3318 vehe-

1756 3327 1909 3372 mentis
1930 3347 1940 3372 :
1959 3328 2030 3372 ubi
2058 3328 2162 3371 dicit
2179 3328 2346 3376 Glossa.
2363 3327 2471 3380 quod
2494 3329 2628 3371 nescit
2652 3328 2770 3371 tarda
2793 3330 3004 3374 molimina
3038 3331 3127 3385 Spi-

1758 3385 1862 3428 ritus
1877 3385 2007 3428 saucti
2028 3384 2159 3438 gratia
2174 3404 2183 3428 :
2197 3394 2298 3436 ergo
2308 3383 2556 3436 justificatio
2571 3383 2688 3438 impii
2704 3395 2785 3429 non
2797 3392 2861 3430 est
2874 3388 3124 3441 successiva,

1756 3441 1832 3485 sed
1850 3441 2123 3485 instantanea.

1808 3498 2057 3550 Respondeo
2083 3496 2320 3547 dicendum.
2348 3497 2458 3561 quod
2487 3501 2575 3540 tota
2600 3496 2845 3549 justificatio
2865 3500 2980 3553 impii
3001 3505 3128 3556 origi·

1755 3552 1910 3597 naliter
1926 3552 2118 3597 consistit
2136 3553 2177 3596 in
2195 3553 2340 3604 gratia>
2361 3552 2582 3597 infusione.
2607 3554 2687 3596 Pei·
2702 3564 2793 3598 eam
2810 3555 2940 3609 enim,
2958 3563 2998 3602 et
3020 3559 3132 3603 libe--

1756 3621 1847 3654 rum
1872 3609 2092 3652 arbitrium
2122 3615 2322 3658 movetur.
2345 3613 2389 3652 ct
2406 3608 2524 3661 culpa
2544 3609 2767 3653 remittitur
2788 3629 2798 3654 ε
2827 3612 2971 3664 gratiae
2987 3623 3129 3660 autent

1755 3665 1913 3710 infusio
1947 3667 1992 3708 nt
2021 3677 2063 3709 tn
2088 3665 2258 3709 instanti
2288 3665 2443 3718 absque
2473 3665 2752 3710 successione.
2774 3667 2904 3721 Cujus
2922 3671 3026 3716 ratio
3043 3678 3128 3724 est,

1757 3722 1852 3777 quia
1871 3721 1980 3776 quod
1998 3721 2135 3773 aliqua
2149 3721 2277 3765 forma
2293 3731 2375 3764 non
2388 3719 2527 3764 subito
2542 3719 2799 3773 imprimatur
2811 3724 3014 3778 subjecto,
3030 3739 3124 3773 con·

1759 3779 1882 3833 tingit
1897 3788 1949 3823 ex
1967 3778 2057 3829 boc,
2078 3778 2187 3832 quod
2206 3776 2440 3829 subjectum
2466 3787 2547 3839 non
2566 3782 2630 3821 est
2650 3775 2909 3834 dispositum,
2927 3789 2969 3827 et
2996 3794 3128 3850 agens

1756 3836 1920 3889 indiget
1940 3840 2123 3888 tempore
2140 3834 2194 3877 ad
2213 3835 2303 3883 hoc.
2324 3833 2433 3887 quod
2451 3831 2683 3885 subjectum
2705 3834 2896 3888 disponat
2914 3857 2926 3890 ς
2953 3846 2994 3884 et
3026 3842 3125 3885 ideo

1756 3893 1962 3944 videmus,
1981 3892 2091 3950 quod
2110 3891 2249 3935 statim
2268 3901 2358 3934 cum
2376 3889 2545 3949 materia
2564 3895 2627 3934 eet
2647 3890 2851 3944 disposita
2878 3906 2952 3948 per
2968 3897 3122 3943 altera-

1756 3951 1912 3995 tionem
1948 3948 2264 4005 praeccdentem.
2297 3949 2424 3991 forma
2446 3948 2734 3993 substantialis
2748 3952 2978 4005 acquiritur
2997 3962 3122 4001 mate·

1756 4007 1832 4052 riae
1849 4028 1864 4058 ,-
1894 4012 1938 4052 et
1964 4007 2111 4052 eadem
2139 4004 2314 4056 ratione.
2347 4005 2444 4059 quia
2475 4006 2722 4059 diaplianum
2750 4011 3056 4057 estsccundum
3074 4024 3121 4060 se

1756 4062 2000 4114 dispositum
2019 4063 2072 4105 ad
2085 4061 2222 4104 lumen
2242 4060 2540 4113 recipiendum,
2560 4062 2698 4105 subito
2715 4062 2972 4108 illuminatur
2989 4079 3011 4109 a
3032 4080 3121 4112 cor·

1755 4127 1855 4169 porc
1873 4117 2011 4160 lucido
2033 4116 2077 4159 in
2096 4122 2203 4159 actu.
2222 4114 2389 4159 Dictum
2412 4121 2474 4158 est
2492 4119 2629 4159 autem
2648 4126 2784 4168 supra.
2805 4119 2913 4170 quod
2930 4120 3046 4165 Deus
3062 4124 3117 4167 ad

1756 4175 1834 4217 boc
1862 4174 1969 4226 quod
2000 4173 2173 4227 gratiam
2207 4171 2399 4216 infundat
2422 4173 2585 4225 animae,
2620 4183 2704 4216 nou
2737 4175 2911 4228 requirit
2938 4178 3121 4233 aliquam

1756 4230 2086 4284 dispositionem.
2107 4230 2187 4272 nisi
2216 4241 2335 4281 quam
2356 4228 2442 4282 ipsc
2463 4229 2574 4272 facit.
2591 4229 2712 4272 Facit
2726 4236 2861 4276 autem
2880 4233 3117 4288 hujusmodi

1755 4285 2070 4340 dispositionem
2088 4285 2356 4329 sufficientem
2369 4284 2422 4328 ad
2437 4284 2740 4337 susceptionem
2756 4289 2914 4342 gratiae,
2933 4292 3118 4344 quando·

1754 4352 1834 4394 que
1862 4343 2032 4394 quidem
2057 4341 2210 4391 subito,
2229 4340 2474 4394 quandoque
2505 4347 2639 4384 autem
2658 4342 2867 4394 paulatim,
2886 4350 2929 4389 et
2956 4357 3119 4392 succes-

1753 4398 1860 4449 sive.
1881 4404 2061 4453 utsupra
2082 4398 2330 4443 dictumest.
2351 4396 2470 4447 Quod
2487 4397 2599 4441 enim
2612 4408 2739 4451 agens
2754 4402 2939 4447 naturale
2957 4415 3039 4448 non
3051 4417 3119 4449 su·

1754 4454 1843 4499 bito
1860 4455 1989 4509 possit
2007 4455 2228 4507 disponere
2246 4453 2472 4504 materiam,
2492 4455 2695 4506 contingit
2724 4466 2776 4500 ex
2803 4456 2896 4508 boc,
2915 4462 3025 4513 quod
3051 4467 3119 4507 cst

1752 4510 1890 4563 aliqua
1928 4510 2138 4563 proportio
2153 4520 2262 4563 ems,
2282 4507 2391 4562 quod
2411 4509 2454 4550 in
2484 4509 2653 4551 materia
2672 4510 2834 4555 resistit
2848 4513 2902 4556 ad
2920 4516 3117 4562 virtutem

1753 4567 1917 4619 agentis
1933 4587 1944 4618 ς
1962 4574 2005 4611 et
2022 4573 2186 4620 propter
2200 4567 2274 4610 hoc
2287 4565 2489 4616 videmus
2505 4566 2615 4619 quod
2634 4573 2787 4619 quanto
2807 4570 2937 4617 virtus
2955 4582 3119 4628 agentis

1754 4624 1881 4667 fuerit
1917 4623 2079 4673 fortior,
2108 4628 2222 4666 tanto
2247 4621 2419 4665 materia
2444 4620 2569 4664 citius
2603 4622 2849 4675 disponitur.
2869 4630 2969 4673 Cum
2990 4631 3118 4685 igitur

1753 4677 1886 4722 virtus
1904 4678 2046 4722 divina
2065 4677 2119 4721 sit
2132 4678 2307 4727 infinita,
2327 4681 2461 4729 potest
2479 4686 2759 4732 quamcunque
2775 4684 2987 4727 materiam
3003 4696 3119 4731 crea·

1754 4743 1838 4780 tam
1862 4736 2001 4780 subito
2030 4735 2251 4787 disponere
2279 4734 2334 4777 ad
2360 4733 2546 4785 formam,
2574 4740 2618 4780 et
2646 4738 2775 4780 multo
2794 4741 3119 4793 magisliberum

1752 4792 1972 4838 arbitrium
2005 4792 2199 4841 bominis,
2236 4790 2353 4843 cujus
2382 4794 2516 4853 motus
2545 4796 2679 4843 potest
2705 4802 2800 4837 esse
2836 4795 3122 4846 instantaneus

1752 4849 1978 4895 secundum
2002 4853 2200 4894 naturam.
2221 4848 2291 4891 Sic
2314 4846 2700 4899 igitursustiflcatio
2717 4848 2832 4903 impii
2853 4852 2880 4895 fi
2915 4865 2937 4898 a
2956 4856 3047 4901 Deo
3077 4858 3123 4901 in

1754 4907 1942 4951 instanti.

1802 4965 1873 5008 Ad
1891 4963 2067 5018 primum
2079 4973 2178 5016 ergo
2191 4961 2429 5013 dicendum.
2444 4962 2554 5016 quod
2568 4966 2702 5007 motus
2714 4962 2839 5009 liberi
2851 4966 3034 5021 arbitrii,
3049 4972 3126 5024 qui

1755 5024 1965 5071 concurrit
1993 5023 2046 5068 ad
2073 5020 2412 5077 justificationem
2432 5020 2564 5075 impii,
2581 5028 2646 5069 est
2671 5033 2898 5069 consensus
2915 5027 2969 5070 ad
2989 5029 3125 5075 detes-

2898 5086 2971 5143 35
