3647 5753
1389 438 1566 494 DISP.
1614 439 1759 507 VIII,
1803 440 1969 496 DUB.
2028 444 2099 497 11.
3037 454 3138 509 281

284 624 442 666 secus
465 625 602 666 vero
647 615 926 680 quantum
963 607 1033 664 ad
1086 607 1323 666 modum
1375 607 1646 666 essendi:

288 705 423 745 nam
452 690 650 746 anima
696 693 781 745 est
820 689 1008 745 forma
1057 705 1156 761 per
1196 704 1256 745 se
1302 687 1646 756 subsistens;

284 770 471 844 gratia
497 775 690 827 autem
716 774 800 825 est
828 768 1088 841 quaedam
1115 768 1363 842 qualitas
1400 768 1650 843 subJ‘ecto

286 853 598 909 inhaerens.
623 850 1056 924 thuiamodus
1079 849 1467 923 productionis
1486 850 1653 909 debet

286 934 713 1008 proportionari
742 932 912 990 modo
931 932 1175 1000 essendi,
1211 940 1508 1006 propterea
1529 932 1652 989 ani-

286 1031 381 1071 ma
410 1013 710 1070 rationalis
737 1012 802 1068 fit
829 1029 928 1085 per
948 1030 1029 1081 se,
1061 1019 1115 1069 et
1139 1012 1595 1086 independenter
1617 1028 1650 1068 a

285 1094 553 1170 subjecto,
574 1110 638 1151 ac
661 1092 908 1151 subinde
936 1110 1038 1167 per
1080 1095 1446 1161 creationem,
1474 1100 1536 1150 ut
1552 1110 1652 1149 su—

288 1192 389 1250 pra
408 1174 849 1232 declaravimus.
892 1176 1189 1247 Potestque
1210 1175 1328 1231 haec
1356 1174 1651 1247 responsio

284 1257 618 1316 confirmari
640 1259 907 1331 exemplo
928 1257 1175 1313 visionis
1215 1255 1504 1323 beatificae‚
1527 1271 1653 1330 quae

285 1338 586 1412 perfectior
599 1338 892 1393 estanima
910 1337 1214 1404 rationali;
1237 1342 1294 1395 et
1316 1342 1510 1395 tamen
1534 1352 1652 1393 non

287 1419 351 1476 fit
374 1435 471 1493 per
485 1419 853 1483 creationem,
878 1417 976 1474 sed
1001 1434 1101 1490 per
1114 1417 1496 1485 eductionem,
1519 1433 1651 1474 cum

290 1498 551 1574 procedat
595 1497 668 1554 ab
716 1499 1012 1554 intellectu
1046 1504 1236 1556 creato
1278 1506 1571 1571 tamquam
1618 1514 1653 1555 a

288 1597 454 1638 causa
475 1580 799 1653 principali.
823 1578 1025 1637 Modus
1067 1581 1242 1636 etiam
1293 1579 1524 1639 unionis
1551 1579 1654 1653 hy-

292 1662 571 1737 postaticae
590 1661 892 1735 perfectior
914 1667 998 1718 est
1026 1660 1300 1731 absolute,
1326 1678 1498 1736 quam
1521 1661 1653 1718 ani-

289 1761 385 1800 ma
413 1744 716 1801 rationalis
739 1765 752 1799 ε
780 1749 837 1800 et
857 1742 1244 1801 nihilominus
1267 1761 1382 1800 non
1402 1749 1647 1809 creatur,

288 1823 387 1880 sed
405 1823 698 1890 educitur;
728 1822 1152 1896 siquidem'nec
1191 1840 1330 1886 esse.
1377 1839 1481 1881 nec
1521 1822 1653 1879 fieri

290 1907 442 1963 valet
466 1948 479 1972 ,
536 1906 653 1960 nisi
709 1903 1098 1976 dependenter
1147 1905 1218 1963 ab
1270 1905 1649 1971 humanitate,

290 2003 460 2060 quam
484 1987 629 2053 unit,
661 1992 716 2042 et
742 1986 1015 2063 supponit
1043 2002 1145 2059 per
1173 1988 1350 2044 aliam
1367 1987 1654 2044 actionem

294 2069 643 2142 productam.

87 2153 265 2197 Solvitur
363 2142 450 2198 Ad
492 2145 744 2216 primam
795 2140 1295 2200 confirmationem
1353 2142 1656 2216 responde·

112 2203 254 2294 ἓξηᾞῗ,
290 2239 436 2291 ωυε,
474 2223 905 2295 productionem
957 2221 1159 2296 gratiae
1202 2237 1323 2279 esse
1371 2223 1653 2280 actionem

116 2302 251 2344 matio.
290 2304 823 2376 praestantissimam
852 2319 920 2360 ex
947 2319 1053 2359 suo
1100 2318 1330 2376 genere,
1363 2320 1492 2360 cum
1523 2320 1655 2378 per-

290 2386 470 2443 tineat
497 2384 567 2442 ad
594 2385 859 2443 ordinem
908 2385 1212 2453 divinum;
1259 2385 1356 2442 sed
1392 2401 1657 2443 nonesse

292 2468 818 2541 praestantissimam
847 2469 1002 2525 intra
1045 2483 1239 2541 genus,
1270 2484 1401 2524 cum
1453 2468 1657 2526 efficiat

288 2552 608 2608 terminum
635 2549 1021 2623 dependenter
1063 2548 1385 2624 asubJ'ecto.
1418 2553 1532 2607 Nec
1571 2555 1658 2606 est

289 2630 518 2704 aliquod
531 2630 959 2696 inconveniens,
974 2628 1122 2701 quod
1133 2630 1345 2702 species
1362 2631 1656 2704 pertinens

288 2712 359 2770 ad
411 2712 679 2770 ordinem
732 2713 1073 2770 inferiorem
1127 2711 1359 2769 excedat
1407 2713 1653 2786 speciem

288 2795 672 2868 pertinentem
700 2793 770 2851 ad
817 2811 998 2869 genus
1036 2794 1336 2866 superius;
1364 2793 1446 2850 sic
1493 2795 1653 2851 enim

286 2869 535 2935 charitas
559 2883 644 2935 est
667 2878 970 2950 perfectior
990 2874 1121 2941 fide,
1159 2875 1290 2932 licet
1319 2875 1422 2933 illa
1448 2882 1657 2950 spectet

289 2958 357 3015 ad
376 2974 556 3035 genus
579 2958 980 3031 appetitivum,
1011 2954 1161 3029 quod
1189 2961 1273 3013 est
1295 2956 1493 3013 minus
1516 2973 1653 3031 per-

290 3041 518 3106 fectum,
544 3054 718 3110 quam
740 3055 921 3113 genus
948 3036 1388 3104 intellectivam,
1422 3038 1489 3094 ad
1507 3038 1657 3111 quod

288 3119 427 3177 fides
450 3119 720 3192 pertinet.
748 3119 912 3176 Unde
959 3134 1031 3175 ex
1077 3117 1137 3173 vi
1194 3117 1363 3193 hujus
1410 3118 1656 3177 minime

288 3202 559 3266 infertur,
585 3201 734 3275 quod
760 3200 1055 3275 productio
1080 3200 1282 3272 gratiae
1308 3198 1511 3257 debeat
1534 3217 1656 3259 esse

288 3283 515 3340 creatio.
537 3283 838 3354 Potestque
853 3281 957 3338 hoc
967 3280 1143 3337 etiam
1166 3279 1445 3337 declarari
1467 3296 1658 3338 exem-

291 3362 398 3433 plis
419 3362 683 3435 proxime
704 3359 997 3426 adductis;
1040 3374 1177 3415 nam
1225 3360 1476 3418 actiones
1519 3377 1657 3434 pro-

289 3440 528 3498 ductivae
556 3440 800 3499 visionis
854 3437 1139 3506 beatificae,
1163 3445 1222 3496 et
1266 3439 1502 3497 unionis
1545 3441 1658 3514 hy-

293 3522 596 3594 postaticae,
626 3527 762 3577 sunt
801 3520 1048 3577 actiones
1097 3519 1545 3592 perfectissimae,
1595 3526 1658 3576 ut

291 3601 541 3677 dignitas
568 3602 977 3667 terminorum,
1027 3616 1167 3672 qnos
1213 3602 1522 3675 attingunt,
1553 3616 1658 3658 ex·-

292 3684 469 3755 poscit
483 3708 499 3751 ;
514 3688 781 3741 ettamen
797 3699 915 3740 non
927 3686 1290 3748 suntcreatae,
1309 3680 1408 3739 sed
1422 3681 1653 3739 eductae.

133 3792 204 3833 se·
364 3762 450 3818 Ad
497 3761 812 3820 secundum
853 3760 1159 3819 dicendum
1204 3765 1309 3828 est,
1353 3759 1659 3834 dupliciter

105 3839 252 3883 ⁶⁰⁰0&
291 3861 452 3919 posse
463 3843 679 3918 aliquid
701 3844 812 3901 dici
826 3842 1265 3917 incorruptibile
1291 3862 1304 3899 ε
1329 3858 1446 3900 uno
1465 3842 1654 3912 moda,

292 3928 427 4000 quia
450 3942 523 3983 ex
551 3931 760 3983 natura
785 3941 890 3982 sua
917 3930 1116 3998 potest,
1147 3928 1204 3981 et
1226 3922 1366 3996 petit
1406 3923 1469 3980 in
1491 3929 1659 3981 aeter-

293 4025 433 4066 num
460 4009 673 4066 durare
692 4033 707 4077 ;
736 4014 793 4065 et
813 4009 917 4064 hoc
938 4006 1108 4064 modo
1133 4004 1344 4063 dicitur
1364 4006 1551 4081 gratia
1572 4006 1660 4062 in-

291 4091 704 4165 corruptibilis.
738 4090 868 4147 Alio
889 4089 1078 4157 modo,
1123 4090 1257 4162 quia
1283 4104 1355 4146 ex
1393 4090 1658 4162 supposi-

295 4173 464 4238 tione,
488 4171 640 4244 quod
667 4170 743 4227 sit
763 4168 1196 4236 destruendum,
1231 4184 1350 4227 non
1404 4170 1581 4241 possit
1596 4170 1658 4225 in

288 4251 607 4326 subjectum
656 4250 889 4316 resolvi,
920 4250 1019 4307 sed
1053 4249 1260 4308 debeat
1286 4249 1609 4307 annihilari
1642 4266 1655 4305 :

292 4338 349 4389 et
363 4331 515 4406 quod
545 4333 651 4389 hoc
672 4331 979 4404 posteriori
1006 4330 1177 4389 modo
1195 4334 1278 4389 est
1300 4329 1658 4404 incorrupti-

293 4411 430 4478 bile,
481 4417 567 4470 est
603 4412 780 4469 etiam
822 4409 1236 4486 ingenerabile,
1266 4414 1324 4468 et
1358 4408 1488 4467 fleri
1540 4426 1659 4467 non

296 4493 452 4549 valet
480 4492 594 4549 nisi
621 4507 693 4563 ex
713 4491 922 4555 nihilo.
948 4490 1056 4548 Sed
1081 4488 1268 4565 g'ratia
1290 4505 1409 4547 non
1434 4494 1518 4548 est
1563 4490 1661 4547 in-

296 4572 691 4645 corruptibilis
712 4572 816 4628 hoc
843 4570 1147 4644 posteriori
1196 4569 1395 4639 modo;
1423 4570 1472 4628 si
1498 4570 1658 4628 enim

295 4650 653 4721 destruatur,
709 4650 985 4723 relinquit
1029 4666 1201 4706 suum
1249 4666 1366 4708 non
1415 4665 1537 4708 esse
1594 4652 1661 4709 in

296 4731 666 4805 praeexistens
705 4729 1042 4803 subjectum,
1099 4735 1162 4786 ut
1207 4728 1387 4801 liquet
1435 4729 1663 4802 quando

295 4830 397 4888 per
425 4818 719 4888 peccatum
745 4811 1081 4869 destruitur.
1131 4809 1298 4870 Unde
1323 4827 1440 4870 non
1469 4812 1663 4885 sequi-

294 4901 407 4964 tur,
432 4894 588 4970 quod
624 4893 811 4969 gratia
836 4892 1039 4952 debeat
1092 4889 1222 4949 fieri
1261 4907 1334 4949 ex
1373 4891 1578 4960 nihilo,
1607 4896 1664 4952 et

292 4993 395 5051 per
421 4977 799 5036 creationem.
827 4974 989 5042 Quod
1025 4973 1354 5032 declaratur
1399 4975 1665 5048 exemplo

291 5059 539 5118 visionis
565 5054 858 5125 beatificae,
882 5071 1008 5131 quae
1026 5055 1204 5113 etiam
1223 5058 1309 5112 est
1322 5053 1666 5135 incorrupti·

443 5138 737 5201 Salmant.
765 5135 929 5197 Cura.
953 5136 1180 5209 theoloy.
1208 5142 1342 5194 tom.
1375 5133 1445 5194 X.

1786 609 1921 668 bilis
1950 612 2056 670 illo
2080 615 2262 687 priori
2306 618 2477 675 modo
2497 644 2511 686 ς
2545 621 2685 692 petit
2709 622 2892 689 enim,
2943 629 2997 679 et
3042 639 3145 696 po-

1784 695 1910 757 test,
1932 700 2209 764 quantum
2226 702 2310 753 est
2335 696 2405 754 de
2425 715 2503 765 se,
2525 699 2735 758 durare
2758 703 2822 758 in
2839 707 3139 759 aeternum:

1783 776 1840 826 et
1861 776 2056 830 tamen
2082 776 2131 831 si
2171 775 2581 849 destrueretur,
2616 798 2732 839 non
2781 783 3147 840 annihilare-

1785 857 1897 917 tur,
1923 854 2021 911 sed
2038 859 2419 917 resolveretur
2445 861 2505 917 in
2522 862 2856 937 subjectum.
2882 864 3147 936 Idemque

1784 933 2063 992 accideret
2104 938 2166 994 in
2195 939 2365 997 modo
2406 942 2641 998 unionis
2682 943 3064 1016 hypostaticae,
3096 946 3146 1001 si

1785 1012 2117 1073 humanitas
2139 1016 2525 1077 dimitteretur
2547 1025 2578 1078 a·
2603 1023 2809 1079 Verbo.

1860 1096 1945 1152 Ad
1975 1099 2205 1155 tertiam
2234 1107 2456 1158 constat
2479 1118 2549 1160 ex
2576 1105 2917 1177 supradictis
2961 1125 3019 1161 n.
3061 1108 3142 1172 18,
3181 1121 3334 1164 Tertia.

1785 1175 1933 1247 quod
1955 1177 2023 1233 ad
2051 1177 2410 1237 eductionem
2440 1198 2556 1238 non
2601 1185 2917 1256 requiritur
2955 1191 3147 1242 trans-

1787 1258 2028 1315 mutatio
2047 1261 2296 1318 exercita
2322 1261 2579 1336 subjecti,
2611 1264 2710 1322 sed
2751 1265 2899 1338 quod
2944 1266 3147 1323 sufficit

1785 1341 2190 1397 transmutatio
2203 1348 2417 1408 exacta,
2444 1343 2566 1401 sive
2603 1348 2680 1414 (et
2707 1346 2769 1401 in
2799 1345 2951 1403 idem
2982 1347 3151 1418 redit)

1787 1419 1931 1475 actio
1958 1423 2402 1480 transmutativa
2441 1425 2697 1499 subJecti.
2750 1428 2904 1484 Licet
2957 1435 3147 1485 autem

1786 1499 1993 1573 Angeli
2022 1516 2138 1557 non
2163 1504 2481 1576 receperint
2499 1507 2745 1579 gratiam
2790 1524 2890 1580 per
2935 1509 3150 1565 exerci-

1785 1584 1905 1635 tam
1932 1580 2022 1635 sui
2046 1585 2610 1652 transmutationem,
2643 1603 2710 1643 eo
2737 1588 2887 1660 quod
2932 1589 3150 1646 habue-

1787 1666 1924 1717 runt
1952 1661 2116 1718 illam
2134 1663 2195 1719 in
2226 1667 2414 1740 primo
2434 1683 2549 1724 suae
2564 1670 2869 1725 creationis
2887 1670 3148 1736 instanti;

1785 1741 2172 1798 nihilominus
2200 1746 2345 1804 actio
2393 1747 2711 1819 producens
2754 1750 3001 1823 gratiam
3029 1756 3153 1809 erat

1784 1818 1855 1876 de
1874 1837 1934 1878 se
1959 1825 2402 1881 transmutativa
2428 1828 2805 1900 Angelorum,
2838 1829 2973 1900 quia
3016 1831 3150 1887 illos

1784 1902 2366 1975 supponebatcreatos
2385 1923 2486 1980 per
2501 1911 2781 1966 actionem
2794 1908 3124 1967 distinctam
3135 1954 3148 1976 ‚

1786 1990 1844 2042 et
1871 1991 2090 2057 poterat
2130 2002 2287 2058 aeque
2315 1988 2459 2046 bene
2485 2007 2655 2047 suum
2685 1992 3003 2048 terminum
3031 1993 3154 2049 effi—

1786 2082 1915 2123 cere
1943 2067 2005 2122 in
2030 2066 2334 2126 duratione
2384 2072 2669 2143 sequenti.
2702 2074 3000 2145 Potestque
3047 2075 3153 2131 hoc

1787 2146 2068 2204 declarari
2089 2150 2352 2222 exemplo
2381 2151 2622 2208 visionis
2645 2151 2930 2218 beatificas,
2977 2171 3149 2227 quam

1788 2228 1986 2284 anima
2012 2229 2221 2285 Christi
2245 2231 2475 2288 Domini
2505 2232 2706 2288 habuit
2730 2235 2791 2289 in
2818 2234 3009 2306 primo
3032 2250 3149 2291 suae

1789 2307 2096 2365 creationis
2118 2317 2429 2380 moment0,
2455 2317 2511 2368 et
2553 2312 2763 2385 absque
2788 2313 3035 2370 exercita
3061 2314 3150 2369 sui

1789 2389 2269 2445 transmutatione
2296 2411 2309 2445 ε
2353 2398 2411 2448 et
2456 2392 2840 2449 nihilominus
2889 2393 3156 2465 praedicta

1789 2466 1939 2524 visio
1966 2482 2083 2523 non
2106 2473 2190 2523 est
2216 2468 2363 2525 facta
2387 2486 2486 2542 per
2514 2473 2883 2538 creationem,
2910 2472 3007 2529 sed
3055 2489 3154 2545 per

1788 2547 2177 2606 eductionem:
2204 2549 2488 2623 siquidem
2514 2552 2849 2624 procedebat
2872 2553 2942 2610 ab
2957 2555 3154 2612 anima

1790 2636 2062 2702 tanquam
2085 2646 2118 2685 a
2137 2646 2305 2688 causa
2326 2639 2527 2707 agente
2549 2634 2880 2707 principali.

1863 2712 1956 2768 21.
2000 2711 2279 2785 Arguitur
2304 2714 2494 2778 tertio,
2519 2715 2654 2787 quia
2682 2722 2744 2771 ut
2770 2715 2958 2773 forma
2980 2716 3154 2789 possit
3170 2749 3355 2790 'remum

1788 2788 1971 2859 educi,
2003 2789 2169 2847 debet
2220 2796 2622 2865 praecontineri
2660 2796 2722 2851 in
2766 2795 3036 2869 subjecto,
3062 2799 3148 2853 cui
3196 2808 3324 2872 *alran-

1789 2871 2017 2934 unitur;
2041 2870 2138 2929 ubi
2165 2874 2325 2931 enim
2349 2892 2530 2933 unum
2580 2893 2698 2933 non
2726 2876 3043 2935 includitur
3089 2855 3365 2949 in¹‚'“‘¹¹¹⁰¹¹¹‘

1790 2954 1922 3021 alio,
1943 2954 2140 3028 nequit
2166 2956 2237 3013 ab
2267 2958 2371 3015 illo
2390 2959 2638 3026 extrahi,
2658 2963 2718 3015 ut
2741 2966 2891 3033 patet
2916 2978 2987 3017 ex
3009 2979 3157 3019 com·
3187 2986 3198 2997 ·

1790 3035 1957 3090 muni
2007 3035 2176 3094 modo
2222 3038 2581 3112 concipiendi
2617 3039 2748 3097 :sed
2796 3042 2985 3115 gratia
3039 3059 3155 3101 non

1791 3117 2236 3188 praecontinetur
2265 3119 2328 3176 in
2348 3121 2620 3195 subJectO,
2651 3121 2741 3177 cui
2767 3123 2997 3180 unitur:
3023 3140 3160 3198 ergo

1789 3197 1979 3272 gratia
2019 3200 2218 3272 nequit
2242 3200 2425 3258 educi.
2467 3201 2751 3258 Probatur
2779 3203 2996 3272 minor,
3025 3207 3160 3279 quia

1790 3277 1869 3342 id,
1900 3277 2049 3350 quod
2074 3285 2160 3335 est
2183 3282 2645 3354 supernaturale,
2686 3283 2883 3354 nequit
2912 3301 3166 3357 praecon-

1789 3358 1964 3416 tineri
1989 3358 2050 3415 in
2076 3359 2325 3434 subjecto
2354 3362 2630 3428 naturali,
2649 3366 2709 3417 ut
2731 3362 2922 3435 ipsum
2947 3381 3159 3424 nomen

1789 3442 2374 3513 supernaturalitatis,
2406 3443 2530 3499 sive
2561 3458 2822 3500 excessus
2849 3461 3025 3518 supra
3053 3465 3160 3505 na·-

1792 3525 1982 3576 turam
2011 3520 2148 3576 satis
2172 3521 2424 3578 evincit:
2460 3520 2559 3578 sed
2604 3524 2792 3596 gratia
2837 3531 2921 3579 est
2974 3526 3161 3585 forma

1790 3601 2275 3672 supernaturalis;
2311 3601 2625 3675 subjectum
2654 3617 2792 3660 vero
2812 3604 2902 3659 cui
2936 3607 3155 3672 unitur,

1793 3695 2000 3753 nempe
2019 3679 2340 3737 substantia
2381 3681 2610 3748 animae,
2643 3688 2739 3738 aut
2789 3684 3044 3756 spiritus,
3075 3697 3161 3744 est

1793 3762 2056 3817 naturale
2080 3786 2094 3817 ι
2124 3777 2260 3835 ergo
2285 3762 2472 3836 gratia
2500 3762 2699 3835 nequit
2747 3767 3155 3837 praecontineri

1793 3841 1857 3898 in
1877 3841 2143 3916 subjecto,
2167 3842 2258 3898 cui
2283 3842 2502 3900 unitur.

1866 3926 1982 3980 Nec
2000 3924 2155 3980 valet
2196 3921 2329 3989 dici,
2360 3923 2510 3996 quod
2561 3927 3048 3998 praecontineatur
3095 3931 3157 3987 in

1791 4004 2029 4062 entitate
2052 4003 2308 4061 naturali
2349 4003 2666 4062 secundum
2696 4009 3010 4079 potentiam
3038 4012 3160 4084 ejus

1793 4084 2259 4143 obedientialem.
2312 4087 2460 4141 Nam
2496 4090 2709 4142 contra
2747 4087 2852 4144 hoc
2889 4095 3000 4147 est:
3025 4107 3160 4148 nam

1791 4168 1888 4225 vel
1915 4164 2169 4238 potentia
2193 4164 2315 4222 haec
2349 4164 2756 4223 obedientialis
2782 4166 3161 4244 distinguitur

1794 4244 2104 4303 anaturali
2156 4246 2476 4313 entitative,
2508 4248 2601 4303 vel
2643 4250 2799 4305 non?
2842 4249 2901 4305 Si
2941 4250 3164 4308 dicatur

1792 4326 1900 4383 hoc
1920 4325 2216 4392 ultimum,
2251 4325 2399 4382 redit
2443 4324 2644 4383 eadem
2672 4327 2992 4386 difficultas.
3027 4332 3162 4388 Pri—

1793 4423 1959 4464 mum
1980 4422 2119 4463 vero
2144 4405 2258 4463 dici
2305 4423 2423 4465 non
2470 4409 2623 4465 valet
2648 4430 2661 4464 :
2691 4414 2814 4465 tum
2862 4413 2995 4483 quia
3045 4431 3162 4473 non

1794 4487 1964 4544 habet
1985 4485 2427 4544 fundamentum
2462 4510 2475 4544 z
2506 4494 2625 4545 tum
2652 4490 2790 4562 quia
2810 4491 2947 4548 inde
2973 4491 3154 4562 fieret,

1793 4569 2043 4642 gratiam
2084 4582 2201 4624 non
2249 4567 2408 4623 uniri
2453 4567 2793 4628 immediate
2826 4571 3161 4632 substantiae

1795 4650 2024 4715 animae,
2048 4647 2148 4704 sed
2167 4646 2302 4705 huic
2322 4649 2586 4720 potentiss
2612 4649 3005 4721 obedientiali,
3036 4672 3161 4727 quae

1794 4729 2009 4787 dicitur
2036 4727 2107 4785 ab
2137 4728 2240 4784 illa
2266 4728 2505 4789 entitate
2524 4729 2825 4806 distingui.

1870 4808 2262 4868 confirmatur
2293 4808 2468 4882 :quia
2513 4826 2631 4869 non
2682 4811 2961 4886 implicat,
3012 4817 3160 4888 quod
3200 4844 3360 4887 cumr.

1795 4891 1982 4965 gratia
2004 4888 2350 4964 producatur
2365 4889 2820 4964 independenter
2838 4910 2871 4950 a
2891 4895 3158 4970 subjecto,
3204 4900 3347 4938 matur.

1795 4976 1853 5030 et
1878 4969 2028 5043 quod
2074 4968 2283 5027 deinde
2321 4970 2572 5046 subjecto
2611 4973 2885 5041 uniatur;
2940 4977 3004 5033 in
3055 4996 3165 5052 quo

1796 5058 2011 5112 eventu
2038 5068 2156 5112 non
2183 5057 2370 5126 posset
2391 5068 2509 5112 non
2537 5068 2640 5127 per
2661 5057 3007 5116 creationem
3038 5077 3166 5134 pro·

2952 5143 3017 5197 19
