3647 5753
274 1928 453 1972 Praeclu·

296 1975 422 2021 ditur.

266 2178 321 2219 D.
342 2175 443 2220 Tho.

476 441 585 495 586

477 615 751 682 tanquam
775 623 803 664 a
829 606 1113 681 principio
1132 605 1390 663 effectivo
1412 602 1674 678 procedat
1697 625 1712 669 ;
1736 599 1837 658 sed

478 691 750 756 sufficere,
794 688 942 760 quod
981 688 1244 745 eliciatur
1274 703 1305 743 a
1332 687 1624 758 supposito
1648 688 1831 757 grato,

477 774 601 829 sive
651 771 800 845 quod
851 769 1229 845 conjungatur
1274 768 1473 842 gratiae
1523 767 1586 822 in
1636 763 1835 823 eodem

477 856 796 929 supposito;
827 869 961 909 nam
1003 868 1069 908 eo
1110 854 1231 923 ipso
1259 849 1597 925 dignitatem
1636 847 1838 923 gratiae

483 937 799 1011 participat.
847 933 1005 998 Quod
1044 933 1333 1005 explicant
1373 932 1669 1003 exemplo;
1701 944 1838 985 nam

479 1035 547 1076 eo
573 1020 712 1092 ipso,
745 1016 892 1090 quod
920 1017 1278 1088 operationes
1303 1014 1505 1071 elicitae
1531 1012 1601 1069 ab
1631 1013 1839 1068 huma-

483 1100 660 1156 nitate
693 1097 902 1154 Christi
929 1096 1347 1170 conjungantur
1384 1110 1512 1151 cum
1550 1094 1840 1166 supposito

478 1182 680 1239 divino
709 1182 862 1250 (licet
898 1180 1275 1251 suppositum,
1311 1183 1371 1233 ut
1409 1175 1640 1249 quidam
1671 1182 1841 1232 autu-

479 1268 660 1327 mant,
700 1278 816 1318 non
845 1259 1048 1316 influat
1076 1260 1277 1330 active)
1306 1258 1651 1331 participant
1677 1255 1747 1312 ab
1774 1272 1842 1313 eo

477 1345 774 1402 infinitum
826 1344 1083 1399 valorem
1125 1342 1426 1399 moralem.
1460 1341 1550 1397 Sic
1599 1355 1735 1413 ergo
1780 1344 1843 1395 ut

478 1433 634 1486 actus
681 1425 1064 1489 contritionis,
1114 1429 1170 1480 et
1218 1423 1514 1481 charitatis
1558 1421 1737 1478 eliciti
1779 1421 1843 1477 in

482 1510 721 1566 instanti
759 1506 1184 1581 justificationis
1225 1510 1557 1563 mereantur
1595 1504 1666 1561 de
1703 1518 1843 1560 con-

482 1592 657 1668 digno
685 1591 864 1646 vitam
905 1596 1198 1655 aeternam,
1236 1604 1376 1661 opus
1404 1602 1522 1644 non
1560 1592 1662 1651 est,
1694 1584 1844 1658 quod

486 1670 793 1745 procedant
836 1670 1089 1728 effective
1141 1686 1172 1725 a
1217 1668 1422 1744 gratia,
1466 1666 1565 1723 sed
1617 1666 1838 1731 sufficit,

483 1753 631 1826 quod
654 1753 1075 1825 conjungantur
1098 1751 1161 1806 in
1181 1750 1381 1808 eodem
1402 1749 1692 1821 supposito
1712 1763 1844 1803 cum

483 1835 686 1909 gratia,
725 1850 847 1907 quae
870 1831 1026 1888 adest
1046 1833 1109 1887 in
1133 1832 1236 1888 illo
1263 1830 1523 1887 instanti.

559 1914 666 1973 Sed
688 1914 967 1981 doctrina,
983 1911 1074 1968 cui
1107 1912 1378 1967 innititur
1394 1912 1510 1968 haec
1527 1908 1840 1982 responsi0,

484 1997 627 2054 salsa
653 2004 755 2064 est,
789 2003 847 2052 ut
872 2011 943 2052 ex
981 1994 1232 2067 professo
1272 1992 1638 2051 ostendemus
1678 1997 1841 2046 tract.

480 2097 588 2159 seq.
620 2081 762 2153 disp.
793 2081 848 2145 4,
891 2078 1020 2134 dub.
1050 2079 1104 2133 4.
1137 2079 1303 2132 Nunc
1341 2074 1594 2132 breviter
1624 2072 1847 2129 refelli-

480 2166 577 2218 tur
601 2181 614 2215 :
645 2168 766 2218 tum
788 2161 922 2233 quia
943 2164 1028 2216 est
1047 2172 1310 2230 expresse
1330 2163 1530 2214 contra
1551 2158 1614 2212 D.
1636 2154 1845 2211 Thom.

481 2246 541 2299 in
567 2245 622 2309 2,
647 2244 777 2299 dist.
808 2243 899 2306 38,
927 2247 1109 2317 quscst.
1150 2241 1195 2305 l,
1221 2245 1330 2294 art.
1371 2240 1390 2294 1
1418 2237 1492 2293 ad
1518 2240 1573 2303 4,
1602 2234 1699 2292 ubi
1730 2235 1847 2290 ait:

481 2325 574 2382 Ad
600 2327 717 2390 hoc,
750 2324 894 2400 quod
918 2323 1161 2393 alicujus
1187 2322 1422 2376 actionis
1444 2320 1576 2391 finis
1601 2319 1674 2373 sit
1704 2315 1850 2372 Deus

479 2405 772 2478 (supponit
800 2403 857 2459 id
902 2402 1141 2474 requiri,
1170 2406 1230 2456 ut
1257 2401 1401 2457 actio
1426 2400 1502 2455 sit
1528 2397 1849 2468 meritoria)

480 2507 591 2544 non
617 2489 838 2561 sufficit,
872 2484 1016 2564 quod
1053 2486 1262 2560 aliquis
1301 2485 1362 2538 in
1398 2483 1592 2539 habitu
1630 2488 1850 2537 tantum

481 2568 677 2624 habeat
706 2565 899 2629 Deum,
927 2566 1010 2621 vel
1037 2565 1396 2625 charitatem;
1425 2566 1557 2640 quia
1583 2565 1662 2618 sic
1681 2564 1851 2617 etiam

483 2658 669 2705 actum
698 2648 933 2704 venialis
951 2649 1163 2721 peccati
1188 2646 1396 2722 aliquis
1418 2648 1478 2700 in
1501 2645 1676 2702 Deum
1703 2644 1847 2699 ordi·

486 2737 660 2798 naret,
708 2729 849 2805 quod
886 2729 1098 2801 falsum
1122 2734 1216 2782 est.
1264 2728 1331 2781 Et
1365 2726 1493 2781 dist.
1539 2727 1631 2792 40,
1663 2730 1848 2802 quoest.

484 2811 632 2865 unic.
666 2816 776 2863 are.
802 2809 837 2861 5
857 2808 931 2862 ad
955 2809 1010 2873 6,
1044 2805 1142 2862 ubi
1172 2804 1252 2861 ait
1279 2826 1291 2861 ε
1319 2804 1451 2862 Non
1487 2806 1691 2880 sufficit
1729 2820 1853 2859 om-

490 2893 621 2945 nino
666 2888 969 2945 habitualis
1014 2887 1291 2942 ordinatio
1329 2893 1486 2941 actus
1532 2888 1591 2940 in
1642 2885 1854 2952 Deum,·

487 2973 623 3049 quia
649 2971 765 3036 hoc,
798 2968 938 3042 quod
956 2975 1034 3024 est
1063 2969 1121 3022 in
1141 2967 1353 3033 habitu,
1378 2966 1567 3022 nullus
1592 2973 1846 3021 meretur.

489 3055 556 3108 Et
586 3055 646 3108 in
671 3052 775 3107 hac
809 3052 856 3118 l,
886 3052 938 3119 2,
981 3057 1163 3123 quaest.
1213 3051 1334 3116 114,
1380 3056 1490 3104 art.
1536 3052 1591 3114 4,
1625 3047 1852 3120 inquit:
1881 3059 1886 3064 ·

489 3134 753 3196 Meritum
774 3135 896 3188 vitas
919 3140 1122 3188 aeternae
1140 3133 1325 3204 primo
1343 3133 1579 3204 pertinet
1617 3130 1693 3186 ad
1716 3130 1853 3184 cha-

486 3217 709 3271 ritatem
724 3232 745 3282 ,·
768 3213 843 3269 ad
868 3213 1015 3269 alias
1039 3219 1224 3268 autem
1249 3213 1481 3267 virtutes
1504 3211 1848 3278 secundario,

488 3296 783 3360 secundum
809 3294 952 3373 quod
977 3310 1171 3349 earum
1200 3299 1357 3348 actus
1381 3310 1416 3349 α
1443 3294 1714 3349 charitate
1752 3293 1856 3346 im-

482 3386 774 3452 perantur.
808 3377 1123 3449 Imperium
1160 3381 1352 3433 autem
1397 3375 1694 3432 charitatis
1735 3389 1853 3431 non

491 3463 767 3534 importat
786 3476 1008 3518 meram
1031 3457 1533 3517 concomitantiam
1562 3458 1778 3532 gratiae,
1797 3462 1855 3514 et

487 3533 803 3622 charitatis,
823 3540 920 3597 sed
943 3541 1196 3612 aliquam
1213 3539 1529 3596 motionem
1546 3538 1848 3604 actualem,

488 3621 814 3690 formalem,
842 3620 957 3686 ,vel
1009 3620 1344 3677 virtualem.
1401 3620 1469 3674 Et
1519 3618 1602 3674 ita
1651 3617 1855 3675 docent

485 3701 887 3772 communiter(
921 3702 976 3757 S.
1035 3701 1290 3757 Doctoris
1342 3698 1610 3772 discipuli
1656 3702 1855 3756 contra

487 3784 823 3856 vasquem„
842 3782 1071 3856 anteco
1129 3784 1225 3837 cit.
1287 3779 1645 3837 videbimus,
1704 3781 1854 3835 Tum

486 3864 682 3931 etiam,
727 3861 1260 3936 quiafpnoperatio
1302 3861 1496 3933 aliqua
1521 3860 1597 3916 sit
1629 3859 1700 3918 de
1724 3876 1856 3918 con-

486 3949 662 4023 digno
680 3945 989 4012 ,meritoria
1016 3944 1148 4014 yitae
1169 3949 1416 4010 aeternae,
1442 3941 1609 3999 debet
1636 3941 1765 4000 fieri
1790 3943 1856 4000 in

488 4026 998 4102 obsequiumDei,
1020 4059 1027 4090 2
1046 4030 1121 4092 zet,
1142 4024 1286 4094 ,elici
1340 4023 1410 4080 ab
1464 4022 1702 4081 homine
1753 4024 1853 4081 Dei

488 4109 695 4177 amico,
726 4113 789 4172 ut
806 4107 1001 4176 ,amico
1028 4106 1228 4177 »atqui
1249 4121 1321 4162 ex
1341 4120 1409 4163 eo
1430 4105 1679 4178 praecise,
1705 4104 1856 4178 quod

485 4192 745 4264 epepatio
784 4187 1463 4262 hominii—‘tconjungatur
1502 4203 1632 4244 cum
1669 4188 1856 4262 gratia

490 4273 554 4330 in
568 4272 782 4338 ,eodem
796 4325 801 4334 ,
816 4269 1131 4342 supposito,
1146 4305 1153 4336 f
1170 4284 1305 4338 ,non
1337 4267 1507 4326 habet
1533 4284 1655 4326 esse
1689 4268 1858 4326 obse-

487 4352 1143 4429 quiumDeianecj-pro
1185 4339 1271 4418 dit
1293 4349 1365 4410 ab
1405 4350 1644 4408 homine
1671 4351 1858 4409 amico

489 4438 613 4502 nei,
630 4435 965 4502 &ruminor
980 4432 1275 4506 &iq-uictu2
1291 4455 1297 4490 e
1308 4433 1503 4505 plures
1549 4438 1705 4489 actus
1747 4433 1857 4490 ha-

489 4515 627 4580 bent
648 4516 814 4582 -hanc
834 4514 1320 4598 coniunctionem,
1352 4513 1465 4586 qui
1507 4517 1700 4570 tamen
1738 4530 1858 4572 non

486 4594 722 4678 suntab
746 4595 987 4680 hemina
1006 4593 1079 4661 uit
1099 4595 1584 4665 amico1÷Deia‚nec
1610 4596 1726 4651 Deo
1751 4595 1856 4652 ob-

487 4678 1199 4750 sequiumpnaestmissfflti
1215 4674 1738 4748 natetinifpeecatis
1766 4691 1858 4733 ve-

490 4756 767 4827 nialibus,
788 4764 887 4824 icti
904 4757 995 4823 aa,
1010 4754 1246 4836 actibus
1260 4753 1747 4824 ,indifferentibus
1792 4755 1858 4811 in

493 4839 819 4923 isqividuoi,
837 4838 993 4924 asor!
1022 4835 1601 4912 Yasquezadsnitthz:
1625 4853 1768 4914 ,ergo
1795 4841 1859 4893 ut

486 4936 631 4996 opus
651 4927 947 4986 mex-eamn
958 4920 1037 4986 de
1052 4920 1347 4996 condigno-
1358 4921 1852 4988 maternam,

490 5021 629 5068 nont
654 5003 859 5084 sufficit
898 5003 1444 5086 &thaumastum
1457 5017 1464 5069 i
1478 5004 1705 5079 mittite,
1722 5002 1857 5068 need

492 5085 1607 5170 requirituanliquisimmunificus
1635 5086 1862 5152 sermm

1149 436 1239 490 DE
1278 430 1884 489 DISPOSITIONIBUS
1921 431 2018 485 AD
2055 427 2716 484 JUSTIFICATIONEM.

1968 601 2060 667 lis,
2093 600 2185 656 vel
2225 599 2515 658 virtualis.
2543 599 2702 665 Quod
2743 598 3027 656 motivum
3053 594 3337 669 expressit

1969 684 2036 739 D.
2066 682 2270 741 Thom.
2302 684 2367 739 in
2390 682 2573 755 priori
2594 682 2926 740 testimonio
2945 696 3121 754 supra
3142 679 3334 736 citato.

1969 768 2116 822 Tum
2144 771 2438 839 praeterea,
2461 765 2599 839 quia
2621 766 2702 822 ita
2725 781 2787 823 se
2826 764 2999 821 habet
3022 768 3202 819 status
3231 760 3340 818 ha-

1971 847 2205 904 bitualis
2247 849 2454 920 peccati
2483 846 2552 904 ad
2581 847 3006 912 maculandum,
3030 850 3089 902 et
3116 843 3340 900 vitian-

1970 929 2109 986 dum
2162 934 2335 997 actuS,
2386 931 2483 1003 qui
2531 946 2662 987 cum
2717 932 2840 1004 ipso
2882 930 3336 1004 conjunguntur,

1970 1014 2113 1070 sicut
2132 1017 2311 1069 status
2333 1013 2645 1071 habitualis
2670 1014 2871 1088 gratiae
2893 1011 2961 1069 ad
2991 1007 3341 1085 dignifican-

1971 1092 2130 1159 dum,
2158 1098 2214 1150 et
2234 1094 2619 1152 valorandum
2645 1099 2818 1159 actus,
2845 1094 2945 1167 qui
2972 1093 3341 1166 conjungun-

1973 1179 2221 1232 turcum
2250 1175 2388 1242 illa;
2431 1173 2917 1249 quemadmodum
2957 1174 3118 1230 enim
3166 1172 3341 1228 homo

1974 1272 2076 1330 per
2119 1256 2366 1330 gratiam
2395 1257 2679 1313 avertitur
2718 1273 2750 1313 a
2789 1262 3066 1321 creatura,
3099 1258 3158 1310 et
3199 1267 3339 1308 con-

1973 1339 2218 1394 vertitur
2269 1338 2332 1393 in
2386 1339 2564 1395 Deum
2625 1343 2899 1411 tanquam
2947 1337 3011 1392 in
3065 1336 3337 1392 ultimum

1975 1417 2172 1487 finem,
2208 1425 2263 1476 et
2290 1418 2356 1474 fit
2395 1420 2507 1475 Deo
2546 1425 2770 1494 gratus;
2801 1420 2881 1476 ita
2909 1433 3010 1491 per
3050 1419 3337 1489 peccatum

1975 1500 2256 1557 avertitur
2284 1516 2316 1556 a
2346 1502 2476 1568 De0,
2519 1508 2576 1556 et
2613 1501 2970 1558 convertitur
3010 1497 3081 1554 ad
3122 1496 3338 1554 bonum

1977 1581 2293 1654 proprium,
2326 1585 2602 1654 tanquam
2643 1580 2712 1638 ad
2753 1582 3028 1637 ultimum
3056 1576 3254 1643 finem,
3283 1581 3338 1634 et

1976 1659 2041 1716 fit
2091 1664 2205 1719 Deo
2264 1662 2525 1737 ingratus
2573 1667 2631 1719 et
2681 1659 3127 1726 abominabili33
3184 1659 3336 1732 atqui

1977 1748 2132 1798 actus
2171 1742 2349 1800 eliciti
2377 1742 2448 1799 ab
2476 1742 2713 1799 homine
2753 1747 3040 1815 peccatore
3065 1757 3186 1799 non
3212 1755 3339 1796 ma-

1973 1824 2244 1879 culantur
2272 1839 2375 1895 per
2399 1823 2581 1880 solam
2610 1822 3071 1898 conjunctionem
3110 1819 3184 1878 ad
3213 1835 3341 1893 pec-

1976 1910 2165 1962 catum
2195 1904 2506 1972 habituale,
2550 1904 2648 1961 sed
2675 1906 2864 1961 solum
2895 1919 2995 1977 per
3022 1903 3343 1962 ordinatio-

1978 2000 2112 2042 nem
2136 1984 2458 2053 t'ormalem,
2481 1991 2576 2043 aut
2604 1985 2917 2042 virtualem
2944 1985 3013 2042 ad
3041 1985 3345 2058 proprium

1979 2069 2288 2142 peccatoris
2324 2068 2523 2136 finem,
2556 2068 2769 2140 alioqui
2811 2068 3005 2125 omnis
3030 2066 3288 2139 operatio
3312 2082 3347 2122 a

1980 2155 2269 2224 peccatore
2308 2151 2501 2208 elicita
2539 2156 2686 2207 esset
2732 2150 3153 2223 peccaminosa;
3195 2148 3347 2221 quod

1977 2239 2061 2291 est
2112 2233 2344 2299 salsum,
2394 2239 2450 2290 et
2492 2248 2828 2300 erroneum,
2883 2238 2947 2288 ut
2989 2231 3346 2290 ostendimus

1979 2322 2143 2371 tract.
2161 2315 2385 2388 praeced.
2415 2314 2557 2387 disp.
2602 2317 2657 2381 2,
2681 2313 2810 2370 dub.
2841 2316 2879 2370 2
2897 2338 2911 2382 ;
2939 2328 3076 2387 ergo
3105 2319 3168 2369 ut
3206 2327 3347 2385 ope-

1981 2398 2129 2455 ratio
2169 2398 2244 2453 sit
2271 2398 2594 2464 meritoria,
2627 2413 2745 2453 non
2785 2396 3008 2463 sufficit,
3053 2395 3201 2469 quod
3244 2395 3350 2452 eli-

1981 2480 2163 2536 ciatur
2192 2478 2261 2535 ab
2292 2478 2530 2535 homine
2565 2479 2738 2552 justo,
2767 2482 2824 2535 et
2849 2476 3000 2550 quod
3031 2478 3351 2551 conjunga-

1982 2566 2076 2616 tur
2097 2576 2228 2616 cum
2248 2564 2396 2616 statu
2420 2558 2730 2615 habitualis
2750 2558 2971 2634 gratiae;
2989 2557 3089 2615 sed
3110 2558 3353 2631 insuper

1984 2644 2323 2716 requiritur,
2378 2642 2528 2716 quod
2588 2659 2688 2716 per
2740 2643 2990 2717 gratiam
3042 2640 3350 2699 ordinetur

1983 2727 2325 2792 formaliter,
2371 2727 2463 2783 vel
2491 2726 2822 2783 virtualiter
2860 2726 2925 2783 in
2970 2727 3151 2783 Deum
3201 2725 3342 2782 ulti-

1984 2823 2145 2864 mum
2175 2806 2374 2864 finem.
2664 2824 2672 2831 ·

2057 2881 2445 2940 confirmatur
2475 2883 2698 2940 ratione
2736 2882 3000 2956 superius
3030 2880 3343 2956 proposita,
3386 2899 3514 2958 ‘injur

1984 2964 2074 3020 cui
2107 2963 2228 3021 haec
2254 2965 2549 3038 responsio
2595 2963 2840 3020 minime
2867 2963 3141 3020 satisfacit
3172 2986 3186 3030 ;
3216 2977 3354 3034 quo·
3385 2961 3442 2994 ¹¹¹¹
3467 2999 3476 3008 ·
3503 3033 3511 3039 ι

1985 3044 2147 3101 niam
2174 3044 2373 3116 nequit
2424 3043 2682 3115 operatio
2709 3044 2922 3101 mereri
2952 3043 3023 3100 de
3066 3041 3351 3117 condigno

1986 3126 2214 3201 aliquod
2261 3127 2586 3200 praemium,
2613 3127 2727 3183 nisi
2755 3128 2876 3201 ejus
2921 3128 3181 3185 valorem
3208 3125 3353 3184 adae-

1983 3215 2117 3283 quet
2147 3232 2161 3267 :
2191 3209 2290 3267 sed
2338 3224 2437 3282 per
2483 3210 2606 3275 hoc,
2636 3209 2785 3282 quod
2813 3215 2968 3267 actus
2993 3227 3049 3267 v.
3074 3226 3128 3285 g.
3161 3211 3352 3267 virtu-

1985 3298 2110 3349 tum
2135 3293 2451 3350 moralium
2480 3292 2889 3365 acquisitarum
2929 3293 3353 3369 conjungantur

1984 3391 2116 3432 cum
2160 3378 2310 3431 statu
2342 3373 2624 3430 habituali
2651 3375 2869 3449 gratias,
2903 3390 3022 3432 non
3053 3373 3353 3447 adaequant

1985 3458 2244 3515 valorem
2286 3456 2418 3513 vitae
2454 3462 2716 3513 aeternae:
2750 3473 2887 3532 ergo
2921 3472 2992 3514 ea
3030 3456 3354 3534 conjunctio

1985 3543 2069 3595 est
2116 3536 2484 3605 insufficiens,
2520 3541 2581 3593 ut
2609 3537 2863 3610 praedicti
2911 3542 3068 3595 actus
3093 3552 3355 3595 merean-

1985 3625 2081 3676 tur
2107 3619 2289 3676 vitam
2316 3624 2594 3676 aeternam
2636 3618 2705 3676 de
2732 3618 3035 3694 condigno.
3068 3617 3353 3676 Probatur

1986 3701 2199 3766 minor,
2225 3700 2360 3773 quia
2405 3700 2570 3757 valor
2616 3699 2966 3772 operationis
3011 3697 3353 3756 sumiturab

1985 3781 2106 3855 ejus
2134 3781 2420 3856 principio
2450 3779 2705 3848 radicali,
2736 3787 2794 3840 et
2819 3782 2884 3838 in
2903 3798 2971 3840 eo
3009 3779 3173 3839 debet
3198 3795 3354 3852 prae-

1985 3860 2209 3930 haberi,
2240 3863 2385 3920 sicut
2407 3863 2599 3920 omnis
2624 3864 2743 3920 alia
2765 3863 3113 3936 operationis
3140 3860 3355 3934 perfec-

1987 3943 2067 4001 tio
2095 3949 2299 4017 :atque
2340 3942 2469 4000 ideo
2491 3943 2846 4018 principium
2877 3943 3124 4002 radicale
3162 3941 3354 4016 operis

1987 4024 2271 4081 meritorii
2321 4022 2488 4081 debet
2532 4039 2655 4082 esse
2701 4024 2955 4098 eJusdem
3010 4023 3238 4089 valoris,
3296 4027 3354 4079 et

1986 4106 2287 4181 dignitatis
2321 4122 2453 4163 cum
2482 4107 2721 4180 praemio
2751 4126 2766 4161 ε
2793 4105 2892 4163 sed
2915 4122 3017 4178 per
3048 4106 3174 4172 hoc,
3203 4103 3356 4178 quod

1987 4195 2143 4247 actus
2189 4190 2465 4246 virtutum
2546 4188 2862 4246 moralium
2932 4188 3358 4263 conjungantur

1987 4286 2117 4328 cum
2155 4273 2304 4327 statu
2357 4268 2638 4326 habituali
2666 4269 2884 4344 gratiae,
2913 4284 3032 4326 non
3076 4268 3356 4342 sequitur,

1986 4350 2137 4427 quod
2158 4349 2406 4408 habeant
2433 4349 2784 4424 principium
2832 4349 3081 4408 radicale
3106 4349 3361 4424 ejusdem

1986 4431 2204 4491 valoris
2243 4449 2373 4489 cum
2402 4431 2522 4488 vita
2571 4436 2813 4496 aeterna3
2861 4431 3148 4505 siquidem
3195 4432 3363 4506 juxta

1988 4516 2142 4573 hunc
2191 4513 2421 4571 dicendi
2455 4512 2691 4572 modum
2738 4514 2926 4588 gratia
2974 4512 3357 4581 sanctificam,

1988 4612 2114 4669 quas
2157 4597 2280 4653 sola
2324 4596 2584 4652 valorem
2630 4594 2761 4651 vitae
2799 4600 3030 4652 aeternae
3080 4594 3357 4669 adaequat,

1990 4691 2107 4734 non
2166 4680 2250 4733 est
2301 4675 2656 4748 principium
2695 4673 3023 4732 effectivum
3067 4674 3364 4748 praedicto·

1990 4774 2122 4817 rum
2170 4762 2418 4825 actuum,
2444 4756 3016 4816 sed‘concomitanter
3054 4756 3307 4815 sehabet
3345 4778 3358 4812 ε

1987 4855 2123 4914 ergo
2142 4855 2214 4897 ex
2233 4855 2315 4906 eo,
2342 4839 2491 4912 quod
2519 4843 2674 4896 actus
2708 4839 2995 4895 virtutum
3042 4838 3360 4896 moralium

1989 4923 2398 4996 acquisitarum
2425 4923 2549 4997 conj
2557 4926 2847 4996 ungantur
2868 4938 3000 4979 cum
3023 4926 3174 4980 statu
3190 4919 3361 4980 habi-

1988 5004 2164 5061 tualis
2188 5005 2408 5080 gratiae,
2440 5020 2556 5062 non
2609 5001 2910 5077 adaequant
2935 5004 3199 5061 valorem
3227 5002 3358 5059 vitae

1986 5090 2233 5144 aeternae.
2265 5088 2380 5143 Nec
2407 5083 2633 5158 prodest
2684 5082 2872 5141 dicere
2908 5099 3042 5140 cum
3083 5082 3354 5214 Vasquioo(i

3206 5173 3281 5230 qu
