3647 5753
457 436 567 491 544
1127 431 1220 486 DE
1261 422 1865 482 DISPOSITIONIBUS
1904 420 1999 475 AD
2037 416 2699 474 JUSTIFICATIONEM.

456 605 762 671 sideratur‚
813 609 875 660 ut
922 602 1135 675 impius
1179 600 1516 674 disponatur
1543 596 1615 655 ad
1648 594 1821 672 justi-

457 689 619 752 tiam,
652 693 708 744 et
734 702 861 743 eam
888 691 1285 757 consequatur.

246 790 433 836 solvitur
466 789 469 790 ⁷
530 767 618 823 Ad
645 767 895 841 primam
912 765 1286 841 objectionem
1307 761 1690 836 respondetD.
1710 759 1817 815 Th.

196 909 198 912 ,
240 841 409 937 griffi).
456 851 517 906 in
536 868 694 923 praes.
746 856 856 904 art.
889 850 924 903 5
962 849 1038 904 ad
1062 849 1116 914 3,
1157 846 1247 902 his
1282 844 1476 902 verbis
1509 865 1522 900 ε
1559 865 1585 897 «
1616 841 1823 898 Dicen-

285 923 297 937 ’
408 923 419 934 ’
461 955 488 986 «
533 932 689 998 dum,
721 929 870 1005 quod
911 931 1258 1003 intempore
1289 922 1827 1000 praecedentejusti—

462 1035 488 1065 «
532 1012 858 1070 ficationem
896 1015 1136 1084 oportet,
1162 1007 1330 1081 ¹quod
1378 1008 1551 1064 homo
1594 1005 1826 1079 singula

461 1116 486 1148 «
532 1100 771 1167 peccata,
817 1109 940 1166 quae
976 1088 1288 1156 commisit,
1318 1089 1650 1154 detestetur,
1681 1102 1826 1159 quo-

459 1199 486 1231 «
529 1191 660 1232 rum
710 1171 1056 1230 memoriam
1110 1171 1316 1228 habeat
1358 1193 1383 1224 2>
1434 1171 1586 1243 (qui
1636 1173 1826 1225 motus

451 1255 843 1315 detestationis
866 1253 1212 1328 regulariter
1237 1258 1323 1310 est
1350 1251 1738 1325 imperfectuS,
1768 1254 1826 1305 et

451 1354 581 1396 cum
603 1337 786 1411 gratia
809 1334 1159 1409 justificante
1187 1351 1305 1392 non
1342 1332 1703 1391 connectitur
1726 1330 1826 1385 in-

452 1418 824 1488 fallibiliter).
844 1439 868 1470 α
890 1418 958 1471 Et
982 1432 1054 1472 ex
1074 1416 1176 1472 tali
1199 1414 1655 1473 consideratione
1683 1427 1828 1484 prae-

460 1525 485 1558 «
524 1501 748 1560 cedenti
763 1499 1128 1572 subsequitur
1144 1500 1207 1554 in
1223 1498 1420 1556 anima
1435 1497 1670 1572 quidam
1697 1512 1827 1552 mo-

460 1607 484 1639 «
527 1591 616 1641 tus
634 1605 658 1635 »
676 1583 979 1656 (perfectus
994 1580 1278 1648 videlicet,
1303 1585 1363 1637 ut
1378 1580 1668 1651 contritio)
1690 1601 1715 1632 «
1734 1576 1828 1635 de-

456 1688 482 1718 «
526 1672 738 1723 testans
774 1663 1181 1720 universaliter
1202 1663 1398 1719 omnia
1428 1667 1648 1735 peccata
1667 1676 1828 1717 com-

458 1770 484 1802 «
528 1747 704 1804 missa
729 1772 739 1801 ε
765 1747 919 1803 inter
938 1762 1063 1819 quae
1089 1747 1263 1802 etiam
1288 1744 1668 1801 includuntur
1696 1757 1827 1815 pec-

461 1851 486 1882 «
529 1834 650 1885 cata
672 1825 956 1884 oblivioni
979 1826 1212 1884 tradita.
1228 1826 1374 1891 Quia
1396 1826 1568 1882 homo
1590 1825 1653 1881 in
1674 1828 1825 1880 statu

462 1931 487 1963 «
531 1909 634 1965 illo
660 1913 744 1965 est
791 1908 871 1964 sic
914 1907 1240 1980 dispositus,
1277 1915 1336 1964 ut
1382 1908 1559 1964 etiam
1604 1905 1674 1963 de
1710 1905 1820 1968 his,

460 2011 485 2043 «
529 2005 654 2063 quae
696 2006 811 2047 non
839 1990 1131 2052 meminit,
1175 1994 1587 2056 contereretur,
1621 1989 1670 2044 si
1698 2003 1827 2045 me·
1868 1996 1876 2007 ·

430 2091 488 2124 .«
531 2071 735 2127 moriae
781 2070 1060 2127 adessent.
1108 2071 1177 2124 Et
1204 2070 1310 2126 iste
1357 2074 1544 2126 motus
1582 2084 1825 2125 concur-

464 2176 487 2208 «
534 2155 609 2209 rit
637 2151 1212 2227 adjustificationem‚
1248 2168 1454 2226 nempe
1499 2153 1724 2218 ultim0,
1770 2155 1828 2208 et

461 2259 486 2293 «
530 2237 866 2294 connexive.
901 2256 926 2287 »

242 2312 428 2406 nilnugr
531 2315 1049 2388 Secundamdiluit
1096 2316 1208 2373 loco
1243 2318 1335 2372 cit.
1363 2316 1396 2372 3
1412 2323 1563 2388 part.
1598 2317 1659 2371 in
1679 2332 1818 2387 resp.

243 2371 371 2409 secun
403 2373 440 2407 a.
455 2400 531 2456 ad
558 2401 611 2464 3,
646 2398 743 2454 ubi
788 2400 867 2454 ait
914 2419 926 2453 ε
984 2419 1009 2449 «
1042 2397 1378 2463 Dicendum,
1411 2395 1561 2469 quod
1589 2395 1825 2452 miseri-

462 2502 487 2533 «
529 2479 722 2536 cordia
745 2479 843 2533 Dei
867 2484 950 2534 est
972 2477 1209 2551 maj0ris
1236 2478 1488 2542 virtutis,
1521 2492 1694 2549 quam
1720 2475 1827 2531 mi-

459 2581 483 2611 «
529 2559 841 2617 sericordia
873 2559 1149 2624 hominiS,
1184 2559 1245 2614 in
1275 2559 1398 2624 hoc,
1422 2556 1571 2631 quod
1604 2558 1825 2613 immu-

462 2663 487 2700 α
530 2647 611 2698 tat
640 2643 996 2699 voluntatem
1026 2642 1280 2697 hominis
1308 2640 1376 2697 ad
1403 2639 1818 2712 poenitendum,

459 2743 485 2776 «
529 2722 680 2796 quod
734 2719 1132 2778 misericordia
1179 2722 1436 2779 hominis
1484 2722 1825 2778 facere'non

418 2815 419 2818 ’
459 2825 485 2860 «
531 2808 742 2878 potest.
784 2825 808 2855 »

263 2887 418 2935 werua.
531 2886 741 2942 Tertiae
775 2884 1078 2960 objectioni
1107 2886 1354 2943 occurrit
1382 2884 1462 2941 ibi
1492 2889 1551 2941 in
1577 2904 1714 2959 resp.
1752 2887 1827 2941 ad

467 2971 511 3036 1,
538 2965 778 3024 dicendo
805 2989 817 3023 ε
853 2990 876 3019 «
903 2967 1062 3032 Quod
1091 2970 1153 3024 in
1178 2968 1436 3041 parvulis
1460 2984 1577 3024 non
1598 2973 1682 3024 est
1711 2968 1822 3024 nisi

463 3071 489 3104 «
532 3055 818 3122 peccatum
849 3049 1153 3123 originale,
1180 3048 1330 3123 quod
1354 3065 1470 3106 non
1498 3050 1734 3106 consisit
1762 3050 1825 3105 in

463 3153 488 3184 «
531 3131 738 3188 actuali
788 3130 1225 3188 deordinatione
1267 3131 1602 3196 voluntatis,
1633 3130 1825 3187 sedin

463 3234 488 3267 «
531 3212 775 3287 quadam
801 3211 1081 3270 habituali
1103 3213 1540 3273 deordinatione
1582 3218 1819 3270 naturae.

465 3316 489 3347 «
533 3296 603 3349 Et
628 3293 756 3351 ideo
791 3295 1107 3351 remittitur
1135 3295 1217 3352 eis
1242 3304 1529 3369 peccatum
1557 3295 1828 3351 cum‘ha-

466 3398 490 3429 c<
534 3374 739 3433 bituali
764 3377 1169 3435 immutatione
1198 3394 1297 3451 per
1320 3377 1672 3434 infusionem
1699 3392 1827 3452 gra-

464 3480 489 3513 «
534 3459 647 3525 tiae,
673 3466 728 3516 et
762 3460 1064 3517 virtutum.
1098 3460 1204 3517 Sed
1228 3459 1440 3529 adult0,
1468 3461 1531 3517 in
1554 3478 1664 3534 quo
1690 3464 1827 3516 sunt

465 3562 489 3591 «
536 3540 782 3596 actualia
810 3546 1051 3614 peccata,
1084 3557 1208 3613 quae
1235 3541 1553 3596 consistunt
1576 3542 1638 3597 in
1666 3540 1827 3597 deor-

466 3642 491 3674 «
538 3620 834 3678 dinatione
874 3622 1081 3678 actuali
1118 3622 1449 3688 voluntatis,
1480 3638 1596 3678 non
1621 3621 1827 3679 remit-

467 3724 492 3757 «
538 3708 741 3760 tuntur
788 3709 1009 3777 peccata
1053 3704 1229 3761 etiam
1278 3704 1340 3759 in
1382 3705 1672 3776 Baptismo
1699 3703 1827 3760 sine

470 3806 494 3838 α
538 3786 743 3841 actuali
763 3786 1080 3842 mutatione
1095 3786 1428 3842 voluntatis.
1455 3806 1479 3837 »
1503 3786 1571 3840 Et
1587 3783 1829 3841 observa

465 3867 760 3941 praedictas
787 3867 1148 3942 objectioneS,
1174 3868 1223 3922 si
1264 3868 1690 3935 convincerent,
1722 3883 1828 3922 ex-

463 3949 693 4007 cludere
739 3950 912 4006 etiam
960 3950 1353 4006 necessitatem
1396 3956 1584 4007 motus
1626 3966 1727 4023 per
1755 3949 1828 4005 fi-

463 4030 594 4089 dem
621 4056 635 4099 ;
666 4048 837 4106 quam
862 4038 1057 4088 tamen
1095 4033 1190 4089 vel
1226 4033 1335 4104 ipsi
1358 4032 1675 4090 Lutherani
1710 4048 1827 4090 non

462 4119 690 4188 negant.
1713 4130 1721 4139 ·

1084 4263 1231 4331 §111-

464 4436 823 4494 Recensentur
863 4434 1125 4508 praecipui
1168 4432 1473 4488 voluntatis
1516 4438 1693 4500 actus,
1735 4434 1833 4511 qui

537 4517 613 4571 ad
628 4518 1082 4587 justificationem
1127 4521 1481 4581 concurrunt,
1524 4523 1574 4570 et
1611 4532 1833 4588 praepa·

538 4607 693 4657 rant.

547 4752 630 4807 ll.
683 4749 956 4814 Quamvis
1007 4764 1210 4805 omnes
1257 4747 1487 4805 virtutis
1531 4752 1685 4804 actus
1728 4761 1832 4803 suo

464 4833 634 4892 modo
675 4831 746 4889 ad
768 4830 1239 4906 justificationem
1267 4829 1595 4903 disponant,
1630 4828 1832 4902 prasci-

463 4930 575 4987 pue
615 4919 810 4970 tamen
852 4911 923 4969 ad
962 4912 1066 4970 hoc
1111 4910 1435 4970 conducunt
1480 4912 1570 4969 illi
1618 4914 1826 4976 motus,

280 5011 603 5067 con011,quos
643 4992 858 5052 Concil.
891 4990 1153 5049 Trident.
1196 5010 1325 5049 sess.
1373 4995 1428 5060 6,
1473 5010 1602 5066 cap.
1633 4993 1687 5059 6,
1737 5005 1834 5046 re-

253 5063 441 5108 Trident.
461 5083 650 5134 censet
671 5077 761 5133 his
789 5074 980 5134 verbis
1012 5096 1025 5132 ε
1057 5096 1082 5128 «
1113 5076 1512 5149 Disponuntur
1534 5080 1725 5132 autem
1754 5072 1826 5130 ad

1958 614 1985 645 «
2025 591 2210 665 ipsam
2250 590 2573 664 justitiam,
2624 590 2764 646 dum
2822 587 3051 646 excitati
3117 585 3324 643 divina

1958 693 1983 724 «
2026 672 2232 747 gratia,
2264 677 2319 729 et
2346 670 2538 745 adjuti,
2570 668 2741 727 fidem
2788 684 2858 725 ex
2899 666 3096 724 auditu
3125 665 3325 724 conci-

1959 774 1984 806 «
2031 753 2269 826 pienteS,
2303 750 2485 810 libere
2513 756 2821 809 moventur
2860 750 2924 806 in
2953 752 3156 814 Deum,
3191 763 3325 805 cre-

1958 841 1984 887 «
2029 834 2225 892 dentes
2253 850 2391 893 vera
2427 851 2551 892 esse
2577 851 2701 908 quae
2728 831 3012 888 divinitus
3042 831 3316 896 revelata,

1960 936 1986 969 α
2028 924 2084 972 et
2111 916 2394 988 promissa
2420 922 2573 982 sunt,
2606 920 2773 988 atque
2801 912 2947 969 illud
2996 913 3060 968 in
3089 911 3316 985 primiS,

1962 1021 1987 1054 «
2030 1015 2063 1055 a
2117 1001 2229 1055 Deo
2268 997 2573 1072 justificari
2621 996 2873 1069 impium
2925 1011 3027 1067 per
3071 995 3322 1070 gratiam

1959 1101 1985 1132 «
2029 1078 2187 1152 ejus,
2246 1095 2348 1152 per
2399 1078 2893 1151 redemptionem,
2938 1092 3062 1149 quae
3112 1081 3198 1132 est
3255 1075 3322 1132 in

1961 1181 1987 1212 «
2031 1159 2257 1228 Christo
2281 1162 2446 1228 Jesu3
2489 1165 2546 1216 et
2584 1159 2723 1215 dum
2765 1162 3083 1232 peccatores
3108 1172 3170 1213 se
3201 1171 3324 1214 esse

1960 1261 1987 1292 α
2031 1240 2439 1316 intelligenteS,
2492 1256 2524 1296 a
2564 1239 2779 1296 divinae
2819 1238 3059 1315 justitiae
3086 1238 3316 1305 timore,

1963 1345 1990 1377 α
2030 1340 2142 1396 quo
2170 1325 2390 1383 utiliter
2410 1324 2836 1392 concutiuntur,
2864 1324 2934 1381 ad
2956 1321 3344 1390 considerans

1963 1429 1988 1461 «
2030 1406 2164 1464 dam
2193 1409 2291 1466 Dei
2322 1408 2782 1467 misericordiam
2809 1425 2871 1465 se
2909 1404 3314 1472 convertendo,

1964 1509 1990 1542 α
2032 1488 2096 1544 ἰη
2145 1506 2307 1563 spem
2343 1491 2665 1565 eriguntur,
2717 1488 2959 1546 fidentes
3004 1489 3185 1544 Deum
3209 1485 3320 1543 sibi

1962 1589 1986 1620 «
2033 1576 2265 1643 propter
2316 1572 2610 1628 Christum
2686 1570 3004 1644 propitium
3053 1569 3195 1635 fore,
3243 1568 3322 1623 il-

1961 1672 1987 1704 «
2033 1652 2269 1725 lumque
2295 1657 2569 1726 tanquam
2616 1653 2807 1711 omnis
2841 1652 3078 1726 justitiae
3106 1652 3319 1708 fontem

1962 1756 1989 1788 «
2030 1733 2274 1809 diligere
2296 1734 2585 1809 incipiunt
2616 1757 2629 1792 ε
2660 1753 2723 1793 ac
2752 1740 3053 1809 propterea
3078 1748 3321 1791 moven-

1963 1838 1988 1868 «
2032 1822 2125 1872 tur
2153 1815 2425 1874 adversus
2448 1823 2670 1891 peccata
2698 1834 2797 1891 per
2836 1816 3035 1874 odium
3066 1814 3315 1888 aliquod,

1962 1917 1988 1950 «
2029 1902 2084 1953 et
2115 1895 2570 1965 detestationem,
2604 1899 2710 1956 hoc
2748 1903 2850 1964 est,
2878 1914 3004 1954 eam
3035 1897 3321 1970 poeniten-

1963 1999 1989 2030 «
2031 1977 2192 2044 tiam,
2218 1995 2390 2051 quam
2414 1985 2546 2035 ante
2567 1979 2926 2052 Baptismum
2956 1978 3045 2052 agi
3068 1983 3319 2051 oportet:

1962 2083 1988 2113 «
2029 2060 2277 2134 denique
2302 2062 2440 2118 dum
2484 2067 2815 2135 proponunt
2841 2061 3130 2133 suscipere
3170 2063 3323 2135 Bap-

1962 2162 1988 2195 «
2029 2142 2289 2211 tismum,
2321 2144 2595 2201 inchoare
2624 2159 2836 2200 novam
2864 2144 3068 2208 vitam,
3114 2147 3170 2198 et
3194 2158 3326 2199 ser-

1962 2245 1988 2276 «
2030 2241 2169 2282 vare
2208 2225 2409 2282 divina
2461 2223 2748 2282 mandata.
2801 2246 2826 2277 n
2885 2228 3018 2290 Quae
3063 2223 3328 2281 doctrina

1955 2306 2184 2364 videtur
2224 2308 2294 2365 ad
2330 2309 2559 2364 literam
2589 2309 2931 2381 transcripta
2956 2323 3025 2363 ex
3052 2307 3328 2381 Angelico

1956 2390 2309 2462 Praeceptore
2337 2389 2372 2443 3
2406 2394 2558 2461 part.
2599 2395 2782 2466 quaest.
2814 2391 2905 2457 85,
2936 2395 3046 2443 art.
3069 2390 3121 2443 5.
3156 2386 3329 2444 Unde

1954 2475 2189 2536 constat,
2221 2469 2370 2542 quod
2413 2474 2618 2542 praeter
2658 2475 2848 2525 actum
2896 2466 3051 2532 fidei,
3096 2468 3197 2540 qui
3250 2467 3325 2525 ad

1955 2549 2309 2606 intellectum
2340 2550 2664 2606 formaliter
2689 2553 2921 2621 spectat,
2944 2549 3199 2621 quinque
3222 2549 3325 2605 alii

1956 2635 2110 2686 actus
2160 2646 2231 2686 ex
2279 2634 2440 2703 parte
2491 2630 2807 2690 voluntatis
2847 2628 2918 2684 ad
2959 2628 3328 2703 justificatio-

1958 2729 2091 2769 nem
2120 2712 2288 2784 impii
2332 2712 2518 2769 solent
2559 2713 2860 2785 praecipue,
2893 2717 2948 2768 et
2978 2713 3329 2787 regulariter

1955 2809 2331 2860 concurrere;
2365 2808 2572 2866 nempe
2613 2794 2789 2850 timor
2824 2792 3041 2850 divinae
3063 2794 3321 2868 justitiae,

1955 2891 2083 2948 spes
2127 2873 2196 2932 de
2244 2873 2447 2932 divina
2475 2873 2897 2941 misericordia,
2942 2873 3175 2932 dilectio
3202 2876 3323 2935 Dei.

1955 2956 2121 3014 dolor
2146 2956 2217 3014 de
2239 2957 2497 3030 peccatiS,
2530 2964 2586 3015 et
2615 2958 2972 3031 propositum
3016 2957 3325 3015 inchoandi

1957 3055 2166 3096 novam
2217 3041 2398 3096 vitam
2442 3056 2541 3113 per
2581 3040 3044 3098 observationem
3091 3040 3326 3099 divino-

1957 3138 2087 3177 rum
2130 3128 2568 3194 praeceptorum.
2612 3125 2690 3179 De
2733 3122 2941 3196 quibus
2988 3123 3221 3191 actibuS,
3271 3131 3327 3181 et

1954 3220 2157 3261 eorum
2202 3205 2614 3272 conducentia,
2664 3205 2787 3262 sive
2832 3205 3211 3279 dispositione
3254 3205 3324 3262 ad

1949 3287 2254 3362 justitiam,
2297 3288 2550 3345 breviter
2596 3305 2723 3362 quae
2770 3295 3012 3363 oportet,
3046 3288 3322 3345 dicemus.

2039 3370 2119 3425 12.
2155 3371 2224 3424 Et
2257 3369 2490 3444 quidem
2532 3370 2802 3428 timorem
2831 3370 3047 3429 divinae
3068 3370 3320 3446 justitiae,
3366 3378 3509 3423 ‘rimor

1955 3465 2053 3506 seu
2071 3456 2289 3506 metum
2315 3460 2640 3523 poenarum,
2660 3468 2800 3523 quas
2820 3453 2964 3508 Deus
2981 3469 3085 3526 pro
3104 3458 3323 3526 peccato
3337 3434 3529 3530 ξέῗῗςῗῗ.

1956 3531 2108 3587 valet
2135 3531 2417 3605 infligere,
2471 3533 2672 3588 utilem
2720 3547 2859 3600 esse,
2887 3538 2961 3590 et
3006 3531 3324 3591 conducere
3340 3530 3548 3623 aganz-

1958 3611 2024 3668 ad
2070 3611 2528 3684 consequendam
2589 3614 2895 3689 justitiam,
2946 3614 3082 3671 satis
3130 3590 3532 3690 aperte-turis}

1957 3692 2116 3751 docet
2160 3695 2456 3766 Scriptura
2488 3717 2501 3752 z
2533 3711 2671 3751 nam
2699 3697 2860 3752 Isaiae
2887 3698 2979 3763 26,
3009 3695 3322 3752 secundum
3359 3682 3530 3775 ἓξὲξ.

1957 3776 2400 3832 translationem
2430 3778 2595 3842 LXX,
2641 3776 2852 3833 dicitur
2887 3798 2899 3834 :
2933 3776 2978 3834 A
3009 3778 3196 3831 timore
3226 3784 3323 3831 tuo

1956 3858 2315 3929 concepimus,
2361 3864 2409 3912 et
2448 3860 2611 3935 quasi
2643 3860 3072 3930 parturivimus,
3100 3864 3149 3912 et
3175 3873 3331 3929 pepe-

1957 3940 2135 3994 rimus
2161 3940 2421 4011 spiritum
2436 3940 2655 3995 salutis.
2689 3942 2755 3995 Et
2785 3941 2992 3996 EccleS.
3032 3942 3049 3996 l
3092 3961 3104 3996 :
3143 3938 3333 3996 Timor

1959 4019 2187 4077 Domini
2215 4023 2442 4077 initium
2462 4023 2792 4079 dilectionis,
2825 4022 2991 4079 Ratio
3011 4022 3188 4079 etiam
3215 4021 3334 4077 suf-

1960 4102 2254 4176 fragatum
2299 4119 2434 4160 nam
2475 4104 2664 4179 gratia
2690 4119 2813 4160 sese
2854 4109 3076 4160 naturae
3104 4119 3332 4159 accom-

1959 4184 2202 4241 modans
2248 4186 2391 4242 solet
2420 4184 2723 4260 procedere
2765 4184 2835 4242 ab
2880 4185 3233 4257 imperfectis
3261 4183 3333 4241 ad

1962 4265 2210 4339 perfecta
2243 4287 2257 4322 ε
2287 4283 2416 4323 cum
2444 4283 2579 4341 ergo
2608 4266 2783 4322 timor
2812 4282 2993 4340 poenae
3014 4266 3089 4322 sit
3111 4261 3337 4338 imper·

1960 4347 2139 4403 fectus
2154 4353 2343 4405 motus
2362 4354 2618 4422 respectu
2638 4347 2980 4414 dilectionis,
2996 4363 3123 4421 quae
3142 4347 3337 4420 proxi-

1959 4428 2114 4484 mius
2127 4428 2196 4485 ad
2207 4429 2674 4505 justificationem
2686 4429 2961 4501 disponit;
2980 4443 3335 4501 consequens

1959 4514 2063 4575 est,
2117 4517 2178 4565 ut
2219 4511 2562 4585 regulariter
2604 4508 2887 4584 loquendo
2935 4514 3127 4565 motus
3167 4508 3336 4582 justi·

1961 4588 2245 4648 ficationis
2297 4609 2331 4647 a
2378 4592 2585 4649 timore
2624 4591 2840 4647 divinae
2887 4590 3126 4664 justitiae
3183 4589 3338 4647 inci-

1964 4670 2100 4743 piat,
2145 4677 2202 4728 et
2239 4671 2388 4744 quod
2431 4688 2532 4745 per
2560 4672 2713 4727 hunc
2741 4672 3012 4728 timorem
3043 4685 3075 4726 a
3102 4669 3338 4745 flagitiis

1965 4750 2352 4826 retrahamur,
2401 4753 2608 4825 quibus
2673 4753 2963 4809 noscimus
3015 4751 3335 4807 imminere

1961 4831 2330 4903 supplicium.
2359 4832 2532 4889 Unde
2559 4832 2888 4907 hujusmodi
2917 4833 3189 4889 timorem
3216 4832 3340 4887 uti-

1963 4911 2079 4968 lem
2107 4928 2246 4980 esse,
2287 4911 2649 4971 diffinierunt
2689 4915 2800 4972 Leo
2827 4913 2961 4968 Xin
3001 4911 3166 4969 bulla
3193 4928 3338 4969 con·
3376 4929 3535 4974 neat

1961 4996 2054 5048 tra
2079 4993 2416 5063 Lutherum,
2449 5000 2506 5052 et
2531 4994 2747 5053 Concil.
2779 4992 3040 5052 Trident.
3070 5009 3200 5050 sess.
3232 4977 3560 5075 cit-fflffi‚

1963 5090 2089 5131 can.
2112 5076 2167 5131 8.

3216 5150 3336 5207 Nec
