3647 5753
494 407 604 474 318
1440 423 1536 478 DE
1568 423 1598 477 J
1604 422 2150 478 USTIFICATIONE
2188 422 2392 480 IMPII.

275 595 467 640 'mnium
566 587 657 644 27.
701 588 894 647 Tertio
938 594 1219 667 arguitur,
1268 595 1403 667 quia
1439 595 1489 650 si
1537 600 1755 668 peccata
1780 594 1846 650 in

282 655 476 739 mgniffia.
486 667 892 742 justificatione
920 690 1053 732 vere
1073 668 1523 744 destruerentur,
1551 693 1668 734 non
1699 674 1843 733 redi-

494 751 622 804 rent
666 766 769 821 per
820 751 1170 827 subsequens
1216 763 1507 830 peccatum
1557 758 1842 825 mortale3

488 828 638 901 quod
664 831 822 887 enim
849 838 1025 892 semel
1067 852 1203 895 vere
1228 837 1577 896 destructum
1604 844 1707 905 est,
1740 854 1847 895 ne-

489 909 613 982 quit
638 909 849 968 iterum
881 917 1123 983 renasci,
1148 919 1357 976 saltem
1399 935 1499 993 per
1526 919 1846 991 potentiam

489 997 764 1049 creaturae
796 1014 808 1049 :
838 997 993 1068 atqui
1039 1005 1278 1070 peccata,
1309 1016 1436 1073 quas
1482 1001 1543 1056 in
1566 999 1846 1075 justifica-

489 1073 646 1130 tione
692 1076 907 1133 remitti
954 1078 1242 1150 dicuntur,
1279 1098 1412 1139 vere
1462 1083 1703 1140 redeunt
1743 1097 1846 1155 per

486 1152 833 1227 subsequens
855 1166 1142 1229 peccatum
1165 1163 1414 1220 mortale
1444 1185 1457 1219 ε
1485 1178 1621 1237 ergo
1647 1163 1712 1218 in
1728 1163 1846 1236 jus-

490 1233 796 1294 tificatione
824 1254 940 1295 nou
963 1239 1197 1298 fuerunt
1218 1259 1353 1300 vere
1372 1242 1675 1302 destructa.
1700 1246 1846 1300 Sua-

299 1334 448 1378 Maun.
488 1313 655 1374 detur
683 1319 917 1376 minor:
947 1327 1070 1378 tum
1098 1340 1169 1381 ex
1204 1325 1476 1397 parabola
1510 1326 1713 1385 Mami.
1756 1327 1839 1394 18,

342 1387 402 1428 ¹⁸·
490 1396 587 1453 ubi
615 1414 742 1456 cum
770 1398 1043 1458 dominus
1067 1419 1237 1462 servo
1266 1421 1512 1479 nequam
1541 1423 1714 1464 omne
1740 1405 1846 1462 de-

490 1476 672 1534 bitum
722 1481 1053 1550 remisisset,
1105 1485 1493 1543 nihilominus
1535 1492 1726 1560 postea
1772 1485 1845 1544 ob

486 1558 609 1631 ejus
659 1573 874 1616 novum
926 1561 1283 1620 crudelitatis
1337 1572 1625 1639 peccatum
1673 1567 1844 1623 illum

486 1637 664 1694 tradit
709 1642 942 1708 carceri,
974 1648 1030 1699 et
1077 1644 1407 1714 tortoribus,
1439 1646 1632 1704 dicens
1673 1668 1686 1703 ε
1715 1632 1857 1704 Νοη’

485 1726 643 1773 exeat
664 1721 805 1786 inde,
828 1721 994 1778 donec
1017 1724 1210 1779 reddat
1237 1728 1555 1783 universum
1580 1728 1839 1784 debitum.

485 1797 634 1853 Tum
679 1801 872 1867 etiam,
904 1803 1038 1875 quia
1083 1803 1230 1861 bona
1281 1802 1456 1879 opera
1498 1807 1846 1865 mortificata

488 1893 589 1950 per
618 1888 923 1950 peccatum,
971 1884 1212 1941 redeunt
1237 1902 1338 1958 per
1362 1893 1693 1960 sequentem
1723 1904 1847 1961 poe-

488 1959 795 2018 nitentiam
829 1985 841 2020 :
872 1981 1007 2040 ergo
1048 1973 1269 2038 peccata
1308 1971 1548 2026 remissa
1582 1986 1682 2042 per
1724 1987 1847 2043 poe-

487 2040 811 2112 nitentium,
846 2044 1088 2103 redeunt
1128 2064 1228 2119 per
1271 2048 1621 2123 subsequens
1649 2067 1847 2123 pecca-

485 2124 642 2178 tum:
673 2122 731 2178 id
759 2125 968 2198 quippe
997 2127 1258 2199 paritatis
1281 2131 1429 2187 ratio
1450 2130 1762 2190 convincit.

558 2202 952 2275 Respondetur
969 2208 1226 2281 negando
1246 2210 1534 2267 minorem
1553 2227 1683 2268 cum
1696 2227 1849 2269 com-

484 2285 650 2340 muni
697 2286 1116 2362 Theologorum
1159 2292 1446 2349 sententia
1489 2294 1523 2348 3
1554 2310 1613 2366 p.
1658 2301 1844 2370 quaest.

484 2365 575 2426 88.
616 2373 725 2422 art.
786 2369 840 2433 1,
876 2368 946 2424 ad
992 2385 1162 2441 quem
1210 2370 1396 2428 locum
1437 2374 1683 2446 pertinet
1725 2374 1849 2430 haec

483 2443 803 2503 difficultas.
855 2451 1138 2514 Quoniam
1170 2467 1301 2506 cum
1344 2458 1629 2529 peccatum
1676 2454 1847 2516 habi-

482 2526 637 2583 tuale
687 2531 955 2587 consistat
1019 2532 1081 2588 in
1138 2534 1462 2605 privatione
1513 2536 1846 2593 voluntaria

481 2608 700 2681 gratiae,
750 2615 807 2666 et
851 2612 966 2669 haec
1011 2614 1307 2671 auferatur
1353 2617 1416 2672 in
1440 2616 1846 2690 justificatione

484 2704 586 2760 per
609 2690 808 2762 gratiae
836 2692 1339 2761 introductionem,
1375 2698 1544 2753 nulla'
1565 2701 1649 2754 est
1677 2713 1846 2754 causa

481 2786 606 2842 quae
632 2773 819 2827 valeat
848 2780 1136 2845 peccatum
1179 2777 1332 2834 illud.
1353 2777 1682 2851 producere.
1716 2782 1846 2836 Non

484 2852 714 2925 quidem
739 2857 903 2922 Deus,
928 2858 1027 2930 qui
1052 2861 1249 2933 nequit
1268 2876 1389 2918 esse
1404 2876 1569 2918 causa
1592 2862 1799 2935 peccati
1830 2884 1842 2919 z

486 2948 669 3005 neque
695 2934 869 2992 etiam
899 2938 1087 3007 hom0,
1119 2942 1217 3014 qui
1258 2957 1376 2999 nou
1420 2944 1572 3000 valet
1597 2942 1845 3000 eundem

485 3016 671 3070 actum
703 3017 1160 3089 peccaminosum
1188 3022 1244 3091 (a
1289 3038 1400 3094 quo
1435 3023 1686 3095 privatio
1709 3039 1847 3097 gra—

485 3094 579 3151 tiae
603 3094 1086 3156 denominabatur
1115 3103 1465 3175 voluntaria)
1494 3106 1707 3162 iterum
1735 3106 1848 3163 eli-

271 3191 628 3250 N,00mp‚cerc,
662 3182 724 3232 ut
744 3178 945 3236 docent
972 3184 1040 3238 N.
1072 3186 1354 3258 Complut.
1386 3189 1447 3242 in
1479 3188 1571 3245 lib.
1597 3189 1661 3244 de
1683 3204 1847 3259 qnae-

483 3264 591 3313 rat.
623 3258 763 3330 disp.
818 3261 899 3326 13,
951 3268 1218 3337 quasti.
1262 3270 1444 3332 Quam
1485 3270 1737 3338 totalem,
1789 3274 1847 3326 et

483 3335 873 3396 initerabilem
905 3349 1258 3413 peccatorum
1286 3346 1732 3405 destructionem
1761 3349 1845 3405 si-

297 3430 448 3475 uzech.
480 3417 713 3493 gnificat
733 3420 1025 3494 Scriptura
1046 3425 1322 3494 Ezechiel,
1360 3431 1441 3498 18,
1470 3431 1592 3486 illis
1612 3430 1805 3488 verbis
1830 3453 1842 3488 ι

203 3509 219 3520 ·
325 3484 387 3525 ¹⁹·
479 3500 549 3558 Si
576 3504 778 3575 impius
804 3507 968 3574 eyert't
1007 3512 1405 3581 paenitentiam,
1454 3515 1700 3568 omnium
1726 3514 1846 3567 ini-

483 3584 760 3658 quitatum
784 3587 918 3657 ejus,
950 3605 1088 3665 quas
1111 3599 1368 3662 operatus
1391 3601 1488 3660 est,
1521 3612 1628 3650 non
1663 3611 1845 3650 recor-

271 3697 432 3741 Nahum
452 3661 671 3739 ,daban
717 3666 784 3719 Et
811 3667 1039 3740 Nahum
1076 3671 1094 3724 1
1129 3691 1142 3725 ε
1177 3671 1309 3729 Νοη
1334 3680 1615 3743 consumet
1640 3674 1846 3746 duplex

482 3742 768 3799 tribulatio
796 3764 813 3799 .·
841 3747 932 3802 vel
961 3753 1022 3802 ut
1048 3750 1245 3824 legunt
1269 3754 1633 3828 Septuaginta
1670 3774 1683 3810 t
1713 3753 1844 3811 Non

472 3825 747 3894 judicabit
794 3827 1064 3885 Dominus
1088 3832 1172 3888 bis
1209 3835 1268 3888 id
1292 3836 1475 3907 ipsum
1516 3838 1576 3890 in
1604 3835 1844 3891 tribula-

481 3906 642 3963 tione.
692 3909 969 3965 Dicuntur
995 3916 1190 3970 tamen
1217 3919 1440 3986 peccata
1468 3914 1844 3988 praecedentia

485 3986 673 4046 redire
696 4006 795 4062 per
816 3990 1165 4064 subsequens
1187 4001 1475 4068 peccatum
1498 3998 1837 4071 improprie,

477 4072 535 4124 et
577 4071 889 4126 secundum
928 4073 1065 4145 quid
1098 4097 1111 4131 ι
1154 4082 1276 4146 tum
1314 4077 1448 4149 quia
1493 4077 1843 4150 subsequens

480 4158 770 4223 peccatum
810 4154 1003 4213 simile
1031 4162 1114 4213 est
1145 4158 1609 4231 praecedentibus,
1654 4176 1843 4234 quan-

480 4237 604 4289 turn
653 4233 722 4290 ad
751 4238 1053 4305 maculam,
1106 4244 1162 4294 et
1201 4245 1423 4296 reatum
1461 4246 1557 4298 :et
1602 4242 1843 4316 vulgare

478 4321 563 4371 est
587 4314 793 4383 dicere,
845 4319 992 4391 quod
1021 4320 1239 4393 aliquid
1268 4322 1433 4389 redit,
1472 4321 1702 4396 quando
1728 4324 1839 4396 ipsi

481 4394 640 4452 aliud
659 4397 852 4455 simile
866 4400 1111 4457 succedit
1131 4423 1144 4457 ε
1168 4402 1313 4458 sicut
1331 4403 1596 4474 dicimus,
1619 4404 1840 4461 febrem

482 4473 691 4542 redire,
723 4478 772 4533 si
800 4477 978 4535 febris
1005 4479 1154 4538 febri
1180 4483 1453 4540 succedat.
1487 4485 1635 4539 Tum
1662 4485 1840 4542 etiam

479 4555 551 4615 ob
608 4557 1097 4616 circumstantiam
1152 4562 1590 4637 ingratitudinis
1640 4588 1654 4624 z
1700 4582 1838 4622 nam

477 4643 767 4711 peccatum
788 4639 1138 4714 subsequens
1156 4642 1219 4699 fit
1238 4645 1472 4717 gravius
1492 4662 1562 4703 ex
1576 4661 1661 4712 ec,
1687 4644 1839 4719 quod

477 4717 652 4776 homo
698 4724 880 4791 peccet
926 4727 1050 4793 post
1094 4720 1434 4780 beneficium
1480 4725 1839 4782 remissionis

476 4804 833 4870 peccatorum
864 4802 1333 4873 praeoedentium5
1362 4806 1627 4877 quamvis
1654 4820 1838 4879 neque

477 4879 584 4935 ista
622 4880 698 4935 sit
736 4880 1164 4940 circumstantia
1191 4885 1474 4957 specialiS,
1506 4885 1620 4941 nisi
1663 4885 1837 4942 homo

475 4956 800 5017 formaliter
825 4968 1007 5033 peccet
1033 4979 1103 5019 ex
1124 4970 1449 5037 contemptu
1474 4963 1837 5037 praedictibe-

476 5036 688 5096 neficii.
727 5042 795 5095 Et
822 5041 955 5098 hinc
997 5049 1144 5115 patet
1192 5044 1263 5099 ad
1311 5045 1560 5118 primam
1588 5044 1836 5102 minoris

287 2221 472 2278 Respon—

323 2280 402 2312 sio.

1981 594 2376 667 probationem
2403 594 2765 668 desumptam
2791 609 2864 650 ex
2890 593 2994 649 illa
3022 589 3293 665 parabola
3322 616 3343 657 ·‚

1981 692 2117 733 nam
2158 677 2237 733 ibi
2267 682 2492 734 tantum
2539 676 2881 742 intenditur,
2932 673 3082 747 quod
3129 688 3340 746 praece-

1978 757 2171 815 dentia
2210 757 2402 815 debita
2441 758 2678 816 redeant
2701 754 3015 814 secuudum
3049 753 3347 844 quandam

1978 838 2442 911 aequivalentiam
2458 854 2643 912 nuper
2657 838 3000 911 explicatam
3018 840 3340 907 :quoetiam

1978 937 2146 979 sensu
2169 921 2513 997 intelligitur
2533 922 2682 978 illud
2701 918 2893 977 Jacobi
2916 922 2951 974 2
2973 940 2985 974 :
3005 917 3343 995 Quicumqrae
3356 913 3557 958 sacam.

1978 1009 2148 1073 totam
2169 1003 2331 1073 lcyem
2349 1007 2666 1070 servaverit,
2685 1003 2923 1077 offendat
2937 1008 3119 1056 autem
3135 1001 3195 1055 in
3206 1016 3339 1066 υηο,

1978 1083 2163 1155 sactus
2184 1090 2262 1138 est
2285 1086 2533 1139 omnium
2552 1100 2677 1139 reus
2696 1100 2715 1136 .·
2743 1083 3006 1155 privatur
3026 1080 3187 1137 enim
3208 1093 3338 1152 gra-

1979 1161 2058 1217 tia
2078 1166 2134 1218 et
2166 1160 2536 1232 beatitudine,
2564 1179 2627 1220 ac
2651 1163 2699 1218 si
2729 1162 2959 1219 nullum
3002 1158 3342 1215 mandatum

1977 1249 2278 1311 servasset,
2327 1244 2426 1302 sed
2460 1245 2522 1300 in
2561 1243 2831 1301 omnibus
2874 1241 3224 1315 deliquisset.
3252 1240 3344 1294 ‘Et

1978 1323 2178 1381 eadem
2202 1325 2425 1382 ratione
2444 1323 2653 1400 debent
2672 1323 2882 1396 exponi
2906 1321 3087 1396 aliqui
3110 1321 3204 1376 SS.
3223 1321 3335 1377 PP.

1978 1403 2075 1476 qui
2105 1409 2314 1461 nostrae
2335 1405 2692 1477 responsioni
2723 1403 3016 1460 adversari
3039 1400 3331 1458 videntur.

2053 1486 2138 1541 Ad
2159 1486 2467 1544 secundam
2492 1486 2907 1560 probationem,
2937 1499 3201 1543 concesso
3223 1498 3334 1538 an-

1978 1567 2257 1625 tecedenti
2274 1585 2547 1643 negamus
2567 1569 3056 1642 consequentiam.
3078 1568 3145 1622 Et
3170 1565 3339 1622 ratio·

1980 1662 2113 1704 nem
2157 1648 2512 1723 disparitatis
2558 1647 2736 1705 tradit
2780 1652 2844 1705 D.
2895 1648 3099 1723 Thom.
3159 1648 3220 1701 in
3264 1647 3333 1708 4,
3373 1652 3547 1696 1³:111st
3634 1660 3637 1687 ι

1979 1728 2106 1785 dist.
2151 1731 2242 1795 21,
2274 1736 2459 1806 qmcst.
2496 1732 2546 1797 l,
2573 1737 2686 1786 art.
2727 1731 2744 1784 l
2778 1729 2852 1785 ad
2879 1730 2933 1794 6,
2969 1728 3060 1783 his
3097 1725 3292 1783 verbis
3322 1747 3335 1781 x

1986 1830 2013 1863 α
2054 1810 2336 1866 Remissio
2389 1816 2747 1883 peccatorum
2799 1816 2882 1865 cst
2935 1806 3335 1899 principaliter

1986 1911 2011 1942 (ι
2052 1882 2194 1962 opus
2240 1891 2341 1947 Dei
2367 1933 2380 1954 ‚
2430 1890 2529 1948 sed
2582 1890 2944 1949 mortificatio
2997 1893 3341 1945 meritorum

1986 1991 2012 2022 α
2056 1970 2496 2042 praecedentium
2541 1977 2626 2027 est
2664 1988 2805 2044 opus
2850 1969 3125 2027 hominis.
3159 1969 3342 2024 Homo

1986 2073 2012 2104 α
2055 2057 2246 2108 autem
2293 2069 2395 2109 sua
2434 2054 2657 2110 actione
2698 2068 2814 2110 non
2844 2057 3025 2125 potest
3069 2064 3347 2106 evacuare

1987 2155 2013 2187 «
2048 2133 2395 2205 'simpliciter
2421 2150 2563 2206 opus
2587 2135 2706 2200 Dei,
2733 2134 2998 2207 quamvis
3022 2131 3196 2204 possit
3222 2131 3340 2186 im-

1987 2236 2013 2266 «
2056 2213 2269 2286 pedire,
2302 2230 2375 2271 ne
2400 2214 2513 2270 sibi
2542 2216 2722 2287 prosit
2755 2236 2767 2271 :
2799 2219 2855 2271 et
2881 2212 3010 2270 ideo
3037 2212 3210 2269 homo
3238 2226 3342 2283 per

1974 2313 2012 2347 >(ι
2057 2301 2346 2365 peccatum
2390 2311 2631 2368 sequens
2672 2311 2791 2351 non
2840 2299 3021 2367 potest
3048 2292 3345 2350 remissio-

1987 2395 2012 2425 «
2043 2388 2178 2429 nem
2235 2372 2677 2446 praecedentium
2732 2379 3089 2447 peccatorum
3131 2372 3344 2428 annul·

1987 2475 2013 2506 «
2055 2452 2197 2510 lare.
2228 2455 2418 2512 Potest
2437 2459 2629 2511 autem
2657 2471 2763 2511 sua
2790 2454 3013 2511 actione
3038 2465 3349 2517 evacuare,

1986 2555 2012 2587 «
2053 2533 2325 2607 quod‘per
2346 2535 2536 2608 ipsum
2567 2535 2874 2591 factumest
2892 2558 2906 2601 ;
2930 2540 2987 2589 et
3010 2532 3137 2601 ideo
3164 2536 3345 2604 potest

1986 2635 2012 2667 α
2044 2612 2556 2673 mortificationem
2610 2613 3057 2688 praecedentium
3098 2612 3342 2669 merito-

1986 2715 2012 2747 α
2054 2710 2183 2750 rum
2208 2710 2309 2768 per
2335 2696 2541 2752 merita
2566 2695 2857 2769 sequentia
2880 2695 3108 2766 penitus
3126 2693 3337 2771 annul-

1986 2797 2011 2828 α
2041 2776 2177 2842 lare,
2196 2777 2475 2849 praecipue
2488 2777 2674 2850 gratia
2689 2776 2929 2849 adjutuS.
2942 2773 3147 2829 »Addit
3167 2773 3351 2829 etiam

1978 2858 2034 2915 S.
2076 2860 2278 2917 Doctor
2318 2860 2353 2915 3
2393 2863 2780 2932 pavaquaest.
2818 2860 2908 2922 89,
2948 2862 3060 2914 art.
3101 2858 3135 2912 5
3170 2854 3239 2912 ad
3291 2857 3339 2921 l,

1977 2937 2126 3012 quod
2160 2962 2185 2993 α
2208 2955 2383 3013 opera
2410 2940 2616 3012 peccati
2648 2956 2748 3013 per
2777 2938 3173 3012 poenitentiam
3203 2934 3343 2993 abo-

1970 3041 2011 3073 -«
2054 3021 2248 3077 lentur
2274 3020 2587 3076 secundum
2602 3037 2663 3076 se
2682 3043 2709 3087 3⁷
2728 3021 2807 3075 ita
2833 3019 3068 3085 scilicet,
3094 3016 3243 3090 quod
3270 3033 3349 3074 ex

1984 3122 2010 3154 «
2051 3100 2135 3156 eis
2163 3100 2422 3169 ulteriuS,
2449 3104 2562 3158 Deo
2583 3100 2937 3174 indulgente,
2965 3113 3068 3155 nec
3086 3099 3337 3162 macula,

1985 3202 2012 3232 (ι
2053 3195 2156 3236 nec
2184 3186 2373 3237 reatus
2400 3181 2723 3238 inducatur.
2768 3179 2875 3237 Sed
2903 3195 3076 3252 opera
3104 3179 3167 3234 in
3203 3179 3343 3235 cha-

1985 3280 2011 3312 «
2054 3260 2223 3317 ritate
2243 3261 2388 3317 facta
2412 3278 2530 3319 non
2553 3261 2855 3318 abolentur
2876 3277 2909 3317 a
2940 3263 3069 3326 Deo,
3098 3260 3162 3315 in
3183 3260 3351 3333 qu'us

1984 3362 2010 3392 «
2052 3342 2433 3412 acceptatione
2460 3346 2762 3398 remanent
2787 3364 2800 3408 ;
2826 3339 2923 3397 sed
2948 3339 3341 3412 impedimen-

1984 3444 2010 3476 «
2052 3428 2175 3479 tum
2205 3425 2490 3498 accipiunt
2516 3439 2585 3480 ex
2614 3429 2775 3495 parte
2809 3423 3068 3479 hominis
3094 3437 3345 3494 operan-

1966 3524 2009 3556 «α
2051 3503 2143 3559 tis.
2176 3504 2245 3558 Et
2271 3503 2400 3561 ideo
2446 3507 2664 3558 remoto
2711 3500 3147 3573 impedimentO,
3192 3501 3347 3573 quod

1983 3606 2009 3636 α
2049 3589 2134 3641 est
2159 3600 2228 3640 ex
2258 3590 2417 3658 parte
2438 3584 2692 3641 hominis
2714 3583 3027 3656 operantiS,
3061 3584 3210 3638 Deus
3232 3582 3342 3637 im-

1983 3686 2009 3716 «
2053 3665 2168 3737 plet
2192 3681 2261 3721 ex
2291 3672 2449 3738 parte
2468 3682 2571 3721 sua
2593 3663 2757 3728 illud,
2786 3662 2935 3736 quod
2960 3679 3133 3735 opera
3158 3678 3342 3719 mere-

1983 3768 2008 3799 α
2051 3745 2283 3803 bantur.
2328 3767 2353 3797 n
2399 3746 2507 3803 Sed
2546 3746 2616 3802 de
2657 3746 2761 3802 hac
2798 3745 3129 3801 difficultate
3170 3745 3353 3800 latius

1977 3844 2210 3903 agemus
2232 3831 2291 3885 in
2312 3835 2475 3885 tract.
2498 3847 2607 3906 seq.
2632 3829 2696 3883 de
2711 3828 2934 3895 Merita,
2967 3828 3106 3900 disp.
3134 3829 3185 3893 5,
3208 3827 3338 3882 dub.

1976 3927 2156 3966 unaco.

2280 4139 2864 4211 DISPUTATIO
2919 4135 3014 4211 II.

1913 4385 1916 4389 Δ
1975 4340 2079 4406 De
2105 4338 2407 4404 termino
2434 4333 2524 4403 ad
2547 4357 2752 4427 quem
2768 4338 3339 4423 y‘uscz'sz'cacionz’S,

2134 4446 2284 4511 sive
2309 4445 2397 4511 cle
2431 4446 2675 4528 forma
2686 4445 3157 4529 justificante.

2046 4646 2094 4698 N
2098 4643 2352 4701 onnullae
2372 4640 2747 4707 difficultates,
2772 4656 2896 4712 quae
2916 4641 2987 4697 ad
3011 4641 3338 4714 praeceden-

1971 4727 2087 4780 tem
2132 4722 2576 4795 disputationem
2612 4719 2993 4792 pertinebant,
3046 4727 3338 4794 nequeunt

1971 4803 2217 4876 perfecte
2241 4800 2568 4859 examinari
2611 4806 2916 4874 antequam
2960 4804 3335 4875 explicemus,

1966 4899 2093 4956 quas
2117 4885 2193 4940 sit
2217 4883 2405 4941 forma
2425 4880 2744 4956 justificans
2777 4904 2789 4937 :
2818 4882 3197 4955 quamobrem
3229 4898 3337 4941 ne-

1967 4963 2279 5019 cessarium
2305 4968 2390 5020 est
2417 4966 2754 5034 praesentem
2775 4960 3224 5034 disputationem
3246 4979 3341 5020 or·

1872 5103 1879 5122 ἱ
1969 5043 2105 5113 diri:
2141 5042 2249 5102 Ubi
2276 5047 2466 5099 autem
2493 5040 2940 5112 explicuerimus
2986 5042 3337 5117 formaejus·

3057 5123 3340 5182 tificantis
