3647 5753
80 826 234 902 ‚se--

89 906 254 951 exindo.

54 5008 227 5056 Primum

1441 411 1619 483 mse.
1662 427 1732 497 11,
1776 428 1943 486 nun.
1986 429 2107 487 vn.

292 604 528 664 peccans
555 590 809 665 graviter
838 590 901 647 in
927 596 1077 649 statu
1100 610 1381 666 purorum
1404 595 1659 654 destrue-

298 675 386 728 ret
411 669 670 729 affective
703 670 978 739 absolute,
1009 679 1066 731 et
1085 674 1343 733 effective
1369 678 1656 735 conditio-

293 758 428 810 nate
451 755 653 809 Deum.

367 835 757 893 confirmatur
775 840 829 893 et
850 836 1171 910 explicatur
1205 841 1454 900 secundo
1479 863 1493 898 ε
1514 858 1653 899 nam

290 918 439 975 ratio
460 918 560 975 Dei
591 919 869 986 authoris,
901 925 957 976 et
983 918 1119 978 finis
1147 924 1430 980 naturalis
1454 923 1655 981 subor-

286 999 524 1057 dinatur
549 1002 759 1058 rationi
785 1002 885 1058 Dei
908 1003 1184 1072 authoris,
1212 1008 1269 1061 et
1289 1003 1425 1061 finis
1445 1022 1654 1084 super-

289 1082 573 1137 naturalis
602 1081 734 1139 :sed
762 1082 947 1139 homo‘
982 1082 1243 1139 conditus
1271 1084 1336 1141 in
1381 1086 1564 1158 puris,
1597 1091 1652 1145 et

280 1161 543 1236 ‘graviter
589 1180 822 1236 peccans
860 1164 1177 1221 offenderet
1217 1167 1397 1222 Deum
1442 1167 1652 1224 autho-

288 1255 434 1309 rem,
466 1248 523 1299 et
561 1242 737 1301 finem
766 1245 1093 1302 naturalem
1121 1266 1134 1301 :
1162 1262 1298 1321 ergo
1336 1245 1653 1305 offenderet
1680 1315 1686 1321 ,

283 1324 490 1380 saltem
519 1339 590 1381 ex
615 1326 983 1398 consequenti
1018 1330 1199 1383 Deum
1242 1329 1563 1396 authorem,
1595 1334 1653 1385 et

286 1402 466 1461 finem
525 1408 1049 1478 supernaturalem.
1109 1409 1316 1482 MaJ'or,
1349 1415 1404 1465 et
1452 1409 1652 1466 minor

285 1490 566 1544 constant.
601 1491 1017 1563 Consequentia
1035 1507 1175 1548 vero
1197 1491 1501 1565 probatur:
1526 1499 1649 1548 tum

284 1567 422 1639 quia
450 1567 569 1635 ille,
602 1569 698 1641 qui
722 1572 932 1628 excutit
959 1588 992 1629 a
1016 1589 1077 1630 se
1105 1573 1396 1629 minorem
1424 1573 1650 1647 subjec-

285 1647 504 1704 tionem
531 1651 643 1705 Deo
663 1649 937 1719 debitam,
970 1669 1003 1710 a
1029 1653 1256 1710 fortiori
1278 1653 1493 1710 excutit
1520 1669 1650 1710 ma-

280 1727 503 1801 jorem;
533 1729 631 1801 qui
662 1731 820 1788 enim
864 1749 981 1791 non
1027 1736 1153 1790 vult
1198 1737 1319 1797 Deo,
1351 1734 1554 1808 subjici
1584 1733 1649 1790 in

286 1809 632 1878 minoribuS,
659 1815 843 1871 multo
863 1816 1059 1872 minus
1080 1818 1205 1872 vult
1224 1818 1288 1872 in
1304 1815 1644 1890 majoribus:

285 1888 385 1946 sed
413 1893 595 1965 major
615 1899 699 1949 est
718 1893 991 1970 subjectio
1017 1897 1088 1953 ad
1111 1900 1292 1955 Deum
1316 1897 1641 1962 authorem,

282 1976 343 2028 et
366 1971 543 2029 finem
569 1980 1072 2047 supernaturalem
1097 2022 1110 2045 ,
1159 1997 1333 2052 quam
1364 1980 1433 2036 ad
1462 1981 1644 2036 Deum

286 2056 607 2125 authorem,
637 2065 693 2114 et
719 2059 896 2118 finem
920 2065 1282 2128 naturalem;
1310 2081 1443 2120 cum
1486 2064 1647 2136 prior

285 2133 385 2190 illa
415 2138 760 2195 universalis
787 2141 899 2206 sit,
943 2149 999 2198 et
1027 2144 1253 2199 nullam
1284 2144 1491 2201 habeat
1522 2160 1644 2201 res-

288 2214 610 2274 trictionem
640 2236 808 2295 :ergo
828 2223 877 2278 si
906 2223 1078 2281 homo
1097 2224 1370 2281 conditus
1390 2227 1452 2282 in
1484 2226 1645 2299 puris

282 2296 429 2351 oss'en
454 2298 515 2351 Μ
562 2303 737 2358 Deum
762 2304 1084 2373 authorem,
1115 2313 1172 2362 et
1198 2306 1376 2364 finem
1408 2313 1645 2364 natura-

286 2373 394 2461 lem
427 2422 433 2431 ,
488 2379 739 2436 debitam
773 2384 826 2439 ei
867 2384 1279 2458 subJ'ectionem
1302 2387 1639 2456 excutiens3

280 2456 460 2508 etiam
503 2457 745 2514 offendet
774 2504 785 2523 ‚
840 2467 1039 2521 saltem
1100 2482 1171 2523 ex
1225 2468 1596 2539 consequenti
1623 2509 1637 2535 ,

290 2534 471 2588 Deum
501 2540 809 2609 authorem,
836 2552 889 2599 et
916 2545 1088 2603 finem
1110 2550 1636 2621 supernaturalem.

291 2614 439 2669 Tum
468 2626 755 2689 preterea,
782 2627 913 2696 quia
934 2644 1000 2684 eo
1022 2630 1162 2701 ipso,
1193 2630 1342 2703 quod
1367 2632 1515 2688 ratio
1540 2632 1639 2688 Dei

288 2699 546 2755 authoris
565 2745 577 2767 ,
621 2709 675 2759 et
722 2703 855 2761 finis
904 2713 1185 2767 naturalis
1227 2713 1641 2771 subordinatur

288 2781 498 2840 rationi
528 2787 628 2843 Dei
656 2791 931 2858 authoriS,
964 2798 1021 2849 et
1059 2794 1192 2851 finis
1218 2802 1640 2870 supernatura-

285 2864 375 2930 lis,
409 2865 763 2939 impossibile
794 2879 895 2940 est,
927 2875 1075 2947 quod
1117 2878 1288 2936 homo
1338 2879 1559 2935 recedat
1606 2897 1639 2938 a

279 2947 396 3002 Deo
415 2949 673 3018 authore,
704 2958 758 3008 et
786 2952 899 3012 fine
920 2958 1194 3025 naturali,
1244 2960 1387 3032 quin
1418 2959 1641 3018 recedat

277 3025 350 3083 ab
380 3029 502 3101 ipso
530 3033 643 3089 Deo
670 3036 925 3104 authore,
958 3043 1014 3094 et
1041 3036 1156 3096 fine
1183 3043 1635 3112 supernaturali:

273 3112 761 3182 quemadmodum
789 3118 836 3173 si
866 3120 1076 3194 aliquis
1112 3123 1400 3179 terminus
1439 3125 1639 3182 subor-

272 3191 509 3251 dinetur
538 3199 743 3267 alteri,
796 3201 1156 3273 impossibile
1191 3212 1279 3262 est
1301 3206 1565 3264 recedere
1606 3224 1639 3264 a

273 3276 482 3349 primo,
514 3280 655 3351 quin
684 3282 979 3341 recedatur
1005 3301 1038 3342 a
1065 3286 1313 3343 secundo
1346 3309 1359 3345 ε
1388 3304 1523 3364 ergo
1562 3290 1638 3345 si·

268 3361 364 3413 cut
424 3358 597 3417 homo
643 3362 902 3420 conditus
944 3366 1005 3421 in
1054 3367 1234 3440 puris,
1264 3368 1635 3427 recedendoa

271 3439 389 3494 Deo
414 3440 671 3507 authore,
715 3449 771 3499 et
811 3443 926 3502 fine
949 3448 1203 3503 naturali
1239 3448 1430 3521 ipsum
1458 3449 1633 3506 offen—

266 3518 469 3586 deret;
497 3521 575 3577 ita
621 3525 935 3584 recedendo
963 3527 1033 3583 ab
1059 3529 1260 3586 eodem
1284 3531 1545 3597 authore,
1577 3537 1634 3588 et

268 3601 390 3657 tine
410 3607 838 3674 supernaturali
860 3608 1108 3666 eundem
1131 3609 1462 3668 offenderet.
1483 3614 1632 3668 Tum

263 3682 540 3756 denique,
576 3702 709 3741 nam
739 3688 818 3744 ita
843 3705 902 3745 se
929 3690 1098 3747 habet
1129 3691 1191 3746 in
1215 3694 1328 3748 Deo
1351 3693 1500 3750 ratio
1526 3710 1633 3750 au-

266 3765 456 3822 thoris
484 3810 495 3830 ,
546 3773 600 3822 et
627 3766 760 3824 finis
791 3771 1068 3828 naturalis
1097 3771 1166 3827 ad
1196 3774 1481 3831 rationem
1527 3792 1637 3831 au-

266 3849 474 3914 thoris,
499 3854 556 3906 et
573 3848 705 3906 finis
730 3853 1201 3923 supernaturaliS,
1221 3855 1362 3911 sicut
1380 3871 1439 3912 se
1464 3855 1635 3913 habet

264 3931 332 3986 in
353 3938 620 3987 creatura
642 3939 849 3989 natura
873 3933 941 3990 ad
968 3935 1218 4008 gratiam
1241 3958 1254 3992 ε
1278 3937 1376 3994 sed
1398 3939 1497 4011 qui
1521 3940 1635 3996 tol-

268 4014 413 4069 leret
442 4019 735 4081 naturam,
770 4017 993 4072 tolleret
1014 4034 1086 4074 ex
1107 4020 1474 4091 consequenti
1496 4036 1635 4095 gra-

261 4095 407 4151 tiam
441 4112 453 4146 :
487 4111 626 4169 ergo
645 4096 744 4167 qui
766 4096 1003 4153 offendit
1026 4101 1205 4155 Deum
1230 4101 1551 4167 authorem,
1579 4107 1636 4159 et

262 4173 445 4230 finem
483 4177 830 4243 naturalem,
876 4177 1112 4235 offendit
1153 4196 1223 4237 ex
1264 4181 1632 4255 consequenti

263 4258 448 4312 Deum
480 4256 804 4323 authorem,
828 4263 885 4314 et
905 4257 1082 4315 finem
1104 4265 1630 4335 supernaturalem:

261 4352 401 4411 ergo
431 4337 609 4393 homo
630 4337 889 4395 conditus
927 4339 990 4394 in
1019 4342 1181 4413 puris
1211 4384 1224 4408 ,
1275 4347 1330 4399 et
1376 4344 1633 4417 graviter

264 4426 524 4483 peccans,
550 4412 729 4468 Deum
744 4411 850 4467 sub
869 4418 1106 4486 utraque
1129 4417 1353 4475 ratione
1366 4417 1627 4475 offendit.

864 4576 897 4644 ς
940 4576 1035 4632 111.

335 4735 516 4795 Varias
541 4737 821 4792 evas-iones
847 4735 1314 4795 Adversariorum
1336 4742 1569 4813 prate-lu-

833 4830 1061 4886 duntur.

338 4979 476 5034 258.
521 4979 669 5036 Huic
700 4988 1057 5057 argumento,
1089 4988 1146 5040 et
1181 4981 1633 5040 confirmationi-

53 5059 249 5114 eringium·
266 5061 372 5117 bus
396 5060 563 5120 varie
584 5072 892 5124 occurrunt
912 5063 1267 5124 Adversarii.
1295 5064 1495 5122 Primo
1520 5080 1633 5121 res-

3041 431 3146 487 481

1794 601 2080 674 pondent,
2112 604 2199 662 eis
2246 607 2472 662 tantum
2518 602 2709 661 evinci
2737 648 2748 670 ‚
2780 603 2928 677 quod
2977 603 3152 661 homo

1788 685 2047 740 elevatus
2074 686 2142 741 ad
2185 685 2359 744 finem
2387 685 2909 758 supernaturalem,
2941 689 2997 741 et
3016 701 3153 759 gra-

1790 766 1942 823 viter
1965 782 2216 840 peccanS,
2236 773 2415 825 Deum
2442 774 2503 825 ut
2524 769 2845 834 authorem,
2871 773 2926 823 et
2947 765 3146 833 finem,

1789 852 1909 904 tam
1940 852 2284 917 naturalem,
2309 867 2482 923 quam
2529 850 3032 923 supernaturalem
3058 850 3149 907 of-

1789 928 2018 998 fendat;
2045 947 2204 988 secus
2225 946 2363 988 vero
2383 932 2432 987 si
2463 929 2730 1002 praedicta
2758 930 3002 987 elevatio
3030 946 3149 987 non
3217 966 3220 971 ·

1787 1017 2160 1083 supponatur.
2230 1013 2514 1077 Quoniam
2580 1016 2833 1083 respectu
2889 1010 3149 1067 hominis

1788 1108 1908 1149 non
1951 1093 2162 1150 elevati
2205 1093 2275 1151 ad
2328 1093 2831 1165 supernaturalem
2876 1089 3146 1147 ordinem

1788 1173 2028 1247 perinde
2048 1192 2107 1233 se
2129 1176 2298 1232 habet
2319 1178 2466 1232 Deus
2489 1180 2549 1231 ut
2573 1175 2797 1241 author,
2824 1178 2879 1228 et
2901 1170 3036 1228 finis
3057 1189 3149 1228 su-

1788 1257 2194 1327 pernaturalis,
2228 1273 2291 1314 ac
2314 1257 2365 1313 si
2394 1256 2618 1322 author,
2663 1261 2719 1311 et
2769 1253 2903 1309 finis
2944 1254 3149 1326 super-

1787 1338 2072 1394 naturalis
2115 1355 2232 1396 non
2277 1344 2422 1396 esset
2453 1362 2468 1406 ;
2517 1339 2726 1410 quippe
2771 1337 2867 1410 qui
2916 1336 3147 1391 nullum

1785 1433 2000 1489 munus
2035 1420 2334 1492 proprium
2355 1420 2643 1484 authoris,
2675 1423 2731 1474 et
2757 1416 2890 1472 finis
2934 1432 3140 1488 super-

1786 1499 2069 1555 naturalis
2095 1499 2280 1562 obiret
2308 1506 2562 1572 respectu
2592 1498 2850 1555 hominis
2878 1514 2995 1554 non
3025 1498 3145 1553 ele-

1784 1578 1922 1635 vati.
1956 1579 2120 1637 Unde
2147 1598 2276 1637 cum
2297 1581 2470 1638 homo
2489 1580 2741 1636 existens
2763 1578 2826 1633 in
2849 1578 3010 1651 puris
3026 1593 3147 1635 non

1783 1664 1930 1716 esset
1949 1662 2202 1717 elevatus
2230 1661 2298 1719 ad
2325 1662 2829 1735 supernaturalem
2852 1658 3142 1726 ordinem,

1784 1744 1848 1796 ut
1871 1755 1942 1796 ex
1970 1741 2109 1813 ipsis
2130 1743 2416 1810 terminis,
2442 1749 2498 1799 et
2517 1760 2588 1799 ex
2610 1741 2846 1815 propria
2874 1739 3005 1795 talis
3025 1745 3146 1797 sta-

1782 1823 1874 1875 tus
1918 1821 2246 1878 conditione
2293 1822 2487 1894 liquet,
2542 1822 2790 1878 minime
2828 1819 3148 1877 offenderet

1784 1904 1966 1959 Deum
1995 1908 2057 1958 ut
2077 1903 2397 1970 authorem,
2436 1909 2494 1960 et
2519 1902 2698 1960 finem
2725 1906 3143 1975 supernatura-

1784 1987 1934 2053 lem;
1967 1986 2096 2042 licet
2140 1982 2576 2059 conti-{ipsum
2619 1992 2681 2042 ut
2733 1986 3056 2049 authorem,
3088 1990 3144 2041 et

1783 2065 1958 2124 finem
1983 2067 2306 2123 naturalem
2328 2066 2585 2139 graviter
2609 2071 2877 2139 peccaret.
2907 2069 2976 2120 Et
3001 2080 3142 2123 con-

1779 2156 2082 2221 sequenter
2111 2147 2183 2204 ad
2228 2149 2616 2221 expiationem
2647 2147 2900 2221 praedicti
2931 2147 3140 2220 peccati

1779 2230 1903 2286 sola
1926 2230 2206 2286 naturalis
2237 2232 2431 2305 aliqua
2458 2230 2702 2285 mutatio
2736 2227 3037 2283 sufficeret.

1855 2309 1963 2368 Sed
2002 2312 2120 2370 haec
2165 2312 2462 2387 responsio
2504 2325 2622 2366 non
2649 2308 2925 2364 satisfacit
2954 2329 2965 2363 :
2994 2322 3136 2381 quo·
3152 2319 3352 2414 “Qssum·

1781 2394 1942 2450 niam
1975 2400 2036 2449 ut
2063 2396 2234 2453 homo
2280 2392 2547 2459 offendat,
2597 2393 2800 2448 saltem
2836 2389 3133 2457 indirecte,

1777 2482 1835 2532 et
1855 2493 1926 2533 ex
1941 2478 2328 2549 consequenti,
2349 2479 2528 2533 Deum
2547 2474 2866 2539 authorem,
2890 2478 2945 2528 et
2960 2470 3136 2527 finem

1777 2560 2297 2631 supernaturalem,
2344 2575 2462 2615 non
2509 2556 2827 2630 requiritur
2872 2553 3020 2627 quod
3064 2555 3141 2608 sit

1776 2640 2031 2696 elevatus
2068 2640 2137 2696 ad
2184 2639 2684 2711 supernaturalem
2732 2635 2945 2701 finem;
2988 2634 3132 2702 sive,

1775 2726 1832 2777 et
1859 2719 1922 2776 in
1964 2720 2117 2776 idem
2147 2720 2313 2786 redit,
2345 2719 2494 2793 quod
2517 2718 2719 2775 debeat
2744 2732 2865 2772 esse
2892 2731 3139 2772 conver-

1774 2820 1871 2858 sus
1892 2801 1961 2859 ad
1992 2803 2178 2875 ipsum
2207 2801 2312 2857 sub
2342 2802 2566 2859 ratione
2609 2797 2885 2862 authoris,
2919 2802 2975 2853 et
3002 2794 3138 2852 finis

1775 2882 2233 2956 supernaturalis
2261 2903 2273 2938 ε
2296 2898 2433 2956 ergo
2456 2879 2681 2953 negatio
2704 2876 3043 2936 elevationis
3067 2875 3137 2933 ad

1774 2964 2274 3037 supernaturalem
2335 2963 2628 3020 ordinem.
2670 2976 2788 3016 non
2836 2963 3134 3015 excusaret

1774 3044 2072 3101 hominem
2115 3043 2412 3100 conditum
2463 3043 2526 3098 in
2569 3041 2748 3113 puris,
2781 3046 2834 3095 et
2880 3040 3136 3112 graviter

1775 3117 2123 3198 peccantem,
2176 3123 2246 3180 ab
2274 3123 2509 3197 injuria,
2543 3123 2667 3178 sive
2693 3120 2908 3177 oss'ensa
2933 3123 3136 3175 contra

1774 3207 1955 3262 Deum
1978 3206 2296 3271 authorem,
2326 3209 2384 3260 et
2409 3202 2585 3259 finem
2608 3200 3128 3273 supernaturalem.

1775 3286 2058 3344 Probatur
2087 3285 2420 3342 antecedens
2446 3306 2458 3340 ε
2489 3290 2612 3339 tum
2639 3283 2775 3356 quia
2804 3282 2932 3337 licet
2960 3280 3133 3337 homo

1774 3384 1893 3426 non
1918 3370 2171 3425 elevatus
2190 3372 2379 3423 careat
2399 3365 2745 3439 obligatione
2771 3361 3043 3419 tendendi
3067 3362 3131 3417 in

1775 3451 1954 3505 Deum
1979 3449 2295 3510 authorem,
2320 3450 2378 3502 et
2403 3443 2579 3502 finem
2608 3449 2916 3516 supernata
2929 3443 3127 3505 ralem;

1775 3535 1999 3586 tenetur
2029 3535 2220 3584 tamen
2266 3542 2382 3582 non
2424 3540 2708 3598 apponere
2735 3523 2952 3580 obicem
2984 3540 3133 3595 prae-

1772 3609 1935 3666 dictae
1971 3608 2308 3675 tendentiae,
2340 3611 2396 3662 et
2421 3605 2790 3678 subJ'ectioni;
2825 3619 2959 3659 nam
3004 3621 3131 3660 ma-

1773 3693 1896 3748 lum
1945 3691 2015 3748 ab
2062 3690 2373 3746 intrinseco
2392 3693 2512 3754 est,
2568 3684 2717 3759 quod
2767 3690 3028 3743 creatura
3071 3703 3132 3744 se

1769 3773 2077 3831 constituat
2123 3771 2447 3842 incapacem
2475 3764 2786 3823 exhibendi
2833 3781 2961 3821 eam
2989 3766 3127 3822 sub-

1765 3854 2095 3928 jectionem,
2119 3867 2290 3925 quam
2317 3852 2461 3907 Deus
2484 3853 2663 3921 potest
2683 3845 2752 3902 ab
2780 3862 2847 3902 ea
2865 3847 3121 3922 exigere,

1769 3942 1827 3992 et
1865 3934 1935 3991 ad
1975 3949 2146 4007 quam
2176 3936 2356 4004 potest
2400 3931 2571 3994 illum
2618 3944 2954 4000 permovere
2987 3928 3126 3986 :sed

1772 4017 1943 4073 homo
1991 4030 2109 4071 non
2154 4015 2408 4071 elevatus
2432 4055 2445 4079 ,
2477 4018 2531 4068 et
2561 4012 2623 4067 in
2654 4012 2813 4083 puris
2853 4011 3123 4077 existens,

1771 4095 2052 4170 peccando
2093 4095 2349 4170 graviter
2387 4108 2448 4150 se
2491 4090 2751 4149 redderet
2778 4091 3123 4161 incapacem.

1769 4183 2049 4251 quantum
2069 4182 2155 4234 est
2178 4192 2248 4233 ex
2286 4191 2364 4244 se,
2397 4172 2764 4249 subjectionis
2786 4171 2992 4228 debitae
3016 4174 3129 4229 Deo

1769 4258 2019 4323 authori,
2051 4262 2107 4315 et
2135 4255 2238 4313 fini
2266 4255 2713 4328 supernaturali,
2740 4269 2913 4326 quam
2944 4259 3129 4325 posset

1768 4340 1918 4396 Deus
1963 4337 2034 4395 ab
2072 4353 2140 4394 eo
2190 4336 2448 4411 exigere;
2497 4332 2782 4408 siquidem
2830 4332 3129 4405 quodlibet

1769 4425 2057 4492 peccatum
2107 4422 2191 4474 est
2234 4416 2716 4490 impedimentum
2752 4415 3124 4489 inconjungi-

1769 4499 1885 4556 bile
1905 4515 2033 4555 cum
2060 4497 2264 4573 gratia,
2296 4513 2397 4569 per
2436 4512 2608 4569 quam
2637 4498 2751 4552 Deo
2779 4496 3030 4561 authori,
3061 4503 3118 4553 et

1767 4579 1874 4636 fini
1890 4579 2316 4653 supernaturali
2331 4578 2671 4651 suincimur
2690 4598 2703 4633 :
2723 4592 2856 4651 ergo
2875 4584 2935 4633 ut
2950 4579 3124 4635 homo

1767 4659 2018 4716 offendat
2040 4701 2054 4724 ,
2103 4659 2306 4715 saltem
2360 4657 2637 4714 indirecte
2663 4701 2674 4722 ,
2726 4661 2780 4712 et
2826 4673 2896 4713 ex
2923 4673 3124 4715 conse-

1766 4741 1984 4814 quenti,
2015 4743 2194 4797 Deum
2223 4739 2520 4808 authorem
2549 4745 2602 4796 et
2632 4736 2809 4795 finem
2837 4755 3124 4811 superna-

1767 4822 2034 4887 turalem,
2067 4836 2185 4878 non
2214 4820 2531 4893 requiritur
2557 4819 2801 4876 elevatio
2824 4818 2893 4874 ad
2919 4835 3126 4891 super-

1768 4905 2091 4961 naturalem
2114 4902 2311 4960 finem.
2337 4903 2484 4958 Tum
2507 4902 2706 4966 etiam,
2729 4901 2865 4973 quia
2884 4901 2933 4956 si
2951 4901 3124 4961 homo

1770 5000 1888 5051 non
1928 4984 2181 5039 elevatus
2208 4981 2276 5038 ad
2303 4982 2805 5056 supernaturalem
2826 4979 3003 5037 finem
3032 4980 3124 5037 di-

1767 5068 1919 5121 ceret
1946 5062 2127 5121 :Nolo
2173 5062 2350 5121 Deum
2381 5080 2491 5119 esse
2534 5062 2836 5128 authorem,
2867 5067 2918 5116 et
2960 5063 3123 5133 finem
