3647 5753
308 3818 460 3863 Secun-

286 3868 383 3912 dum
397 3878 461 3912 ar·

300 3927 468 3970 gumen-

336 3970 435 4011 tum·

508 424 619 480 256
1510 417 1603 473 DE
1642 414 1914 471 GRATIA
1952 411 2298 496 Ermcacr.

313 608 400 649 nes
456 589 834 648 n·libertatem
857 589 927 646 ad
963 587 1329 663 peccandum,
1371 584 1686 643 secundum
1714 580 1864 656 quod

293 654 392 699 sica
435 664 498 698 se·

304 703 494 748 cundum.

320 752 454 805 repli-
510 757 581 807 tae
624 765 695 808 ex
738 767 843 819 se;
894 766 1011 809 non
1058 766 1220 824 posse
1271 755 1466 807 tamen
1513 748 1870 804 voluntatem

337 811 441 846 ’Μ’
510 830 791 903 respicere
831 836 1017 888 actum
1038 875 1052 899 ,
1110 831 1204 887 vel
1251 828 1623 887 omissionem
1676 839 1873 898 pecca-

499 672 752 744 explicat
765 670 1066 738 defectum,
1086 668 1397 727 convenire
1410 664 1693 725 voluntati
1714 680 1867 721 crea-

506 912 796 969 minosam
829 955 842 978 ,
896 913 1038 985 quin
1086 911 1247 986 prius
1300 909 1565 983 respiciat
1617 907 1870 979 aliquam

508 994 893 1050 actualitatem
924 999 988 1049 ut
1006 989 1398 1067 attingendam
1426 986 1814 1063 dependenter
1835 1002 1869 1042 a

505 1088 782 1130 concursu
813 1074 932 1131 Dei.
986 1076 1057 1129 Et
1094 1070 1326 1147 quidem
1352 1071 1402 1127 si
1455 1071 1759 1143 loquamur
1797 1065 1870 1122 de

506 1160 729 1228 peccato
773 1155 1214 1220 commissioni8‚
1265 1168 1355 1210 res
1400 1157 1486 1210 est
1510 1151 1864 1208 manifesta:

506 1249 641 1290 nam
667 1234 992 1310 hujusmodi
1017 1239 1305 1307 peccatum
1327 1233 1601 1306 importat
1622 1247 1725 1304 pro
1746 1243 1868 1285 ma-

505 1314 697 1370 teriali
731 1315 1051 1381 entitatem,
1084 1320 1140 1372 et
1185 1313 1569 1370 actualitatem
1606 1312 1865 1369 existen-

504 1391 618 1459 tiae,
660 1409 801 1465 quas
848 1395 1011 1451 nulla
1053 1398 1314 1450 creatura
1342 1397 1521 1465 potest
1559 1391 1858 1465 attingere,

506 1471 620 1527 nisi
661 1478 723 1527 ut
773 1471 1148 1532 subordinata
1197 1475 1312 1529 Deo
1363 1470 1579 1544 potenti
1630 1469 1862 1528 eosdem

502 1550 732 1608 effectus
761 1552 1090 1625 producere.
1122 1552 1180 1609 Si
1210 1557 1398 1608 autem
1433 1566 1623 1608 sermo
1650 1549 1749 1607 fiat
1790 1549 1864 1606 de

504 1639 727 1704 peccato
753 1634 1107 1699 omissionis,
1138 1634 1313 1690 etiam
1343 1633 1522 1705 liquet
1561 1632 1624 1687 in
1665 1636 1864 1688 nostra

501 1714 821 1782 sententia3
846 1716 980 1787 quia
1014 1731 1308 1773 censemus
1336 1729 1656 1787 repugnare
1680 1712 1863 1770 omis-

501 1793 725 1851 sionem
763 1812 967 1868 puram
996 1796 1408 1861 voluntariam,
1441 1800 1495 1851 et
1524 1794 1706 1851 multo
1733 1810 1863 1850 ma-

501 1873 588 1947 gis
634 1876 1130 1946 peccaminosam3
1184 1876 1284 1934 sed
1337 1874 1646 1932 asserimus
1690 1889 1862 1931 omne

502 1954 900 2012 voluntarium
947 1971 1252 2029 exposcere
1295 1961 1481 2012 actum
1523 1954 1857 2027 positivum,

502 2032 695 2092 medio
720 2052 833 2109 quo
852 2035 1132 2110 objectum
1161 2036 1474 2094 voluntatis
1496 2034 1701 2091 influat
1737 2040 1862 2092 tra-

504 2114 711 2182 hend0,
756 2123 813 2173 et
854 2116 1241 2174 convertendo
1288 2116 1452 2172 illam
1495 2113 1563 2172 ad
1591 2131 1670 2182 se,
1704 2121 1763 2171 ut
1790 2131 1861 2172 ex

503 2194 757 2268 professo
803 2197 1159 2254 ostendimus
1198 2204 1360 2253 tract.
1391 2197 1454 2251 dc
1513 2195 1856 2263 Voluntaria,

500 2279 647 2352 disp.
675 2281 732 2344 4,
761 2278 889 2336 dub.
926 2280 969 2347 l,
994 2285 1051 2336 et
1070 2287 1232 2336 tract.
1256 2280 1322 2334 de
1338 2280 1592 2353 peccatis,
1623 2278 1769 2350 disp.
1800 2281 1856 2345 5,

501 2359 628 2415 dub.
660 2361 715 2416 2.
743 2358 908 2417 Unde
946 2359 1144 2432 nequit
1162 2357 1290 2416 dari
1318 2359 1552 2417 omissio
1581 2358 1863 2431 peccami-

504 2453 662 2504 nosa,
693 2439 834 2510 quin
856 2454 859 2457 ·
880 2439 1041 2511 prius
1086 2440 1356 2497 voluntas
1397 2438 1576 2495 libere
1602 2441 1862 2494 exerceat

503 2517 754 2589 aliquem
800 2524 1007 2584 actum,
1051 2519 1148 2590 qui
1194 2517 1270 2573 sit
1307 2534 1471 2575 causa
1512 2517 1605 2573 vel
1645 2517 1861 2573 occasio

500 2595 825 2653 omittendi.
858 2599 1011 2652 Cum,
1039 2612 1174 2672 ergo
1214 2597 1278 2653 in
1319 2595 1660 2669 hypothesi,
1710 2594 1860 2668 quod

503 2678 649 2732 Deus
665 2682 856 2750 ageret
882 2692 952 2733 ex
981 2677 1312 2734 necessitate
1333 2682 1568 2741 naturae,
1599 2680 1859 2731 creatura

502 2771 622 2813 non
666 2762 849 2828 posset
890 2758 1098 2814 elicere
1138 2762 1326 2814 actum
1381 2755 1651 2824 liberum,
1684 2758 1795 2825 ηις
1832 2756 1852 2809 1

500 2838 874 2905 ostendimus,
907 2843 969 2895 et·
989 2838 1106 2896 haec
1131 2837 1369 2913 obJ’ectio
1388 2837 1677 2911 supponit,
1707 2834 1774 2893 fit
1796 2837 1859 2892 in

504 2918 772 2993 praedicta
809 2920 1130 2994 hypothesi,
1163 2920 1518 2977 voluntatem
1547 2934 1664 2976 non
1699 2934 1860 2991 posse

504 3015 750 3073 peccare,
778 3015 881 3056 nec
901 3006 1122 3073 peccato
1147 2999 1588 3067 commissionis,
1616 3015 1717 3056 nec
1740 3014 1861 3072 pec-

501 3085 624 3137 cato
661 3080 1028 3147 omissionis3
1075 3078 1172 3137 sed
1199 3081 1249 3136 si
1277 3086 1486 3154 ageret,
1539 3078 1859 3137 necessario

501 3164 730 3234 ageret;
759 3165 815 3216 et
859 3159 908 3216 si
954 3161 1263 3228 omitteret,
1315 3159 1634 3217 necessario
1679 3159 1859 3217 omit-

500 3245 662 3297 teret.

1092 3465 1124 3533 g
1164 3463 1259 3519 IV.

599 3640 852 3699 Diluitur
900 3641 1060 3699 aliud
1097 3649 1482 3736 arcun-tentum
1527 3642 1765 3699 adversa

1039 3740 1358 3796 opmwms„

573 3887 704 3942 356.
734 3885 989 3944 Secundo
1011 3888 1292 3962 arguitur,
1316 3886 1451 3958 quia
1471 3891 1657 3944 stante
1684 3887 1858 3945 indit-

500 3965 743 4023 ferentia
767 3964 968 4040 judicii
1003 3981 1071 4021 ex
1102 3972 1262 4039 parte
1300 3965 1620 4024 intellectus
1643 4008 1657 4033 ,
1702 3972 1857 4024 actus

500 4049 812 4105 voluntatis
834 4064 934 4122 per
962 4047 1108 4104 illud
1124 4048 1404 4122 judicium
1436 4049 1723 4122 regulatus
1750 4066 1855 4106 ne-

496 4128 619 4200 quit
638 4144 760 4185 esse
782 4129 1152 4195 necessarius,
1176 4127 1274 4185 sed
1294 4134 1380 4184 est
1400 4127 1656 4185 absolute
1681 4128 1851 4188 liber:

496 4211 654 4283 atqui
683 4209 744 4265 in
774 4209 1114 4285 hypothesi,
1157 4208 1307 4283 quod
1356 4211 1502 4266 Deus
1541 4217 1734 4283 ageret
1782 4229 1855 4270 ex

495 4290 828 4347 necessitate
883 4297 1104 4351 naturae
1130 4334 1143 4356 ‚
1203 4289 1386 4346 adhuc
1446 4289 1509 4345 in
1562 4289 1854 4348 intellectu

493 4375 683 4427 creato
723 4368 958 4427 daretur
1003 4369 1392 4427 indifferentia
1432 4368 1635 4443 judicii
1671 4390 1684 4425 ε
1719 4385 1854 4445 ergo

493 4449 679 4507 adhuc
698 4451 935 4508 daretur
964 4451 1164 4509 volitio
1191 4450 1374 4508 libera
1396 4467 1497 4523 per
1521 4447 1669 4506 illud
1691 4450 1854 4525 judi-

492 4531 644 4587 cium
694 4532 971 4606 regulata.
1015 4529 1298 4588 Probatur
1337 4531 1565 4597 minor,
1613 4530 1750 4603 quia
1788 4530 1853 4588 in

493 4611 761 4685 praedicta
789 4612 1090 4687 hypothesi
1120 4612 1443 4670 intellectus
1480 4618 1702 4669 creatus
1748 4628 1853 4686 ap-

492 4692 872 4765 prehenderet
899 4691 1115 4751 bonum
1140 4694 1203 4750 in
1224 4693 1538 4761 communi,
1571 4700 1628 4751 et
1651 4693 1757 4750 sub
1783 4710 1852 4751 eo

491 4772 642 4832 hona
688 4775 1060 4848 particularia
1088 4796 1100 4831 :
1128 4773 1225 4832 sed
1256 4775 1347 4831 hic
1385 4782 1570 4847 posset
1591 4774 1851 4850 judicare

492 4857 722 4913 nullum
771 4873 840 4914 ex
886 4857 1006 4914 illis
1054 4857 1495 4931 particularibus
1535 4857 1703 4916 bonis
1728 4873 1851 4916 esse

489 4953 717 4993 summe
744 4936 978 5002 bonum,
1013 4940 1103 4995 vel
1133 4939 1451 4997 necessario
1498 4955 1849 5013 prosequen-

483 5015 627 5072 dum
663 5038 674 5071 ε
709 5030 845 5091 ergo
890 5017 1073 5075 adhuc
1111 5018 1344 5078 haberet
1391 5019 1845 5077 indifferentiam

1994 579 2219 657 judicii.
2244 579 2427 653 Major
2458 581 2647 635 autem
2673 581 2759 631 est
2786 577 2852 629 D.
2893 572 3130 628 Thomae
3170 573 3551 646 qim-summo.

1998 664 2092 731 24,
2116 663 2181 718 de
2218 660 2475 727 Ver-itate,
2500 665 2611 714 art.
2643 661 2697 723 2,
2724 655 2822 712 ubi
2851 654 2931 711 ait
2961 674 2974 708 ι
3009 674 3036 704 α
3077 652 3217 707 Tota
3263 663 3362 704 ra·-

2008 763 2033 797 α
2075 741 2155 799 tio
2175 740 2456 799 libertatis
2475 755 2547 797 ex
2568 737 2738 795 modo
2776 731 3121 810 cognitionis
3140 728 3361 818 depen-

2005 843 2033 875 «
2075 821 2208 890 det;
2258 819 2538 895 appetitus
2564 818 2724 877 enim
2752 814 3138 890 cognitionem
3164 824 3359 881 sequi-

2006 925 2033 957 «
2074 908 2207 970 tur,
2251 919 2380 961 cum
2422 901 2704 975 appetitus
2749 913 2867 955 non
2911 895 2987 951 sit
3033 892 3148 950 nisi
3195 889 3353 957 boni,

2007 1003 2034 1037 α
2074 982 2224 1057 quod
2264 982 2375 1039 sibi
2401 997 2505 1055 per
2531 981 2653 1037 vim
2681 974 3125 1054 cognoscitivam
3149 987 3359 1047 propo-

2006 1086 2033 1116 α
2077 1064 2257 1121 nitur.
2286 1084 2312 1116 n
2349 1065 2416 1119 Et
2443 1064 2504 1118 in
2529 1062 2634 1117 hac
2662 1062 2708 1126 l,
2744 1061 2799 1123 2,
2844 1063 3026 1135 quoest.
3066 1056 3151 1117 17,
3181 1059 3293 1109 art.
3332 1055 3350 1107 1

1997 1144 2075 1200 ad
2099 1146 2154 1211 2,
2187 1143 2374 1218 inquit
2403 1165 2415 1200 ι
2450 1164 2476 1196 α
2518 1141 2704 1199 Radix
2732 1136 3013 1195 libertatis
3033 1139 3119 1192 est
3144 1134 3358 1190 volun·-

2004 1247 2032 1279 α
2073 1230 2178 1292 taS,
2206 1225 2353 1281 sicut
2376 1222 2690 1299 subjectum
2719 1244 2733 1288 ;
2762 1218 2860 1277 sed
2885 1218 3030 1274 sicut
3057 1230 3243 1279 causa,
3274 1217 3361 1270 est

2005 1329 2032 1361 α
2074 1307 2222 1364 ratio
2267 1327 2281 1363 z
2321 1322 2393 1364 ex
2433 1305 2538 1362 hoc
2581 1302 2743 1362 enim
2783 1301 3051 1358 voluntas
3074 1299 3258 1369 potest
3284 1293 3356 1351 ad

2003 1411 2031 1443 α
2073 1387 2302 1445 diversa
2349 1386 2511 1453 ferri,
2565 1386 2701 1459 quia
2748 1383 2896 1441 ratio
2922 1385 3101 1456 potest
3148 1375 3357 1434 habere

2004 1491 2031 1523 α
2070 1468 2327 1526 diversas
2347 1467 2738 1541 conceptiones
2759 1464 2921 1523 boni.
2967 1483 2992 1514 »

2072 1553 2186 1608 Nec
2203 1548 2497 1618 satisfacis,
2522 1549 2572 1605 si
2603 1545 2944 1619 respondeas
2968 1557 3100 1599 cum
3148 1538 3355 1597 Suario

1996 1639 2127 1687 tom.
2184 1632 2229 1698 1,
2258 1629 2503 1702 Metaplc.
2537 1628 2680 1701 disp.
2733 1627 2817 1691 19,
2842 1631 2967 1680 sect.
2998 1623 3052 1689 3,
3097 1628 3146 1676 et
3174 1620 3266 1677 tib.
3300 1622 3348 1687 l,

1996 1731 2179 1787 opusc.
2211 1731 2334 1786 cap.
2372 1715 2427 1777 2,
2472 1720 2523 1767 et
2555 1710 2852 1784 proleyom.
2894 1708 2939 1772 l,
2969 1705 3034 1760 dc
3055 1706 3263 1774 qratia,
3299 1722 3351 1759 c.

1994 1797 2051 1862 4,
2074 1803 2126 1850 et
2165 1798 2226 1850 in
2252 1796 2286 1849 3
2320 1801 2475 1867 part.
2505 1799 2689 1871 quaest.
2732 1793 2787 1856 8,
2836 1789 2977 1861 disp.
3022 1787 3115 1850 37,
3140 1791 3262 1841 sect.
3294 1785 3350 1849 3,

1996 1875 2276 1950 maiorem
2298 1874 2467 1948 hujus
2489 1869 2818 1947 argumenti
2838 1882 2961 1926 esse
2979 1865 3222 1924 omnino
3237 1863 3353 1920 ial-

1995 1962 2412 2021 sam,etcontra
2431 1967 2797 2013 communem
2811 1964 3155 2007 consensum
3175 1947 3354 2004 Theo-

1998 2039 2258 2113 logorum
2274 2062 2287 2106 3
2305 2037 2598 2094 existimat
2611 2034 2771 2091 enim
2789 2030 3089 2104 praedictus
3109 2029 3345 2092 Author.

1995 2122 2372 2187 voluntatem,
2397 2118 2570 2176 etiam
2615 2121 2803 2172 stante
2843 2111 3235 2169 indifferentia
3256 2112 3349 2186 ju-

1994 2200 2150 2266 dicii,
2182 2216 2342 2273 posse
2363 2216 2396 2257 a
2424 2201 2537 2256 Deo
2564 2195 2914 2255 necessitati.
2941 2193 3113 2267 Cujus
3143 2193 3350 2251 funda-

1996 2288 2256 2339 mentum
2300 2281 2652 2354 praecipuum
2701 2283 2820 2344 est;
2857 2292 2994 2333 nam
3039 2274 3138 2332 ubi
3166 2275 3348 2332 virtus

1995 2363 2179 2420 activa
2224 2361 2509 2418 moventis
2552 2358 2773 2417 excedit
2811 2357 3085 2414 virtutem
3134 2356 3350 2412 restiti—

1996 2459 2128 2499 vam
2150 2442 2403 2508 mobilis,
2436 2447 2615 2516 potest
2636 2439 2782 2495 illud
2803 2439 3053 2506 vincere,
3078 2441 3135 2492 et
3161 2436 3229 2493 ad
3259 2453 3351 2509 pa·

1995 2523 2276 2589 tiendum,
2326 2523 2418 2580 vel
2465 2520 2747 2597 agendum
2778 2536 2849 2576 ex
2890 2518 3224 2576 necessitate
3250 2517 3350 2575 de-

1996 2603 2345 2661 terminare:
2373 2602 2471 2659 sed
2494 2602 2680 2659 virtus
2703 2600 2885 2656 activa
2906 2598 3005 2655 Dei
3032 2604 3117 2656 est
3142 2597 3342 2671 maj0r,

1992 2698 2167 2756 quam
2225 2685 2412 2740 virtus
2457 2681 2717 2739 restitiva
2773 2679 3087 2737 voluntatis
3126 2683 3342 2744 creatae,

1993 2764 2168 2821 etiam
2213 2769 2401 2821 stante
2445 2760 2836 2819 indifferentia
2886 2758 3092 2834 judicii
3148 2779 3161 2814 ε
3215 2774 3348 2834 ergo

1992 2848 2180 2902 stante
2224 2842 2553 2920 hujusmodi
2583 2840 2975 2899 indifferentia
2997 2843 3178 2913 potest
3204 2840 3347 2897 Deus

1993 2941 2264 2998 superare
2321 2926 2595 2982 virtutem
2641 2921 2961 2980 restitivam
3030 2920 3344 2977 voluntatis

1992 3010 2211 3073 creatae,
2231 3003 2376 3061 etad
2400 3001 2684 3078 agendum
2707 2997 3172 3058 necesssitare.1d
3198 2998 3344 3073 quod

1994 3084 2055 3141 in
2078 3083 2380 3158 hypothesi
2414 3082 2739 3157 argumenti
2779 3081 3135 3154 contingeret
3164 3104 3178 3147 ;
3210 3095 3345 3136 nam

1990 3182 2121 3223 cum
2145 3168 2292 3223 Deus
2321 3166 2497 3238 possit
2521 3169 2708 3221 stante
2735 3162 3126 3220 indifferentia
3141 3160 3346 3236 judicii

1992 3247 2347 3304 voluntatem
2411 3245 2753 3303 necessitare
2803 3242 2874 3300 ad
2929 3242 3244 3316 agendum,
3290 3249 3347 3300 et

1993 3331 2140 3385 Deus
2159 3342 2403 3400 operans
2431 3341 2500 3384 ex
2547 3325 2878 3384 necessitate
2911 3329 3132 3381 naturae
3160 3328 3352 3399 ageret

1990 3412 2270 3480 quantum
2297 3411 2501 3480 posset,
2552 3407 2799 3480 profecto
2825 3404 3109 3461 voluntati
3150 3411 3351 3462 creatae

1992 3487 2380 3545 necessitatem
2405 3486 2666 3553 inferret,
2711 3485 2941 3543 etiamsi
2967 3483 3144 3541 simul
3172 3492 3348 3544 staret

1993 3566 2385 3624 indifferentia
2425 3566 2648 3641 judicii.
2680 3565 2783 3621 Cui
2831 3564 3097 3637 opinioni
3136 3581 3203 3622 eo
3246 3581 3348 3623 ve-

1990 3648 2318 3706 hementius
2357 3650 2567 3705 Suarez
2588 3648 2848 3716 adhaesit‚
2880 3645 3015 3717 quia
3052 3649 3347 3721 perspicue

1991 3728 2158 3795 vidit,
2207 3727 2356 3802 quod
2396 3745 2464 3786 ea
2507 3727 2823 3793 falsificata,
2855 3732 2912 3782 et
2941 3730 3187 3797 exclusa,
3218 3744 3346 3786 cor-

1991 3813 2168 3866 ruunt
2223 3808 2424 3866 omnia
2481 3815 2833 3884 argumenta,
2899 3828 3024 3885 quae
3074 3808 3345 3867 adversus

1991 3891 2391 3966 praemotioues
2413 3891 2691 3965 physicas,
2722 3898 2778 3949 et
2799 3894 3019 3950 auxilia
3045 3891 3116 3949 ab
3140 3890 3351 3948 intrin-

1987 3987 2114 4029 seco
2132 3969 2396 4038 efficacia,
2429 3974 2546 4027 tam
2590 3971 2728 4044 ipse,
2776 3990 2950 4046 quam
2972 3973 3096 4047 ejus
3123 3971 3347 4028 asseclae

1987 4055 2339 4128 intorquent.

2061 4136 2192 4192 357.
2238 4136 2384 4198 Haec,
2426 4134 2685 4207 inquam,
2721 4136 3013 4208 responsio
3039 4150 3157 4192 non
3178 4133 3347 4191 satis·
3360 4128 3549 4224 R‘ffffiffl·

1988 4215 2137 4282 iacit,
2186 4214 2286 4273 sed
2336 4215 2610 4272 innititur
2655 4216 2812 4273 falsae
2849 4215 3140 4281 doctrinae,
3170 4230 3347 4288 quam

1985 4296 2195 4370 saepius
2245 4299 2306 4353 in
2351 4305 2511 4355 tract.
2537 4299 2600 4354 de
2632 4297 2924 4356 Voluntar.
2952 4301 3098 4372 disp.
3126 4300 3182 4363 2,
3212 4296 3341 4354 dub.

1994 4379 2011 4432 l
2041 4384 2090 4432 et
2113 4378 2167 4443 2,
2199 4393 2270 4435 ex
2292 4379 2545 4452 professo
2568 4379 2889 4453 rejecimus.
2914 4381 3078 4434 Nunc
3093 4377 3347 4435 breviter

1984 4458 2395 4534 impugnatur:
2427 4464 2551 4515 tum
2572 4459 2710 4531 quia
2735 4459 3059 4532 oppositum
3086 4457 3248 4516 docet
3273 4460 3344 4514 D.
3377 4462 3545 4506 D-‘rho-

1984 4540 2236 4597 Thomas
2276 4540 2414 4598 locis
2451 4557 2627 4614 supra
2666 4540 2886 4606 citatis,
2930 4545 2986 4598 et
3024 4542 3262 4613 insuper
3320 4514 3559 4608 lsffl’.

1976 4627 2132 4693 part.
2163 4628 2345 4698 quast.
2376 4622 2470 4690 83,
2500 4631 2613 4679 art.
2647 4625 2751 4690 l,et
2781 4624 2841 4678 in
2860 4622 2964 4677 hac
2993 4623 3039 4689 1,
3070 4623 3126 4688 2,
3156 4628 3344 4699 quast.

1993 4701 2076 4767 lo,
2096 4708 2205 4758 art.
2231 4703 2288 4767 2,
2311 4717 2482 4774 quem
2512 4702 2872 4761 unanimiter
2886 4706 3205 4775 sequuntur
3218 4702 3346 4776 ejus

1981 4779 2268 4853 discipuli,
2298 4787 2358 4839 et
2402 4784 2504 4840 alii
2547 4785 2741 4857 plures
2785 4783 2935 4857 apud
2977 4783 3348 4857 Josephuma

1980 4864 2037 4921 S.
2062 4863 2249 4922 Maria
2269 4874 2452 4942 quast.
2477 4866 2603 4933 3,de
2615 4866 2780 4922 libero
2799 4865 3051 4932 arbitrie,
3076 4865 3248 4921 ανι.2.
3269 4865 3350 4921 Ut

1981 4942 2174 5001 videat
2193 4945 2450 5013 Suarius,
2464 4963 2575 5020 qua
2596 4946 2929 5004 maturitate
2949 4945 3163 5002 dixerit
3176 4959 3345 5001 suam

1979 5023 2466 5083 existimationem
2517 5043 2642 5085 esse
2680 5041 3046 5084 communem
3094 5024 3350 5082 Theolo—

3122 5122 3342 5181 gorum

3391 1541 3525 1586 suarii

3382 1602 3454 1636 res

3414 1651 3493 1687 sto.
