3647 5753
451 430 564 487 600

456 604 686 657 Patrem
733 598 805 656 ad
867 598 1092 664 filium,
1157 595 1374 653 mediat
1429 591 1820 669 generationis

454 685 616 751 actio,
647 696 772 756 quae
810 681 1068 754 primum
1097 678 1269 735 illum
1309 684 1643 749 conceptum
1681 691 1820 747 sup-

457 765 637 838 ponit,
669 768 726 820 et
753 760 1035 820 antecedit
1052 758 1386 818 secundum.
1414 758 1698 815 Similiter
1724 757 1822 812 in-

453 855 543 904 ter
566 843 1005 920 permissionem
1035 841 1244 915 peccati
1283 840 1464 897 active
1489 836 1821 897 considera-

457 935 593 993 tam,
610 927 733 982 sive
753 932 816 981 ut
835 941 896 983 se
911 929 1066 983 tenet
1086 939 1158 981 ex
1180 928 1341 995 parte
1365 922 1483 988 Dei,
1503 927 1560 978 et
1579 920 1820 978 eandem

455 1007 872 1066 consideratam
913 1005 1154 1079 passive,
1199 1009 1263 1060 ut
1305 1002 1580 1075 importat
1618 1017 1822 1058 caren-

455 1092 596 1145 tiam
655 1086 857 1145 auxilii
900 1086 963 1143 in
1011 1085 1208 1142 anima
1250 1092 1554 1157 receptam,
1608 1080 1823 1138 mediat

457 1177 745 1247 peccatum
763 1168 998 1234 actuale,
1017 1167 1168 1240 quod
1186 1166 1625 1242 permissionem
1641 1164 1825 1230 active

457 1260 748 1326 sumptam
774 1249 1050 1321 sequitur,
1081 1252 1136 1305 et
1164 1248 1448 1321 praevenit
1489 1245 1823 1321 permissio-

460 1352 593 1393 nem
623 1334 846 1409 passive
871 1331 1310 1390 consideratam.
1344 1331 1500 1388 Idem
1541 1330 1736 1404 igitur,
1767 1332 1826 1386 et

461 1433 578 1475 non
621 1414 889 1473 inferiori
933 1411 1334 1486 probabilitate
1376 1411 1488 1468 dici
1536 1416 1717 1484 potest
1753 1409 1826 1466 de

357 1569 361 1573 ,
462 1498 678 1555 actibus
704 1496 774 1554 ad
797 1494 1263 1569 justificationem
1293 1494 1500 1551 ultimo
1521 1493 1827 1566 disponen-

462 1578 647 1642 tibus;
676 1581 993 1651 sequuntur
1031 1574 1189 1632 enim
1217 1575 1465 1650 gratiam
1494 1572 1827 1630 considera-

459 1669 577 1720 tam
631 1662 695 1717 in
741 1658 992 1725 infundi,
1056 1664 1113 1715 et
1166 1657 1480 1715 secundum
1541 1656 1825 1713 rationem

460 1746 735 1803 motionis
776 1742 1136 1805 auxiliantis;
1160 1740 1490 1815 praecedunt
1517 1745 1708 1797 autem
1746 1737 1826 1793 il-

461 1828 579 1884 lam
626 1825 1044 1883 consideratam
1074 1822 1137 1878 in
1180 1823 1326 1880 facto
1349 1838 1490 1888 esse,
1519 1825 1576 1878 et
1619 1834 1826 1878 secun·

459 1908 598 1965 dum
628 1913 842 1962 munus
868 1905 1070 1962 formas
1092 1902 1477 1978 J'ustiflcantis.
1505 1904 1573 1957 Et
1598 1901 1704 1958 hac
1729 1900 1829 1957 via

460 1991 687 2048 salvant
715 1984 970 2062 praedicti
999 1986 1286 2052 authore5‚
1316 1982 1466 2057 quod
1499 1981 1826 2058 huiusmodi

461 2077 615 2129 actus
661 2086 779 2128 non
822 2072 1151 2141 supponant
1199 2067 1428 2140 culpam
1486 2065 1823 2130 remissam;

409 2209 413 2212 ,
460 2153 594 2227 quia
623 2152 715 2209 hic
739 2150 970 2209 effectus
1010 2164 1128 2206 non
1169 2147 1436 2222 provenit
1456 2163 1489 2203 a
1509 2146 1695 2222 gratia
1731 2160 1830 2201 se-

254 2486 424 2529 Descri-

302 2541 344 2577 tu
353 2545 385 2577 r.

260 4376 318 4421 D.
341 4375 443 4420 Tho.

460 2233 713 2291 cundum
752 2231 901 2307 quod
923 2235 1008 2289 est
1027 2229 1337 2298 auxilianS,
1375 2228 1474 2286 sed
1512 2225 1828 2284 secundum

460 2317 608 2391 quod
659 2322 744 2373 est
797 2312 1147 2400 justificans,
1211 2318 1266 2370 et
1318 2312 1491 2369 habet
1542 2311 1828 2368 rationem

464 2399 683 2457 sormae.

538 2475 822 2530 Caeterum
863 2470 1128 2543 quamvis
1155 2470 1249 2527 hic
1275 2468 1500 2527 dicendi
1528 2466 1730 2525 modus
1756 2466 1831 2521 sit

463 2555 599 2611 satis
626 2552 999 2619 verosimilis,
1031 2557 1088 2608 et
1112 2556 1394 2625 quantum
1436 2549 1506 2607 ad
1537 2547 1832 2623 praesentis

464 2633 626 2691 dubii
648 2632 1054 2690 enodationem
1076 2648 1392 2706 congruus;
1415 2631 1469 2687 ei
1489 2635 1684 2686 tamen
1713 2643 1831 2684 non

463 2712 813 2772 insistemus,
847 2716 994 2769 Tum
1017 2714 1154 2786 quia
1177 2727 1293 2769 non
1317 2711 1397 2767 ita
1416 2710 1680 2784 congruit
1701 2724 1831 2765 cum

463 2797 572 2860 his,
630 2809 754 2865 quas
805 2792 1063 2848 diximus
1113 2795 1258 2866 disp.
1309 2791 1534 2865 praeced.
1588 2790 1714 2845 dub.
1771 2790 1827 2855 6,

465 2882 691 2951 agentes
742 2874 814 2933 de
876 2874 1170 2933 essentiali
1239 2871 1620 2947 dependentia
1677 2871 1836 2929 actus

465 2958 680 3015 amoris
741 2956 1036 3016 charitatis
1089 2972 1121 3013 a
1173 2955 1361 3030 gratia
1405 2952 1829 3020 sanctificante;

468 3055 602 3096 nam
628 3038 844 3096 ibidem
865 3038 1015 3096 dicta
1036 3038 1174 3095 satis
1191 3038 1485 3104 evincunt,
1499 3034 1648 3108 quod
1670 3034 1836 3092 debet

465 3120 711 3195 gratiam
755 3135 1077 3193 supponere
1120 3125 1402 3193 receptam
1429 3116 1535 3173 sub
1563 3121 1832 3190 conceptu

468 3205 685 3269 formae,
720 3208 776 3259 et
800 3202 1115 3260 secundum
1139 3218 1353 3260 munus
1379 3216 1713 3274 expressum
1737 3215 1837 3255 na·

468 3291 610 3341 turae
649 3283 868 3342 divinae
910 3300 1013 3358 per
1059 3283 1587 3359 participationem;
1621 3279 1834 3352 alioqui

469 3382 587 3423 non
608 3370 754 3422 esset
780 3365 1173 3422 connaturalis
1201 3364 1503 3422 inclinatio
1525 3362 1595 3420 ad
1618 3362 1836 3420 bonum

472 3445 751 3519 praedictae
792 3451 1030 3514 naturae,
1065 3462 1168 3503 nec
1208 3450 1392 3518 posset
1430 3449 1613 3502 totum
1653 3440 1838 3499 homi-

471 3544 606 3584 nem
647 3527 947 3602 subjicere,
981 3542 1086 3584 nec
1111 3526 1358 3599 perfecta
1387 3524 1667 3582 vitalitate
1692 3539 1837 3598 gau-

471 3607 649 3674 deret,
682 3614 744 3664 ut
778 3608 944 3665 facile
987 3606 1284 3682 apparebit
1322 3604 1710 3664 consideranti
1740 3620 1844 3671 ra-,

475 3692 677 3758 tioneS,
703 3707 842 3765 quas
882 3691 963 3747 ibi
1003 3688 1402 3763 expendimus.
1447 3688 1594 3743 Tum
1636 3688 1832 3752 etiam,

472 3772 607 3845 quia
636 3770 888 3846 praedicti
918 3776 1071 3827 actus
1110 3785 1229 3828 non
1256 3769 1569 3843 procedunt
1595 3784 1628 3824 a
1650 3766 1840 3841 gratia

471 3853 878 3921 sanctificante,
911 3858 1185 3928 tanquam
1225 3868 1259 3909 a
1300 3850 1586 3924 principio
1625 3850 1839 3906 imme-

473 3936 625 3993 diate
664 3934 977 4008 operativo,
1008 3932 1107 3991 sed
1151 3939 1427 4005 tanquam
1473 3948 1506 3988 a
1552 3931 1840 4005 principio

475 4018 732 4083 radicali,
758 4033 830 4074 ex
851 4034 962 4091 quo
983 4016 1289 4074 dimanant
1313 4014 1556 4072 virtutes
1578 4014 1842 4087 proxime

472 4100 817 4173 operativae:
866 4098 1111 4155 influere
1152 4103 1343 4155 autem
1394 4096 1740 4162 radicaliter,
1784 4101 1841 4152 et

475 4179 783 4236 radicando
807 4180 1047 4235 virtutes
1076 4179 1354 4252 propriaS,
1382 4192 1500 4234 non
1521 4180 1607 4232 est
1626 4191 1841 4231 munus

473 4262 747 4319 motionis
783 4259 1136 4327 auxiliantis,
1180 4259 1279 4316 sed
1306 4258 1490 4332 magis
1534 4256 1753 4322 formae,
1784 4260 1843 4312 et

474 4353 712 4402 naturae.
744 4345 892 4398 Tum
921 4347 1213 4415 praeterea,
1244 4342 1381 4415 quia
1404 4344 1466 4397 D.
1498 4339 1702 4396 Thom.
1737 4354 1842 4411 pro

475 4426 566 4481 his
593 4422 1022 4482 difficultatibus
1046 4422 1456 4496 componendis
1484 4436 1600 4477 non
1643 4436 1832 4477 recur-

478 4510 557 4565 rit
582 4508 652 4565 ad
683 4507 1013 4581 praedictam
1042 4507 1280 4564 illorum
1316 4500 1624 4563 authorum
1652 4503 1843 4561 consi-

478 4589 866 4657 derationem;
897 4588 994 4646 sed
1022 4588 1092 4645 ad
1114 4594 1375 4645 mutuam
1397 4585 1842 4660 dependentiam

478 4674 541 4730 in
564 4674 792 4732 diverso
812 4687 1023 4747 genere
1048 4686 1247 4738 causae,
1279 4670 1465 4744 qualis
1490 4669 1660 4726 datur
1688 4668 1845 4723 inter

479 4756 729 4813 formam
770 4753 1229 4819 substantialem,
1260 4760 1317 4808 et
1357 4749 1687 4814 accidentia,
1718 4762 1845 4821 quae

478 4836 549 4894 ad
596 4838 762 4894 illam
804 4839 1247 4909 consequuntur,
1293 4837 1354 4889 ut
1380 4837 1598 4890 constat
1622 4847 1692 4888 ex
1732 4829 1840 4897 his,

476 4935 601 4992 quae
641 4918 897 4975 diximus
940 4916 1068 4972 dub.
1113 4915 1337 4989 praeced.
1387 4916 1535 4970 Tum
1575 4912 1840 4984 denique,

479 5002 613 5073 quia
666 5001 784 5057 haec
823 4999 1104 5072 posterior
1150 4996 1515 5072 philosophia·
1561 4993 1847 5051 sufficiens

480 5089 564 5137 est
605 5080 675 5137 ad
716 5078 1018 5137 diluendas
1056 5072 1342 5152 oppositas
1379 5074 1741 5151 obJ‘ectioneS,
1784 5077 1849 5128 ut

1123 424 1216 478 DE
1257 418 1864 477 DISPOSITIONIBUS
1902 417 1999 470 AD
2038 412 2697 470 JUSTIFICATIONEM.

1951 606 2023 648 ex
2060 588 2318 646 dicendis
2355 583 2652 644 constabit.
2687 582 2901 639 Relicto
2940 593 3076 652 ergo
3114 591 3183 634 eo
3220 575 3319 632 di-

1951 671 2117 729 cendi
2145 669 2312 727 modo
2339 668 2404 725 in
2429 683 2533 723 sua
2562 662 2981 738 probabilitate,
3015 664 3076 715 ut
3105 672 3319 731 propo-

1951 756 2062 812 sito
2082 757 2420 827 argumento
2439 747 2695 816 satisfiat,
2716 743 3018 803 recolenda
3037 746 3172 798 sunt
3191 755 3320 814 quae

1953 835 2023 893 de
2047 840 2249 893 mutuo
2288 848 2585 898 concursu,
2616 833 2673 887 et
2709 823 3088 901 dependentia
3115 837 3320 880 causa-

1955 936 2085 976 rum
2113 917 2369 974 diximus
2406 920 2438 986 ς
2475 918 2520 972 l.
2564 910 2952 970 Recolendum
2990 907 3170 965 etiam
3207 911 3315 970 est,

1953 1003 2097 1076 quod
2145 1001 2330 1075 gratia
2382 1002 2564 1072 potest
2613 992 2968 1053 considerari
3022 995 3083 1046 ut
3127 988 3322 1046 forma

1952 1085 2337 1142 essentialiter
2365 1079 2732 1154 receptibiliS,
2763 1078 2887 1135 sive
2911 1073 3096 1150 quoad
3122 1086 3323 1130 essen-

1954 1166 2116 1222 tialia
2146 1163 2513 1237 receptionis;
2540 1175 2651 1233 quo
2693 1163 2852 1232 pacto
2890 1163 3109 1214 certum
3148 1158 3251 1219 est,
3285 1168 3320 1207 a

1955 1249 2166 1305 nostris
2188 1247 2404 1305 actibus
2425 1259 2543 1301 non
2565 1240 2919 1315 dependere:
2945 1241 3124 1312 potest
3142 1235 3319 1293 etiam

1954 1328 2307 1389 considerari
2362 1331 2424 1382 ut
2470 1325 2657 1382 forma
2702 1320 3031 1379 voluntarie
3077 1316 3321 1390 recepti—

1955 1410 2109 1477 bilis,
2146 1412 2270 1466 sive
2312 1405 2498 1482 quoad
2538 1401 2939 1463 connaturalia
2980 1397 3321 1471 receptionis

1955 1494 2019 1550 in
2048 1492 2266 1554 adulto;
2306 1507 2417 1564 qua
2456 1489 2679 1547 ratione
2715 1483 2995 1558 dependet
3035 1498 3068 1538 a
3109 1481 3322 1538 nostris

1957 1576 2190 1644 actibuS,
2219 1580 2278 1631 ut
2300 1573 2515 1631 ibidem
2537 1571 2792 1627 diximus
2813 1586 2964 1625 num.
2990 1571 3024 1622 7
3031 1568 3084 1622 ·2.
3104 1563 3322 1630 Quibus

1955 1658 2261 1732 suppositis

2031 1736 2123 1790 97.
2142 1732 2230 1787 Ad
2245 1733 2651 1805 argumentum
2670 1722 3045 1798 respondetur
3061 1718 3321 1795 negando
3352 1719 3511 1812 agenor

1957 1815 2238 1889 majorem
2290 1812 2640 1869 intellectam
2691 1806 2762 1863 de
2812 1820 2935 1863 esse
2986 1802 3204 1877 gratiae,
3259 1805 3321 1855 ut
3360 1780 3495 1879 ωὲἷᾙ

1958 1893 2412 1953 connaturaliter
2451 1892 2515 1947 in
2543 1888 2754 1947 adultis
2793 1889 3063 1957 receptae;
3105 1882 3323 1955 optime
3350 1869 3520 1913 ⁵⁰¹³&

1957 1976 2167 2049 quippe
2185 1974 2442 2042 cohaeret‚
2467 1971 2616 2046 quod
2635 1968 2905 2027 contritio
2925 1983 2982 2022 v.
3006 1981 3062 2039 g.
3084 1963 3161 2019 sit
3186 1964 3323 2020 sim-

1960 2058 2184 2131 pliciter
2202 2056 2482 2130 posterior
2502 2055 2565 2110 in
2579 2066 2788 2127 genere
2803 2064 2984 2107 causae
3004 2043 3320 2107 efficientiS,

1959 2154 2132 2212 quam
2161 2136 2468 2194 existentia
2501 2133 2731 2209 gratiae;
2757 2136 2813 2188 et
2838 2127 2988 2204 quod
3018 2125 3328 2185 nihilomi-

1961 2236 2071 2276 nus
2096 2235 2225 2277 eam
2274 2224 2336 2275 ut
2373 2214 2829 2274 connaturaliter
2858 2216 3141 2282 receptam
3177 2222 3332 2280 praa-

1960 2301 2117 2360 cedat
2146 2300 2447 2374 prioritate
2479 2293 2796 2354 secundum
2837 2291 2974 2366 quid
3016 2291 3078 2346 in
3119 2302 3332 2364 genere

1961 2400 2141 2440 causae
2166 2379 2487 2439 materialis
2514 2376 2878 2451 dispositivae,
2909 2378 2971 2429 ut
2999 2376 3030 2442 ξ
3086 2373 3104 2427 l
3139 2368 3329 2442 expli-

1961 2468 2208 2524 cuimus.
2233 2466 2301 2518 Et
2328 2464 2391 2520 in
2413 2463 2518 2519 hoc
2541 2475 2712 2517 sensu
2743 2474 2863 2515 non
2885 2460 3091 2530 urgent
3117 2451 3333 2525 proba’-

1965 2548 2150 2604 tiones
2176 2546 2239 2601 in
2260 2542 2640 2602 contrarium.
2664 2544 2791 2598 Non
2809 2540 3017 2612 prima,
3042 2534 3177 2608 quia
3199 2533 3336 2589 licet

1963 2629 2231 2688 contritio
2270 2632 2334 2684 ut
2378 2624 2674 2699 dispositio
2702 2620 2979 2696 praecedat
3020 2619 3083 2675 in
3122 2630 3336 2692 genere

1962 2726 2144 2769 causae
2158 2708 2480 2766 materialis
2495 2704 2863 2763 existentiam
2879 2701 3078 2777 gratiae
3101 2723 3115 2766 ;
3138 2705 3334 2755 tamen

1964 2798 2028 2850 ut
2052 2791 2325 2865 operatiO,
2359 2794 2416 2846 et
2435 2788 2665 2846 effectus
2690 2784 2971 2858 dependet
2988 2778 3337 2853 simpliciter

1964 2875 2028 2932 in
2056 2888 2266 2949 genere
2291 2887 2472 2928 causae
2498 2867 2793 2928 efficientis
2822 2864 2891 2923 ab
2919 2863 3119 2923 eadem
3145 2860 3335 2937 gratia

1964 2958 2262 3022 existente,
2292 2955 2439 3011 etin
2480 2953 2679 3010 anima
2721 2952 2961 3022 recepta.
3002 2944 3334 3003 Praesertim

1965 3040 2117 3114 quia,
2152 3043 2214 3094 ut
2257 3052 2442 3110 nuper
2487 3034 2835 3101 dicebamus,
2879 3030 3153 3103 supponit
3197 3042 3337 3102 gra-

1967 3124 2108 3180 tiam
2160 3119 2476 3178 secundum
2517 3117 2849 3175 essentialia
2892 3113 3231 3180 existentiae,
3280 3117 3337 3169 et

1969 3202 2339 3277 receptionis;
2391 3205 2447 3256 et
2491 3200 2681 3257 solum
2730 3195 3009 3255 antecedit
3056 3194 3221 3250 illam
3273 3198 3338 3248 ut

1966 3282 2426 3344 connaturaliter
2477 3284 2788 3354 receptam,
2850 3283 2908 3336 et
2970 3277 3331 3333 existentem.

1967 3370 2082 3424 Nec
2125 3366 2363 3423 secunda
2374 3382 2393 3432 ;
2453 3378 2590 3419 nam
2643 3361 2748 3418 illa
2810 3358 3106 3416 maxima:
3154 3355 3337 3414 Nulla

1968 3465 2138 3505 causa
2176 3444 2541 3521 praesupponit
2577 3442 2930 3498 ewistentiam
2968 3441 3060 3494 sui
3096 3439 3330 3511 effectus,

1968 3531 2157 3588 solum
2204 3526 2536 3586 verificatur
2580 3523 2651 3581 de
2701 3520 3228 3596 praesuppositione,
3272 3523 3338 3573 ut

1968 3612 2050 3669 sic
2095 3610 2372 3674 dicamuS,
2418 3607 2483 3663 in
2526 3621 2596 3664 eo
2638 3618 2869 3680 genere,
2899 3602 2965 3658 in
3011 3617 3122 3674 quo
3171 3615 3341 3657 causa

1968 3697 2180 3750 causat.
2212 3694 2355 3747 Cum
2382 3705 2495 3763 quo
2517 3693 2669 3745 recte
2695 3685 2961 3749 cohaeret,
2987 3680 3134 3755 quod
3170 3681 3338 3736 illam

1971 3789 2089 3830 non
2118 3774 2541 3846 praesupponat,
2567 3767 2664 3826 sed
2687 3766 2877 3840 potius
2898 3762 2968 3820 ad
2989 3779 3113 3820 eam
3137 3775 3338 3833 sequa·

1969 3854 2146 3910 turin
2176 3852 2310 3909 aliis
2325 3847 2659 3926 generibus,
2685 3848 2755 3901 Et
2780 3847 2858 3902 ita
2878 3841 3145 3903 contritio
3158 3840 3216 3896 in
3231 3854 3336 3913 ge-

1972 3949 2112 3991 nere
2135 3949 2316 3990 causae
2341 3928 2661 3989 materialis
2686 3926 3036 4000 dispositivae
3063 3937 3179 3980 non
3204 3937 3338 3993 sup-

1973 4015 2136 4089 ponit
2149 4012 2583 4073 connaturalem
2604 4008 2974 4069 existentiam
2994 4004 3213 4081 gratiae,
3237 4001 3340 4059 sed

1973 4094 2044 4152 ad
2064 4111 2191 4153 eam
2220 4093 2474 4171 disponit
2498 4114 2512 4149 ε
2543 4097 2815 4149 caeterum
2844 4089 2909 4144 in
2928 4101 3139 4161 genere
3157 4096 3342 4140 causae

1971 4175 2268 4234 efficientis
2294 4174 2565 4248 supponit
2592 4171 2920 4246 praedictam
2946 4165 3338 4230 existentiam,

1971 4259 2174 4316 saltem
2196 4255 2578 4314 essentialiter
2604 4252 3045 4311 consideratam.
3076 4249 3193 4304 Nec
3217 4251 3348 4301 tan-

1974 4342 2104 4399 dem
2132 4342 2332 4406 terrim·
2357 4338 2493 4412 quia
2533 4337 2664 4393 licet
2702 4334 2895 4392 omnis
2929 4345 3098 4388 causa
3141 4326 3350 4385 debeat

1974 4424 2039 4480 in
2085 4421 2327 4480 instanti
2382 4420 2545 4486 reali,
2597 4419 2662 4475 in
2708 4433 2820 4490 quo
2868 4417 3078 4479 causat,
3130 4410 3348 4468 habere

1973 4505 2340 4564 existentiam
2362 4528 2378 4573 ;
2422 4518 2542 4561 non
2582 4506 2777 4558 tamen
2804 4503 3044 4572 oportet,
3086 4492 3237 4569 quod
3277 4491 3346 4547 in

1975 4587 2080 4644 illo
2106 4600 2334 4660 genere,
2366 4584 2490 4641 sive
2517 4581 2721 4656 priori,
2754 4580 2818 4636 in
2856 4594 2968 4652 quo
2996 4574 3208 4640 influit,
3238 4586 3350 4628 ex-

1976 4668 2146 4741 plicet
2166 4682 2380 4723 munus
2400 4662 2703 4728 existendi,
2731 4667 2796 4717 ut
2815 4665 2966 4734 patet
2994 4659 3056 4714 in
3086 4652 3351 4730 partibus

1975 4746 2396 4813 materialibus,
2429 4762 2555 4820 quae
2595 4746 2660 4801 in
2686 4757 2896 4819 genere
2933 4755 3115 4797 causae
3159 4739 3350 4793 mate-

1979 4833 2143 4890 rialis
2166 4830 2492 4905 praecedunt
2512 4826 2889 4900 compositum
2909 4846 2924 4892 3
2948 4829 3004 4881 et
3038 4818 3350 4878 nihilomi-

1978 4932 2087 4974 nus
2109 4931 2214 4988 pro
2236 4915 2339 4971 illo
2361 4912 2544 4987 priori
2566 4926 2684 4969 non
2704 4908 2960 4966 existunt
2979 4901 3345 4976 simpliciter,

1977 4995 2076 5055 sed
2103 5002 2240 5052 sunt
2266 4995 2546 5051 duntaxat
2585 4991 2651 5047 in
2696 4990 2792 5047 via
2838 4986 2910 5045 ad
2953 4984 3341 5044 existendum.

1979 5078 2357 5137 concedimus
2383 5091 2541 5143 vero,
2585 5071 2734 5147 quod
2781 5075 2936 5128 actus
2978 5066 3349 5195 οοηίῐίῐίρῐίξῗ

3149 5156 3272 5200 exis
3299 5157 3319 5196 1
