3647 5753
106 3823 242 3880 -κ

501 390 616 447 340

499 556 674 616 modi·
706 557 894 615 forma
938 557 1103 616 debet
1141 575 1214 617 ex
1231 576 1335 627 sua
1357 564 1564 617 natura
1583 575 1706 616 esse
1732 574 1867 633 per-

503 654 766 705 manens,
815 645 871 696 et
894 638 1137 707 stabilis,
1183 657 1300 698 non
1342 641 1540 698 minus
1574 657 1638 698 ac
1663 646 1861 707 statuS,

497 734 671 793 quem
701 718 965 793 praedicta
991 719 1197 779 filiatio
1224 722 1515 795 importat.
1564 724 1673 780 Per
1715 720 1865 795 quod

493 802 788 860 evanescit
815 807 1121 875 utrumque
1165 803 1495 879 hujusmodi
1535 803 1867 878 responsio-

502 884 597 941 nis
621 884 904 941 motivum
932 906 946 941 ε
979 886 1235 958 primum
1262 885 1515 959 quidem,
1539 885 1674 959 quia
1701 901 1868 943 amor

503 963 795 1022 beatificus
830 965 1083 1038 procedit
1119 983 1192 1024 ex
1220 971 1427 1024 natura
1465 983 1569 1023 sua
1608 982 1641 1023 a
1678 966 1865 1040 gratia

502 1045 782 1105 habituali
810 1052 1208 1106 consummata
1233 1072 1248 1116 ;
1290 1048 1443 1106 unde
1469 1047 1540 1105 ab
1573 1048 1678 1105 illa
1705 1048 1865 1106 deri-

502 1133 598 1186 vat
616 1145 780 1186 suam
809 1131 1290 1202 permanentiam.
1315 1131 1638 1189 Secundum
1660 1132 1859 1199 etiam,

502 1226 637 1267 nam
665 1211 729 1266 in
755 1226 822 1269 eo
862 1211 1192 1269 testimonio
1231 1217 1453 1269 tantum
1479 1210 1858 1287 significatur,

499 1291 865 1349 dilectionem
896 1293 1296 1365 proximi-esse
1313 1293 1769 1367 dispositionem,
1802 1300 1864 1351 ut

499 1373 627 1445 quis
651 1372 727 1427 sit
747 1371 902 1428 filius
926 1372 1045 1441 Dei,
1071 1378 1128 1430 et
1149 1372 1297 1430 hanc
1317 1372 1657 1431 filiationem
1678 1374 1863 1430 comi-

499 1453 630 1511 tari.
666 1453 838 1527 ldque
865 1456 957 1511 vel
982 1470 1054 1512 ex
1074 1470 1143 1512 eo
1169 1455 1347 1527 liquet
1368 1479 1384 1523 ;
1409 1471 1544 1512 nam
1566 1453 1648 1511 ibi
1669 1472 1862 1514 sermo

499 1535 830 1594 habeturde
849 1535 1153 1594 dilectione
1175 1537 1444 1610 proximi,
1469 1553 1641 1609 quam
1664 1543 1859 1596 tamen

500 1632 604 1675 nec
631 1620 885 1690 vasquez
912 1618 1051 1691 ipse,
1078 1634 1181 1676 nec
1205 1618 1355 1675 alius
1382 1620 1621 1675 asseruit
1650 1618 1862 1676 habere

499 1713 571 1755 ex
598 1704 805 1754 natura
831 1714 934 1755 sua
975 1698 1095 1754 vim
1134 1698 1504 1756 sufficientem
1552 1697 1622 1756 ad
1645 1698 1862 1774 Justifi-

499 1778 744 1837 candum
774 1779 1113 1836 formaliter.

305 1868 468 1912 evern-
571 1857 958 1916 confirmatur
998 1859 1229 1932 primo:
1280 1861 1557 1933 quoniam
1627 1860 1860 1918 effectus

295 1920 466 2015 ᾖξῖἷιῗξ·
499 1939 762 1998 formalis
810 1940 1102 2012 positivus,
1147 1941 1480 2007 habitualis,
1511 1945 1568 1997 et
1622 1957 1858 2013 perma-

500 2035 663 2087 nens,
714 2019 910 2092 nequit
956 2021 1372 2078 communicari
1402 2020 1516 2077 nisi
1570 2037 1602 2077 a
1643 2021 1852 2088 forma,

497 2118 623 2176 quae
662 2103 922 2176 positive,
953 2108 1009 2160 et
1056 2102 1427 2161 habitualiter
1476 2107 1852 2177 permaneat:

494 2184 593 2243 sed
641 2185 936 2242 hominem
965 2201 1087 2242 esse
1108 2186 1325 2259 justum
1354 2190 1440 2241 est
1482 2185 1712 2244 effectus
1734 2186 1857 2243 for-

495 2265 667 2322 malis
699 2265 996 2338 positivus.
1029 2270 1086 2322 et
1123 2263 1437 2321 habitualis
1463 2289 1479 2332 ς
1508 2272 1664 2322 actus
1715 2282 1855 2324 vero

493 2344 713 2402 amoris
734 2361 852 2402 non
876 2350 961 2402 est
989 2344 1193 2409 forma,
1226 2361 1350 2418 quae
1372 2346 1631 2419 positive,
1663 2352 1720 2404 et
1747 2347 1855 2403 ha-

493 2427 787 2484 bitualiter
831 2432 1206 2500 permaneat:
1248 2443 1385 2504 ergo
1406 2429 1703 2486 hominem
1732 2445 1856 2486 esse

486 2508 704 2581 justum
726 2507 923 2579 nequit
935 2509 1354 2566 communicari
1377 2508 1448 2565 ab
1469 2515 1591 2566 actu
1612 2512 1850 2578 amoris,

493 2594 765 2659 tanquam
816 2603 849 2643 a
886 2587 1118 2644 forma:
1170 2593 1336 2661 atque
1378 2588 1507 2646 ideo
1554 2589 1854 2662 praedictus

493 2673 648 2724 actus
668 2683 785 2724 non
811 2668 924 2724 erit
948 2685 1019 2724 ex
1048 2673 1255 2725 natura
1292 2685 1397 2726 sua
1423 2669 1612 2727 forma
1636 2669 1854 2744 justifi-

492 2763 646 2802 cans.
701 2748 950 2819 Utraque
989 2749 1392 2819 consequentia
1440 2753 1608 2820 patet.
1666 2750 1852 2824 Major

493 2833 687 2884 autem
713 2831 799 2885 est
825 2831 996 2890 certa.
1028 2827 1163 2900 quia
1205 2828 1436 2886 effectus
1464 2828 1728 2887 formalis
1766 2835 1853 2887 est

494 2909 617 2983 ipsa
695 2909 885 2966 forma
953 2910 1375 2968 communicata
1432 2910 1683 2985 subjecto
1712 2954 1726 2978 ,
1789 2929 1853 2970 ac

495 2989 736 3062 proinde
761 2989 926 3047 debet
945 3007 1067 3047 esse
1093 2991 1226 3048 talis
1266 2991 1429 3066 juxta
1454 2993 1504 3068 ej
1514 3009 1577 3049 us
1597 2993 1852 3066 qualita-

490 3077 608 3127 tem
638 3091 651 3126 ι
700 3087 835 3145 ergo
855 3071 1084 3128 effectus
1107 3072 1401 3145 positivus,
1433 3072 1763 3139 habitualis,
1794 3079 1851 3130 et

493 3167 843 3225 permanens
896 3155 1092 3227 nequit
1156 3155 1593 3224 communicari,
1656 3156 1769 3213 nisi
1817 3171 1852 3212 a

490 3234 701 3301 forma,
731 3251 856 3307 quae
877 3235 1199 3307 positive,et
1226 3235 1598 3294 habitualiter
1627 3253 1851 3311 perma-

491 3318 646 3370 neat.
676 3314 870 3371 Minor
919 3329 1058 3374 vero
1108 3314 1292 3390 quoad
1321 3316 1574 3388 primam
1626 3321 1848 3389 partem

493 3393 660 3451 facile
678 3400 898 3451 constat
923 3419 936 3462 ;
963 3411 1099 3452 nam
1120 3412 1242 3454 esse
1264 3397 1481 3471 justum
1511 3411 1629 3453 non
1649 3397 1850 3469 expri-

483 3474 598 3532 mit
626 3477 1007 3552 negationem,
1037 3495 1141 3536 nec
1157 3478 1435 3551 exprimit
1459 3480 1643 3537 solam
1668 3478 1849 3536 ratio-

490 3572 624 3614 nem
653 3564 777 3614 actu
825 3558 1118 3632 operantis
1148 3582 1162 3626 ;
1212 3560 1355 3617 alias
1384 3560 1569 3634 pueri,
1618 3564 1674 3617 et
1710 3559 1849 3616 dor-

487 3637 734 3694 mientes
754 3654 869 3695 non
908 3646 1095 3696 essent
1115 3639 1254 3713 justi
1288 3662 1301 3697 :
1329 3656 1467 3715 ergo
1491 3646 1576 3696 est
1619 3638 1850 3696 effectus

484 3718 766 3791 positivus
812 3719 1188 3778 habitualiter
1239 3738 1608 3795 permanens.
1646 3719 1847 3787 Quoad

476 3799 801 3858 secundum
846 3801 1023 3858 etiam
1069 3802 1391 3859 ostenditur
1436 3827 1449 3870 ;
1500 3818 1637 3859 nam
1691 3806 1850 3874 post-

243 3887 288 3908 *
377 3910 381 3914 ·
487 3898 660 3954 quam
681 3883 891 3939 transit
911 3890 1067 3940 actus
1094 3885 1312 3942 amoris
1333 3885 1453 3950 Dei,
1481 3900 1600 3942 non
1625 3899 1849 3956 perma-

490 3968 586 4020 net
613 3964 874 4036 positive,
922 3971 980 4022 et
1015 3963 1386 4024 habitualiter
1432 3966 1496 4022 in
1545 3964 1752 4037 seipso,
1785 3969 1849 4020 ut

490 4042 666 4116 liquet
690 4059 762 4101 ex
788 4044 1075 4112 terminis,
1105 4045 1364 4118 alioquin
1387 4060 1504 4102 non
1525 4044 1805 4101 transiret
1831 4064 1845 4099 ε

488 4138 624 4199 ergo
664 4124 963 4197 praedictus
1010 4130 1165 4181 actus
1207 4140 1324 4181 non
1370 4131 1455 4181 est
1483 4124 1691 4192 forma,
1723 4141 1850 4198 quai

491 4203 749 4275 positive,
781 4211 837 4261 et
858 4203 1232 4261 habitualiter
1261 4210 1618 4276 permaneat.

302 4307 432 4351 Anna
562 4283 653 4338 60.
699 4285 812 4341 Nec
833 4282 1311 4357 proderitdicere,
1336 4281 1487 4356 quod
1510 4290 1848 4356 permaneat

279 4357 473 4437 euugmgn
491 4362 553 4418 in
574 4363 765 4437 aliqua
804 4365 1182 4422 conversione
1207 4361 1512 4431 habituali,
1537 4370 1600 4421 ut
1618 4363 1847 4439 signifi-

277 4408 434 4513 ρᾶῗῖῗιιτα.
488 4446 639 4501 cavit
663 4448 913 4503 Joannes
931 4446 1266 4503 Vincentius
1279 4446 1560 4502 retectione
1583 4448 1847 4518 deor-acia

275 4505 722 4593 ‘'ww-christi,
779 4545 831 4604 q.
886 4529 931 4593 1,
968 4533 1092 4600 post
1131 4528 1166 4582 6
1230 4527 1648 4585 conclusionem.
1690 4530 1848 4592 Quo-

488 4605 649 4663 niam
681 4621 797 4663 non
819 4612 903 4663 est
928 4605 1325 4680 excogitabilis
1348 4607 1648 4665 conversio
1675 4607 1847 4665 habi-

486 4685 680 4751 tualis,
729 4685 844 4741 nisi
866 4685 959 4742 vel
1001 4685 1291 4754 radicalis,
1340 4689 1397 4742 et
1434 4686 1516 4744 sic
1540 4691 1626 4743 est
1657 4686 1849 4760 gratia

482 4764 850 4822 sanctificans
879 4789 895 4833 2
942 4767 1037 4824 vel
1066 4767 1351 4839 proxima,
1380 4772 1437 4823 et
1461 4766 1542 4823 sic
1572 4773 1655 4825 est
1676 4766 1847 4823 habi-

486 4852 580 4904 tus
622 4847 922 4905 charitatis
948 4869 961 4905 :
1023 4854 1230 4906 neutra
1272 4855 1461 4904 autem
1516 4847 1849 4922 producitur

486 4942 592 5002 per
614 4933 802 4984 actum
832 4927 1066 4996 amoris,
1110 4928 1209 4986 sed
1238 4945 1271 4985 a
1290 4928 1414 4985 solo
1449 4930 1560 4986 Deo
1580 4928 1848 4986 infundi-

486 5014 602 5075 tur,
636 5013 700 5064 ut
718 5015 937 5066 constat
952 5025 1028 5066 ex
1067 5008 1322 5067 Concilio
1343 5008 1603 5066 Trident.
1632 5027 1759 5066 sess.
1785 5011 1841 5076 6,

1431 391 1523 445 DE
1561 389 2151 444 JUSTIFICATIONE
2188 391 2392 447 1MP11.

1997 578 2046 618 c.
2070 563 2126 618 7.
2160 561 2549 633 Praeterquam
2588 559 2737 633 quod
2759 561 2922 635 juxta
2960 560 3108 615 hanc
3129 558 3357 616 evasio-
3380 567 3547 625 cononi.

1999 657 2155 708 nem,
2200 642 2321 715 jam
2351 642 2539 698 forma
2587 642 2846 715 positive,
2878 646 2936 699 et
2981 617 3572 696 hwitanum-rudens

1997 722 2382 780 denominans
2427 722 2665 796 Justum‚
2716 738 2833 781 non
2898 727 2981 779 est
3026 720 3354 778 formaliter

1996 808 2153 860 actus
2193 802 2431 868 amoris,
2463 803 2556 859 vel
2584 802 2991 867 contritionis;
3039 799 3241 857 sedest
3260 801 3355 858 vel

1994 883 2180 959 gratia
2201 881 2535 949 habitualis,
2559 883 2653 939 vel
2680 883 2910 939 habitus
2927 879 3352 952 charitatis,qui

1997 981 2031 1022 a
2077 963 2342 1038 praedicto
2404 970 2528 1021 actu
2590 965 2824 1022 realiter
2868 963 3352 1038 distinguuntur3

1994 1050 2116 1104 esto
2138 1061 2240 1119 per
2259 1045 2429 1102 illum
2460 1044 2933 1119 producerentur,
2961 1051 3017 1102 et
3058 1044 3354 1117 relinque-

1997 1130 2198 1184 rentur
2221 1130 2345 1199 post
2370 1124 2560 1182 illum.

2069 1207 2458 1265 confirmatur
2496 1206 2786 1265 secundo:
2829 1223 2946 1264 non
2968 1206 3097 1265 ideo
3143 1206 3353 1280 aliquis
3371 1220 3551 1265 setem-
3638 1224 3647 1287 4

3366 1276 3436 1314 tur
3449 1272 3556 1316 ulte·
3644 1300 3647 1309 γ

1993 1296 2079 1348 est
2118 1289 2443 1347 formaliter
2463 1290 2668 1364 justus,
2698 1291 2833 1363 quia
2860 1292 3013 1365 juste
3034 1294 3349 1363 operatur;
3413 1320 3523 1365 rim.

1991 1372 2090 1429 sed
2109 1373 2293 1446 potius
2315 1370 2442 1429 ideo
2457 1372 2608 1446 juste
2648 1379 2932 1445 operatur,
2957 1374 3093 1447 quia
3119 1378 3204 1429 est
3230 1372 3354 1429 for-

1993 1452 2226 1509 maliter
2274 1453 2500 1527 justus,
2531 1452 2761 1525 operari
2804 1453 3058 1511 enimin
3097 1452 3354 1525 quolibet

1992 1534 2199 1592 ordine
2217 1534 2489 1607 supponit
2514 1549 2656 1599 esse,
2687 1540 2743 1592 et
2771 1535 2833 1591 in
2859 1551 2927 1592 eo
2955 1534 3252 1599 fundatur,
3285 1538 3348 1590 ut

1991 1615 2195 1674 docent
2238 1615 2621 1672 communiter
2675 1616 3027 1690 Philosophi¹
3071 1622 3128 1673 et
3178 1616 3352 1672 latius

1990 1695 2379 1769 expendemus
2399 1698 2703 1770 §sequenti
2721 1720 2735 1754 z
2755 1698 2910 1772 atqui
2934 1705 3088 1756 actus
3109 1697 3349 1762 amoris,

1991 1781 2083 1837 vel
2110 1780 2475 1837 contritionis
2496 1780 2752 1853 operatio
2777 1780 3036 1853 quaedam
3063 1785 3166 1846 est,
3194 1786 3254 1836 ut
3279 1794 3351 1836 ex

1988 1879 2051 1921 se
2077 1858 2253 1936 liquet
2279 1884 2292 1919 ε
2346 1879 2484 1938 ergo
2511 1879 2582 1919 ex
2609 1870 2818 1920 natura
2854 1880 2958 1919 sua
2980 1878 3099 1919 non
3132 1861 3352 1918 consti-

1988 1945 2100 2001 tuit
2122 1943 2448 2002 formaliter
2456 1943 2801 2018 Justum‚sed
2817 1944 3037 2019 justum
3053 1944 3345 2017 supponit.

1989 2025 2097 2091 Qui
2131 2025 2418 2082 discursus
2466 2027 2717 2082 sumitur
2737 2042 2807 2084 ex
2833 2027 3261 2101 D.August.1ib.
3296 2028 3336 2082 i.
3384 2033 3557 2086 naug.

1987 2112 2179 2161 contra
2222 2106 2364 2161 duas
2400 2108 2612 2180 epistol.
2659 2106 2948 2177 Pelayian.
2999 2125 3118 2181 cap.
3149 2108 3185 2163 2
3231 2105 3335 2161 ”21

1988 2186 2116 2243 ait:
2170 2210 2196 2240 α
2250 2191 2377 2246 Νοη
2423 2190 2632 2245 vivunt
2685 2189 2950 2246 homines
2986 2188 3101 2245 .be··
3129 2236 3139 2245 ,
3167 2231 3181 2253 .
3227 2188 3344 2245 nisi

1994 2288 2021 2319 α
2064 2267 2223 2340 prius
2271 2267 2453 2325 effecti
2493 2268 2612 2325 sint
2650 2267 2760 2324 filii
2788 2270 2908 2326 Dei.
2946 2291 2971 2320 n
3027 2272 3094 2325 εἰ
3129 2269 3338 2327 Psalm.

1996 2348 2118 2414 110,
2143 2346 2332 2419 inquit
2357 2369 2370 2403 :
2407 2369 2433 2403 α
2468 2348 2760 2404 Justitiam
2788 2349 2962 2405 homo
2983 2365 3101 2406 non
3128 2364 3337 2422 opera-

1993 2449 2020 2480 α
2062 2434 2176 2491 tur,
2209 2428 2322 2483 nisi
2362 2427 2723 2502 iustificatuS.
2770 2451 2799 2503 n⁴
2849 2430 2916 2483 Et
2955 2430 3159 2500 psalm.
3217 2429 3340 2491 118.

1985 2510 2228 2563 concion.
2260 2509 2351 2574 26,
2391 2523 2685 2579 exponens
2733 2508 2835 2564 illa
2872 2500 3046 2564 verba
3080 2529 3093 2563 ε
3136 2529 3162 2561 α
3205 2507 3334 2565 Feci

1992 2611 2019 2642 α
2054 2588 2356 2662 Judicium,
2381 2595 2437 2646 et
2476 2589 2781 2663 justitiam,
2815 2591 3044 2665 inquit:
3092 2589 3336 2645 Justitiae

1990 2691 2017 2722 α
2061 2668 2298 2725 nomine
2339 2669 2444 2726 hoc
2484 2670 2623 2726 loco·
2657 2682 2774 2725 non
2820 2668 2944 2742 ipsa
2990 2669 3196 2734 virtus,
3242 2669 3344 2727 sed

1991 2770 2018 2801 α
2056 2764 2200 2821 opus
2224 2748 2346 2821 ejus
2366 2748 2749 2823 significatum
2774 2755 2875 2806 est.
2903 2747 3040 2814 Quis
3065 2751 3225 2807 enim
3254 2751 3344 2807 fe-

1990 2852 2017 2885 «
2057 2832 2134 2889 cit
2153 2831 2217 2887 in
2235 2831 2470 2889 homine
2491 2830 2795 2904 justitiam,
2823 2831 2935 2888 nisi
2956 2831 3054 2906 qui
3072 2830 3345 2907 justificat

1989 2934 2016 2964 α
2054 2911 2300 2985 impium
2330 2914 2358 2967 '1²
2384 2911 2489 2968 hoc
2514 2917 2616 2974 est.
2652 2929 2753 2985 per
2777 2913 3024 2986 gratiam
3052 2929 3123 2970 ex
3147 2914 3325 2987 impio

1987 3014 2014 3045 α
2059 2994 2191 3050 facit
2207 2993 2446 3067 justum.
2494 2994 2648 3048 Facit
2673 3008 2810 3068 ergo
2850 2994 3156 3068 justitiam,
3189 2994 3342 3052 idest

1990 3095 2015 3127 α
2055 3072 2455 3148 opusjustitiae,
2476 3074 2572 3144 qui
2605 3072 2771 3130 habet
2801 3074 2861 3130 iu
2888 3091 2949 3132 se
2965 3075 3272 3148 justitiam.
3310 3098 3337 3128 »ι

1983 3157 2096 3211 Nec
2120 3170 2260 3227 opus
2278 3159 2361 3210 est
2387 3152 2450 3208 in
2469 3151 2865 3211 confirmanda
2888 3156 2993 3212 hac
3020 3156 3335 3216 assertione

1982 3234 2233 3306 amplius
2254 3233 2558 3289 immorari
2576 3255 2590 3299 3
2606 3248 2742 3289 nam
2765 3250 2796 3290 a
2816 3234 3040 3291 fortiori
3051 3234 3335 3293 constabit

1981 3332 2053 3374 ex
2082 3314 2417 3372 immediate
2437 3312 2712 3371 dicendis.

2577 3505 2607 3572 g
2652 3503 2744 3557 111.

1989 3651 2080 3709 011
2086 3654 2198 3706 ima
2210 3649 2485 3706 conclusio
2500 3649 2768 3704 resolvens
2785 3650 3013 3705 dubium
3022 3669 3117 3723 por
3137 3669 3339 3724 respec-

2147 3732 2268 3780 tum
2291 3722 2368 3778 ad
2391 3725 2695 3796 potentiam
2725 3725 2828 3779 Dei
2846 3724 3171 3780 absolutam.

2056 3873 2154 3927 61.
2198 3869 2515 3927 Dicendum
2548 3877 2634 3927 est
2671 3872 2860 3936 tertio,
2906 3859 3094 3928 actum
3115 3871 3337 3928 contri·
3352 3879 3526 3972 0332

1970 3931 2174 4016 'tionis,
2220 3950 2313 4008 vel
2340 3952 2556 4008 amoris
2604 3967 2720 4007 non
2750 3966 2909 4024 posse
2933 3966 3055 4007 esse
3083 3951 3333 4009 formam
3402 3979 3484 4021 ξω,

1978 4030 2426 4088 sanctificantem
2458 4031 2642 4088 adhuc
2661 4030 2732 4087 de
2760 4032 3013 4103 potentia
3054 4031 3152 4088 Dei
3176 4030 3337 4088 abso·

1979 4114 2117 4172 luta.
2148 4117 2240 4173 Sic
2263 4115 2467 4172 docent
2488 4116 2683 4187 plures
2701 4131 2772 4172 ex
2800 4113 3151 4171 Authoribus
3171 4131 3325 4170 num.

1975 4198 2049 4252 48
2103 4198 2320 4266 relatis,
2367 4203 2423 4254 et
2460 4197 2789 4269 specialiter
2829 4199 2904 4253 M.
2945 4199 3194 4254 Joannes
3222 4211 3255 4251 a
3278 4196 3335 4251 S.
3365 4200 3531 4243 souma

1976 4277 2198 4335 Thoma
2220 4280 2280 4333 in
2298 4279 2554 4352 prasenti
2601 4279 2745 4352 disp.
2773 4280 2867 4343 27,
2910 4285 3020 4334 art.
3062 4279 3107 4345 l,
3164 4279 3195 4346 ξ
3240 4249 3537 4342 Eaeffifffflss

1976 4360 2080 4416 hac
2105 4359 2336 4426 ratione,
2367 4364 2425 4415 et
2450 4358 2806 4415 Montesinos
2847 4359 2989 4431 disp.
3020 4359 3113 4425 33,
3138 4364 3248 4413 art.
3279 4357 3335 4421 2,

1978 4445 2009 4512 ς
2035 4443 2090 4509 5,
2120 4460 2273 4498 num.
2329 4441 2448 4497 ΗΟ.
2496 4437 2777 4496 Probatur
2804 4440 2995 4513 primo
3021 4461 3034 4495 :
3063 4437 3339 4512 quoniam

1980 4527 2135 4580 actus
2186 4520 2571 4581 contritionis.
2622 4522 2717 4578 vel
2769 4521 2985 4578 amoris
3030 4536 3101 4577 ex
3130 4526 3339 4577 natura

1978 4620 2083 4661 sua
2103 4619 2220 4661 non
2246 4603 2533 4660 estforma
2552 4601 2871 4675 justificans
2904 4618 3073 4676 :ergo
3097 4617 3200 4658 nec
3227 4615 3329 4674 per

1980 4683 2243 4740 divinam
2266 4682 2580 4757 potentiam
2604 4687 2784 4755 potest
2812 4681 3136 4739 formaliter
3155 4680 3332 4756 justi-

1978 4764 2171 4824 ficare.
2202 4763 2555 4844 Antecedens
2568 4770 2786 4821 constat
2806 4780 2878 4820 ex
2891 4764 3059 4821 dictis
3069 4768 3100 4835 ς
3111 4761 3335 4838 pracati.

1980 4844 2398 4917 Consequentia
2447 4859 2586 4900 vero
2646 4843 2921 4916 probatur
2946 4867 2959 4900 ε
3019 4851 3146 4900 tum
3196 4841 3333 4917 quia
3379 4845 3513 4890 8³ss⁰-

1979 4926 2168 4984 forma
2194 4931 2391 4983 causat
2413 4941 2581 4982 suum
2603 4924 2868 4982 effectum
2899 4925 3206 4982 formalem
3238 4939 3338 4998 per

1978 5005 2400 5065 exhibitionem
2429 5007 2675 5080 proprias
2700 5006 2957 5063 entitatis
2984 5027 2997 5061 ε
3031 5022 3166 5081 ergo
3191 5008 3243 5063 si
3268 5022 3339 5064 ex

3280 5104 3336 5143 vi
