3647 5753
262 646 453 691 Robora-

287 700 355 738 ῑυῐ
363 707 447 741 am·

285 745 415 797 plius.

226 3820 285 3864 D.
299 3821 426 3871 Tuo..

482 315 597 370 614

477 485 855 542 extrinsecam
917 487 1018 544 Dei
1065 486 1492 544 ordinationem
1544 484 1849 558 disponere

478 566 778 624 hominem
802 565 871 622 ad
894 567 1198 642 justitiam.

560 647 680 703 113.
712 646 1103 705 confirmatur
1135 646 1405 714 secund0,
1448 650 1504 705 et
1528 645 1849 719 explicatur

476 728 727 800 amplius
761 749 774 783 ε
803 730 1079 801 quoniam
1104 730 1207 786 illa
1229 728 1526 802 dispositio
1552 732 1637 785 est
1662 726 1849 799 dispo·

471 809 605 867 sitio
634 809 880 884 physica,
912 827 1037 883 quae
1061 828 1133 869 ex
1156 817 1363 867 natura
1403 826 1505 867 sua
1534 814 1759 882 praestat
1779 823 1846 865 ea

473 906 741 958 munera,
774 908 897 964 quae
922 898 1058 949 sunt
1092 893 1324 967 propria
1347 890 1757 964 dispositionis,
1787 893 1847 944 ut

468 971 762 1029 inductive
785 980 964 1047 potest
990 974 1213 1032 ostendi
1255 975 1319 1030 in
1345 973 1616 1031 omnibus
1644 971 1845 1047 physi-

462 1054 546 1111 cis
572 1054 1076 1129 dispositionibus;
1109 1058 1189 1114 ita
1211 1055 1422 1129 quippe
1451 1056 1838 1129 appellantur,

462 1135 605 1207 quia
644 1152 715 1193 ex
743 1143 949 1194 natura
976 1153 1076 1193 sua
1105 1137 1416 1209 disponunt
1444 1135 1514 1193 ad
1543 1136 1793 1193 formam
1828 1155 1841 1190 ε

470 1214 627 1288 atqui
665 1223 821 1273 actus
861 1218 1346 1290 supernaturales,
1378 1215 1584 1290 quibus
1625 1215 1844 1286 impius

470 1295 799 1370 disponitur
826 1299 897 1356 ad
933 1300 1238 1373 justitiam,
1266 1302 1591 1372 praeparant
1623 1313 1694 1354 ex
1734 1312 1843 1352 na-

463 1383 598 1436 tura
645 1397 749 1437 sua
798 1380 868 1436 ad
915 1382 1162 1456 gratiam
1201 1379 1614 1455 justificantem
1664 1398 1678 1434 ε
1706 1394 1843 1452 ergo

463 1460 721 1533 praedicti
773 1468 928 1518 actus
973 1467 1108 1519 sunt
1140 1461 1544 1536 dispositiones
1573 1461 1837 1535 physicae.

462 1541 748 1599 Probatur
794 1543 1007 1610 minor,
1039 1543 1176 1616 quia
1215 1543 1287 1601 ad
1330 1558 1579 1600 munera
1608 1541 1843 1614 propria

451 1625 853 1698 dispositionis
878 1627 1141 1699 pertinet,
1176 1626 1327 1700 quod
1354 1627 1430 1683 sit
1455 1624 1712 1700 ejusdem
1742 1641 1842 1682 or-

452 1707 619 1763 dinis
664 1724 795 1763 cum
843 1708 1050 1775 forma,
1077 1708 1225 1782 quod
1273 1706 1589 1782 subjectum
1631 1706 1843 1764 intrin-

451 1802 584 1844 sece
605 1787 830 1855 afficiat,
863 1788 1013 1861 quod
1056 1787 1204 1844 illud
1229 1793 1508 1862 expurget
1535 1804 1567 1844 a
1593 1786 1842 1860 disposi-

455 1867 714 1925 tionibus
729 1871 1055 1938 contrariis,
1084 1868 1296 1943 etquod
1314 1869 1460 1925 illud
1471 1868 1835 1937 determinet,

452 1951 518 2003 et
562 1949 754 2005 trahat
777 1947 846 2006 ad
870 1951 1118 2007 formam
1149 1947 1284 2006 :sed
1307 1956 1463 2006 actus
1489 1948 1696 2022 quibus
1723 1949 1840 2005 im-

460 2026 592 2099 pius
620 2029 948 2103 disponitur
976 2029 1048 2087 ad
1078 2029 1386 2103 justitiam,
1417 2036 1552 2086 sunt
1584 2028 1838 2104 ejusdem

456 2108 683 2165 ordinis
710 2126 840 2167 cum
878 2111 1066 2185 gratia
1092 2108 1483 2167 sanctificante
1495 2133 1511 2176 ;
1553 2108 1838 2182 siquidem

462 2190 755 2260 pertinent
782 2191 1093 2248 intrinsece
1109 2189 1180 2247 ad
1200 2188 1468 2247 ordinem
1490 2196 1839 2263 supernatu-

460 2270 662 2336 ralem,
696 2270 952 2327 afficiunt
977 2271 1152 2328 etiam
1183 2269 1499 2325 intrinsece
1520 2269 1838 2344 subJ'ectum

456 2358 521 2412 in
570 2366 681 2421 quo
746 2352 932 2425 gratia
978 2356 1063 2408 est
1110 2348 1474 2423 recipienda;
1516 2354 1838 2424 expurgant

454 2430 663 2487 deinde
708 2433 968 2489 animam
1017 2450 1051 2490 a
1095 2430 1568 2505 dispositionibus
1604 2439 1836 2490 contra-

456 2513 580 2579 riis,
611 2515 810 2586 quales
855 2518 991 2569 sunt
1031 2521 1185 2571 actus
1229 2513 1458 2580 vitiosi;
1501 2519 1556 2570 et
1601 2515 1835 2573 tandem

454 2596 742 2652 inclinant
770 2595 1032 2651 animam
1070 2596 1140 2653 ad
1168 2594 1487 2654 ineundam
1518 2596 1835 2654 amioitiam

451 2691 583 2732 cum
611 2678 745 2742 Deo,
772 2675 1056 2748 siquidem
1084 2677 1257 2735 homo
1293 2693 1393 2750 per
1417 2677 1716 2751 praedictos
1738 2695 1835 2735 ac-

453 2761 543 2812 tus
567 2755 636 2812 ad
679 2757 832 2812 hunc
852 2755 1031 2812 finem
1073 2764 1337 2815 movetur
1371 2780 1385 2815 ε
1413 2764 1469 2816 et
1491 2760 1607 2816 haec
1634 2759 1836 2817 omnia

451 2837 810 2894 conveniunt
850 2837 1183 2911 hujusmodi
1213 2839 1430 2897 actibus
1470 2855 1542 2898 ex
1579 2855 1684 2897 sua
1725 2856 1835 2898 na-

450 2923 599 2989 tura,
632 2925 688 2976 et
734 2919 956 2977 ratione
1004 2920 1443 2992 praedicatorum
1485 2922 1834 2982 intrinseco-

452 3016 584 3058 rum
612 3020 625 3055 ε
654 3015 789 3075 ergo
817 3005 989 3066 actus,
1035 3000 1242 3073 quibus
1269 3002 1486 3076 impius
1519 3003 1589 3060 ad
1611 3003 1831 3076 justifl-

449 3081 732 3138 cationem
768 3086 1143 3154 praeparatur,
1192 3087 1466 3153 praestant
1505 3099 1575 3140 ex
1623 3091 1831 3142 natura

446 3178 550 3219 sua
577 3177 824 3218 munera
852 3162 973 3229 illa,
1006 3178 1132 3234 quae
1154 3169 1290 3219 sunt
1318 3163 1553 3236 propria
1580 3162 1828 3237 disposi-

446 3242 641 3299 tionis,
669 3242 1005 3298 Praesertim
1033 3244 1170 3315 quia
1197 3244 1370 3301 homo
1399 3260 1500 3316 per
1541 3244 1643 3301 hos
1671 3252 1827 3303 actus

445 3322 793 3396 disponitur,
826 3328 1108 3396 quatenus
1135 3341 1237 3398 per
1264 3326 1539 3383 timorem
1562 3342 1619 3382 v.
1643 3342 1697 3400 g.
1730 3343 1827 3385 re-

444 3403 700 3459 trahitur
722 3420 754 3460 a
778 3408 1018 3477 peccato,
1047 3420 1147 3477 per
1169 3420 1330 3477 spem
1359 3405 1602 3460 assumit
1625 3423 1828 3480 propo-

443 3485 618 3540 situm
647 3476 997 3542 emenda‘ndi
1022 3485 1226 3550 vitam,
1253 3500 1355 3556 per
1400 3500 1658 3542 amorem
1684 3488 1823 3544 cha-

445 3567 635 3624 ritatis
662 3568 848 3625 fertur
876 3569 939 3624 in
967 3568 1168 3633 Deum,
1200 3572 1253 3623 et
1293 3566 1374 3622 sic
1414 3566 1484 3624 de
1522 3568 1694 3627 aliis:
1723 3571 1821 3643 qui

442 3647 671 3703 effectus
736 3649 1090 3706 conveniunt
1144 3647 1436 3719 praedictis
1487 3648 1707 3705 actibus
1751 3651 1822 3708 ab

444 3728 779 3797 intrinseco,
829 3735 886 3785 et
911 3745 981 3786 ex
1009 3732 1219 3785 natura
1247 3728 1353 3797 rei,
1381 3734 1444 3784 ut
1488 3730 1627 3786 satis
1651 3748 1722 3789 ex
1760 3748 1823 3790 se

445 3808 642 3881 liquet.
663 3812 784 3875 Quo
821 3809 1070 3883 respexit
1092 3810 1159 3864 D.
1176 3809 1384 3865 Thom.
1403 3811 1441 3865 3
1456 3819 1608 3883 part.
1634 3821 1815 3889 quaest.

442 3891 533 3956 85,
569 3897 674 3946 art.
709 3892 764 3956 5,
797 3906 926 3945 cum
950 3888 1217 3946 ordinem
1248 3894 1477 3947 actuum
1505 3889 1834 3964 disponen-·

441 3971 589 4026 tium
628 3968 699 4025 ad
738 3969 1026 4042 justitiam
1071 3967 1388 4042 descripsit,
1440 3969 1531 4026 his
1579 3970 1816 4029 verbis:

446 4073 471 4103 α
503 4054 583 4108 De
606 4050 943 4123 poenitentia
971 4050 1128 4122 loqui
1156 4065 1459 4122 possumus
1485 4050 1811 4124 dupliciter.

441 4154 468 4187 α
502 4134 631 4189 Uno
680 4131 849 4189 modo
893 4138 1175 4206 quantum
1217 4132 1287 4188 ad
1329 4133 1610 4189 habitum.
1642 4136 1710 4189 Et
1736 4135 1818 4190 sic

440 4235 466 4266 a
498 4211 834 4270 immediate
880 4229 908 4269 a
952 4216 1067 4271 Deo
1108 4212 1443 4270 infunditur
1481 4214 1609 4273 sine
1649 4213 1816 4271 nobis

439 4316 467 4348 α
498 4292 1303 4367 principaliteroperantibus,
1325 4309 1443 4350 non
1473 4297 1666 4351 tamen
1687 4296 1814 4353 sine

438 4397 465 4429 α
496 4374 663 4433 nobis
708 4374 1042 4447 dispositive
1086 4372 1521 4447 cooperantibus
1569 4392 1670 4448 per
1699 4378 1813 4433 ali-

437 4478 464 4509 α
494 4471 635 4529 quos
663 4460 837 4512 actus,
864 4457 994 4512 Alio
1022 4454 1193 4512 modo
1217 4470 1518 4528 possumus
1559 4457 1714 4530 loqui
1743 4459 1813 4516 de

438 4562 463 4592 α
495 4538 832 4612 poenitentia
858 4541 1137 4611 quantum
1166 4537 1236 4595 ad
1259 4542 1433 4606 actus,
1466 4538 1675 4611 quibus
1697 4545 1811 4600 Deo

435 4643 461 4673 α
491 4620 752 4693 operanti
784 4620 847 4675 in
870 4620 1207 4692 poenitentia
1233 4635 1630 4692 cooperamur.
1655 4624 1810 4687 Quo-

436 4724 462 4756 «
496 4717 630 4758 rum
653 4705 881 4756 actuum
913 4700 1171 4772 primum
1200 4699 1554 4773 principium
1583 4707 1665 4757 est
1708 4703 1808 4759 Dei

432 4805 460 4836 α
489 4781 747 4856 operatio
769 4781 1155 4837 convertentis
1174 4797 1290 4849 cor,
1317 4780 1632 4838 secundum
1661 4783 1805 4840 illud

432 4886 458 4918 α
491 4865 706 4921 Thren.
736 4864 839 4919 ult.
868 4864 1149 4920 Converte
1177 4879 1282 4920 nos
1304 4862 1547 4920 Domine
1565 4862 1635 4920 ad
1658 4868 1731 4931 te,
1750 4870 1808 4921 et

428 4968 455 4999 α
487 4952 914 5005 convertemur.
962 4944 1255 5003 Secundus
1294 4952 1448 5003 actus
1486 4952 1570 5003 est
1615 4954 1803 5006 motus

1146 316 1239 371 DE
1280 312 1890 369 DISPOSITIONIBUS
1929 312 2026 366 AD
2063 311 2095 365 J
2104 311 2730 367 USTIFICATIONEM.

1986 503 2012 535 α
2044 480 2199 538 fidei.
2233 482 2471 538 Tertius·
2504 488 2588 539 est
2617 488 2803 540 motus
2833 482 3061 539 timoris
3098 480 3356 546 servilis,

1988 582 2015 614 α
2044 578 2156 635 quo
2198 562 2326 634 quis
2367 563 2577 620 timore
2610 564 3027 638 suppliciorum
3056 578 3089 618 a
3116 562 3361 634 peccatis

1988 665 2014 698 α
2046 643 2381 700 retrahitur.
2411 646 2660 709 Quartus
2700 651 2855 702 actus
2881 650 2964 701 est
2993 649 3180 701 motus
3209 643 3353 717 spei,

1986 745 2011 777 α
2042 741 2154 797 quo
2192 725 2322 798 quis
2360 726 2466 781 sub
2493 743 2592 799 spe
2618 728 2804 784 veniae
2825 724 3234 800 consequendae
3262 741 3358 781 as-

1987 828 2012 860 «
2042 808 2221 863 sumit
2281 808 2636 881 propositum
2683 808 3053 866 emendandi.
3110 809 3360 873 Quintus

1987 908 2013 940 κ
2040 892 2196 943 actus
2219 893 2304 943 est
2331 892 2520 944 motus
2548 888 2867 956 charitatis,
2899 906 3010 962 quo
3032 888 3203 945 alicui
3229 904 3360 961 pec-

1985 986 2012 1020 «
2041 971 2229 1022 catum
2248 964 2510 1039 displicet
2530 967 2844 1023 secundum
2869 969 3142 1041 seipsum,
3161 972 3218 1023 et
3240 982 3359 1024 non

1985 1068 2010 1099 α
2033 1046 2155 1120 jam
2199 1053 2429 1119 propter
2467 1048 2769 1119 supplicia.
2824 1050 3025 1105 Sextus
3066 1054 3221 1104 actus
3273 1053 3361 1103 est

1982 1146 2008 1179 «t
2040 1132 2226 1182 motus
2267 1127 2494 1183 timoris
2526 1126 2742 1194 filialis,
2775 1144 2886 1201 quo
2931 1135 3161 1200 propter
3190 1143 3358 1184 reve-

1982 1225 2007 1256 «
2041 1206 2288 1262 rentiam
2319 1207 2419 1263 Dei
2448 1208 2657 1280 aliquis
2678 1207 2984 1264 emendam
3010 1210 3122 1263 Deo
3145 1206 3353 1264 voiun-

1950 1306 2008 1346 ,α
2037 1286 2219 1341 tarius
2258 1286 2443 1344 offert.
2476 1288 2566 1343 Sic
2593 1289 2768 1361 igitur
2800 1294 2969 1359 patet,
3004 1285 3152 1361 quod
3197 1292 3354 1344 actus

1981 1388 2007 1418 α
2042 1367 2391 1439 poenitentiae
2421 1384 2451 1424 a
2475 1369 2682 1426 timore
2702 1368 2903 1425 servili
2930 1367 3178 1441 procedit
3207 1369 3354 1425 sicut

1982 1467 2007 1500 α
2039 1463 2073 1503 a
2102 1448 2291 1520 primo
2319 1453 2479 1505 motu
2504 1448 2735 1506 affectus
2764 1448 2833 1505 ad
2858 1449 2960 1504 hoc
2986 1448 3291 1516 ordinat03
3323 1464 3357 1505 a

1983 1549 2009 1581 α
2039 1529 2250 1586 timore
2279 1534 2470 1585 autem
2501 1526 2693 1596 filiali,
2721 1531 2865 1585 sicut
2902 1529 2972 1585 ab
3001 1528 3356 1595 immediato,

1982 1628 2007 1659 α
2037 1613 2091 1663 et
2122 1607 2387 1678 proximo
2434 1607 2740 1682 principi0.
2769 1630 2795 1660 ι)
2844 1611 2947 1666 Hic
2987 1614 3180 1665 autem
3219 1608 3360 1666 ordo

1976 1686 2334 1744 fundaturin
2359 1695 2584 1757 natura,
2611 1696 2667 1745 et
2687 1689 3016 1747 conditione
3044 1689 3358 1746 intrinseca

1976 1767 2380 1840 praedictorum
2423 1776 2673 1834 actuum,
2714 1776 2996 1842 quatenus
3037 1769 3103 1826 ad
3136 1769 3356 1842 perseo-

1974 1848 2092 1905 tam
2128 1850 2414 1923 justitiam
2461 1851 2809 1923 disponunt;
2861 1852 3074 1924 alioqui
3123 1853 3353 1910 nullum

1975 1927 2419 1988 fundamentum
2468 1931 2760 1989 habuisset
2807 1935 2870 1989 D.
2902 1934 3106 1989 Thom.
3146 1932 3217 1990 ad
3255 1949 3353 1990 eos

1973 2009 2054 2068 ita
2079 2010 2554 2071 coordinandum.
2578 2016 2645 2069 Et
2666 2013 2911 2071 eundem
2936 2015 3055 2072 fere
3081 2015 3346 2072 ordinem

1973 2091 2127 2149 inter
2154 2092 2558 2166 dispositiones
2587 2095 2657 2152 ad
2685 2096 2932 2170 gratiam
2975 2097 3172 2152 statuit
3198 2100 3351 2155 Con-

1972 2173 2173 2229 cilium
2201 2174 2460 2233 Triderit.
2492 2195 2620 2234 sess,
2651 2179 2707 2245 6,
2735 2180 2831 2234 cit.
2861 2196 2980 2251 cap.
3012 2181 3067 2235 6.

2049 2251 2439 2311 confirmatur
2469 2257 2694 2327 ultimo,
2725 2257 2861 2330 quia
2902 2259 2964 2314 in
3004 2264 3355 2330 supernatu-
3370 2256 3563 2352 ὧῗὲῇᾞ

1974 2332 2193 2390 ratibus
2233 2334 2381 2391 illud
2430 2353 2687 2395 asserere
2714 2345 2953 2411 oportet,
2992 2338 3140 2411 quod
3168 2355 3356 2414 magis

1969 2417 2234 2491 congruit
2304 2419 2531 2474 naturis
2583 2435 2800 2486 rerum,
2859 2421 2971 2476 nisi
3026 2420 3354 2492 oppositum

1969 2501 2185 2553 constet
2211 2512 2282 2553 ex
2324 2499 2675 2557 revelatione
2700 2499 2920 2567 divina,
2949 2503 3041 2558 vel
3071 2500 3353 2558 manifes-

1969 2580 2086 2633 tata
2114 2579 2174 2633 in
2197 2595 2356 2636 sacra
2377 2581 2687 2654 Scriptura,
2705 2582 2795 2637 vel
2812 2584 3090 2655 explicata
3115 2584 3177 2639 in
3198 2583 3354 2640 diffi-

1970 2662 2293 2720 nitionibus
2321 2664 2580 2720 Ecclesiae
2605 2687 2619 2720 ε
2647 2665 2745 2721 sed
2768 2665 2915 2737 quod
2936 2665 3123 2739 gratia
3154 2665 3352 2722 infun-

1968 2742 2139 2801 datur
2165 2745 2359 2802 adulto
2404 2744 2793 2818 dependenter
2840 2746 2909 2802 ab
2945 2748 3068 2820 ejus
3108 2746 3346 2815 actibuS,

1967 2832 2240 2902 tanquam
2287 2844 2321 2885 a
2360 2827 2832 2901 dispositionibus
2860 2829 3131 2903 physicis,
3166 2832 3352 2907 magis

1963 2910 2227 2984 congruit
2255 2911 2479 2966 naturis
2507 2927 2702 2968 rerum
2726 2935 2740 2978 ;
2771 2916 2826 2969 et
2854 2908 3091 2969 aliunde
3113 2915 3350 2987 opposi-

1967 2995 2088 3045 tum
2132 3006 2249 3048 non
2288 2996 2509 3047 constat
2546 3008 2619 3049 ex
2664 2992 2866 3049 divina
2922 2994 3279 3052 revelatione
3332 3017 3347 3052 :

1962 3086 2098 3144 ergo
2124 3069 2498 3129 asserendum
2545 3079 2648 3141 est,
2684 3074 2984 3148 praedictos
3027 3081 3183 3131 actus
3230 3091 3351 3133 esse
3441 3146 3453 3157 ·

1962 3149 2364 3222 dispositiones
2381 3153 2643 3227 physicas
2666 3155 2736 3212 ad
2757 3156 3004 3231 gratiam
3023 3156 3338 3230 justifican-

1962 3236 2077 3287 tem
2107 3229 2389 3290 adultum.
2433 3236 2629 3292 Minor
2655 3238 2840 3310 quoad
2874 3236 3186 3294 secundam
3209 3255 3348 3310 par—

1961 3316 2076 3368 tem
2104 3311 2271 3371 facile
2297 3314 2619 3373 ostenditur
2636 3341 2652 3385 ;
2682 3319 2817 3391 quia
2853 3317 3189 3376 Adversarii
3217 3320 3347 3375 nul·

1961 3394 2084 3449 lum
2107 3393 2374 3463 afferunt,
2408 3414 2510 3455 nec
2552 3399 2760 3457 afferre
2802 3402 3014 3457 valent·
3038 3400 3346 3473 Scripturas

1960 3478 2376 3548 testimonium,
2402 3482 2494 3538 vel
2524 3484 2786 3540 Ecclesiae
2807 3483 3119 3550 decretum,
3140 3483 3204 3539 in
3232 3500 3344 3557 quo

1960 3566 2217 3633 negetur,
2252 3560 2549 3633 praedictos
2591 3569 2746 3620 actus
2791 3580 2912 3622 esse
2942 3564 3343 3637 dispositiones

1959 3641 2219 3717 physicas
2266 3644 2336 3700 ad
2378 3644 2849 3720 justificationem
2893 3645 3070 3703 adulti
3119 3645 3336 3716 impii:

1959 3726 2141 3784 immo
2167 3728 2492 3801 oppositum
2518 3745 2634 3786 non
2660 3729 3020 3786 inefficaciter
3042 3727 3337 3801 colligitur

1957 3822 2026 3863 ex
2085 3807 2340 3865 Concilio
2387 3808 2647 3865 Trident.
2709 3810 2846 3866 locis
2895 3824 3067 3881 supra
3117 3809 3329 3871 citatiS.

1956 3890 2155 3947 Prima
2179 3907 2314 3949 vero
2334 3891 2588 3966 ejusdem
2603 3892 2850 3950 minoris
2873 3908 3003 3964 pars
3024 3891 3330 3951 suadetur:

1954 3975 2074 4027 tum
2105 3974 2239 4044 quia
2263 3988 2461 4029 rerum
2493 3975 2719 4030 naturis
2746 3974 3028 4049 congruit,
3063 3979 3123 4030 ut
3146 3972 3338 4032 forma

1955 4054 2220 4126 perfecta,
2247 4057 2433 4128 qualis
2459 4063 2543 4113 est
2565 4058 2770 4130 gratia,
2801 4056 3005 4113 habeat
3032 4072 3101 4112 ex
3124 4061 3337 4115 natura

1951 4150 2054 4191 sua
2081 4135 2146 4191 in
2169 4138 2403 4209 proprio
2430 4135 2636 4194 ordine
2654 4139 2877 4212 aliquas
2903 4136 3329 4210 dispositiones,

1951 4214 2158 4271 mediis
2178 4217 2753 4288 quibusinfunditur‚
2790 4224 2849 4274 ut
2876 4219 3050 4275 latius
3079 4217 3337 4277 diximus

1949 4301 1980 4368 ἕ
2016 4297 2358 4371 praecedenti
2393 4320 2405 4355 ε
2437 4299 2735 4373 dispositio
2776 4306 2967 4357 autem
3007 4318 3078 4358 ex
3126 4307 3333 4360 natura

1951 4379 2034 4435 rei
2058 4378 2126 4434 ad
2151 4378 2404 4451 aliquam
2430 4381 2699 4448 formam,
2731 4385 2815 4437 est
2855 4380 3154 4454 dispositio
3184 4383 3334 4459 phy-

1947 4460 2082 4527 sica,
2111 4466 2173 4516 ut
2214 4460 2278 4516 in
2308 4461 2515 4520 limine
2558 4462 2720 4519 dubii
2748 4463 3150 4534 explicuimus.
3184 4467 3332 4521 Tum

1946 4543 2141 4608 etiam,
2194 4542 2331 4615 quia
2393 4545 2579 4619 gratia
2637 4544 2951 4601 sanctificat
3004 4544 3334 4605 formaliter

1947 4625 2197 4700 physice,
2224 4625 2330 4682 hoc
2350 4633 2451 4693 est,
2474 4644 2556 4684 ex
2584 4633 2795 4684 natura
2825 4645 2946 4694 sua,
2974 4634 3030 4685 et
3058 4629 3334 4702 indepen-

1945 4705 2145 4763 denter
2168 4722 2200 4762 a
2229 4721 2378 4763 nova
2397 4707 2494 4764 Dei
2524 4708 2896 4766 ordinatione
2923 4709 3035 4765 sibi
3065 4711 3334 4769 acciden-

1945 4787 2137 4843 taliter
2191 4788 2658 4859 superveniente‚
2712 4794 2773 4844 ut
2833 4790 3142 4846 statuimus
3180 4791 3328 4866 disp.

1934 4869 2275 4940 praecedenti,
2301 4868 2427 4926 dub.
2457 4873 2474 4926 l
2502 4895 2516 4939 3
2542 4887 2677 4947 ergo
2705 4872 2888 4946 magis
2916 4873 3181 4947 congruit
3200 4890 3331 4949 gra-

1941 4949 2052 5017 tiae,
2109 4950 2261 5024 quod
2307 4957 2462 5010 actus
2528 4954 2598 5011 ad
2662 4955 2785 5029 ejus
2838 4954 3330 5015 introductionem

2928 5034 3329 5105 praeparantes

3368 2093 3562 2187 ἓὲἲιῗὲι
