3647 5753
1360 401 1537 458 DISP.
1579 399 1699 468 vn,
1744 401 1909 458 DUB.
1954 405 2050 462 111.
3029 410 3100 462 47

232 602 260 631 κ
305 580 645 637 luntarium
673 581 994 654 assequitur
1019 581 1280 637 divinam
1321 580 1605 637 similitu-

230 682 257 712 α
298 658 514 716 dinem
539 662 602 717 in
625 662 749 727 hoc,
767 661 918 734 quod
942 660 1122 718 libere
1143 662 1288 735 agit;
1311 667 1606 718 ostensum

232 763 258 793 α
298 746 390 798 est
414 742 584 797 enim
615 743 680 798 in
709 744 897 816 primo
944 742 1115 808 libro,
1150 741 1398 798 liberum
1446 739 1609 797 arbi-

232 844 259 874 «
304 822 499 878 trium
523 822 588 879 in
613 825 727 880 Deo
751 839 891 880 esse.
918 827 1046 880 Non
1075 823 1251 897 igitur
1280 838 1380 895 per
1410 821 1610 894 provi-

233 924 261 955 «
303 901 576 961 dentiam
599 903 960 961 subtrahitur
977 905 1290 962 voluntatis
1310 904 1602 961 libertas.»

87 1002 131 1035 va
148 1002 219 1043 np-
306 986 403 1040 68.
439 984 531 1040 Ad
553 987 674 1041 haec
701 986 794 1040 :Si
816 1001 1127 1042 consensus
1152 983 1611 1057 supernaturalis

86 1042 205 1135 ἓξ
230 1064 386 1121 liber
435 1082 560 1123 non
585 1072 933 1141 supponeret
955 1084 1056 1141 per
1082 1083 1161 1133 se,
1194 1072 1248 1124 et
1275 1083 1345 1124 ex
1375 1064 1611 1138 propria

86 1141 185 1235 23¹3}
227 1145 538 1220 exigentia
563 1149 765 1213 Deum,
799 1163 832 1203 a
856 1164 966 1221 quo
996 1147 1215 1220 pendet,
1258 1159 1611 1202 concurren-

87 1240 184 1284 ndo.
233 1231 352 1283 tem
380 1231 563 1293 certe,
592 1226 850 1300 provid0,
883 1234 940 1285 et
969 1226 1238 1301 prudenti
1263 1224 1433 1283 modo
1452 1249 1466 1293 ;
1511 1222 1610 1281 sed

235 1312 448 1379 posset,
490 1315 775 1380 quantum
820 1314 904 1365 est
944 1308 1015 1365 de
1040 1323 1120 1373 se,
1152 1306 1352 1364 eodem
1381 1303 1551 1362 modo
1578 1320 1611 1360 a

233 1390 544 1446 voluntate
565 1396 755 1447 creata
777 1390 1099 1463 procedere,
1127 1390 1258 1447 licet
1280 1391 1428 1445 Deus
1445 1401 1606 1452 caecO,

232 1474 290 1525 et
311 1469 681 1541 imprudenti
705 1469 874 1528 modo
901 1475 1286 1535 concurreret,
1315 1475 1376 1524 ut
1398 1466 1612 1522 Adver-

233 1551 377 1606 sarii
408 1554 741 1617 autumant,
776 1567 892 1608 non
920 1567 1214 1623 possemus
1247 1549 1465 1606 seclusa
1505 1563 1611 1603 au-

235 1630 519 1689 thoritate
545 1649 720 1689 sacrae
765 1632 1089 1704 Scripturae,
1123 1631 1421 1690 ostendere
1455 1629 1610 1685 exis-

236 1714 486 1770 tentiam
517 1714 735 1771 divinae
779 1713 1173 1787 providentiae,
1206 1720 1261 1770 et
1287 1711 1436 1787 quod
1464 1713 1611 1767 Deus

234 1794 304 1851 de
331 1795 561 1851 actibus
589 1796 800 1853 nostris
827 1811 1027 1851 curam
1056 1794 1294 1861 habeat;
1324 1798 1380 1850 et
1410 1807 1610 1849 conse-

235 1883 484 1949 quenter
516 1878 800 1951 Epicurei,
832 1883 888 1933 et
909 1877 1011 1932 alii
1053 1877 1306 1933 Gentiles
1333 1918 1345 1940 ,
1386 1874 1485 1947 qui
1511 1874 1609 1930 Dei

239 1957 673 2030 providentiam
720 1964 947 2032 negant,
991 1962 1048 2013 et
1093 1957 1448 2029 Scripturam
1492 1970 1609 2012 non

236 2045 622 2104 venerantur,
651 2055 766 2095 non
796 2045 1023 2112 possent
1044 2037 1113 2094 de
1134 2054 1235 2094 suo
1262 2052 1459 2095 errore
1481 2051 1611 2093 con·

238 2121 393 2176 vinci
429 2142 442 2176 ε
472 2136 829 2194 consequens
856 2127 941 2177 est
964 2121 1171 2176 falsum
1202 2140 1214 2175 :
1244 2134 1380 2194 ergo
1405 2124 1462 2175 et
1487 2118 1612 2175 doc-

241 2201 415 2267 trina,
442 2217 521 2257 ex
541 2217 653 2273 qua
680 2201 948 2257 infertur.
982 2200 1220 2273 Sequela
1241 2198 1562 2256 ostenditur
1595 2218 1608 2252 z

240 2287 366 2337 tum
411 2285 555 2354 quia
593 2282 721 2339 ideo
769 2298 870 2354 per
909 2281 1139 2339 effectus
1167 2297 1283 2338 non
1313 2295 1611 2353 possumus

239 2362 549 2420 ostendere
575 2364 942 2419 existentiam
988 2362 1365 2418 sanctissimas
1408 2359 1613 2415 Trini-

241 2444 392 2508 tatis,
433 2444 574 2515 quia
602 2444 732 2500 licet
751 2442 822 2499 de
850 2443 1074 2498 ratione
1101 2443 1199 2497 Dei
1230 2442 1291 2497 in
1314 2442 1499 2513 seipso
1538 2439 1613 2494 sit

242 2540 363 2580 esse
393 2526 621 2581 trinum
655 2550 668 2591 ;
721 2524 1106 2581 nihilominus
1133 2524 1282 2580 hanc
1308 2522 1611 2596 perfectio-

245 2619 377 2661 nem
432 2621 557 2663 non
609 2605 888 2677 exprimit
942 2604 1004 2660 in
1060 2604 1282 2661 ratione
1339 2599 1610 2677 principii

243 2691 528 2742 creaturae
556 2707 569 2741 ε
594 2686 712 2742 haec
738 2686 948 2759 quippe
974 2686 1171 2741 eodem
1204 2682 1392 2751 modo,
1423 2697 1610 2756 quan-

247 2772 365 2822 tum
388 2772 476 2823 est
498 2766 572 2823 de
593 2783 671 2834 se,
695 2766 1021 2839 procederet
1042 2783 1075 2822 a
1100 2769 1231 2833 Deo,
1252 2765 1612 2823 etiamsinon

244 2853 386 2903 esset
434 2849 632 2905 trinus
663 2865 682 2903 .·
718 2849 882 2922 juxta
923 2845 1247 2904 doctrinam
1277 2850 1466 2903 autem
1496 2842 1614 2899 Ad-

245 2932 646 2988 versariorum
667 2974 681 2999 ,
713 2944 1021 2985 consensus
1053 2926 1518 3002 supernaturalis
1538 2927 1616 2996 (et

247 3011 444 3068 eadem
475 3013 627 3069 ratio
647 3016 733 3068 est
751 3009 822 3066 de
843 3011 975 3066 aliis
995 3010 1325 3081 effectibus),
1354 3024 1469 3065 non
1494 3024 1616 3080 pos-

248 3093 390 3149 tulat
416 3098 703 3166 quantum
731 3096 816 3150 est
836 3091 905 3148 de
925 3107 1004 3156 se,
1040 3090 1464 3164 providentiam
1489 3088 1611 3153 Dei;

249 3174 343 3232 sed
390 3180 586 3248 posset
631 3172 830 3230 eodem
878 3173 1048 3231 modo
1076 3190 1109 3229 a
1135 3190 1301 3230 causa
1352 3172 1614 3244 proxima

251 3253 581 3326 procedere,
614 3253 839 3309 etiamsi
870 3256 1014 3308 Deus
1053 3268 1196 3309 caeco
1221 3295 1234 3318 ‚
1292 3255 1348 3308 et
1387 3250 1615 3323 impru-

253 3334 408 3392 denti
458 3334 636 3391 modo
661 3339 1049 3390 concurreret.
1078 3335 1226 3388 Tum
1254 3332 1451 3396 etiam,
1483 3329 1616 3402 quia

253 3416 502 3482 effectus,
556 3431 667 3489 quo
714 3414 1078 3486 perfectiores
1122 3420 1274 3478 sunt,
1325 3430 1393 3470 eo
1434 3411 1616 3485 magis

256 3499 494 3572 exigunt
508 3498 607 3553 Dei
621 3493 1065 3568 providentiam,
1083 3495 1358 3567 illamque
1376 3491 1617 3566 proinde

259 3578 420 3635 nobis
450 3578 755 3634 insinuant
777 3618 792 3642 ,
823 3580 879 3631 et
903 3575 1278 3632 manifestant
1311 3597 1324 3630 ε
1353 3573 1449 3631 sed
1477 3588 1618 3629 con-

260 3675 454 3715 sensus
474 3656 936 3730 supernaturalis
961 3663 1045 3712 est
1064 3655 1292 3713 effectus
1316 3655 1453 3712 satis
1483 3668 1618 3725 per-

264 3739 447 3806 lectus,
478 3744 536 3795 et
556 3754 629 3796 ex
661 3753 779 3794 suo.
801 3751 1012 3810 genere
1053 3735 1408 3793 transcendit
1434 3739 1615 3790 totum

265 3821 525 3878 ordinem
549 3820 894 3884 naturalem,
924 3823 984 3872 ut
1006 3817 1362 3876 ostendimus
1389 3817 1534 3889 disp.
1559 3816 1613 3881 3,

261 3921 353 3975 per
395 3912 602 3965 totam,·
626 3908 682 3958 et
708 3901 1097 3957 nihilominus
1125 3916 1243 3956 non
1271 3898 1521 3970 exposcit
1548 3913 1621 3954 ex

265 3999 321 4041 se
347 3985 444 4041 Dei
476 3982 920 4057 providentiam,
951 3980 1049 4037 sed
1070 3979 1270 4038 eodem
1292 3978 1464 4036 modo
1494 3993 1621 4051 pro·

265 4063 481 4122 cederet
500 4081 537 4120 a
562 4064 858 4119 voluntate
885 4067 1092 4129 creata,
1120 4061 1385 4134 quamvis
1421 4058 1622 4132 provi-

268 4143 458 4203 dentia
484 4159 733 4218 praesens
759 4142 828 4201 de
856 4142 1045 4199 medio
1075 4143 1391 4207 tolleretur,
1420 4146 1482 4195 ut
1502 4137 1623 4193 Ad-

267 4226 503 4282 versarii
534 4225 848 4296 loquuntur
875 4245 888 4279 ε
918 4238 1054 4297 ergo
1072 4223 1291 4279 seclusa
1311 4220 1622 4293 Scripturas

270 4307 627 4372 authoritate,
653 4322 770 4363 non
795 4306 1111 4378 poterimus
1136 4302 1504 4361 existentiam
1530 4299 1626 4355 di-

272 4387 417 4444 vinae
442 4385 817 4460 providentiae
844 4384 1110 4459 probare.
1150 4385 1392 4441 Falsitas
1432 4387 1623 4439 autem

271 4470 659 4543 consequentis
706 4474 926 4526 constat
976 4484 1048 4525 ex
1095 4468 1200 4523 illo
1244 4464 1502 4539 Apostoli
1555 4462 1625 4520 ad

101 4551 437 4612 Annalium.
486 4551 534 4605 l:
564 4572 590 4602 α
622 4547 942 4605 Invisibilia
971 4549 1130 4605 enim
1178 4546 1359 4619 ipsius
1386 4562 1419 4601 a
1464 4559 1628 4601 crea-

170 4619 202 4660 ¹·
285 4652 309 4681 e
353 4637 480 4686 tura
497 4629 725 4695 mundi,
753 4645 853 4702 per
877 4645 943 4686 ea
963 4645 1087 4702 quae
1115 4628 1260 4684 facta
1281 4631 1434 4691 sunt,
1461 4624 1629 4681 intel-

287 4734 310 4764 «
348 4712 487 4768 lecta
528 4711 985 4783 conspiciuntur,
1029 4710 1376 4782 sempiterna
1406 4721 1631 4780 quoque

122 4797 252 4842 nrm.
288 4813 312 4842 ι
348 4794 466 4866 eJus
485 4792 692 4859 virtus,
724 4796 781 4847 et
805 4790 1099 4848 divinitas.
1128 4811 1155 4843 »
1190 4790 1300 4846 Ubi
1331 4791 1393 4845 D.
1420 4788 1628 4843 Thom.

284 4874 393 4930 lect.
424 4876 474 4942 6,
503 4876 653 4931 circa
681 4875 861 4945 finem,
893 4875 972 4930 ait
997 4894 1011 4930 ε
1062 4895 1086 4925 «ι
1135 4868 1631 4929 Considerandum

289 4978 314 5006 α
350 4961 450 5022 est,
484 4972 587 5029 per
608 4954 759 5028 quod
787 4955 1039 5013 medium
1075 4955 1177 5010 illa
1217 4956 1628 5028 cognoverunt,

293 5059 318 5088 «ι
355 5036 500 5109 quod
534 5036 871 5110 designatur
895 5052 1022 5093 cum
1051 5035 1190 5092 dicit
1216 5056 1229 5092 ε
1259 5037 1370 5092 Per
1395 5050 1462 5091 ea
1507 5048 1634 5105 quae

1744 601 1769 631 α
1816 580 1960 638 facta
1985 587 2122 638 sunt
2155 603 2168 638 ε
2198 584 2340 640 sicut
2366 586 2527 642 enim
2564 602 2658 643 ars
2694 585 3099 641 manifestatur

1746 684 1772 714 «
1816 678 1917 734 per
1943 663 2179 721 artificis
2205 682 2380 738 opera
2402 711 2416 735 ,
2469 668 2549 724 ita
2576 673 2633 725 et
2677 668 2774 724 Dei
2818 664 3101 737 sapientia

1746 764 1771 794 «
1815 743 2220 800 manifestatur
2244 761 2342 818 per
2364 752 2702 804 creaturam.
2724 746 2976 818 Sapient.
3012 744 3095 805 13,

1746 845 1772 876 α
1814 826 1862 877 Α
1889 824 2291 898 magnitudine
2310 827 2470 883 enim
2491 828 2718 900 speciei,
2745 832 2802 884 et
2822 831 3100 883 creatura}

1747 927 1773 958 «
1812 906 2272 979 cognoscibiliter
2339 910 2548 979 poterit
2601 912 2834 965 Creator
2890 908 3100 963 harum

1748 1007 1774 1037 α
1815 984 2078 1042 videri.»
2112 988 2213 1043 Cui
2254 994 2527 1043 consonat
2567 988 2715 1044 illud
2756 987 3011 1060 Sapient.
3050 990 3095 1043 l.

1742 1064 1817 1122 Et
1843 1067 1942 1123 Ιιοο
1966 1069 2110 1142 quod
2134 1071 2368 1124 continet
2388 1071 2577 1125 omnia
2598 1072 2828 1141 (nempe
2853 1068 3099 1124 Univer-

1740 1149 1891 1219 sum)
1905 1149 2191 1203 scientiam
2205 1148 2361 1204 habet
2377 1150 2523 1204 vocis
2537 1167 2556 1205 .·
2570 1149 2900 1205 manifestat
2912 1148 3095 1210 enim,

1740 1233 1796 1364 gt
1837 1228 2102 1302 praedicat
2145 1246 2435 1287 summam
2484 1230 2908 1304 providentiam
2937 1230 3101 1286 Arti-

1784 1325 1882 1365 οιε.
2476 1338 2479 1339 ⁷
2522 1338 2525 1341 >

1813 1390 1906 1445 69.
1955 1389 2061 1446 Sed
2108 1389 2339 1463 objicies
2372 1412 2384 1447 :
2418 1390 2656 1447 Etiamsi
2706 1392 2851 1447 Deus
2908 1397 3097 1466 ageret
3138 1407 3284 1463 omen-
3339 1458 3342 1461 Δ

1743 1470 2101 1536 necessario,
2154 1468 2336 1527 adhuc
2382 1472 2648 1528 voluntas
2693 1475 2877 1527 creata
2907 1477 3098 1545 ageret
3161 1465 3235 1501 ¹¹⁰·

1741 1548 1942 1615 libere,
1967 1550 2305 1623 eliceretque
2329 1550 2568 1623 proinde
2595 1566 2935 1608 consensum
2959 1551 3098 1608 libe-

1744 1646 1873 1686 rum
1898 1675 1911 1699 ‚
1963 1647 2131 1703 quem
2178 1631 2347 1688 modo
2373 1632 2549 1698 elicit,
2584 1638 2644 1686 ut
2670 1648 2798 1688 curn
2830 1631 3096 1704 pluribus

1741 1713 2053 1769 Thomistis
2098 1713 2256 1770 docet
2296 1714 2489 1787 Godoy
2517 1721 2644 1769 tom.
2705 1716 2749 1780 l,
2784 1717 2841 1768 in
2880 1716 2896 1769 l
2941 1724 3090 1786 part.
3135 1718 3295 1769 6οᾱοϊ-

1741 1802 1902 1851 tract.
1926 1796 1981 1858 6,
2005 1795 2147 1868 disp.
2179 1797 2270 1862 54,
2301 1799 2333 1865 g
2368 1798 2413 1851 1.
2440 1794 2545 1851 Sed
2570 1796 2630 1850 in
2660 1811 2726 1851 ea
2754 1796 3055 1869 hypothesi
3081 1819 3092 1852 ε

1742 1880 1887 1934 Deus
1909 1893 2025 1934 non
2047 1882 2238 1951 ageret
2260 1876 2428 1933 modo
2453 1876 2708 1948 provido,
2734 1884 2789 1933 et
2805 1877 3092 1949 prudenti,

1743 1964 1909 2031 atque
1948 1975 2076 2015 cum
2107 1960 2445 2025 intentione,
2470 1964 2526 2015 et
2555 1959 2912 2029 praescientia
2931 1959 3102 2015 effec-

1741 2045 1862 2108 tus;
1905 2058 2034 2098 cum
2064 2041 2155 2096 hic
2196 2039 2398 2097 modus
2425 2039 2705 2095 influendi
2734 2040 2808 2109 sit
2837 2041 3102 2113 proprius

1742 2123 1963 2195 agentis
1989 2138 2118 2178 cum
2147 2121 2424 2178 electione
2449 2164 2462 2186 ‚
2519 2125 2574 2175 et
2600 2120 2840 2176 consilio
2870 2162 2882 2184 ,
2936 2126 3103 2192 atque

1743 2202 1872 2259 ideo
1898 2219 2026 2259 curn
2072 2201 2333 2258 libertate
2380 2222 2392 2255 ε
2437 2216 2573 2274 ergo
2619 2214 2926 2255 consensus
2955 2199 3104 2255 liber

1742 2288 1962 2340 creatus
1987 2297 2103 2338 non
2132 2279 2411 2352 dependet
2433 2297 2533 2352 per
2555 2296 2616 2336 se
2631 2295 2663 2334 a
2683 2281 2791 2335 Deo
2814 2286 2875 2333 ut
2902 2284 3104 2353 agente

1741 2363 1911 2421 modo
1958 2361 2220 2436 provido,
2270 2367 2325 2418 et
2364 2378 2492 2417 cum
2520 2366 2671 2418 certa
2702 2360 3057 2433 praescientia
3086 2385 3097 2425 ;

1740 2444 1839 2501 sed
1900 2442 2227 2516 procederet
2269 2442 2469 2500 eodem
2511 2441 2681 2499 modo
2733 2457 2766 2496 a
2806 2442 3102 2497 voluntate

1741 2530 1949 2589 creata,
2002 2522 2268 2596 quamvis
2295 2525 2442 2578 Deus
2467 2537 2628 2588 caeco,
2661 2527 2716 2577 et
2744 2519 3098 2593 imprudenti

1744 2605 1914 2662 modo
1942 2610 2322 2662 concurreret.
2426 2602 2427 2605 ’

1815 2689 1907 2744 70.
1965 2685 2359 2759 Respondetur
2387 2686 2448 2741 in
2480 2684 2704 2757 primiS,
2735 2685 2883 2741 hanc
2910 2683 3098 2759 objec-
3137 2700 3285 2741 Reior-

1743 2770 1958 2826 tionem
1990 2784 2149 2841 posse
2190 2767 2483 2841 urgentius
2532 2767 2846 2839 retorqueri
2889 2767 2951 2822 in
2981 2765 3099 2821 Ad—
3138 2753 3299 2799 ‘mmm‘

1743 2850 2070 2917 versarios;
2115 2864 2251 2906 nam
2289 2848 2526 2904 suarius
2570 2846 2710 2921 disp.
2749 2849 2812 2903 19
2848 2846 3092 2921 Metaph.
3126 2865 3293 2907 simron.

1742 2939 1867 2988 sect.
1893 2933 1943 2998 3,
1970 2937 2152 3005 negat,
2179 2928 2328 3003 quod
2348 2928 2396 2983 si
2422 2930 2567 2984 Deus
2606 2934 2797 3003 ageret
2838 2944 3100 2985 necessa-

1745 3012 1870 3078 rio,
1927 3013 2193 3067 voluntas
2236 3015 2421 3065 creata
2470 3014 2661 3082 ageret
2709 3008 2889 3065 libere
2921 3024 3099 3082 :ergo

1744 3093 1973 3166 signum
2000 3097 2102 3157 est,
2130 3090 2277 3164 quod
2299 3103 2605 3145 concursus
2626 3096 2847 3145 creatus
2872 3088 3101 3160 respicit

1746 3190 1847 3246 per
1866 3189 1925 3229 se
1944 3188 2281 3229 concursum
2299 3170 2585 3232 divinum,
2614 3177 2668 3226 et
2685 3170 2919 3227 modum
2944 3170 3066 3242 ejus
3086 3193 3099 3233 ;

1748 3255 1889 3312 alias
1931 3259 2116 3311 stante
2179 3252 2378 3311 eodem
2433 3252 2717 3324 princ-ipio
2765 3251 3102 3324 particulari

1749 3335 2031 3409 proximo,
2079 3349 2284 3406 nempe
2323 3334 2620 3389 voluntate
2662 3338 2871 3396 creata,
2903 3331 3103 3389 eodem

1748 3415 1917 3473 modo
1955 3431 2263 3473 consensus
2302 3412 2372 3468 ab
2416 3429 2482 3469 ea
2514 3412 2901 3486 egrederetur,
2937 3417 3106 3484 atque

1748 3497 1876 3553 ideo
1903 3496 2103 3560 libere,
2138 3500 2198 3551 ut
2222 3495 2345 3550 loco
2365 3511 2518 3548 num.
2567 3495 2641 3548 60
2661 3496 2846 3557 citata,
2877 3491 3109 3563 praedic-

1749 3585 1839 3634 tus
1861 3578 2079 3634 Author
2105 3575 2380 3647 defendit.
2406 3574 2570 3631 Unde
2589 3574 2700 3630 sibi
2727 3590 2842 3632 non
2865 3578 3104 3635 constat,

1748 3658 1847 3716 sed
1874 3659 2010 3715 satis
2032 3658 2508 3726 inconsequenter
2532 3655 2593 3710 in
2615 3655 2706 3711 his
2728 3655 2960 3711 assertis
2983 3671 3109 3726 pro·

1749 3739 1913 3797 cedit.

1771 3851 1778 3858 ·
1825 3817 2042 3876 Deinde
2080 3814 2330 3872 admissa
2368 3814 2590 3888 majori,
2621 3816 2780 3888 cuius
2803 3815 3103 3872 veritatem
3121 3831 3319 3875 sou-ntur.

1683 3921 1688 3936 ³
1733 3902 1880 3970 dub.
1925 3905 1960 3955 7
2018 3895 2518 3961 examinabimus,
2565 3896 2941 3969 respondetur
3000 3913 3107 3954 ne-

1751 3981 1939 4059 gando
1984 3979 2292 4035 minorem.
2345 3977 2627 4040 Quoniam
2672 3978 2734 4033 in
2775 3993 2905 4033 casu
2935 3993 3110 4051 argu-

1753 4065 1954 4130 menti,
1993 4060 2258 4136 quamvis
2306 4061 2451 4115 Deus
2498 4074 2614 4115 non
2643 4064 2833 4133 ageret
2858 4074 2929 4115 ex
2957 4060 3110 4115 elec-

1754 4147 1911 4203 tione
1941 4187 1953 4210 ,
2027 4141 2124 4199 sed
2166 4139 2482 4197 necessario
2516 4162 2529 4205 ;
2580 4138 2965 4195 nihilominus
2993 4155 3110 4195 nou

1754 4231 1945 4301 ageret
1988 4238 2129 4280 caeco
2155 4264 2169 4289 ,
2225 4227 2280 4278 et
2306 4219 2659 4292 imprudenti
2688 4219 2876 4284 mod0,
2905 4234 3112 4292 nempe

1756 4311 2030 4384 ignorans
2073 4304 2333 4362 effectum
2374 4302 2463 4359 sui
2491 4317 2827 4368 consensus;
2856 4301 2952 4357 sed
2981 4317 3112 4358 cum

1754 4404 1985 4446 summa
2010 4385 2367 4453 certitudine,
2406 4389 2463 4440 et
2509 4382 2887 4456 providentia.
2943 4384 3008 4437 In
3047 4397 3114 4439 eo

1757 4471 1966 4544 quippe
1985 4471 2192 4525 eventu
2216 4469 2361 4523 Deus
2383 4464 2619 4521 haberet
2646 4463 2962 4520 necessario
2990 4478 3114 4535 quae

1759 4567 1913 4607 nunc
1937 4549 2117 4606 libere
2142 4547 2398 4604 decernit
2424 4567 2436 4601 :
2462 4546 2565 4601 hac
2588 4549 2777 4600 autem
2800 4543 3028 4607 efficaci,
3061 4549 3117 4600 et

1762 4630 2078 4689 necessaria
2099 4627 2579 4685 determinatione
2603 4624 2913 4697 supposita,
2942 4623 3114 4680 infal-

1762 4712 2004 4769 libiliter
2029 4753 2042 4776 ‚
2085 4714 2140 4766 et
2184 4706 2584 4765 antecedenter
2624 4705 2912 4777 praesciret
2957 4703 3117 4759 futu-

1763 4807 1893 4848 rum
1915 4793 2207 4854 eventum,
2232 4794 2288 4844 et
2308 4786 2379 4843 ad
2404 4788 2569 4842 illum
2598 4785 2659 4841 in
2697 4790 2954 4856 tempore
2978 4797 3117 4840 exe-

1762 4869 2055 4944 quendum
2097 4867 2288 4924 media
2310 4864 2701 4923 infallibiliter
2727 4880 2857 4920 cum
2883 4879 2951 4921 eo
2977 4879 3117 4920 con-

1764 4967 1913 5009 nexa
1951 4948 2287 5015 adhiberet,
2332 4948 2630 5019 ipsumque
2676 4944 3011 5008 efficaciter,
3067 4947 3122 4999 et

1766 5028 2161 5088 infallibiliter
2183 5027 2445 5085 inferret.
2481 5025 2645 5083 Unde
2690 5041 2809 5082 non
2855 5038 3016 5088 caeco,
3060 5029 3118 5077 et
