3647 5753
1368 411 1546 467 DISP.
1592 413 1710 480 VII,
1757 414 1924 468 DUB.
1968 415 2034 468 11.
3014 418 3086 471 27

850 589 974 658 §11-

357 746 527 805 Ratt’o
553 748 987 821 fundamentalis
1005 758 1196 807 contra
1237 751 1479 830 Vasquez

694 831 1040 902 mundetur.

50 1012 192 1054 swan-
301 989 394 1044 40.
412 987 675 1044 Secundo
695 987 968 1061 probatur
985 995 1182 1047 nostra
1196 992 1484 1049 conclusio
1503 1008 1589 1049 ra·

46 1059 214 1153 &ffi-
230 1069 382 1125 tione
401 1089 415 1123 ε
432 1084 573 1124 nam
595 1085 724 1125 cum
750 1068 981 1136 dicitur,
1003 1074 1248 1141 qratiam
1266 1090 1582 1143 conqruam,

46 1161 203 1204 emoti-
227 1150 338 1204 sive
386 1150 659 1221 efficacem
685 1167 794 1205 esse
832 1149 1007 1219 illam,
1032 1153 1124 1206 cui
1157 1159 1588 1226 contemperatur

65 1219 166 1252 ’ω’
226 1230 540 1295 arbitrium,
565 1228 920 1303 significatur
944 1231 1191 1304 gratiam
1214 1233 1278 1289 in
1304 1248 1425 1290 esse
1445 1249 1587 1290 con-

225 1326 396 1384 gruae,
421 1316 478 1365 et
497 1308 738 1366 efficacis
757 1310 971 1367 habere
990 1311 1243 1384 aliquam
1266 1312 1590 1385 dependen-

223 1391 361 1447 tiam
403 1390 476 1446 ab
516 1389 782 1456 arbitrio,
812 1397 876 1446 ut
919 1389 1030 1446 sibi
1080 1397 1491 1466 attemperat03
1537 1393 1586 1449 si

217 1471 378 1526 enim
412 1470 604 1545 gratia
639 1487 908 1545 congrua,
953 1472 1258 1538 et·efficax,
1307 1478 1588 1546 quatenus

220 1551 367 1616 talis,
396 1554 563 1609 nullo
593 1552 762 1609 modo
799 1550 1081 1624 dependet
1124 1569 1157 1609 a
1205 1552 1471 1625 praedicta
1498 1559 1588 1611 at-

221 1634 660 1706 temperatione,
694 1649 811 1690 non
834 1641 920 1690 est
944 1651 1045 1691 cur
1072 1633 1313 1702 dicatur,
1339 1636 1585 1708 gratiam

215 1727 532 1787 congruam
544 1728 689 1778 esse,
704 1716 797 1768 cui
805 1721 1236 1786 contemperatur
1256 1715 1552 1770 arbitrium
1568 1733 1588 1783 ,-

211 1793 315 1851 sed
343 1794 804 1869 independenter
829 1793 900 1851 ab
944 1795 1269 1869 hujusmodi
1309 1802 1587 1870 attempe-

219 1874 444 1932 ratione
483 1877 699 1948 poterit
743 1875 929 1948 gratia
997 1892 1266 1951 congrua,
1298 1882 1354 1933 et
1392 1877 1587 1934 efficax

215 1952 346 2010 dari
375 1955 574 2027 :atqui
616 1955 803 2029 gratia
840 1970 1106 2029 congrua,
1137 1961 1194 2013 et
1227 1955 1423 2013 efficax
1450 1958 1587 2013 nul-

221 2033 338 2089 iam
369 2034 542 2091 habet
569 2034 1015 2108 dependentium
1044 2052 1076 2092 a
1108 2035 1288 2094 libero
1315 2036 1580 2106 arbitri0,

219 2119 283 2170 ut
307 2114 416 2171 sibi
438 2121 822 2189 attemperato
847 2138 860 2172 ε
893 2133 1027 2192 ergo
1056 2134 1357 2191 perperam
1384 2119 1587 2175 asseri-

219 2202 333 2261 tur,
390 2197 645 2270 gratiam
689 2213 1023 2271 congruam,
1052 2204 1107 2254 et
1149 2198 1426 2256 efficacem
1464 2215 1587 2256 esse

219 2274 406 2341 illam,
461 2277 553 2331 cui
594 2282 1059 2349 contemperatur
1127 2277 1376 2335 liberum
1426 2277 1608 2334 arbi-·

221 2357 420 2421 trium,
453 2361 514 2412 ut
536 2358 795 2429 vasquez
811 2357 1030 2415 definit.
1058 2358 1340 2416 Probatur
1366 2359 1580 2427 minor,

219 2438 490 2508 quoniam
535 2438 734 2495 omnis
773 2437 1152 2510 dependentia
1187 2440 1474 2496 reducitur
1514 2440 1584 2496 ad

221 2517 448 2589 aliquod
467 2534 656 2592 genus
699 2534 880 2574 causae
911 2539 924 2573 ε
952 2518 1050 2575 sed
1076 2520 1280 2594 gratia,
1306 2526 1586 2593 quatenus

218 2613 485 2670 congrua,
512 2604 569 2655 et
597 2597 814 2661 efficax,
848 2597 911 2653 in
952 2600 1113 2655 nullo
1151 2616 1360 2673 genere
1403 2616 1585 2657 causae

223 2678 498 2750 dependet
547 2679 624 2735 ab
672 2679 917 2737 arbitrio
945 2685 1005 2735 ut
1029 2680 1139 2737 sibi
1169 2685 1583 2755 attemperato:

219 2777 371 2835 ergo,
399 2766 504 2818 etc.
536 2762 738 2817 Minor
785 2761 954 2835 hujus
990 2761 1223 2819 secundi
1261 2762 1582 2837 syllogismi

216 2841 551 2907 ostenditur,
577 2840 956 2914 supponendo
978 2858 1082 2900 nos
1124 2842 1276 2916 loqui
1304 2843 1374 2901 de
1399 2842 1585 2918 gratia

213 2940 463 2997 congrua
521 2924 958 2995 supernaturali
986 2948 999 2989 ;
1065 2940 1199 2981 nam
1266 2926 1327 2981 in
1380 2926 1586 2998 primis

214 3004 544 3078 hujusmodi
578 3003 768 3078 gratia
808 3020 926 3060 non
952 3003 1234 3076 dependet
1283 3006 1348 3060 in
1374 3021 1585 3080 genere

208 3099 392 3142 causae
433 3084 763 3141 materialis
791 3084 1088 3156 receptivas
1139 3084 1209 3142 ab
1237 3090 1583 3158 attempera-

210 3166 366 3222 tione
412 3164 677 3220 naturali
725 3162 974 3231 arbitrii,
1030 3181 1156 3236 quae
1196 3165 1437 3222 habetur
1485 3182 1585 3239 per

207 3260 411 3301 eorum
481 3243 944 3316 dispositionem,
1007 3249 1063 3300 et
1126 3245 1585 3303 circumstantias

212 3325 338 3386 loci.
365 3323 672 3397 temporis,
703 3329 806 3380 etc.
838 3338 906 3380 eo
930 3324 1078 3397 quod
1102 3325 1288 3382 forma
1310 3340 1586 3398 superna-

213 3405 417 3461 turalis
446 3419 568 3461 non
602 3402 877 3476 recipitur
905 3403 966 3459 in
995 3403 1243 3477 subjecto
1267 3404 1584 3462 secundum

211 3486 335 3558 ejus
374 3486 700 3559 potentiam
745 3487 1093 3551 naturalem,
1131 3485 1229 3543 sed
1268 3486 1581 3544 secundum

216 3570 583 3640 capacitatem
605 3566 1072 3635 obedientialem,
1097 3586 1223 3642 quae
1242 3571 1402 3626 omni
1433 3570 1584 3627 arbi-

221 3649 327 3706 trio
352 3656 545 3707 creato
591 3649 920 3705 communis
966 3655 1069 3707 est.
1101 3650 1317 3708 Deinde
1343 3667 1459 3708 non
1481 3651 1583 3709 de-

223 3728 420 3800 pendet
449 3746 483 3786 a
505 3727 784 3802 praedicta
806 3731 1354 3801 attemperationein
1374 3747 1584 3805 genere

219 3825 392 3866 causas
418 3810 748 3867 materialis
770 3809 1136 3882 dispositivae,
1162 3827 1229 3869 eo
1248 3812 1396 3885 quod
1420 3814 1584 3869 nulla

218 3888 513 3963 dispositio
543 3884 847 3955 naturalis,
877 3890 1066 3962 qualis
1085 3898 1231 3948 esset
1258 3893 1361 3950 illa
1388 3898 1586 3949 attem-

226 3973 455 4042 peratio,
493 3987 625 4045 quae
670 3969 925 4044 fingitur,
959 3975 1139 4043 potest
1189 3973 1492 4046 disponere
1512 3972 1582 4030 ad

228 4050 473 4109 formam
519 4052 1023 4124 supernaturalem
1054 4052 1126 4108 ob
1173 4053 1585 4126 improportio-

225 4146 356 4187 nem
384 4132 690 4202 utriusque
728 4129 968 4196 ordinis,
1005 4136 1062 4186 ut
1092 4133 1202 4188 late
1228 4130 1585 4189 ostendimus

219 4209 360 4283 disp.
390 4213 447 4275 4,
477 4210 611 4267 dub.
643 4212 697 4276 5,
737 4212 773 4266 6
809 4216 864 4266 et
898 4212 952 4265 9.
1005 4213 1286 4269 Praeterea
1326 4227 1442 4269 non
1482 4211 1588 4268 de—

226 4289 428 4362 pendet
457 4292 521 4347 in
535 4304 749 4365 genere
765 4305 949 4348 causae
967 4291 1226 4348 formalis
1239 4292 1580 4356 intrinsecoe,

224 4377 281 4425 et
305 4370 698 4428 informativae
720 4392 736 4436 ς
763 4385 898 4425 nam
943 4371 1129 4443 gratia
1156 4386 1272 4427 non
1298 4370 1587 4427 informa-

229 4456 319 4507 tur
354 4467 454 4525 per
504 4449 755 4507 liberum
801 4449 1130 4516 arbitrium,
1154 4451 1254 4508 sed
1283 4451 1468 4523 potius
1497 4451 1588 4523 ip-

226 4548 352 4586 sum
376 4529 625 4603 perlicit,
651 4537 707 4587 et
733 4535 936 4588 actuat.
966 4533 1204 4603 Insuper
1232 4546 1350 4588 non
1370 4530 1587 4603 depen-

227 4610 318 4665 det
364 4613 425 4665 in
465 4625 680 4684 genere
699 4625 880 4665 causta
925 4609 1187 4667 formalis
1232 4610 1582 4677 extrinsecae,

227 4693 347 4748 sire
371 4688 799 4764 specificativae3
829 4691 963 4763 quia
988 4690 1145 4747 entia
1170 4697 1589 4764 supernatura-

229 4773 307 4827 lia
346 4788 463 4828 non
493 4770 706 4828 habent
751 4773 994 4843 speciem
1039 4788 1139 4844 per
1181 4779 1494 4846 respectum
1517 4771 1588 4828 ad

234 4851 540 4917 naturalia,
567 4848 666 4906 sed
685 4867 756 4907 ex
783 4850 1009 4909 diversa
1031 4852 1354 4909 imitatione
1370 4851 1591 4924 perfec-

230 4930 401 4988 tionis
451 4928 688 4995 divinae,
719 4931 879 5003 cujus
922 4937 1056 4988 sunt
1103 4932 1585 5005 participationes,

232 5017 294 5066 ut
329 5010 592 5067 diximus
634 5012 776 5085 disp.
807 5014 863 5075 4,
885 5012 1011 5074 dub.
1042 5015 1090 5068 4.
1129 5015 1307 5071 Porro
1346 5028 1463 5069 non
1489 5012 1592 5071 de·
1624 5063 1633 5072 .

1723 590 1929 664 pendet
1969 590 2030 647 in
2074 607 2282 665 genere
2322 607 2505 648 causae
2548 590 2758 657 finaliS,
2811 591 3088 663 quoniam

1720 672 2182 743 supernaturalia
2212 688 2329 728 non
2358 671 2707 728 ordinantur
2745 670 2814 727 ad
2846 676 3089 727 natura-

1722 751 1820 818 lia,
1851 767 1980 807 cum
2005 753 2189 825 potius
2212 753 2333 825 ipsa
2361 754 2586 809 elevent
2613 751 2682 808 ad
2715 753 2984 809 ultiorem
3014 751 3086 807 fi-

1722 846 1880 887 nem.
1904 831 2159 889 Tandem
2192 849 2306 889 non
2331 831 2610 905 dependet
2634 832 2696 888 in
2716 848 2927 905 genere
2948 849 3086 888 cau-

1719 926 1796 967 sae
1820 911 2151 979 efficientis3
2182 911 2466 985 siquidem
2500 912 2687 985 gratia
2713 926 2984 985 congrua,
3027 919 3087 967 ut

1721 990 1970 1047 admittit
2018 994 2288 1065 Vasquez,
2340 990 2620 1048 antecedit
2691 993 3084 1063 operationem

1720 1069 1971 1137 arbitrii,
2021 1077 2077 1128 et
2109 1089 2140 1128 a
2179 1073 2301 1129 solo
2351 1075 2463 1128 Deo
2507 1068 2856 1143 producitur.
2888 1073 3087 1128 Gratia

1721 1151 1899 1225 igitur
1943 1168 2211 1226 congrua,
2239 1152 2361 1209 sive
2387 1152 2580 1209 efficax
2623 1150 2685 1205 in
2714 1152 2877 1208 nullo
2904 1168 3087 1209 causae

1719 1245 1929 1305 genere
1953 1230 2231 1304 dependet
2253 1230 2325 1289 ab
2351 1230 2614 1293 arbitrio.
2648 1236 2711 1285 ut
2736 1229 2845 1286 sibi
2876 1237 3087 1288 attem-

1721 1316 1939 1383 perato.

1792 1392 1886 1446 41.
1912 1389 2299 1463 Respondebis
2316 1390 2523 1463 primo,
2544 1390 2648 1447 hoc
2676 1397 3082 1463 argumentum
3124 1421 3258 1465 Prima

1719 1471 1908 1527 solum
1923 1470 2279 1537 concludere,
2308 1469 2457 1542 quod
2471 1472 2656 1544 gratia
2678 1477 3084 1543 supernatura-
3115 1479 3281 1522 respa„-

1720 1550 1792 1605 lis
1817 1550 1880 1605 in
1902 1566 1962 1606 se
1975 1550 2328 1607 considerata
2346 1566 2461 1608 non
2475 1549 2788 1622 dependeat
2806 1568 2837 1607 a
2854 1556 2989 1608 natu
2999 1569 3085 1609 ra·

1721 1629 1871 1685 libus
1892 1629 2280 1702 dispositione,
2307 1634 2363 1687 et
2391 1631 2868 1703 attemperatione
2910 1631 3081 1688 liberi

1720 1710 1950 1767 arbitrii
1975 1734 1990 1776 ;
2038 1712 2286 1768 minime
2326 1726 2483 1773 vero.
2509 1712 2658 1785 quod
2704 1712 2810 1768 sub
2862 1713 3084 1770 ratione

1719 1793 2013 1866 principii.
2044 1799 2101 1850 et
2128 1810 2228 1865 per
2256 1792 2653 1851 habitudinem
2694 1794 2765 1851 ad
2793 1796 3083 1868 operatio-

1719 1888 1855 1930 nem
1910 1872 2251 1930 eliciendam
2301 1889 2416 1931 non
2446 1872 2784 1946 dependeat,
2818 1876 2908 1931 vel
2964 1891 3083 1933 non

1718 1955 2075 2027 compleatur
2091 1971 2191 2027 per
2205 1954 2529 2029 praedictam
2548 1957 3083 2030 attemperationem

1719 2034 1970 2093 arbitrii.
1996 2035 2080 2091 Ad
2105 2036 2209 2092 hoc
2233 2036 2443 2108 quippe
2470 2037 2609 2093 satis
2652 2043 2751 2104 est,
2776 2036 2925 2109 quod
2947 2053 3087 2110 ope-

1720 2116 1868 2173 ratio
1905 2114 2184 2173 elicienda
2233 2115 2473 2189 pendeat
2521 2118 2774 2191 agratia,
2798 2124 2854 2174 et
2901 2116 3085 2176 libero

1719 2194 1984 2262 arbitrio,
2018 2200 2080 2251 ut
2106 2195 2259 2252 inter
2305 2212 2366 2253 se
2385 2197 2707 2269 specialiter
2736 2204 3084 2269 attempera-

1719 2277 1812 2332 tis.
1837 2276 1993 2332 Sicut
2016 2275 2190 2331 etiam
2235 2278 2381 2333 Deus
2409 2277 2604 2349 nequit
2631 2276 2848 2334 efficere
2875 2292 3084 2349 opera-

1719 2357 1938 2414 tionem
1962 2357 2196 2412 vitalem
2220 2356 2430 2430 absque
2456 2374 2731 2415 concursu
2760 2365 3034 2415 creaturae
3067 2380 3081 2414 :

1719 2453 1839 2494 non
1866 2437 1999 2509 quia
2027 2440 2172 2492 Deus
2199 2437 2319 2494 ullo
2347 2444 2505 2510 pacto
2529 2455 2559 2494 a
2582 2444 2843 2495 creatura
2870 2438 3086 2512 depen-

1719 2516 1866 2580 deat,
1899 2514 1998 2573 sed
2024 2516 2160 2588 quia
2185 2516 2330 2572 actio
2361 2518 2557 2572 vitalis
2584 2517 2723 2589 petit
2751 2516 2821 2574 ab
2847 2522 3084 2591 utroque

1720 2593 2043 2668 procedere.
2077 2597 2220 2651 Cum
2261 2610 2396 2669 ergo
2416 2597 2601 2670 gratia
2630 2605 2686 2651 ut
2713 2613 2954 2667 conqrua
2980 2615 3086 2654 ex-

1720 2677 1933 2749 primat
1984 2692 2101 2733 non
2147 2679 2335 2735 solum
2398 2694 2562 2734 suam
2612 2680 2927 2747 entitatem,
2983 2681 3084 2737 sed

1717 2757 1892 2812 etiam
1935 2755 2331 2815 habitudinem
2367 2758 2639 2831 principii
2681 2758 2750 2817 ad
2790 2760 3081 2832 operatio-

1718 2853 1855 2895 nem
1882 2837 2245 2907 eliciendam,
2271 2840 2478 2897 merito
2510 2839 2804 2906 asseritur,
2829 2840 3077 2915 gratiam

1716 2935 2048 2993 congruam,
2079 2920 2200 2978 sive
2239 2921 2516 2977 efficacem
2556 2937 2697 2987 esse,
2723 2923 2812 2978 cui
2870 2924 2948 2978 ita
2989 2929 3081 2979 at-

1718 3006 2069 3074 temperatur
2091 3001 2423 3068 arbitrium,
2455 3009 2514 3059 ut
2548 3003 2903 3076 respondeat.

1791 3081 1901 3138 Sed
1924 3087 2121 3142 contra
2148 3090 2232 3139 est
2271 3085 2493 3157 primo:
2546 3100 2682 3140 nam
2724 3084 2851 3142 ideo
2893 3084 3076 3160 gratia
3094 3107 3289 3156 anund..

1715 3165 2174 3236 supernaturalis
2200 3165 2259 3220 in
2287 3181 2347 3220 se
2367 3165 2722 3223 considerata
2740 3182 2854 3223 non
2871 3166 3079 3241 depen·
3143 3162 3225 3199 ‘¹¹‘-

1718 3241 1813 3299 det
1840 3258 1874 3298 a
1896 3242 2150 3299 naturali
2173 3246 2644 3316 attemperatione
2666 3244 2913 3311 arbitrii,
2943 3248 3080 3320 quia

1716 3328 1801 3379 est
1817 3322 1999 3379 forma
2016 3322 2475 3394 supernaturalis
2495 3349 2508 3391 ;
2539 3331 2594 3380 et
2613 3326 3081 3398 supernaturalia

1717 3418 1836 3461 non
1870 3403 2195 3479 dependent
2233 3421 2268 3460 a
2309 3406 2560 3477 potentia
2592 3408 2872 3478 receptiva
2907 3414 3078 3464 natu-

1719 3485 1834 3540 rali
1877 3491 2157 3557 quatenus
2203 3483 2323 3549 tali,
2375 3500 2477 3541 nec
2540 3501 2573 3542 a
2610 3484 3081 3557 dispositionibus

1717 3564 2096 3631 naturalibuS,
2128 3565 2266 3620 utin
2294 3569 2633 3637 argumento
2660 3564 3030 3636 probavimus
3061 3588 3075 3622 ε

1716 3646 1874 3718 atqui
1938 3647 2123 3722 gratia
2168 3646 2627 3719 supernaturalis
2700 3663 2952 3721 congrua
2996 3653 3082 3704 est

1715 3724 1890 3782 etiam
1918 3725 2374 3798 supernaturalis
2420 3725 2482 3781 in
2520 3724 2742 3782 ratione
2784 3726 3076 3800 principii,

1714 3802 1999 3878 siquidem
2041 3803 2211 3861 habet
2233 3820 2335 3876 pro
2355 3802 2549 3860 effectu
2580 3806 3079 3876 supernaturalem

1715 3884 2109 3955 operationem
2144 3899 2315 3957 :ergo
2339 3883 2527 3957 gratia
2567 3900 2817 3956 congrua
2858 3886 2919 3941 in
2960 3902 3083 3943 esse

1719 3963 1987 4037 principii
2036 3978 2152 4019 non
2197 3961 2475 4034 dependet
2501 3978 2534 4018 a
2579 3963 2940 4020 naturalibus
2959 3963 3081 4020 dis-

1718 4042 2114 4116 positionibus,
2181 4043 2273 4098 vel
2328 4043 2797 4116 attemperatione
2853 4060 3076 4110 eorum,

1715 4121 1922 4195 quibus
1960 4124 2432 4181 communicatur.
2463 4123 2731 4187 Secundo,
2765 4140 2899 4180 nam
2942 4141 3083 4198 ope-

1681 4277 1689 4284 ·
1720 4203 1867 4260 ratio
1886 4202 2278 4270 eliciendaest,
2311 4204 2779 4277 utsupponimuS,
2798 4221 2860 4259 su
2873 4221 3080 4277 perna-

1718 4285 1926 4341 turalis
1962 4285 2099 4343 :sed
2143 4286 2399 4359 operatio
2448 4289 2905 4361 supernaturalis
2963 4304 3079 4346 non

1718 4365 1948 4422 elicitur
1980 4365 2050 4422 ab
2080 4365 2315 4423 homine
2342 4371 2400 4421 ut
2428 4372 2701 4440 operante
2731 4367 3076 4431 radicaliter,

1721 4448 1812 4504 vel
1856 4447 2117 4519 proxime
2165 4462 2265 4519 per
2293 4446 2565 4504 virtutem
2613 4449 2957 4515 naturalem,
2982 4449 3079 4506 sed

1719 4526 1908 4584 solum
1962 4541 2062 4599 per
2116 4527 2429 4598 potentiam
2492 4526 2953 4592 obedientialem‚
3012 4529 3082 4586 ad

1718 4623 1893 4681 quam
1937 4607 2377 4680 impertinenter
2422 4623 2482 4663 se
2510 4606 2718 4664 habent
2757 4607 3087 4686 dispositio-

1722 4705 1823 4747 nes
1870 4690 2163 4745 naturales
2183 4687 2473 4761 temporis,
2502 4689 2627 4753 loci,
2653 4694 2757 4745 etc.
2789 4706 2923 4764 ergo
2954 4708 3089 4764 gra-

1723 4771 1803 4827 tia
1848 4769 2058 4826 inesse
2106 4769 2375 4841 principii
2427 4767 2704 4841 praedictae
2739 4774 3090 4841 operationis

1724 4866 1844 4908 non
1864 4848 2144 4923 dependet
2168 4865 2200 4905 a
2228 4849 2479 4905 naturali
2510 4852 2983 4922 attemperatione
3004 4869 3094 4909 ar·

1725 4929 1907 4991 bitrii.
1941 4943 2041 4985 nec
2083 4944 2182 5001 per
2218 4929 2382 4984 illam
2407 4928 2606 4986 inesse
2635 4931 2904 5003 principii
2935 4947 3094 4989 com-

1728 5011 1937 5084 pletur.
1967 5009 2126 5066 Patet
2145 5009 2568 5080 consequentia,
2590 5011 2725 5082 quia
2742 5011 3097 5082 principium
