<?xml version="1.0" encoding="UTF-8"?>
<!DOCTYPE html PUBLIC "-//W3C//DTD XHTML 1.0 Transitional//EN"
    "http://www.w3.org/TR/xhtml1/DTD/xhtml1-transitional.dtd">
<html xmlns="http://www.w3.org/1999/xhtml" xml:lang="en" lang="en">
 <head>
  <title>
</title>
<meta http-equiv="Content-Type" content="text/html;charset=utf-8" />
  <meta name='ocr-system' content='tesseract 3.04.00' />
  <meta name='ocr-capabilities' content='ocr_page ocr_carea ocr_par ocr_line ocrx_word'/>
</head>
<body>
  <div class='ocr_page' id='page_1' title='image "./collegiisalmant00carmgoog_0492.png"; bbox 0 0 3647 5753; ppageno 0'>
   <div class='ocr_carea' id='block_1_1' title="bbox 480 413 591 465">
    <p class='ocr_par' dir='ltr' id='par_1_1' title="bbox 480 413 591 465">
     <span class='ocr_line' id='line_1_1' title="bbox 480 413 591 465; baseline 0 0"><span class='ocrx_word' id='word_1_1' title='bbox 480 413 591 465; x_wconf 76' lang='lat'>470</span> 
     </span>
    </p>
   </div>
   <div class='ocr_carea' id='block_1_2' title="bbox 236 579 1840 5104">
    <p class='ocr_par' dir='ltr' id='par_1_2' title="bbox 256 579 1840 4524">
     <span class='ocr_line' id='line_1_2' title="bbox 481 579 1840 646; baseline 0.001 -12"><span class='ocrx_word' id='word_1_2' title='bbox 481 580 597 637; x_wconf 88' lang='lat' dir='ltr'>sico</span> <span class='ocrx_word' id='word_1_3' title='bbox 623 579 825 635; x_wconf 77' lang='lat' dir='ltr'>docent</span> <span class='ocrx_word' id='word_1_4' title='bbox 862 581 1246 635; x_wconf 88' lang='lat' dir='ltr'>communiter</span> <span class='ocrx_word' id='word_1_5' title='bbox 1285 580 1613 646; x_wconf 79' lang='lat' dir='ltr'>Tliomistae,</span> <span class='ocrx_word' id='word_1_6' title='bbox 1647 584 1707 635; x_wconf 91' lang='lat' dir='ltr'>ut</span> <span class='ocrx_word' id='word_1_7' title='bbox 1747 580 1840 635; x_wconf 87' lang='lat' dir='ltr'>vi-</span> 
     </span>
     <span class='ocr_line' id='line_1_3' title="bbox 263 659 1835 735; baseline 0.003 -23"><span class='ocrx_word' id='word_1_8' title='bbox 263 660 618 716; x_wconf 56' lang='lat' dir='ltr'>neema-dere</span> <span class='ocrx_word' id='word_1_9' title='bbox 642 665 727 716; x_wconf 89' lang='lat' dir='ltr'>est</span> <span class='ocrx_word' id='word_1_10' title='bbox 754 659 900 732; x_wconf 86' lang='lat' dir='ltr'>apud</span> <span class='ocrx_word' id='word_1_11' title='bbox 932 664 998 717; x_wconf 91' lang='lat' dir='ltr'>N.</span> <span class='ocrx_word' id='word_1_12' title='bbox 1049 663 1331 735; x_wconf 85' lang='lat' dir='ltr'>complut.</span> <span class='ocrx_word' id='word_1_13' title='bbox 1382 664 1444 717; x_wconf 84' lang='lat' dir='ltr'>in</span> <span class='ocrx_word' id='word_1_14' title='bbox 1489 662 1584 716; x_wconf 80' lang='lat' dir='ltr'>lib.</span> <span class='ocrx_word' id='word_1_15' title='bbox 1613 660 1835 733; x_wconf 74' lang='lat' dir='ltr'>Phys-ic.</span> 
     </span>
     <span class='ocr_line' id='line_1_4' title="bbox 479 740 1029 816; baseline 0.004 -21"><span class='ocrx_word' id='word_1_16' title='bbox 479 740 623 814; x_wconf 76' lang='lat' dir='ltr'>disp.</span> <span class='ocrx_word' id='word_1_17' title='bbox 662 742 746 806; x_wconf 80' lang='lat'>12,</span> <span class='ocrx_word' id='word_1_18' title='bbox 770 748 949 816; x_wconf 73' lang='lat' dir='ltr'>quaest.</span> <span class='ocrx_word' id='word_1_19' title='bbox 983 741 1029 797; x_wconf 87' lang='lat'>1.</span> 
     </span>
     <span class='ocr_line' id='line_1_5' title="bbox 261 818 1831 911; baseline 0.004 -40"><span class='ocrx_word' id='word_1_20' title='bbox 261 818 454 911; x_wconf 50' lang='lat' dir='ltr'>ssssplriaess&#39;</span> <span class='ocrx_word' id='word_1_21' title='bbox 557 821 639 875; x_wconf 87' lang='lat' dir='ltr'>Ex</span> <span class='ocrx_word' id='word_1_22' title='bbox 665 819 755 875; x_wconf 91' lang='lat' dir='ltr'>his</span> <span class='ocrx_word' id='word_1_23' title='bbox 784 820 852 876; x_wconf 89' lang='lat' dir='ltr'>ad</span> <span class='ocrx_word' id='word_1_24' title='bbox 899 826 1304 894; x_wconf 83' lang='lat' dir='ltr'><strong>argumentum</strong></span> <span class='ocrx_word' id='word_1_25' title='bbox 1331 837 1507 893; x_wconf 90' lang='lat' dir='ltr'>supra</span> <span class='ocrx_word' id='word_1_26' title='bbox 1536 821 1746 877; x_wconf 85' lang='lat' dir='ltr'>factum</span> <span class='ocrx_word' id='word_1_27' title='bbox 1774 837 1831 878; x_wconf 81' lang='lat' dir='ltr'>n.</span> 
     </span>
     <span class='ocr_line' id='line_1_6' title="bbox 480 902 1836 1049; baseline 0.001 -12.861"><span class='ocrx_word' id='word_1_28' title='bbox 480 902 1836 1049; x_wconf 44' lang='lat' dir='ltr'>{35³5aazias?restaurasse</span> 
     </span>
     <span class='ocr_line' id='line_1_7' title="bbox 256 1027 1834 1157; baseline -0.004 -33"><span class='ocrx_word' id='word_1_29' title='bbox 256 1027 616 1157; x_wconf 42' lang='lat' dir='ltr'>{effigi-dum</span> <span class='ocrx_word' id='word_1_30' title='bbox 646 1081 809 1120; x_wconf 89' lang='lat' dir='ltr'>suam</span> <span class='ocrx_word' id='word_1_31' title='bbox 846 1065 1231 1121; x_wconf 82' lang='lat' dir='ltr'>intensionem</span> <span class='ocrx_word' id='word_1_32' title='bbox 1254 1063 1534 1136; x_wconf 83' lang='lat' dir='ltr'>dependet</span> <span class='ocrx_word' id='word_1_33' title='bbox 1553 1064 1834 1122; x_wconf 89' lang='lat' dir='ltr'>essentia-</span> 
     </span>
     <span class='ocr_line' id='line_1_8' title="bbox 305 1126 1828 1220; baseline 0.001 -19"><span class='ocrx_word' id='word_1_34' title='bbox 305 1126 328 1158; x_wconf 67' lang='grc' dir='ltr'>υ</span> <span class='ocrx_word' id='word_1_35' title='bbox 350 1127 404 1159; x_wconf 73' lang='lat'>&#39;⁰&#39;</span> <span class='ocrx_word' id='word_1_36' title='bbox 474 1147 608 1203; x_wconf 93' lang='lat' dir='ltr'>liter</span> <span class='ocrx_word' id='word_1_37' title='bbox 629 1162 659 1202; x_wconf 91' lang='lat' dir='ltr'>a</span> <span class='ocrx_word' id='word_1_38' title='bbox 679 1145 862 1220; x_wconf 88' lang='lat' dir='ltr'>gratia</span> <span class='ocrx_word' id='word_1_39' title='bbox 893 1152 1163 1218; x_wconf 79' lang='lat' dir='ltr'>tanquam</span> <span class='ocrx_word' id='word_1_40' title='bbox 1187 1162 1219 1202; x_wconf 91' lang='lat' dir='ltr'>a</span> <span class='ocrx_word' id='word_1_41' title='bbox 1241 1146 1527 1218; x_wconf 90' lang='lat' dir='ltr'>principio</span> <span class='ocrx_word' id='word_1_42' title='bbox 1548 1146 1828 1211; x_wconf 75' lang='lat' dir='ltr'>effectiv05</span> 
     </span>
     <span class='ocr_line' id='line_1_9' title="bbox 472 1227 1829 1300; baseline -0.001 -17"><span class='ocrx_word' id='word_1_43' title='bbox 472 1229 606 1300; x_wconf 88' lang='lat' dir='ltr'>quia</span> <span class='ocrx_word' id='word_1_44' title='bbox 634 1227 924 1284; x_wconf 84' lang='lat' dir='ltr'>tendentia</span> <span class='ocrx_word' id='word_1_45' title='bbox 954 1228 1014 1284; x_wconf 94' lang='lat' dir='ltr'>in</span> <span class='ocrx_word' id='word_1_46' title='bbox 1045 1227 1355 1291; x_wconf 90' lang='lat' dir='ltr'>Deumsub</span> <span class='ocrx_word' id='word_1_47' title='bbox 1387 1229 1609 1285; x_wconf 89' lang='lat' dir='ltr'>ratione</span> <span class='ocrx_word' id='word_1_48' title='bbox 1637 1228 1829 1284; x_wconf 90' lang='lat' dir='ltr'>ultimi</span> 
     </span>
     <span class='ocr_line' id='line_1_10' title="bbox 471 1306 1831 1381; baseline 0.001 -18"><span class='ocrx_word' id='word_1_49' title='bbox 471 1308 606 1364; x_wconf 86' lang='lat' dir='ltr'>finis</span> <span class='ocrx_word' id='word_1_50' title='bbox 638 1324 808 1380; x_wconf 88' lang='lat' dir='ltr'>super</span> <span class='ocrx_word' id='word_1_51' title='bbox 836 1309 1036 1364; x_wconf 91' lang='lat' dir='ltr'>omnia</span> <span class='ocrx_word' id='word_1_52' title='bbox 1074 1307 1287 1373; x_wconf 89' lang='lat' dir='ltr'>dilecti,</span> <span class='ocrx_word' id='word_1_53' title='bbox 1321 1324 1444 1381; x_wconf 83' lang='lat' dir='ltr'>quae</span> <span class='ocrx_word' id='word_1_54' title='bbox 1472 1324 1575 1364; x_wconf 90' lang='lat' dir='ltr'>nec</span> <span class='ocrx_word' id='word_1_55' title='bbox 1600 1306 1671 1364; x_wconf 89' lang='lat' dir='ltr'>ab</span> <span class='ocrx_word' id='word_1_56' title='bbox 1697 1322 1831 1379; x_wconf 85' lang='lat' dir='ltr'>spe-</span> 
     </span>
     <span class='ocr_line' id='line_1_11' title="bbox 469 1386 1831 1461; baseline -0.001 -17"><span class='ocrx_word' id='word_1_57' title='bbox 469 1390 571 1454; x_wconf 89' lang='lat' dir='ltr'>cie,</span> <span class='ocrx_word' id='word_1_58' title='bbox 606 1406 709 1445; x_wconf 91' lang='lat' dir='ltr'>nec</span> <span class='ocrx_word' id='word_1_59' title='bbox 749 1389 818 1445; x_wconf 90' lang='lat' dir='ltr'>ab</span> <span class='ocrx_word' id='word_1_60' title='bbox 848 1388 1175 1446; x_wconf 86' lang='lat' dir='ltr'>intensione</span> <span class='ocrx_word' id='word_1_61' title='bbox 1203 1388 1452 1461; x_wconf 59' lang='lat' dir='ltr'>praedicti</span> <span class='ocrx_word' id='word_1_62' title='bbox 1484 1386 1700 1444; x_wconf 91' lang='lat' dir='ltr'>amoris</span> <span class='ocrx_word' id='word_1_63' title='bbox 1745 1393 1831 1444; x_wconf 94' lang='lat' dir='ltr'>est</span> 
     </span>
     <span class='ocr_line' id='line_1_12' title="bbox 466 1466 1829 1542; baseline 0 -18"><span class='ocrx_word' id='word_1_64' title='bbox 466 1469 824 1542; x_wconf 85' lang='lat' dir='ltr'>separabilis,</span> <span class='ocrx_word' id='word_1_65' title='bbox 859 1469 1093 1542; x_wconf 85' lang='lat' dir='ltr'>produci</span> <span class='ocrx_word' id='word_1_66' title='bbox 1140 1485 1256 1525; x_wconf 90' lang='lat' dir='ltr'>non</span> <span class='ocrx_word' id='word_1_67' title='bbox 1285 1470 1438 1524; x_wconf 86' lang='lat' dir='ltr'>valet</span> <span class='ocrx_word' id='word_1_68' title='bbox 1477 1466 1685 1540; x_wconf 81' lang='lat' dir='ltr'>absque</span> <span class='ocrx_word' id='word_1_69' title='bbox 1731 1467 1829 1524; x_wconf 91' lang='lat' dir='ltr'>in-</span> 
     </span>
     <span class='ocr_line' id='line_1_13' title="bbox 468 1549 1837 1629; baseline 0 -23"><span class='ocrx_word' id='word_1_70' title='bbox 468 1551 621 1607; x_wconf 75' lang='lat' dir='ltr'>fluxu</span> <span class='ocrx_word' id='word_1_71' title='bbox 651 1552 850 1625; x_wconf 68' lang='lat' dir='ltr'>gratia-3</span> <span class='ocrx_word' id='word_1_72' title='bbox 880 1551 1206 1617; x_wconf 74' lang='lat' dir='ltr'>habitualiS,</span> <span class='ocrx_word' id='word_1_73' title='bbox 1239 1549 1309 1606; x_wconf 92' lang='lat' dir='ltr'>ob</span> <span class='ocrx_word' id='word_1_74' title='bbox 1358 1550 1609 1607; x_wconf 89' lang='lat' dir='ltr'>rationes</span> <span class='ocrx_word' id='word_1_75' title='bbox 1655 1565 1837 1629; x_wconf 38' lang='lat' dir='ltr'>supe—-</span> 
     </span>
     <span class='ocr_line' id='line_1_14' title="bbox 470 1629 1827 1702; baseline -0.001 -13"><span class='ocrx_word' id='word_1_76' title='bbox 470 1633 590 1689; x_wconf 88' lang='lat' dir='ltr'>rius</span> <span class='ocrx_word' id='word_1_77' title='bbox 620 1631 811 1689; x_wconf 83' lang='lat' dir='ltr'>factas.</span> <span class='ocrx_word' id='word_1_78' title='bbox 838 1631 923 1687; x_wconf 81' lang='lat' dir='ltr'>Ad</span> <span class='ocrx_word' id='word_1_79' title='bbox 950 1631 1334 1689; x_wconf 89' lang='lat' dir='ltr'>antecedentis</span> <span class='ocrx_word' id='word_1_80' title='bbox 1362 1646 1499 1688; x_wconf 86' lang='lat' dir='ltr'>vero</span> <span class='ocrx_word' id='word_1_81' title='bbox 1535 1629 1827 1702; x_wconf 89' lang='lat' dir='ltr'>probatio-</span> 
     </span>
     <span class='ocr_line' id='line_1_15' title="bbox 467 1711 1823 1785; baseline -0.003 -15"><span class='ocrx_word' id='word_1_82' title='bbox 467 1730 598 1770; x_wconf 88' lang='lat' dir='ltr'>nem</span> <span class='ocrx_word' id='word_1_83' title='bbox 630 1711 933 1768; x_wconf 88' lang='lat' dir='ltr'>dicendum</span> <span class='ocrx_word' id='word_1_84' title='bbox 956 1716 1059 1779; x_wconf 91' lang='lat' dir='ltr'>est,</span> <span class='ocrx_word' id='word_1_85' title='bbox 1089 1711 1238 1785; x_wconf 88' lang='lat' dir='ltr'>quod</span> <span class='ocrx_word' id='word_1_86' title='bbox 1282 1712 1341 1768; x_wconf 92' lang='lat' dir='ltr'>in</span> <span class='ocrx_word' id='word_1_87' title='bbox 1371 1728 1438 1768; x_wconf 92' lang='lat' dir='ltr'>eo</span> <span class='ocrx_word' id='word_1_88' title='bbox 1466 1711 1728 1776; x_wconf 89' lang='lat' dir='ltr'>instanti,</span> <span class='ocrx_word' id='word_1_89' title='bbox 1762 1711 1823 1767; x_wconf 91' lang='lat' dir='ltr'>in</span> 
     </span>
     <span class='ocr_line' id='line_1_16' title="bbox 456 1793 1826 1869; baseline -0.001 -19"><span class='ocrx_word' id='word_1_90' title='bbox 456 1813 573 1869; x_wconf 89' lang='lat' dir='ltr'>-quo</span> <span class='ocrx_word' id='word_1_91' title='bbox 619 1795 823 1867; x_wconf 90' lang='lat' dir='ltr'>gratia,</span> <span class='ocrx_word' id='word_1_92' title='bbox 873 1810 998 1867; x_wconf 80' lang='lat' dir='ltr'>quae</span> <span class='ocrx_word' id='word_1_93' title='bbox 1046 1793 1441 1867; x_wconf 59' lang='lat' dir='ltr'>praeexistebat</span> <span class='ocrx_word' id='word_1_94' title='bbox 1487 1793 1712 1849; x_wconf 89' lang='lat' dir='ltr'>intensa</span> <span class='ocrx_word' id='word_1_95' title='bbox 1765 1798 1826 1849; x_wconf 87' lang='lat' dir='ltr'>ut</span> 
     </span>
     <span class='ocr_line' id='line_1_17' title="bbox 452 1873 1823 1949; baseline -0.001 -18"><span class='ocrx_word' id='word_1_96' title='bbox 452 1880 721 1949; x_wconf 77' lang='lat' dir='ltr'>quatuor,</span> <span class='ocrx_word' id='word_1_97' title='bbox 754 1875 910 1931; x_wconf 90' lang='lat' dir='ltr'>elicit</span> <span class='ocrx_word' id='word_1_98' title='bbox 939 1879 1125 1930; x_wconf 90' lang='lat' dir='ltr'>actum</span> <span class='ocrx_word' id='word_1_99' title='bbox 1149 1875 1442 1929; x_wconf 89' lang='lat' dir='ltr'>intensum</span> <span class='ocrx_word' id='word_1_100' title='bbox 1465 1878 1528 1927; x_wconf 91' lang='lat' dir='ltr'>ut</span> <span class='ocrx_word' id='word_1_101' title='bbox 1548 1879 1689 1939; x_wconf 92' lang='lat' dir='ltr'>octo,</span> <span class='ocrx_word' id='word_1_102' title='bbox 1716 1873 1823 1929; x_wconf 92' lang='lat' dir='ltr'>ha-</span> 
     </span>
     <span class='ocr_line' id='line_1_18' title="bbox 462 1952 1823 2019; baseline -0.003 -8"><span class='ocrx_word' id='word_1_103' title='bbox 462 1955 554 2011; x_wconf 88' lang='lat' dir='ltr'>bet</span> <span class='ocrx_word' id='word_1_104' title='bbox 583 1955 813 2010; x_wconf 88' lang='lat' dir='ltr'>uuicum</span> <span class='ocrx_word' id='word_1_105' title='bbox 841 1960 1084 2019; x_wconf 90' lang='lat' dir='ltr'>tantum,</span> <span class='ocrx_word' id='word_1_106' title='bbox 1111 1959 1167 2010; x_wconf 89' lang='lat' dir='ltr'>et</span> <span class='ocrx_word' id='word_1_107' title='bbox 1195 1952 1612 2009; x_wconf 83' lang='lat' dir='ltr'>indivisibilem</span> <span class='ocrx_word' id='word_1_108' title='bbox 1639 1952 1823 2008; x_wconf 89' lang='lat' dir='ltr'>inten-</span> 
     </span>
     <span class='ocr_line' id='line_1_19' title="bbox 462 2026 1820 2106; baseline -0.003 -14"><span class='ocrx_word' id='word_1_109' title='bbox 462 2036 643 2092; x_wconf 89' lang='lat' dir='ltr'>sionis</span> <span class='ocrx_word' id='word_1_110' title='bbox 669 2026 924 2101; x_wconf 87' lang='lat' dir='ltr'>modum,</span> <span class='ocrx_word' id='word_1_111' title='bbox 970 2049 1178 2106; x_wconf 87' lang='lat' dir='ltr'>nempe</span> <span class='ocrx_word' id='word_1_112' title='bbox 1217 2040 1278 2089; x_wconf 91' lang='lat' dir='ltr'>ut</span> <span class='ocrx_word' id='word_1_113' title='bbox 1318 2038 1457 2099; x_wconf 90' lang='lat' dir='ltr'>octo,</span> <span class='ocrx_word' id='word_1_114' title='bbox 1492 2048 1591 2105; x_wconf 92' lang='lat' dir='ltr'>per</span> <span class='ocrx_word' id='word_1_115' title='bbox 1632 2037 1820 2088; x_wconf 90' lang='lat' dir='ltr'>actum</span> 
     </span>
     <span class='ocr_line' id='line_1_20' title="bbox 469 2113 1821 2179; baseline -0.001 -5"><span class='ocrx_word' id='word_1_116' title='bbox 469 2119 682 2174; x_wconf 89' lang='lat' dir='ltr'>amoris</span> <span class='ocrx_word' id='word_1_117' title='bbox 708 2117 1014 2174; x_wconf 83' lang='lat' dir='ltr'>efficienter</span> <span class='ocrx_word' id='word_1_118' title='bbox 1054 2116 1370 2179; x_wconf 79' lang='lat' dir='ltr'>moraliter,</span> <span class='ocrx_word' id='word_1_119' title='bbox 1406 2113 1669 2172; x_wconf 85' lang='lat' dir='ltr'>videlicet</span> <span class='ocrx_word' id='word_1_120' title='bbox 1696 2131 1821 2172; x_wconf 89' lang='lat' dir='ltr'>me·-</span> 
     </span>
     <span class='ocr_line' id='line_1_21' title="bbox 468 2196 1820 2270; baseline -0.004 -15"><span class='ocrx_word' id='word_1_121' title='bbox 468 2199 667 2256; x_wconf 90' lang='lat' dir='ltr'>ritorie</span> <span class='ocrx_word' id='word_1_122' title='bbox 695 2197 1052 2270; x_wconf 86' lang='lat' dir='ltr'>productum.</span> <span class='ocrx_word' id='word_1_123' title='bbox 1086 2198 1231 2254; x_wconf 90' lang='lat' dir='ltr'>Hinc</span> <span class='ocrx_word' id='word_1_124' title='bbox 1259 2202 1450 2252; x_wconf 89' lang='lat' dir='ltr'>tamen</span> <span class='ocrx_word' id='word_1_125' title='bbox 1481 2211 1600 2252; x_wconf 92' lang='lat' dir='ltr'>non</span> <span class='ocrx_word' id='word_1_126' title='bbox 1624 2196 1820 2269; x_wconf 90' lang='lat' dir='ltr'>requi-</span> 
     </span>
     <span class='ocr_line' id='line_1_22' title="bbox 469 2278 1821 2354; baseline -0.003 -17"><span class='ocrx_word' id='word_1_127' title='bbox 469 2282 631 2342; x_wconf 86' lang='lat' dir='ltr'>ritur,</span> <span class='ocrx_word' id='word_1_128' title='bbox 673 2279 820 2354; x_wconf 91' lang='lat' dir='ltr'>quod</span> <span class='ocrx_word' id='word_1_129' title='bbox 868 2279 1040 2345; x_wconf 91' lang='lat' dir='ltr'>idem,</span> <span class='ocrx_word' id='word_1_130' title='bbox 1085 2285 1141 2337; x_wconf 87' lang='lat' dir='ltr'>et</span> <span class='ocrx_word' id='word_1_131' title='bbox 1185 2278 1498 2337; x_wconf 89' lang='lat' dir='ltr'>secundum</span> <span class='ocrx_word' id='word_1_132' title='bbox 1547 2278 1701 2336; x_wconf 90' lang='lat' dir='ltr'>idem</span> <span class='ocrx_word' id='word_1_133' title='bbox 1746 2278 1821 2334; x_wconf 90' lang='lat' dir='ltr'>sit</span> 
     </span>
     <span class='ocr_line' id='line_1_23' title="bbox 464 2359 1818 2434; baseline -0.003 -14"><span class='ocrx_word' id='word_1_134' title='bbox 464 2365 697 2420; x_wconf 86' lang='lat' dir='ltr'>realiter</span> <span class='ocrx_word' id='word_1_135' title='bbox 739 2362 915 2434; x_wconf 75' lang='lat' dir='ltr'>priuS,</span> <span class='ocrx_word' id='word_1_136' title='bbox 960 2366 1015 2418; x_wconf 91' lang='lat' dir='ltr'>et</span> <span class='ocrx_word' id='word_1_137' title='bbox 1044 2362 1325 2433; x_wconf 83' lang='lat' dir='ltr'>posterius</span> <span class='ocrx_word' id='word_1_138' title='bbox 1371 2361 1485 2417; x_wconf 91' lang='lat' dir='ltr'>alio</span> <span class='ocrx_word' id='word_1_139' title='bbox 1530 2361 1591 2416; x_wconf 91' lang='lat' dir='ltr'>in</span> <span class='ocrx_word' id='word_1_140' title='bbox 1618 2359 1818 2418; x_wconf 90' lang='lat' dir='ltr'>eodem</span> 
     </span>
     <span class='ocr_line' id='line_1_24' title="bbox 454 2441 1820 2519; baseline -0.002 -18"><span class='ocrx_word' id='word_1_141' title='bbox 454 2461 667 2519; x_wconf 85' lang='lat' dir='ltr'>genere</span> <span class='ocrx_word' id='word_1_142' title='bbox 711 2460 889 2499; x_wconf 77' lang='lat' dir='ltr'>causae</span> <span class='ocrx_word' id='word_1_143' title='bbox 915 2443 1228 2507; x_wconf 78' lang='lat' dir='ltr'>efficientiS,</span> <span class='ocrx_word' id='word_1_144' title='bbox 1258 2441 1408 2515; x_wconf 91' lang='lat' dir='ltr'>quod</span> <span class='ocrx_word' id='word_1_145' title='bbox 1456 2442 1686 2499; x_wconf 89' lang='lat' dir='ltr'>videtur</span> <span class='ocrx_word' id='word_1_146' title='bbox 1713 2441 1820 2498; x_wconf 88' lang='lat' dir='ltr'>ab·</span> 
     </span>
     <span class='ocr_line' id='line_1_25' title="bbox 456 2519 1820 2586; baseline -0.003 -7"><span class='ocrx_word' id='word_1_147' title='bbox 456 2522 725 2583; x_wconf 80' lang='lat' dir='ltr'>surdum3</span> <span class='ocrx_word' id='word_1_148' title='bbox 749 2521 905 2578; x_wconf 66' lang='lat' dir='ltr'>adest</span> <span class='ocrx_word' id='word_1_149' title='bbox 924 2522 1081 2578; x_wconf 87' lang='lat' dir='ltr'>enim</span> <span class='ocrx_word' id='word_1_150' title='bbox 1107 2521 1297 2586; x_wconf 90' lang='lat' dir='ltr'>realis,</span> <span class='ocrx_word' id='word_1_151' title='bbox 1322 2526 1379 2576; x_wconf 90' lang='lat' dir='ltr'>et</span> <span class='ocrx_word' id='word_1_152' title='bbox 1405 2520 1687 2577; x_wconf 87' lang='lat' dir='ltr'>sufficiens</span> <span class='ocrx_word' id='word_1_153' title='bbox 1708 2519 1820 2575; x_wconf 91' lang='lat' dir='ltr'>dis-</span> 
     </span>
     <span class='ocr_line' id='line_1_26' title="bbox 461 2602 1819 2676; baseline -0.002 -16"><span class='ocrx_word' id='word_1_154' title='bbox 461 2604 656 2661; x_wconf 85' lang='lat' dir='ltr'>tinctio</span> <span class='ocrx_word' id='word_1_155' title='bbox 700 2604 851 2659; x_wconf 88' lang='lat' dir='ltr'>inter</span> <span class='ocrx_word' id='word_1_156' title='bbox 888 2604 1134 2676; x_wconf 85' lang='lat' dir='ltr'>gratiam</span> <span class='ocrx_word' id='word_1_157' title='bbox 1163 2603 1223 2657; x_wconf 89' lang='lat' dir='ltr'>in</span> <span class='ocrx_word' id='word_1_158' title='bbox 1274 2617 1396 2658; x_wconf 91' lang='lat' dir='ltr'>esse</span> <span class='ocrx_word' id='word_1_159' title='bbox 1444 2602 1733 2674; x_wconf 88' lang='lat' dir='ltr'>principii,</span> <span class='ocrx_word' id='word_1_160' title='bbox 1762 2608 1819 2657; x_wconf 91' lang='lat' dir='ltr'>et</span> 
     </span>
     <span class='ocr_line' id='line_1_27' title="bbox 454 2681 1818 2756; baseline -0.004 -15"><span class='ocrx_word' id='word_1_161' title='bbox 454 2683 698 2741; x_wconf 87' lang='lat' dir='ltr'>eandem</span> <span class='ocrx_word' id='word_1_162' title='bbox 744 2684 988 2756; x_wconf 83' lang='lat' dir='ltr'>gratiam</span> <span class='ocrx_word' id='word_1_163' title='bbox 1038 2682 1103 2737; x_wconf 91' lang='lat' dir='ltr'>in</span> <span class='ocrx_word' id='word_1_164' title='bbox 1147 2697 1268 2738; x_wconf 90' lang='lat' dir='ltr'>esse</span> <span class='ocrx_word' id='word_1_165' title='bbox 1308 2681 1555 2737; x_wconf 82' lang='lat' dir='ltr'>effectus.</span> <span class='ocrx_word' id='word_1_166' title='bbox 1598 2682 1818 2737; x_wconf 85' lang='lat' dir='ltr'>Princi-</span> 
     </span>
     <span class='ocr_line' id='line_1_28' title="bbox 460 2761 1817 2838; baseline -0.001 -19"><span class='ocrx_word' id='word_1_167' title='bbox 460 2765 617 2838; x_wconf 90' lang='lat' dir='ltr'>pium</span> <span class='ocrx_word' id='word_1_168' title='bbox 646 2764 804 2819; x_wconf 91' lang='lat' dir='ltr'>enim</span> <span class='ocrx_word' id='word_1_169' title='bbox 827 2769 911 2819; x_wconf 90' lang='lat' dir='ltr'>est</span> <span class='ocrx_word' id='word_1_170' title='bbox 929 2763 1114 2835; x_wconf 89' lang='lat' dir='ltr'>gratia</span> <span class='ocrx_word' id='word_1_171' title='bbox 1134 2761 1446 2817; x_wconf 88' lang='lat' dir='ltr'>secundum</span> <span class='ocrx_word' id='word_1_172' title='bbox 1468 2778 1633 2818; x_wconf 88' lang='lat' dir='ltr'>suam</span> <span class='ocrx_word' id='word_1_173' title='bbox 1660 2761 1817 2818; x_wconf 90' lang='lat' dir='ltr'>subs-</span> 
     </span>
     <span class='ocr_line' id='line_1_29' title="bbox 455 2844 1816 2916; baseline 0.001 -15"><span class='ocrx_word' id='word_1_174' title='bbox 455 2846 720 2910; x_wconf 84' lang='lat' dir='ltr'>tantiam,</span> <span class='ocrx_word' id='word_1_175' title='bbox 752 2849 807 2901; x_wconf 92' lang='lat' dir='ltr'>et</span> <span class='ocrx_word' id='word_1_176' title='bbox 828 2845 1125 2902; x_wconf 87' lang='lat' dir='ltr'>entitatem</span> <span class='ocrx_word' id='word_1_177' title='bbox 1156 2849 1397 2916; x_wconf 88' lang='lat' dir='ltr'>accepta,</span> <span class='ocrx_word' id='word_1_178' title='bbox 1429 2847 1487 2901; x_wconf 86' lang='lat' dir='ltr'>et</span> <span class='ocrx_word' id='word_1_179' title='bbox 1513 2848 1574 2899; x_wconf 84' lang='lat' dir='ltr'>ut</span> <span class='ocrx_word' id='word_1_180' title='bbox 1593 2844 1816 2903; x_wconf 88' lang='lat' dir='ltr'>elevata</span> 
     </span>
     <span class='ocr_line' id='line_1_30' title="bbox 456 2925 1805 3001; baseline -0.001 -18"><span class='ocrx_word' id='word_1_181' title='bbox 456 2943 558 3001; x_wconf 88' lang='lat' dir='ltr'>per</span> <span class='ocrx_word' id='word_1_182' title='bbox 598 2927 883 2982; x_wconf 88' lang='lat' dir='ltr'>auxilium</span> <span class='ocrx_word' id='word_1_183' title='bbox 912 2926 1010 2983; x_wconf 89' lang='lat' dir='ltr'>Dei</span> <span class='ocrx_word' id='word_1_184' title='bbox 1040 2928 1103 2982; x_wconf 91' lang='lat' dir='ltr'>in</span> <span class='ocrx_word' id='word_1_185' title='bbox 1150 2925 1446 2983; x_wconf 87' lang='lat' dir='ltr'>voluntate</span> <span class='ocrx_word' id='word_1_186' title='bbox 1474 2931 1763 2997; x_wconf 91' lang='lat' dir='ltr'>receptum</span> <span class='ocrx_word' id='word_1_187' title='bbox 1790 2951 1805 2995; x_wconf 81' lang='lat'><em>3</em></span> 
     </span>
     <span class='ocr_line' id='line_1_31' title="bbox 420 3005 1817 3082; baseline 0.001 -18"><span class='ocrx_word' id='word_1_188' title='bbox 420 3077 425 3082; x_wconf 6' lang='lat' dir='ltr'>g</span> <span class='ocrx_word' id='word_1_189' title='bbox 453 3010 596 3082; x_wconf 89' lang='lat' dir='ltr'>quin</span> <span class='ocrx_word' id='word_1_190' title='bbox 625 3008 827 3066; x_wconf 87' lang='lat' dir='ltr'>modus</span> <span class='ocrx_word' id='word_1_191' title='bbox 849 3007 1195 3065; x_wconf 85' lang='lat' dir='ltr'>intensionis</span> <span class='ocrx_word' id='word_1_192' title='bbox 1218 3005 1281 3063; x_wconf 87' lang='lat' dir='ltr'>in</span> <span class='ocrx_word' id='word_1_193' title='bbox 1301 3024 1368 3064; x_wconf 92' lang='lat' dir='ltr'>eo</span> <span class='ocrx_word' id='word_1_194' title='bbox 1396 3007 1637 3065; x_wconf 90' lang='lat' dir='ltr'>instanti</span> <span class='ocrx_word' id='word_1_195' title='bbox 1659 3008 1817 3066; x_wconf 86' lang='lat' dir='ltr'>exis-</span> 
     </span>
     <span class='ocr_line' id='line_1_32' title="bbox 456 3088 1817 3161; baseline 0.002 -17"><span class='ocrx_word' id='word_1_196' title='bbox 456 3095 582 3146; x_wconf 83' lang='lat' dir='ltr'>tens</span> <span class='ocrx_word' id='word_1_197' title='bbox 602 3106 662 3146; x_wconf 91' lang='lat' dir='ltr'>se</span> <span class='ocrx_word' id='word_1_198' title='bbox 688 3094 874 3147; x_wconf 90' lang='lat' dir='ltr'>teneat</span> <span class='ocrx_word' id='word_1_199' title='bbox 901 3103 969 3145; x_wconf 86' lang='lat' dir='ltr'>ex</span> <span class='ocrx_word' id='word_1_200' title='bbox 999 3093 1159 3160; x_wconf 89' lang='lat' dir='ltr'>parte</span> <span class='ocrx_word' id='word_1_201' title='bbox 1188 3088 1481 3161; x_wconf 91' lang='lat' dir='ltr'>principii.</span> <span class='ocrx_word' id='word_1_202' title='bbox 1515 3091 1606 3146; x_wconf 89' lang='lat' dir='ltr'>vel</span> <span class='ocrx_word' id='word_1_203' title='bbox 1635 3089 1817 3147; x_wconf 85' lang='lat' dir='ltr'>active</span> 
     </span>
     <span class='ocr_line' id='line_1_33' title="bbox 457 3167 1817 3226; baseline 0 0"><span class='ocrx_word' id='word_1_204' title='bbox 457 3176 765 3226; x_wconf 69' lang='lat' dir='ltr'>concurrat·</span> <span class='ocrx_word' id='word_1_205' title='bbox 781 3169 847 3226; x_wconf 89' lang='lat' dir='ltr'>ad</span> <span class='ocrx_word' id='word_1_206' title='bbox 873 3184 1150 3225; x_wconf 89' lang='lat' dir='ltr'>amorem.</span> <span class='ocrx_word' id='word_1_207' title='bbox 1183 3167 1426 3224; x_wconf 77' lang='lat' dir='ltr'>Effectus</span> <span class='ocrx_word' id='word_1_208' title='bbox 1447 3185 1586 3226; x_wconf 84' lang='lat' dir='ltr'>vero</span> <span class='ocrx_word' id='word_1_209' title='bbox 1609 3185 1711 3226; x_wconf 89' lang='lat' dir='ltr'>nec</span> <span class='ocrx_word' id='word_1_210' title='bbox 1731 3176 1817 3226; x_wconf 90' lang='lat' dir='ltr'>est</span> 
     </span>
     <span class='ocr_line' id='line_1_34' title="bbox 456 3251 1817 3326; baseline 0.001 -18"><span class='ocrx_word' id='word_1_211' title='bbox 456 3255 641 3326; x_wconf 89' lang='lat' dir='ltr'>gratia</span> <span class='ocrx_word' id='word_1_212' title='bbox 668 3251 981 3310; x_wconf 89' lang='lat' dir='ltr'>secundum</span> <span class='ocrx_word' id='word_1_213' title='bbox 1008 3251 1306 3307; x_wconf 87' lang='lat' dir='ltr'>entitatem</span> <span class='ocrx_word' id='word_1_214' title='bbox 1330 3257 1572 3324; x_wconf 88' lang='lat' dir='ltr'>accepta,</span> <span class='ocrx_word' id='word_1_215' title='bbox 1605 3251 1817 3325; x_wconf 91' lang='lat' dir='ltr'>quippe</span> 
     </span>
     <span class='ocr_line' id='line_1_35' title="bbox 372 3325 1817 3409; baseline 0 -19"><span class='ocrx_word' id='word_1_216' title='bbox 372 3325 376 3330; x_wconf 71' lang='grc'><strong>’</strong></span> <span class='ocrx_word' id='word_1_217' title='bbox 454 3352 580 3409; x_wconf 79' lang='lat' dir='ltr'>quae</span> <span class='ocrx_word' id='word_1_218' title='bbox 604 3331 1145 3408; x_wconf 82' lang='lat' dir='ltr'>praesupponebatur</span> <span class='ocrx_word' id='word_1_219' title='bbox 1167 3330 1466 3405; x_wconf 86' lang='lat' dir='ltr'>producta;</span> <span class='ocrx_word' id='word_1_220' title='bbox 1494 3349 1596 3390; x_wconf 91' lang='lat' dir='ltr'>nec</span> <span class='ocrx_word' id='word_1_221' title='bbox 1614 3340 1698 3390; x_wconf 88' lang='lat' dir='ltr'>est</span> <span class='ocrx_word' id='word_1_222' title='bbox 1720 3351 1817 3391; x_wconf 88' lang='lat' dir='ltr'>au·</span> 
     </span>
     <span class='ocr_line' id='line_1_36' title="bbox 457 3412 1816 3485; baseline -0.001 -12"><span class='ocrx_word' id='word_1_223' title='bbox 457 3417 667 3473; x_wconf 86' lang='lat' dir='ltr'>xilium</span> <span class='ocrx_word' id='word_1_224' title='bbox 692 3417 809 3482; x_wconf 90' lang='lat' dir='ltr'>Dei,</span> <span class='ocrx_word' id='word_1_225' title='bbox 834 3414 933 3471; x_wconf 86' lang='lat' dir='ltr'>sed</span> <span class='ocrx_word' id='word_1_226' title='bbox 958 3418 1042 3470; x_wconf 90' lang='lat' dir='ltr'>est</span> <span class='ocrx_word' id='word_1_227' title='bbox 1062 3413 1292 3485; x_wconf 82' lang='lat' dir='ltr'>praecise</span> <span class='ocrx_word' id='word_1_228' title='bbox 1319 3412 1523 3470; x_wconf 89' lang='lat' dir='ltr'>modus</span> <span class='ocrx_word' id='word_1_229' title='bbox 1546 3414 1816 3472; x_wconf 90' lang='lat' dir='ltr'>intensio-</span> 
     </span>
     <span class='ocr_line' id='line_1_37' title="bbox 459 3492 1817 3569; baseline -0.002 -16"><span class='ocrx_word' id='word_1_230' title='bbox 459 3498 549 3553; x_wconf 91' lang='lat' dir='ltr'>nis</span> <span class='ocrx_word' id='word_1_231' title='bbox 578 3503 638 3552; x_wconf 93' lang='lat' dir='ltr'>ut</span> <span class='ocrx_word' id='word_1_232' title='bbox 663 3503 803 3563; x_wconf 90' lang='lat' dir='ltr'>oct0,</span> <span class='ocrx_word' id='word_1_233' title='bbox 835 3496 931 3567; x_wconf 89' lang='lat' dir='ltr'>qui</span> <span class='ocrx_word' id='word_1_234' title='bbox 961 3511 994 3550; x_wconf 88' lang='lat' dir='ltr'>a</span> <span class='ocrx_word' id='word_1_235' title='bbox 1013 3492 1199 3569; x_wconf 89' lang='lat' dir='ltr'>gratia</span> <span class='ocrx_word' id='word_1_236' title='bbox 1242 3495 1476 3551; x_wconf 86' lang='lat' dir='ltr'>realiter</span> <span class='ocrx_word' id='word_1_237' title='bbox 1509 3494 1817 3551; x_wconf 89' lang='lat' dir='ltr'>modaliter</span> 
     </span>
     <span class='ocr_line' id='line_1_38' title="bbox 457 3575 1814 3650; baseline -0.001 -16"><span class='ocrx_word' id='word_1_238' title='bbox 457 3578 673 3646; x_wconf 84' lang='lat' dir='ltr'>differt,</span> <span class='ocrx_word' id='word_1_239' title='bbox 698 3580 789 3636; x_wconf 82' lang='lat' dir='ltr'>vel</span> <span class='ocrx_word' id='word_1_240' title='bbox 812 3579 933 3650; x_wconf 89' lang='lat' dir='ltr'>ipsa</span> <span class='ocrx_word' id='word_1_241' title='bbox 953 3576 1139 3649; x_wconf 89' lang='lat' dir='ltr'>gratia</span> <span class='ocrx_word' id='word_1_242' title='bbox 1161 3580 1222 3632; x_wconf 91' lang='lat' dir='ltr'>ut</span> <span class='ocrx_word' id='word_1_243' title='bbox 1245 3575 1490 3648; x_wconf 85' lang='lat' dir='ltr'>perfecta</span> <span class='ocrx_word' id='word_1_244' title='bbox 1513 3591 1614 3648; x_wconf 89' lang='lat' dir='ltr'>per</span> <span class='ocrx_word' id='word_1_245' title='bbox 1642 3576 1814 3632; x_wconf 90' lang='lat' dir='ltr'>illum</span> 
     </span>
     <span class='ocr_line' id='line_1_39' title="bbox 457 3657 1814 3731; baseline -0.001 -16"><span class='ocrx_word' id='word_1_246' title='bbox 457 3659 714 3717; x_wconf 89' lang='lat' dir='ltr'>modum.</span> <span class='ocrx_word' id='word_1_247' title='bbox 759 3657 1036 3724; x_wconf 84' lang='lat' dir='ltr'>Quamvis</span> <span class='ocrx_word' id='word_1_248' title='bbox 1080 3663 1272 3714; x_wconf 89' lang='lat' dir='ltr'>autem</span> <span class='ocrx_word' id='word_1_249' title='bbox 1320 3663 1615 3731; x_wconf 80' lang='lat' dir='ltr'>repugnet,</span> <span class='ocrx_word' id='word_1_250' title='bbox 1666 3658 1814 3731; x_wconf 90' lang='lat' dir='ltr'>quod</span> 
     </span>
     <span class='ocr_line' id='line_1_40' title="bbox 457 3739 1815 3808; baseline -0.001 -10"><span class='ocrx_word' id='word_1_251' title='bbox 457 3741 631 3808; x_wconf 86' lang='lat' dir='ltr'>idom,</span> <span class='ocrx_word' id='word_1_252' title='bbox 661 3747 717 3799; x_wconf 92' lang='lat' dir='ltr'>et</span> <span class='ocrx_word' id='word_1_253' title='bbox 741 3740 1055 3797; x_wconf 83' lang='lat' dir='ltr'>secundum</span> <span class='ocrx_word' id='word_1_254' title='bbox 1096 3739 1338 3797; x_wconf 89' lang='lat' dir='ltr'>eandem</span> <span class='ocrx_word' id='word_1_255' title='bbox 1381 3740 1615 3796; x_wconf 83' lang='lat' dir='ltr'>realiter</span> <span class='ocrx_word' id='word_1_256' title='bbox 1644 3741 1815 3797; x_wconf 91' lang='lat' dir='ltr'>ratio-</span> 
     </span>
     <span class='ocr_line' id='line_1_41' title="bbox 458 3823 1814 3896; baseline -0.001 -17"><span class='ocrx_word' id='word_1_257' title='bbox 458 3840 589 3880; x_wconf 89' lang='lat' dir='ltr'>nem</span> <span class='ocrx_word' id='word_1_258' title='bbox 631 3824 704 3878; x_wconf 88' lang='lat' dir='ltr'>sit</span> <span class='ocrx_word' id='word_1_259' title='bbox 746 3824 925 3896; x_wconf 74' lang='lat' dir='ltr'>priuS,</span> <span class='ocrx_word' id='word_1_260' title='bbox 968 3828 1024 3880; x_wconf 89' lang='lat' dir='ltr'>et</span> <span class='ocrx_word' id='word_1_261' title='bbox 1052 3823 1350 3896; x_wconf 78' lang='lat' dir='ltr'>posteriuS,</span> <span class='ocrx_word' id='word_1_262' title='bbox 1383 3838 1569 3896; x_wconf 62' lang='lat' dir='ltr'>agens</span> <span class='ocrx_word' id='word_1_263' title='bbox 1601 3827 1657 3878; x_wconf 91' lang='lat' dir='ltr'>et</span> <span class='ocrx_word' id='word_1_264' title='bbox 1684 3839 1814 3896; x_wconf 87' lang='lat' dir='ltr'>pas·</span> 
     </span>
     <span class='ocr_line' id='line_1_42' title="bbox 452 3902 1815 3976; baseline -0.001 -16"><span class='ocrx_word' id='word_1_265' title='bbox 452 3921 617 3970; x_wconf 82' lang='lat' dir='ltr'>sum;</span> <span class='ocrx_word' id='word_1_266' title='bbox 650 3903 896 3960; x_wconf 90' lang='lat' dir='ltr'>minime</span> <span class='ocrx_word' id='word_1_267' title='bbox 940 3909 1135 3960; x_wconf 88' lang='lat' dir='ltr'>tamen</span> <span class='ocrx_word' id='word_1_268' title='bbox 1186 3904 1461 3976; x_wconf 89' lang='lat' dir='ltr'>implicat,</span> <span class='ocrx_word' id='word_1_269' title='bbox 1505 3903 1654 3975; x_wconf 90' lang='lat' dir='ltr'>quod</span> <span class='ocrx_word' id='word_1_270' title='bbox 1694 3902 1815 3960; x_wconf 81' lang='lat' dir='ltr'>haec</span> 
     </span>
     <span class='ocr_line' id='line_1_43' title="bbox 451 3984 1814 4057; baseline -0.001 -15"><span class='ocrx_word' id='word_1_271' title='bbox 451 3988 657 4043; x_wconf 88' lang='lat' dir='ltr'>munia</span> <span class='ocrx_word' id='word_1_272' title='bbox 685 3990 909 4057; x_wconf 65' lang='lat' dir='ltr'>praestet</span> <span class='ocrx_word' id='word_1_273' title='bbox 954 3984 1268 4042; x_wconf 90' lang='lat' dir='ltr'>secundum</span> <span class='ocrx_word' id='word_1_274' title='bbox 1296 3984 1552 4043; x_wconf 86' lang='lat' dir='ltr'>diversas</span> <span class='ocrx_word' id='word_1_275' title='bbox 1581 3985 1814 4042; x_wconf 87' lang='lat' dir='ltr'>realiter</span> 
     </span>
     <span class='ocr_line' id='line_1_44' title="bbox 455 4064 1813 4138; baseline -0.001 -15"><span class='ocrx_word' id='word_1_276' title='bbox 455 4068 724 4123; x_wconf 80' lang='lat' dir='ltr'>rationes,</span> <span class='ocrx_word' id='word_1_277' title='bbox 759 4066 849 4120; x_wconf 92' lang='lat' dir='ltr'>Sic</span> <span class='ocrx_word' id='word_1_278' title='bbox 874 4066 1033 4121; x_wconf 90' lang='lat' dir='ltr'>enim</span> <span class='ocrx_word' id='word_1_279' title='bbox 1065 4066 1388 4122; x_wconf 88' lang='lat' dir='ltr'>intellectus</span> <span class='ocrx_word' id='word_1_280' title='bbox 1428 4064 1716 4138; x_wconf 89' lang='lat' dir='ltr'>possibilis</span> <span class='ocrx_word' id='word_1_281' title='bbox 1742 4080 1813 4121; x_wconf 83' lang='lat' dir='ltr'>ex</span> 
     </span>
     <span class='ocr_line' id='line_1_45' title="bbox 453 4147 1813 4221; baseline -0.001 -17"><span class='ocrx_word' id='word_1_282' title='bbox 453 4149 707 4205; x_wconf 87' lang='lat' dir='ltr'>motione</span> <span class='ocrx_word' id='word_1_283' title='bbox 743 4148 1063 4203; x_wconf 90' lang='lat' dir='ltr'>intellectus</span> <span class='ocrx_word' id='word_1_284' title='bbox 1111 4148 1330 4221; x_wconf 88' lang='lat' dir='ltr'>agentis</span> <span class='ocrx_word' id='word_1_285' title='bbox 1377 4147 1635 4220; x_wconf 87' lang='lat' dir='ltr'>producit</span> <span class='ocrx_word' id='word_1_286' title='bbox 1665 4147 1726 4201; x_wconf 92' lang='lat' dir='ltr'>in</span> <span class='ocrx_word' id='word_1_287' title='bbox 1752 4161 1813 4203; x_wconf 81' lang='lat' dir='ltr'>se</span> 
     </span>
     <span class='ocr_line' id='line_1_46' title="bbox 454 4226 1813 4303; baseline -0.002 -19"><span class='ocrx_word' id='word_1_288' title='bbox 454 4227 701 4297; x_wconf 87' lang='lat' dir='ltr'>habitus,</span> <span class='ocrx_word' id='word_1_289' title='bbox 733 4243 874 4303; x_wconf 88' lang='lat' dir='ltr'>quos</span> <span class='ocrx_word' id='word_1_290' title='bbox 910 4231 1102 4283; x_wconf 89' lang='lat' dir='ltr'>tamen</span> <span class='ocrx_word' id='word_1_291' title='bbox 1131 4226 1442 4284; x_wconf 89' lang='lat' dir='ltr'>secundum</span> <span class='ocrx_word' id='word_1_292' title='bbox 1470 4243 1531 4283; x_wconf 91' lang='lat' dir='ltr'>se</span> <span class='ocrx_word' id='word_1_293' title='bbox 1558 4233 1813 4299; x_wconf 90' lang='lat' dir='ltr'>acceptus</span> 
     </span>
     <span class='ocr_line' id='line_1_47' title="bbox 456 4303 1813 4380; baseline -0.002 -16"><span class='ocrx_word' id='word_1_294' title='bbox 456 4308 675 4380; x_wconf 81' lang='lat' dir='ltr'>recipit,</span> <span class='ocrx_word' id='word_1_295' title='bbox 708 4313 764 4364; x_wconf 88' lang='lat' dir='ltr'>et</span> <span class='ocrx_word' id='word_1_296' title='bbox 793 4323 894 4380; x_wconf 89' lang='lat' dir='ltr'>per</span> <span class='ocrx_word' id='word_1_297' title='bbox 920 4322 1014 4362; x_wconf 91' lang='lat' dir='ltr'>eos</span> <span class='ocrx_word' id='word_1_298' title='bbox 1044 4303 1336 4378; x_wconf 85' lang='lat' dir='ltr'>perficitur</span> <span class='ocrx_word' id='word_1_299' title='bbox 1381 4328 1394 4363; x_wconf 76' lang='grc' dir='ltr'><strong><em>ε</em></strong></span> <span class='ocrx_word' id='word_1_300' title='bbox 1423 4311 1479 4363; x_wconf 90' lang='lat' dir='ltr'>et</span> <span class='ocrx_word' id='word_1_301' title='bbox 1526 4305 1680 4363; x_wconf 91' lang='lat' dir='ltr'>idem</span> <span class='ocrx_word' id='word_1_302' title='bbox 1709 4322 1813 4378; x_wconf 89' lang='lat' dir='ltr'>po-</span> 
     </span>
     <span class='ocr_line' id='line_1_48' title="bbox 454 4386 1813 4461; baseline -0.001 -18"><span class='ocrx_word' id='word_1_303' title='bbox 454 4391 562 4444; x_wconf 86' lang='lat' dir='ltr'>test</span> <span class='ocrx_word' id='word_1_304' title='bbox 581 4388 857 4459; x_wconf 88' lang='lat' dir='ltr'>explicari</span> <span class='ocrx_word' id='word_1_305' title='bbox 883 4387 1013 4444; x_wconf 89' lang='lat' dir='ltr'>aliis</span> <span class='ocrx_word' id='word_1_306' title='bbox 1027 4387 1327 4459; x_wconf 76' lang='lat' dir='ltr'>exemplis„</span> <span class='ocrx_word' id='word_1_307' title='bbox 1346 4404 1471 4461; x_wconf 85' lang='lat' dir='ltr'>quae</span> <span class='ocrx_word' id='word_1_308' title='bbox 1501 4387 1665 4445; x_wconf 81' lang='lat' dir='ltr'>facile</span> <span class='ocrx_word' id='word_1_309' title='bbox 1685 4386 1813 4461; x_wconf 89' lang='lat' dir='ltr'>quis</span> 
     </span>
     <span class='ocr_line' id='line_1_49' title="bbox 456 4469 729 4524; baseline -0.007 0"><span class='ocrx_word' id='word_1_310' title='bbox 456 4469 729 4524; x_wconf 84' lang='lat' dir='ltr'>inveniet.</span> 
     </span>
    </p>

    <p class='ocr_par' dir='ltr' id='par_1_3' title="bbox 236 4547 1812 4865">
     <span class='ocr_line' id='line_1_50' title="bbox 530 4547 1809 4620; baseline -0.001 -15"><span class='ocrx_word' id='word_1_311' title='bbox 530 4550 657 4605; x_wconf 74' lang='lat'><strong>245.</strong></span> <span class='ocrx_word' id='word_1_312' title='bbox 711 4548 875 4604; x_wconf 89' lang='lat' dir='ltr'>Unde</span> <span class='ocrx_word' id='word_1_313' title='bbox 925 4548 1098 4605; x_wconf 90' lang='lat' dir='ltr'>etiam</span> <span class='ocrx_word' id='word_1_314' title='bbox 1148 4553 1300 4620; x_wconf 87' lang='lat' dir='ltr'>patet</span> <span class='ocrx_word' id='word_1_315' title='bbox 1344 4547 1414 4604; x_wconf 91' lang='lat' dir='ltr'>ad</span> <span class='ocrx_word' id='word_1_316' title='bbox 1472 4548 1809 4605; x_wconf 88' lang='lat' dir='ltr'>instantiam</span> 
     </span>
     <span class='ocr_line' id='line_1_51' title="bbox 254 4629 1812 4722; baseline 0 -37"><span class='ocrx_word' id='word_1_317' title='bbox 254 4634 425 4722; x_wconf 56' lang='lat' dir='ltr'>gffiffif)</span> <span class='ocrx_word' id='word_1_318' title='bbox 456 4647 609 4686; x_wconf 82' lang='lat' dir='ltr'>num.</span> <span class='ocrx_word' id='word_1_319' title='bbox 642 4630 741 4684; x_wconf 78' lang='grc'>241</span> <span class='ocrx_word' id='word_1_320' title='bbox 783 4629 1152 4700; x_wconf 89' lang='lat' dir='ltr'>propositam,</span> <span class='ocrx_word' id='word_1_321' title='bbox 1175 4634 1454 4702; x_wconf 89' lang='lat' dir='ltr'>quatenus</span> <span class='ocrx_word' id='word_1_322' title='bbox 1476 4634 1660 4701; x_wconf 89' lang='lat' dir='ltr'>posset</span> <span class='ocrx_word' id='word_1_323' title='bbox 1680 4629 1812 4685; x_wconf 90' lang='lat' dir='ltr'>huic</span> 
     </span>
     <span class='ocr_line' id='line_1_52' title="bbox 236 4708 1811 4777; baseline 0.001 -12"><span class='ocrx_word' id='word_1_324' title='bbox 236 4732 439 4767; x_wconf 78' lang='lat' dir='ltr'>casussu-</span> <span class='ocrx_word' id='word_1_325' title='bbox 454 4709 729 4767; x_wconf 70' lang='lat' dir='ltr'>doctrinae</span> <span class='ocrx_word' id='word_1_326' title='bbox 777 4708 1100 4777; x_wconf 83' lang='lat' dir='ltr'>adversari3</span> <span class='ocrx_word' id='word_1_327' title='bbox 1133 4709 1379 4767; x_wconf 89' lang='lat' dir='ltr'>libenter</span> <span class='ocrx_word' id='word_1_328' title='bbox 1406 4710 1565 4768; x_wconf 91' lang='lat' dir='ltr'>enim</span> <span class='ocrx_word' id='word_1_329' title='bbox 1612 4723 1811 4766; x_wconf 89' lang='lat' dir='ltr'>conce-</span> 
     </span>
     <span class='ocr_line' id='line_1_53' title="bbox 260 4780 1811 4865; baseline -0.002 -18"><span class='ocrx_word' id='word_1_330' title='bbox 260 4780 415 4865; x_wconf 60' lang='grc' dir='ltr'>Ἢξξο·</span> <span class='ocrx_word' id='word_1_331' title='bbox 453 4791 665 4857; x_wconf 79' lang='lat' dir='ltr'>dimuS,</span> <span class='ocrx_word' id='word_1_332' title='bbox 690 4790 1097 4847; x_wconf 90' lang='lat' dir='ltr'>contritionem</span> <span class='ocrx_word' id='word_1_333' title='bbox 1119 4789 1263 4859; x_wconf 89' lang='lat' dir='ltr'>(sive</span> <span class='ocrx_word' id='word_1_334' title='bbox 1281 4789 1546 4846; x_wconf 80' lang='lat' dir='ltr'>eliciatur</span> <span class='ocrx_word' id='word_1_335' title='bbox 1567 4794 1698 4845; x_wconf 90' lang='lat' dir='ltr'>ante</span> <span class='ocrx_word' id='word_1_336' title='bbox 1718 4789 1811 4844; x_wconf 90' lang='lat' dir='ltr'>ul-</span> 
     </span>
    </p>

    <p class='ocr_par' dir='ltr' id='par_1_4' title="bbox 449 4869 1811 5104">
     <span class='ocr_line' id='line_1_54' title="bbox 450 4869 1811 4943; baseline -0.001 -17"><span class='ocrx_word' id='word_1_337' title='bbox 450 4873 661 4929; x_wconf 91' lang='lat' dir='ltr'>timum</span> <span class='ocrx_word' id='word_1_338' title='bbox 688 4873 929 4934; x_wconf 88' lang='lat' dir='ltr'>instans,</span> <span class='ocrx_word' id='word_1_339' title='bbox 952 4870 1014 4926; x_wconf 92' lang='lat' dir='ltr'>in</span> <span class='ocrx_word' id='word_1_340' title='bbox 1035 4887 1145 4943; x_wconf 91' lang='lat' dir='ltr'>quo</span> <span class='ocrx_word' id='word_1_341' title='bbox 1167 4869 1460 4942; x_wconf 85' lang='lat' dir='ltr'>perficitur</span> <span class='ocrx_word' id='word_1_342' title='bbox 1480 4872 1811 4927; x_wconf 89' lang='lat' dir='ltr'>Sacramen-</span> 
     </span>
     <span class='ocr_line' id='line_1_55' title="bbox 453 4951 1808 5024; baseline -0.001 -16"><span class='ocrx_word' id='word_1_343' title='bbox 453 4958 573 5008; x_wconf 91' lang='lat' dir='ltr'>tum</span> <span class='ocrx_word' id='word_1_344' title='bbox 618 4952 1011 5018; x_wconf 76' lang='lat' dir='ltr'>Poenitentiae;</span> <span class='ocrx_word' id='word_1_345' title='bbox 1053 4951 1176 5006; x_wconf 82' lang='lat' dir='ltr'>sive</span> <span class='ocrx_word' id='word_1_346' title='bbox 1222 4951 1412 5024; x_wconf 90' lang='lat' dir='ltr'>primo</span> <span class='ocrx_word' id='word_1_347' title='bbox 1456 4952 1719 5008; x_wconf 87' lang='lat' dir='ltr'>eliciatur</span> <span class='ocrx_word' id='word_1_348' title='bbox 1747 4951 1808 5006; x_wconf 91' lang='lat' dir='ltr'>in</span> 
     </span>
     <span class='ocr_line' id='line_1_56' title="bbox 449 5032 1809 5104; baseline 0 -16"><span class='ocrx_word' id='word_1_349' title='bbox 449 5032 648 5090; x_wconf 88' lang='lat' dir='ltr'>eodem</span> <span class='ocrx_word' id='word_1_350' title='bbox 699 5035 960 5104; x_wconf 88' lang='lat' dir='ltr'>instanti)</span> <span class='ocrx_word' id='word_1_351' title='bbox 999 5048 1342 5091; x_wconf 88' lang='lat' dir='ltr'>concurrere</span> <span class='ocrx_word' id='word_1_352' title='bbox 1369 5033 1550 5089; x_wconf 85' lang='lat' dir='ltr'>active</span> <span class='ocrx_word' id='word_1_353' title='bbox 1590 5032 1809 5089; x_wconf 86' lang='lat' dir='ltr'>instru-</span> 
     </span>
    </p>
   </div>
   <div class='ocr_carea' id='block_1_3' title="bbox 260 4573 420 4627">
    <p class='ocr_par' dir='ltr' id='par_1_5' title="bbox 260 4573 420 4627">
     <span class='ocr_line' id='line_1_57' title="bbox 260 4573 420 4627; baseline 0 -11"><span class='ocrx_word' id='word_1_354' title='bbox 260 4573 420 4627; x_wconf 78' lang='lat' dir='ltr'>Legiti-</span> 
     </span>
    </p>
   </div>
   <div class='ocr_carea' id='block_1_4' title="bbox 1424 410 2375 467">
    <p class='ocr_par' dir='ltr' id='par_1_6' title="bbox 1424 410 2375 467">
     <span class='ocr_line' id='line_1_58' title="bbox 1424 410 2375 467; baseline 0.004 -4"><span class='ocrx_word' id='word_1_355' title='bbox 1424 411 1516 463; x_wconf 77' lang='lat' dir='ltr'>DE</span> <span class='ocrx_word' id='word_1_356' title='bbox 1554 410 2134 464; x_wconf 73' lang='lat' dir='ltr'>JUST1FICAT10NE</span> <span class='ocrx_word' id='word_1_357' title='bbox 2175 413 2375 467; x_wconf 80' lang='lat' dir='ltr'>IMl&#39;II.</span> 
     </span>
    </p>
   </div>
   <div class='ocr_carea' id='block_1_5' title="bbox 1972 550 3330 658">
    <p class='ocr_par' dir='ltr' id='par_1_7' title="bbox 1972 550 3330 658">
     <span class='ocr_line' id='line_1_59' title="bbox 1972 550 3330 658; baseline 0 -21"><span class='ocrx_word' id='word_1_358' title='bbox 1972 583 2301 644; x_wconf 86' lang='lat' dir='ltr'>mentaliter</span> <span class='ocrx_word' id='word_1_359' title='bbox 2349 584 2577 658; x_wconf 79' lang='lat' dir='ltr'>physice</span> <span class='ocrx_word' id='word_1_360' title='bbox 2622 583 2692 640; x_wconf 83' lang='lat' dir='ltr'>ad</span> <span class='ocrx_word' id='word_1_361' title='bbox 2743 584 2990 655; x_wconf 82' lang='lat' dir='ltr'>gratiam</span> <span class='ocrx_word' id='word_1_362' title='bbox 3039 588 3100 638; x_wconf 91' lang='lat' dir='ltr'>ut</span> <span class='ocrx_word' id='word_1_363' title='bbox 3147 550 3330 656; x_wconf 89' lang='lat' dir='ltr'>magis</span> 
     </span>
    </p>
   </div>
   <div class='ocr_carea' id='block_1_6' title="bbox 1941 663 3327 5026">
    <p class='ocr_par' dir='ltr' id='par_1_8' title="bbox 1941 663 3327 5026">
     <span class='ocr_line' id='line_1_60' title="bbox 1970 663 3327 733; baseline 0.001 -15"><span class='ocrx_word' id='word_1_364' title='bbox 1970 663 2300 733; x_wconf 83' lang='lat' dir='ltr'>perfectam,</span> <span class='ocrx_word' id='word_1_365' title='bbox 2326 665 2449 721; x_wconf 90' lang='lat' dir='ltr'>sive</span> <span class='ocrx_word' id='word_1_366' title='bbox 2465 663 2533 721; x_wconf 90' lang='lat' dir='ltr'>ad</span> <span class='ocrx_word' id='word_1_367' title='bbox 2559 664 2793 721; x_wconf 89' lang='lat' dir='ltr'>modum</span> <span class='ocrx_word' id='word_1_368' title='bbox 2818 663 3194 720; x_wconf 85' lang='lat' dir='ltr'>intensionis:</span> <span class='ocrx_word' id='word_1_369' title='bbox 3222 678 3327 719; x_wconf 90' lang='lat' dir='ltr'>ne-</span> 
     </span>
     <span class='ocr_line' id='line_1_61' title="bbox 1966 743 3326 820; baseline 0.001 -21"><span class='ocrx_word' id='word_1_370' title='bbox 1966 759 2167 817; x_wconf 82' lang='lat' dir='ltr'>gamus</span> <span class='ocrx_word' id='word_1_371' title='bbox 2195 749 2407 813; x_wconf 89' lang='lat' dir='ltr'>tamen,</span> <span class='ocrx_word' id='word_1_372' title='bbox 2437 746 2587 820; x_wconf 88' lang='lat' dir='ltr'>quod</span> <span class='ocrx_word' id='word_1_373' title='bbox 2631 746 2836 803; x_wconf 84' lang='lat' dir='ltr'>efficiat</span> <span class='ocrx_word' id='word_1_374' title='bbox 2882 743 3066 801; x_wconf 85' lang='lat' dir='ltr'>adhuc</span> <span class='ocrx_word' id='word_1_375' title='bbox 3104 745 3326 802; x_wconf 89' lang='lat' dir='ltr'>instru-</span> 
     </span>
     <span class='ocr_line' id='line_1_62' title="bbox 1967 826 3325 900; baseline 0.001 -20"><span class='ocrx_word' id='word_1_376' title='bbox 1967 827 2298 883; x_wconf 89' lang='lat' dir='ltr'>mentaliter</span> <span class='ocrx_word' id='word_1_377' title='bbox 2345 828 2531 900; x_wconf 88' lang='lat' dir='ltr'>ipsam</span> <span class='ocrx_word' id='word_1_378' title='bbox 2576 828 2776 900; x_wconf 76' lang='lat' dir='ltr'>gratiae</span> <span class='ocrx_word' id='word_1_379' title='bbox 2813 826 3194 883; x_wconf 87' lang='lat' dir='ltr'>substantiam</span> <span class='ocrx_word' id='word_1_380' title='bbox 3227 831 3325 883; x_wconf 91' lang='lat' dir='ltr'>:et</span> 
     </span>
     <span class='ocr_line' id='line_1_63' title="bbox 1967 904 3320 980; baseline 0.002 -21"><span class='ocrx_word' id='word_1_381' title='bbox 1967 904 2070 961; x_wconf 88' lang='lat' dir='ltr'>hoc</span> <span class='ocrx_word' id='word_1_382' title='bbox 2098 907 2378 979; x_wconf 81' lang='lat' dir='ltr'>posterius</span> <span class='ocrx_word' id='word_1_383' title='bbox 2406 907 2822 980; x_wconf 88' lang='lat' dir='ltr'>requirebatur,</span> <span class='ocrx_word' id='word_1_384' title='bbox 2852 913 2914 962; x_wconf 90' lang='lat' dir='ltr'>ut</span> <span class='ocrx_word' id='word_1_385' title='bbox 2937 907 3320 975; x_wconf 82' lang='lat' dir='ltr'>evinceretur,</span> 
     </span>
     <span class='ocr_line' id='line_1_64' title="bbox 1965 988 3323 1062; baseline 0.001 -20"><span class='ocrx_word' id='word_1_386' title='bbox 1965 989 2370 1046; x_wconf 90' lang='lat' dir='ltr'>contritionem</span> <span class='ocrx_word' id='word_1_387' title='bbox 2412 1005 2530 1045; x_wconf 89' lang='lat' dir='ltr'>non</span> <span class='ocrx_word' id='word_1_388' title='bbox 2556 989 2880 1061; x_wconf 86' lang='lat' dir='ltr'>dependere</span> <span class='ocrx_word' id='word_1_389' title='bbox 2906 1006 2938 1045; x_wconf 91' lang='lat' dir='ltr'>a</span> <span class='ocrx_word' id='word_1_390' title='bbox 2978 988 3165 1062; x_wconf 86' lang='lat' dir='ltr'>gratia</span> <span class='ocrx_word' id='word_1_391' title='bbox 3195 994 3323 1045; x_wconf 91' lang='lat' dir='ltr'>tan-</span> 
     </span>
     <span class='ocr_line' id='line_1_65' title="bbox 1962 1072 3321 1144; baseline 0.002 -19"><span class='ocrx_word' id='word_1_392' title='bbox 1962 1085 2135 1141; x_wconf 85' lang='lat' dir='ltr'>quam</span> <span class='ocrx_word' id='word_1_393' title='bbox 2182 1088 2214 1127; x_wconf 87' lang='lat' dir='ltr'>a</span> <span class='ocrx_word' id='word_1_394' title='bbox 2261 1072 2546 1143; x_wconf 89' lang='lat' dir='ltr'>principio</span> <span class='ocrx_word' id='word_1_395' title='bbox 2589 1072 2868 1129; x_wconf 78' lang='lat' dir='ltr'>effectivo.</span> <span class='ocrx_word' id='word_1_396' title='bbox 2910 1075 2974 1126; x_wconf 86' lang='lat' dir='ltr'>ln</span> <span class='ocrx_word' id='word_1_397' title='bbox 3023 1072 3321 1144; x_wconf 84' lang='lat' dir='ltr'>posteriori</span> 
     </span>
     <span class='ocr_line' id='line_1_66' title="bbox 1962 1149 3321 1224; baseline 0.002 -20"><span class='ocrx_word' id='word_1_398' title='bbox 1962 1149 2120 1205; x_wconf 89' lang='lat' dir='ltr'>enim</span> <span class='ocrx_word' id='word_1_399' title='bbox 2149 1166 2276 1205; x_wconf 87' lang='lat' dir='ltr'>casu</span> <span class='ocrx_word' id='word_1_400' title='bbox 2325 1151 2443 1222; x_wconf 90' lang='lat' dir='ltr'>(qui</span> <span class='ocrx_word' id='word_1_401' title='bbox 2492 1151 2788 1224; x_wconf 86' lang='lat' dir='ltr'>urgentior</span> <span class='ocrx_word' id='word_1_402' title='bbox 2830 1152 3093 1220; x_wconf 80' lang='lat' dir='ltr'>videtur),</span> <span class='ocrx_word' id='word_1_403' title='bbox 3128 1149 3321 1207; x_wconf 90' lang='lat' dir='ltr'>dicen-</span> 
     </span>
     <span class='ocr_line' id='line_1_67' title="bbox 1962 1228 3317 1298; baseline 0.004 -14"><span class='ocrx_word' id='word_1_404' title='bbox 1962 1228 2100 1286; x_wconf 86' lang='lat' dir='ltr'>dum</span> <span class='ocrx_word' id='word_1_405' title='bbox 2130 1237 2234 1295; x_wconf 89' lang='lat' dir='ltr'>est,</span> <span class='ocrx_word' id='word_1_406' title='bbox 2272 1231 2413 1288; x_wconf 91' lang='lat' dir='ltr'>duas</span> <span class='ocrx_word' id='word_1_407' title='bbox 2442 1233 2538 1289; x_wconf 86' lang='lat' dir='ltr'>Dei</span> <span class='ocrx_word' id='word_1_408' title='bbox 2568 1235 2816 1290; x_wconf 87' lang='lat' dir='ltr'>actiones</span> <span class='ocrx_word' id='word_1_409' title='bbox 2856 1234 3231 1298; x_wconf 76' lang='lat' dir='ltr'>intervenire,</span> <span class='ocrx_word' id='word_1_410' title='bbox 3264 1240 3317 1289; x_wconf 91' lang='lat' dir='ltr'>et</span> 
     </span>
     <span class='ocr_line' id='line_1_68' title="bbox 1962 1311 3322 1384; baseline 0.004 -20"><span class='ocrx_word' id='word_1_411' title='bbox 1962 1311 2154 1382; x_wconf 90' lang='lat' dir='ltr'>plures</span> <span class='ocrx_word' id='word_1_412' title='bbox 2177 1317 2376 1368; x_wconf 91' lang='lat' dir='ltr'>mutuo</span> <span class='ocrx_word' id='word_1_413' title='bbox 2397 1313 2773 1369; x_wconf 79' lang='lat' dir='ltr'>causalitateS.</span> <span class='ocrx_word' id='word_1_414' title='bbox 2797 1316 2941 1369; x_wconf 87' lang='lat' dir='ltr'>Nam</span> <span class='ocrx_word' id='word_1_415' title='bbox 2968 1316 3113 1368; x_wconf 87' lang='lat' dir='ltr'>Deus</span> <span class='ocrx_word' id='word_1_416' title='bbox 3136 1315 3322 1384; x_wconf 90' lang='lat' dir='ltr'>primo</span> 
     </span>
     <span class='ocr_line' id='line_1_69' title="bbox 1962 1389 3319 1467; baseline 0.004 -22"><span class='ocrx_word' id='word_1_417' title='bbox 1962 1389 2219 1462; x_wconf 87' lang='lat' dir='ltr'>producit</span> <span class='ocrx_word' id='word_1_418' title='bbox 2254 1394 2550 1449; x_wconf 88' lang='lat' dir='ltr'>entitatem</span> <span class='ocrx_word' id='word_1_419' title='bbox 2590 1395 2806 1467; x_wconf 71' lang='lat' dir='ltr'>gratim,</span> <span class='ocrx_word' id='word_1_420' title='bbox 2841 1393 3319 1451; x_wconf 86' lang='lat' dir='ltr'>communicando</span> 
     </span>
     <span class='ocr_line' id='line_1_70' title="bbox 1959 1473 3316 1550; baseline 0.006 -23"><span class='ocrx_word' id='word_1_421' title='bbox 1959 1473 2070 1544; x_wconf 91' lang='lat' dir='ltr'>ipsi</span> <span class='ocrx_word' id='word_1_422' title='bbox 2098 1475 2370 1532; x_wconf 89' lang='lat' dir='ltr'>unionem</span> <span class='ocrx_word' id='word_1_423' title='bbox 2390 1475 2457 1532; x_wconf 89' lang='lat' dir='ltr'>ad</span> <span class='ocrx_word' id='word_1_424' title='bbox 2486 1477 2820 1550; x_wconf 85' lang='lat' dir='ltr'>subjectum,</span> <span class='ocrx_word' id='word_1_425' title='bbox 2843 1484 2897 1534; x_wconf 90' lang='lat' dir='ltr'>et</span> <span class='ocrx_word' id='word_1_426' title='bbox 2919 1477 3316 1545; x_wconf 78' lang='lat' dir='ltr'>existentiam3</span> 
     </span>
     <span class='ocr_line' id='line_1_71' title="bbox 1956 1552 3323 1630; baseline 0.008 -24"><span class='ocrx_word' id='word_1_427' title='bbox 1956 1552 2344 1614; x_wconf 81' lang='lat' dir='ltr'>subtrahendo</span> <span class='ocrx_word' id='word_1_428' title='bbox 2370 1564 2558 1615; x_wconf 88' lang='lat' dir='ltr'>tamen</span> <span class='ocrx_word' id='word_1_429' title='bbox 2582 1574 2652 1614; x_wconf 90' lang='lat' dir='ltr'>ex</span> <span class='ocrx_word' id='word_1_430' title='bbox 2678 1557 2733 1612; x_wconf 82' lang='lat' dir='ltr'>vi</span> <span class='ocrx_word' id='word_1_431' title='bbox 2758 1557 2925 1630; x_wconf 87' lang='lat' dir='ltr'>hujus</span> <span class='ocrx_word' id='word_1_432' title='bbox 2943 1559 3183 1614; x_wconf 88' lang='lat' dir='ltr'>actionis</span> <span class='ocrx_word' id='word_1_433' title='bbox 3205 1576 3323 1617; x_wconf 91' lang='lat' dir='ltr'>mo-</span> 
     </span>
     <span class='ocr_line' id='line_1_72' title="bbox 1957 1632 3317 1710; baseline 0.006 -22"><span class='ocrx_word' id='word_1_434' title='bbox 1957 1632 2093 1690; x_wconf 92' lang='lat' dir='ltr'>dum</span> <span class='ocrx_word' id='word_1_435' title='bbox 2144 1636 2505 1703; x_wconf 63' lang='lat' dir='ltr'>intensionis»,</span> <span class='ocrx_word' id='word_1_436' title='bbox 2554 1643 2744 1710; x_wconf 90' lang='lat' dir='ltr'>utpote</span> <span class='ocrx_word' id='word_1_437' title='bbox 2791 1638 3317 1710; x_wconf 91' lang='lat' dir='ltr'>incompossibilem</span> 
     </span>
     <span class='ocr_line' id='line_1_73' title="bbox 1955 1717 3313 1790; baseline 0.005 -20"><span class='ocrx_word' id='word_1_438' title='bbox 1955 1731 2085 1771; x_wconf 92' lang='lat' dir='ltr'>cum</span> <span class='ocrx_word' id='word_1_439' title='bbox 2140 1717 2254 1774; x_wconf 88' lang='lat' dir='ltr'>alio</span> <span class='ocrx_word' id='word_1_440' title='bbox 2319 1717 2486 1775; x_wconf 89' lang='lat' dir='ltr'>modo</span> <span class='ocrx_word' id='word_1_441' title='bbox 2552 1719 2898 1775; x_wconf 86' lang='lat' dir='ltr'>intensionis</span> <span class='ocrx_word' id='word_1_442' title='bbox 2951 1719 3275 1790; x_wconf 86' lang='lat' dir='ltr'>perfectiori</span> <span class='ocrx_word' id='word_1_443' title='bbox 3302 1766 3313 1788; x_wconf 93' lang='lat'>,</span> 
     </span>
     <span class='ocr_line' id='line_1_74' title="bbox 1954 1798 3321 1867; baseline 0.004 -16"><span class='ocrx_word' id='word_1_444' title='bbox 1954 1811 2124 1867; x_wconf 90' lang='lat' dir='ltr'>quem</span> <span class='ocrx_word' id='word_1_445' title='bbox 2155 1800 2299 1854; x_wconf 91' lang='lat' dir='ltr'>Deus</span> <span class='ocrx_word' id='word_1_446' title='bbox 2329 1799 2389 1854; x_wconf 91' lang='lat' dir='ltr'>in</span> <span class='ocrx_word' id='word_1_447' title='bbox 2435 1798 2634 1855; x_wconf 91' lang='lat' dir='ltr'>eodem</span> <span class='ocrx_word' id='word_1_448' title='bbox 2681 1800 2919 1855; x_wconf 89' lang='lat' dir='ltr'>instanti</span> <span class='ocrx_word' id='word_1_449' title='bbox 2958 1798 3235 1866; x_wconf 86' lang='lat' dir='ltr'>decernit,</span> <span class='ocrx_word' id='word_1_450' title='bbox 3265 1808 3321 1858; x_wconf 91' lang='lat' dir='ltr'>et</span> 
     </span>
     <span class='ocr_line' id='line_1_75' title="bbox 1956 1878 3317 1953; baseline 0.004 -22"><span class='ocrx_word' id='word_1_451' title='bbox 1956 1878 2229 1948; x_wconf 71' lang='lat' dir='ltr'>praevidet</span> <span class='ocrx_word' id='word_1_452' title='bbox 2256 1878 2614 1935; x_wconf 84' lang='lat' dir='ltr'>adfuturum.</span> <span class='ocrx_word' id='word_1_453' title='bbox 2646 1880 2862 1938; x_wconf 86' lang='lat' dir='ltr'>Deinde</span> <span class='ocrx_word' id='word_1_454' title='bbox 2886 1882 3069 1953; x_wconf 88' lang='lat' dir='ltr'>gratia</span> <span class='ocrx_word' id='word_1_455' title='bbox 3103 1881 3317 1953; x_wconf 90' lang='lat' dir='ltr'>produ—</span> 
     </span>
     <span class='ocr_line' id='line_1_76' title="bbox 1954 1956 3317 2033; baseline 0.004 -21"><span class='ocrx_word' id='word_1_456' title='bbox 1954 1956 2448 2015; x_wconf 89' lang='lat' dir='ltr'>citcontritionem</span> <span class='ocrx_word' id='word_1_457' title='bbox 2480 1977 2534 2017; x_wconf 90' lang='lat' dir='ltr'>v.</span> <span class='ocrx_word' id='word_1_458' title='bbox 2553 1978 2605 2033; x_wconf 89' lang='lat' dir='ltr'>g.</span> <span class='ocrx_word' id='word_1_459' title='bbox 2636 1967 2697 2016; x_wconf 92' lang='lat' dir='ltr'>ut</span> <span class='ocrx_word' id='word_1_460' title='bbox 2727 1967 2988 2033; x_wconf 86' lang='lat' dir='ltr'>quatuor,</span> <span class='ocrx_word' id='word_1_461' title='bbox 3022 1978 3052 2017; x_wconf 89' lang='lat' dir='ltr'>a</span> <span class='ocrx_word' id='word_1_462' title='bbox 3074 1978 3185 2033; x_wconf 85' lang='lat' dir='ltr'>qua</span> <span class='ocrx_word' id='word_1_463' title='bbox 3221 1962 3317 2017; x_wconf 91' lang='lat' dir='ltr'>in-</span> 
     </span>
     <span class='ocr_line' id='line_1_77' title="bbox 1954 2036 3317 2125; baseline 0.004 -33"><span class='ocrx_word' id='word_1_464' title='bbox 1954 2036 2136 2093; x_wconf 87' lang='lat' dir='ltr'>vicem</span> <span class='ocrx_word' id='word_1_465' title='bbox 2163 2037 2442 2110; x_wconf 92' lang='lat' dir='ltr'>dependet</span> <span class='ocrx_word' id='word_1_466' title='bbox 2469 2040 2531 2096; x_wconf 91' lang='lat' dir='ltr'>in</span> <span class='ocrx_word' id='word_1_467' title='bbox 2559 2056 2768 2114; x_wconf 83' lang='lat' dir='ltr'>genere</span> <span class='ocrx_word' id='word_1_468' title='bbox 2808 2058 2986 2097; x_wconf 74' lang='lat' dir='ltr'>causae</span> <span class='ocrx_word' id='word_1_469' title='bbox 3019 2040 3317 2125; x_wconf 77' lang='lat' dir='ltr'>dispositi-</span> 
     </span>
     <span class='ocr_line' id='line_1_78' title="bbox 1953 2120 3314 2197; baseline 0.005 -25"><span class='ocrx_word' id='word_1_470' title='bbox 1953 2133 2059 2181; x_wconf 64' lang='grc' dir='ltr'>νει,</span> <span class='ocrx_word' id='word_1_471' title='bbox 2113 2123 2174 2173; x_wconf 91' lang='lat' dir='ltr'>ut</span> <span class='ocrx_word' id='word_1_472' title='bbox 2219 2120 2364 2192; x_wconf 79' lang='lat' dir='ltr'>disp.</span> <span class='ocrx_word' id='word_1_473' title='bbox 2410 2138 2519 2197; x_wconf 83' lang='lat' dir='ltr'>seq.</span> <span class='ocrx_word' id='word_1_474' title='bbox 2569 2120 3008 2177; x_wconf 69' lang='lat' dir='ltr'>declarabimus</span> <span class='ocrx_word' id='word_1_475' title='bbox 3058 2121 3314 2179; x_wconf 85' lang='lat' dir='ltr'>Tandem</span> 
     </span>
     <span class='ocr_line' id='line_1_79' title="bbox 1951 2200 3311 2277; baseline 0.002 -22"><span class='ocrx_word' id='word_1_476' title='bbox 1951 2200 2220 2256; x_wconf 89' lang='lat' dir='ltr'>contritio</span> <span class='ocrx_word' id='word_1_477' title='bbox 2269 2207 2327 2257; x_wconf 91' lang='lat' dir='ltr'>ut</span> <span class='ocrx_word' id='word_1_478' title='bbox 2365 2205 2666 2277; x_wconf 85' lang='lat' dir='ltr'>conjuncta</span> <span class='ocrx_word' id='word_1_479' title='bbox 2709 2219 2840 2258; x_wconf 91' lang='lat' dir='ltr'>cum</span> <span class='ocrx_word' id='word_1_480' title='bbox 2882 2204 3012 2260; x_wconf 90' lang='lat' dir='ltr'>aliis</span> <span class='ocrx_word' id='word_1_481' title='bbox 3054 2204 3311 2276; x_wconf 87' lang='lat' dir='ltr'>partibus</span> 
     </span>
     <span class='ocr_line' id='line_1_80' title="bbox 1952 2279 3313 2357; baseline 0.004 -23"><span class='ocrx_word' id='word_1_482' title='bbox 1952 2279 2324 2345; x_wconf 87' lang='lat' dir='ltr'>Sacramenti,</span> <span class='ocrx_word' id='word_1_483' title='bbox 2367 2286 2423 2337; x_wconf 91' lang='lat' dir='ltr'>et</span> <span class='ocrx_word' id='word_1_484' title='bbox 2448 2284 2669 2338; x_wconf 87' lang='lat' dir='ltr'>elevata</span> <span class='ocrx_word' id='word_1_485' title='bbox 2695 2299 2798 2356; x_wconf 88' lang='lat' dir='ltr'>per</span> <span class='ocrx_word' id='word_1_486' title='bbox 2840 2285 3093 2357; x_wconf 82' lang='lat' dir='ltr'>aliquam</span> <span class='ocrx_word' id='word_1_487' title='bbox 3122 2284 3313 2340; x_wconf 88' lang='lat' dir='ltr'>virtu-</span> 
     </span>
     <span class='ocr_line' id='line_1_81' title="bbox 1952 2362 3308 2436; baseline 0.005 -22"><span class='ocrx_word' id='word_1_488' title='bbox 1952 2362 2067 2415; x_wconf 89' lang='lat' dir='ltr'>tem</span> <span class='ocrx_word' id='word_1_489' title='bbox 2088 2368 2368 2433; x_wconf 89' lang='lat' dir='ltr'>receptam</span> <span class='ocrx_word' id='word_1_490' title='bbox 2389 2364 2479 2418; x_wconf 88' lang='lat' dir='ltr'>vel</span> <span class='ocrx_word' id='word_1_491' title='bbox 2504 2363 2567 2419; x_wconf 92' lang='lat' dir='ltr'>in</span> <span class='ocrx_word' id='word_1_492' title='bbox 2586 2380 2663 2433; x_wconf 84' lang='lat' dir='ltr'>se,</span> <span class='ocrx_word' id='word_1_493' title='bbox 2682 2367 2775 2422; x_wconf 90' lang='lat' dir='ltr'>vel</span> <span class='ocrx_word' id='word_1_494' title='bbox 2799 2366 2860 2422; x_wconf 93' lang='lat' dir='ltr'>in</span> <span class='ocrx_word' id='word_1_495' title='bbox 2881 2382 2982 2421; x_wconf 89' lang='lat' dir='ltr'>suo</span> <span class='ocrx_word' id='word_1_496' title='bbox 3007 2364 3308 2436; x_wconf 84' lang='lat' dir='ltr'>principie,</span> 
     </span>
     <span class='ocr_line' id='line_1_82' title="bbox 1953 2439 3310 2518; baseline 0.004 -24"><span class='ocrx_word' id='word_1_497' title='bbox 1953 2439 2213 2511; x_wconf 88' lang='lat' dir='ltr'>producit</span> <span class='ocrx_word' id='word_1_498' title='bbox 2239 2443 2763 2502; x_wconf 85' lang='lat' dir='ltr'>instrumentaliter</span> <span class='ocrx_word' id='word_1_499' title='bbox 2797 2445 3028 2518; x_wconf 84' lang='lat' dir='ltr'>physice</span> <span class='ocrx_word' id='word_1_500' title='bbox 3073 2444 3310 2501; x_wconf 89' lang='lat' dir='ltr'>modum</span> 
     </span>
     <span class='ocr_line' id='line_1_83' title="bbox 1951 2518 3314 2596; baseline 0.006 -23"><span class='ocrx_word' id='word_1_501' title='bbox 1951 2518 2315 2586; x_wconf 87' lang='lat' dir='ltr'>intensionis,</span> <span class='ocrx_word' id='word_1_502' title='bbox 2368 2538 2424 2577; x_wconf 86' lang='lat' dir='ltr'>v.</span> <span class='ocrx_word' id='word_1_503' title='bbox 2479 2538 2533 2596; x_wconf 90' lang='lat' dir='ltr'>g.</span> <span class='ocrx_word' id='word_1_504' title='bbox 2587 2528 2647 2577; x_wconf 91' lang='lat' dir='ltr'>ut</span> <span class='ocrx_word' id='word_1_505' title='bbox 2692 2528 2847 2593; x_wconf 76' lang='lat' dir='ltr'>octo;</span> <span class='ocrx_word' id='word_1_506' title='bbox 2890 2539 3025 2579; x_wconf 87' lang='lat' dir='ltr'>nam</span> <span class='ocrx_word' id='word_1_507' title='bbox 3069 2529 3314 2595; x_wconf 89' lang='lat' dir='ltr'>quatuor</span> 
     </span>
     <span class='ocr_line' id='line_1_84' title="bbox 1949 2598 3315 2676; baseline 0.005 -23"><span class='ocrx_word' id='word_1_508' title='bbox 1949 2598 2158 2672; x_wconf 90' lang='lat' dir='ltr'>gradus</span> <span class='ocrx_word' id='word_1_509' title='bbox 2188 2600 2576 2673; x_wconf 89' lang='lat' dir='ltr'>producuntur</span> <span class='ocrx_word' id='word_1_510' title='bbox 2622 2620 2693 2660; x_wconf 84' lang='lat' dir='ltr'>ex</span> <span class='ocrx_word' id='word_1_511' title='bbox 2718 2621 2888 2675; x_wconf 90' lang='lat' dir='ltr'>opere</span> <span class='ocrx_word' id='word_1_512' title='bbox 2913 2606 3226 2676; x_wconf 78' lang='lat' dir='ltr'>operantis„</span> <span class='ocrx_word' id='word_1_513' title='bbox 3257 2610 3315 2662; x_wconf 89' lang='lat' dir='ltr'>et</span> 
     </span>
     <span class='ocr_line' id='line_1_85' title="bbox 1943 2678 3309 2757; baseline 0.008 -26"><span class='ocrx_word' id='word_1_514' title='bbox 1943 2678 2108 2750; x_wconf 83' lang='lat' dir='ltr'>juxta</span> <span class='ocrx_word' id='word_1_515' title='bbox 2121 2678 2552 2752; x_wconf 88' lang='lat' dir='ltr'>dispositionem</span> <span class='ocrx_word' id='word_1_516' title='bbox 2584 2683 2876 2755; x_wconf 78' lang='lat' dir='ltr'>physicam</span> <span class='ocrx_word' id='word_1_517' title='bbox 2905 2683 3173 2757; x_wconf 88' lang='lat' dir='ltr'>subjecti:</span> <span class='ocrx_word' id='word_1_518' title='bbox 3207 2686 3309 2742; x_wconf 89' lang='lat' dir='ltr'>alii</span> 
     </span>
     <span class='ocr_line' id='line_1_86' title="bbox 1950 2760 3311 2835; baseline 0.004 -21"><span class='ocrx_word' id='word_1_519' title='bbox 1950 2774 2086 2815; x_wconf 84' lang='lat' dir='ltr'>vero</span> <span class='ocrx_word' id='word_1_520' title='bbox 2112 2766 2352 2832; x_wconf 89' lang='lat' dir='ltr'>quatuor</span> <span class='ocrx_word' id='word_1_521' title='bbox 2380 2760 2659 2817; x_wconf 89' lang='lat' dir='ltr'>debentur</span> <span class='ocrx_word' id='word_1_522' title='bbox 2680 2779 2749 2818; x_wconf 87' lang='lat' dir='ltr'>ex</span> <span class='ocrx_word' id='word_1_523' title='bbox 2778 2778 2949 2834; x_wconf 90' lang='lat' dir='ltr'>opere</span> <span class='ocrx_word' id='word_1_524' title='bbox 2968 2768 3219 2835; x_wconf 90' lang='lat' dir='ltr'>operato,</span> <span class='ocrx_word' id='word_1_525' title='bbox 3253 2771 3311 2822; x_wconf 91' lang='lat' dir='ltr'>et</span> 
     </span>
     <span class='ocr_line' id='line_1_87' title="bbox 1948 2837 3310 2902; baseline 0.005 -7"><span class='ocrx_word' id='word_1_526' title='bbox 1948 2837 2096 2896; x_wconf 88' lang='lat' dir='ltr'>fiunt</span> <span class='ocrx_word' id='word_1_527' title='bbox 2118 2840 2178 2896; x_wconf 92' lang='lat' dir='ltr'>in</span> <span class='ocrx_word' id='word_1_528' title='bbox 2200 2841 2414 2898; x_wconf 86' lang='lat' dir='ltr'>virtute</span> <span class='ocrx_word' id='word_1_529' title='bbox 2435 2843 2808 2899; x_wconf 89' lang='lat' dir='ltr'>Sacramenti.</span> <span class='ocrx_word' id='word_1_530' title='bbox 2839 2844 3002 2901; x_wconf 92' lang='lat' dir='ltr'>Unde</span> <span class='ocrx_word' id='word_1_531' title='bbox 3029 2843 3166 2900; x_wconf 90' lang='lat' dir='ltr'>satis</span> <span class='ocrx_word' id='word_1_532' title='bbox 3188 2846 3310 2902; x_wconf 88' lang='lat' dir='ltr'>olu-</span> 
     </span>
     <span class='ocr_line' id='line_1_88' title="bbox 1946 2923 3311 2998; baseline 0.004 -20"><span class='ocrx_word' id='word_1_533' title='bbox 1946 2927 2032 2978; x_wconf 91' lang='lat' dir='ltr'>cet</span> <span class='ocrx_word' id='word_1_534' title='bbox 2067 2923 2238 2980; x_wconf 87' lang='lat' dir='ltr'>realis</span> <span class='ocrx_word' id='word_1_535' title='bbox 2264 2923 2555 2981; x_wconf 88' lang='lat' dir='ltr'>distinctio</span> <span class='ocrx_word' id='word_1_536' title='bbox 2577 2925 2731 2982; x_wconf 90' lang='lat' dir='ltr'>inter</span> <span class='ocrx_word' id='word_1_537' title='bbox 2760 2926 3112 2998; x_wconf 89' lang='lat' dir='ltr'>principium</span> <span class='ocrx_word' id='word_1_538' title='bbox 3139 2925 3311 2984; x_wconf 81' lang='lat' dir='ltr'>effec-</span> 
     </span>
     <span class='ocr_line' id='line_1_89' title="bbox 1948 3002 3312 3080; baseline 0.007 -23"><span class='ocrx_word' id='word_1_539' title='bbox 1948 3002 2152 3071; x_wconf 85' lang='lat' dir='ltr'>tivum,</span> <span class='ocrx_word' id='word_1_540' title='bbox 2189 3009 2246 3059; x_wconf 90' lang='lat' dir='ltr'>et</span> <span class='ocrx_word' id='word_1_541' title='bbox 2287 3005 2548 3062; x_wconf 84' lang='lat' dir='ltr'>effectum</span> <span class='ocrx_word' id='word_1_542' title='bbox 2575 3007 2942 3063; x_wconf 88' lang='lat' dir='ltr'>contritionis</span> <span class='ocrx_word' id='word_1_543' title='bbox 2991 3006 3053 3062; x_wconf 91' lang='lat' dir='ltr'>in</span> <span class='ocrx_word' id='word_1_544' title='bbox 3100 3023 3312 3080; x_wconf 87' lang='lat' dir='ltr'>genere</span> 
     </span>
     <span class='ocr_line' id='line_1_90' title="bbox 1947 3086 3313 3164; baseline 0.006 -24"><span class='ocrx_word' id='word_1_545' title='bbox 1947 3100 2127 3141; x_wconf 85' lang='lat' dir='ltr'>causae</span> <span class='ocrx_word' id='word_1_546' title='bbox 2152 3086 2447 3144; x_wconf 85' lang='lat' dir='ltr'>efficientis</span> <span class='ocrx_word' id='word_1_547' title='bbox 2478 3109 2490 3143; x_wconf 71' lang='grc' dir='ltr'>ε</span> <span class='ocrx_word' id='word_1_548' title='bbox 2520 3098 2657 3143; x_wconf 83' lang='lat' dir='ltr'>nam</span> <span class='ocrx_word' id='word_1_549' title='bbox 2687 3088 3040 3160; x_wconf 91' lang='lat' dir='ltr'>principium</span> <span class='ocrx_word' id='word_1_550' title='bbox 3070 3094 3154 3145; x_wconf 91' lang='lat' dir='ltr'>est</span> <span class='ocrx_word' id='word_1_551' title='bbox 3174 3107 3313 3164; x_wconf 84' lang='lat' dir='ltr'>gra-</span> 
     </span>
     <span class='ocr_line' id='line_1_91' title="bbox 1947 3165 3312 3240; baseline 0.006 -20"><span class='ocrx_word' id='word_1_552' title='bbox 1947 3165 2029 3221; x_wconf 84' lang='lat' dir='ltr'>tia</span> <span class='ocrx_word' id='word_1_553' title='bbox 2046 3165 2357 3222; x_wconf 89' lang='lat' dir='ltr'>secundum</span> <span class='ocrx_word' id='word_1_554' title='bbox 2374 3166 2753 3225; x_wconf 89' lang='lat' dir='ltr'>substantiam</span> <span class='ocrx_word' id='word_1_555' title='bbox 2773 3174 3015 3240; x_wconf 88' lang='lat' dir='ltr'>accepta,</span> <span class='ocrx_word' id='word_1_556' title='bbox 3035 3173 3093 3226; x_wconf 91' lang='lat' dir='ltr'>et</span> <span class='ocrx_word' id='word_1_557' title='bbox 3109 3175 3170 3225; x_wconf 92' lang='lat' dir='ltr'>ut</span> <span class='ocrx_word' id='word_1_558' title='bbox 3190 3173 3312 3228; x_wconf 88' lang='lat' dir='ltr'>ele-</span> 
     </span>
     <span class='ocr_line' id='line_1_92' title="bbox 1948 3248 3314 3323; baseline 0.004 -20"><span class='ocrx_word' id='word_1_559' title='bbox 1948 3252 2079 3304; x_wconf 88' lang='lat' dir='ltr'>vata</span> <span class='ocrx_word' id='word_1_560' title='bbox 2106 3264 2206 3320; x_wconf 91' lang='lat' dir='ltr'>per</span> <span class='ocrx_word' id='word_1_561' title='bbox 2233 3248 2517 3306; x_wconf 85' lang='lat' dir='ltr'>auxilium</span> <span class='ocrx_word' id='word_1_562' title='bbox 2548 3250 2854 3313; x_wconf 88' lang='lat' dir='ltr'>transiens;</span> <span class='ocrx_word' id='word_1_563' title='bbox 2881 3250 2958 3305; x_wconf 90' lang='lat' dir='ltr'>ita</span> <span class='ocrx_word' id='word_1_564' title='bbox 2991 3250 3223 3323; x_wconf 88' lang='lat' dir='ltr'>quidem</span> <span class='ocrx_word' id='word_1_565' title='bbox 3253 3259 3314 3309; x_wconf 92' lang='lat' dir='ltr'>ut</span> 
     </span>
     <span class='ocr_line' id='line_1_93' title="bbox 1946 3327 3313 3390; baseline 0.006 -8"><span class='ocrx_word' id='word_1_566' title='bbox 1946 3327 2259 3384; x_wconf 87' lang='lat' dir='ltr'>secundum</span> <span class='ocrx_word' id='word_1_567' title='bbox 2297 3328 2679 3387; x_wconf 85' lang='lat' dir='ltr'>substantiam</span> <span class='ocrx_word' id='word_1_568' title='bbox 2725 3330 3079 3387; x_wconf 86' lang='lat' dir='ltr'>considerata</span> <span class='ocrx_word' id='word_1_569' title='bbox 3110 3332 3313 3390; x_wconf 87' lang='lat' dir='ltr'>influat</span> 
     </span>
     <span class='ocr_line' id='line_1_94' title="bbox 1949 3411 3310 3487; baseline 0.004 -21"><span class='ocrx_word' id='word_1_570' title='bbox 1949 3411 2348 3484; x_wconf 89' lang='lat' dir='ltr'>principaliter</span> <span class='ocrx_word' id='word_1_571' title='bbox 2406 3412 2469 3469; x_wconf 91' lang='lat' dir='ltr'>in</span> <span class='ocrx_word' id='word_1_572' title='bbox 2530 3413 2941 3470; x_wconf 87' lang='lat' dir='ltr'>contritionem</span> <span class='ocrx_word' id='word_1_573' title='bbox 3021 3420 3310 3487; x_wconf 88' lang='lat' dir='ltr'>sumptam</span> 
     </span>
     <span class='ocr_line' id='line_1_95' title="bbox 1947 3490 3306 3567; baseline 0.004 -20"><span class='ocrx_word' id='word_1_574' title='bbox 1947 3491 2132 3565; x_wconf 88' lang='lat' dir='ltr'>quoad</span> <span class='ocrx_word' id='word_1_575' title='bbox 2173 3490 2529 3548; x_wconf 77' lang='lat' dir='ltr'>tendentium</span> <span class='ocrx_word' id='word_1_576' title='bbox 2553 3493 2871 3566; x_wconf 82' lang='lat' dir='ltr'>specificam</span> <span class='ocrx_word' id='word_1_577' title='bbox 2899 3494 2960 3549; x_wconf 91' lang='lat' dir='ltr'>in</span> <span class='ocrx_word' id='word_1_578' title='bbox 2988 3494 3269 3567; x_wconf 88' lang='lat' dir='ltr'>objectum</span> <span class='ocrx_word' id='word_1_579' title='bbox 3292 3521 3306 3564; x_wconf 90' lang='lat'>;</span> 
     </span>
     <span class='ocr_line' id='line_1_96' title="bbox 1947 3573 3307 3644; baseline 0.004 -16"><span class='ocrx_word' id='word_1_580' title='bbox 1947 3577 2003 3628; x_wconf 88' lang='lat' dir='ltr'>et</span> <span class='ocrx_word' id='word_1_581' title='bbox 2039 3576 2318 3644; x_wconf 85' lang='lat' dir='ltr'>quatenus</span> <span class='ocrx_word' id='word_1_582' title='bbox 2339 3573 2558 3629; x_wconf 85' lang='lat' dir='ltr'>elevata</span> <span class='ocrx_word' id='word_1_583' title='bbox 2579 3579 2882 3630; x_wconf 90' lang='lat' dir='ltr'>concurrat</span> <span class='ocrx_word' id='word_1_584' title='bbox 2899 3575 3307 3633; x_wconf 88' lang='lat' dir='ltr'>instrumenta-</span> 
     </span>
     <span class='ocr_line' id='line_1_97' title="bbox 1948 3651 3305 3728; baseline 0.004 -21"><span class='ocrx_word' id='word_1_585' title='bbox 1948 3652 2082 3709; x_wconf 90' lang='lat' dir='ltr'>liter</span> <span class='ocrx_word' id='word_1_586' title='bbox 2104 3651 2418 3710; x_wconf 90' lang='lat' dir='ltr'>adeandem</span> <span class='ocrx_word' id='word_1_587' title='bbox 2447 3654 2858 3711; x_wconf 88' lang='lat' dir='ltr'>contritionem</span> <span class='ocrx_word' id='word_1_588' title='bbox 2899 3661 3184 3728; x_wconf 90' lang='lat' dir='ltr'>sumptam</span> <span class='ocrx_word' id='word_1_589' title='bbox 3210 3673 3305 3713; x_wconf 89' lang='lat' dir='ltr'>se-</span> 
     </span>
     <span class='ocr_line' id='line_1_98' title="bbox 1946 3733 3301 3802; baseline 0.004 -14"><span class='ocrx_word' id='word_1_590' title='bbox 1946 3733 2198 3789; x_wconf 90' lang='lat' dir='ltr'>cundum</span> <span class='ocrx_word' id='word_1_591' title='bbox 2228 3737 2693 3802; x_wconf 89' lang='lat' dir='ltr'>actualitatem,et</span> <span class='ocrx_word' id='word_1_592' title='bbox 2717 3735 3123 3794; x_wconf 89' lang='lat' dir='ltr'>intensionem.</span> <span class='ocrx_word' id='word_1_593' title='bbox 3141 3739 3209 3792; x_wconf 86' lang='lat' dir='ltr'>Et</span> <span class='ocrx_word' id='word_1_594' title='bbox 3230 3736 3301 3793; x_wconf 91' lang='lat' dir='ltr'>ad</span> 
     </span>
     <span class='ocr_line' id='line_1_99' title="bbox 1949 3814 3306 3889; baseline 0.002 -20"><span class='ocrx_word' id='word_1_595' title='bbox 1949 3814 2230 3870; x_wconf 90' lang='lat' dir='ltr'>rationem</span> <span class='ocrx_word' id='word_1_596' title='bbox 2255 3815 2527 3889; x_wconf 89' lang='lat' dir='ltr'>principii</span> <span class='ocrx_word' id='word_1_597' title='bbox 2552 3831 2668 3872; x_wconf 89' lang='lat' dir='ltr'>non</span> <span class='ocrx_word' id='word_1_598' title='bbox 2692 3816 2870 3872; x_wconf 91' lang='lat' dir='ltr'>intrat</span> <span class='ocrx_word' id='word_1_599' title='bbox 2891 3815 3092 3873; x_wconf 87' lang='lat' dir='ltr'>modus</span> <span class='ocrx_word' id='word_1_600' title='bbox 3112 3819 3306 3873; x_wconf 90' lang='lat' dir='ltr'>inten-</span> 
     </span>
     <span class='ocr_line' id='line_1_100' title="bbox 1945 3894 3304 3969; baseline 0.004 -21"><span class='ocrx_word' id='word_1_601' title='bbox 1945 3894 2143 3961; x_wconf 87' lang='lat' dir='ltr'>sionis,</span> <span class='ocrx_word' id='word_1_602' title='bbox 2175 3895 2274 3967; x_wconf 91' lang='lat' dir='ltr'>qui</span> <span class='ocrx_word' id='word_1_603' title='bbox 2304 3896 2365 3951; x_wconf 91' lang='lat' dir='ltr'>in</span> <span class='ocrx_word' id='word_1_604' title='bbox 2405 3912 2472 3954; x_wconf 89' lang='lat' dir='ltr'>eo</span> <span class='ocrx_word' id='word_1_605' title='bbox 2511 3897 2751 3952; x_wconf 89' lang='lat' dir='ltr'>instanti</span> <span class='ocrx_word' id='word_1_606' title='bbox 2782 3896 2890 3968; x_wconf 91' lang='lat' dir='ltr'>ipsi</span> <span class='ocrx_word' id='word_1_607' title='bbox 2917 3897 3117 3969; x_wconf 64' lang='lat' dir='ltr'>gratia}</span> <span class='ocrx_word' id='word_1_608' title='bbox 3155 3912 3304 3953; x_wconf 89' lang='lat' dir='ltr'>com-</span> 
     </span>
     <span class='ocr_line' id='line_1_101' title="bbox 1948 3978 3304 4053; baseline 0.003 -23"><span class='ocrx_word' id='word_1_609' title='bbox 1948 3978 2293 4042; x_wconf 87' lang='lat' dir='ltr'>municatur,</span> <span class='ocrx_word' id='word_1_610' title='bbox 2337 3983 2395 4034; x_wconf 89' lang='lat' dir='ltr'>et</span> <span class='ocrx_word' id='word_1_611' title='bbox 2439 3994 2540 4051; x_wconf 88' lang='lat' dir='ltr'>per</span> <span class='ocrx_word' id='word_1_612' title='bbox 2586 3981 3039 4042; x_wconf 86' lang='lat' dir='ltr'>Sacramentum,</span> <span class='ocrx_word' id='word_1_613' title='bbox 3084 3983 3139 4035; x_wconf 91' lang='lat' dir='ltr'>et</span> <span class='ocrx_word' id='word_1_614' title='bbox 3183 3979 3304 4053; x_wconf 87' lang='lat' dir='ltr'>ejus</span> 
     </span>
     <span class='ocr_line' id='line_1_102' title="bbox 1948 4059 3301 4133; baseline 0.003 -19"><span class='ocrx_word' id='word_1_615' title='bbox 1948 4065 2153 4131; x_wconf 88' lang='lat' dir='ltr'>partes,</span> <span class='ocrx_word' id='word_1_616' title='bbox 2185 4065 2351 4131; x_wconf 88' lang='lat' dir='ltr'>atque</span> <span class='ocrx_word' id='word_1_617' title='bbox 2374 4059 2500 4116; x_wconf 91' lang='lat' dir='ltr'>ideo</span> <span class='ocrx_word' id='word_1_618' title='bbox 2527 4076 2626 4133; x_wconf 90' lang='lat' dir='ltr'>per</span> <span class='ocrx_word' id='word_1_619' title='bbox 2648 4060 3053 4118; x_wconf 88' lang='lat' dir='ltr'>contritionem</span> <span class='ocrx_word' id='word_1_620' title='bbox 3083 4061 3221 4133; x_wconf 89' lang='lat' dir='ltr'>prod</span> <span class='ocrx_word' id='word_1_621' title='bbox 3233 4078 3301 4117; x_wconf 91' lang='lat' dir='ltr'>u-</span> 
     </span>
     <span class='ocr_line' id='line_1_103' title="bbox 1945 4139 3299 4215; baseline 0.001 -19"><span class='ocrx_word' id='word_1_622' title='bbox 1945 4140 2109 4196; x_wconf 90' lang='lat' dir='ltr'>citur.</span> <span class='ocrx_word' id='word_1_623' title='bbox 2130 4139 2237 4196; x_wconf 91' lang='lat' dir='ltr'>Sed</span> <span class='ocrx_word' id='word_1_624' title='bbox 2260 4139 2353 4196; x_wconf 92' lang='lat' dir='ltr'>hic</span> <span class='ocrx_word' id='word_1_625' title='bbox 2374 4140 2594 4207; x_wconf 70' lang='lat' dir='ltr'>modus,</span> <span class='ocrx_word' id='word_1_626' title='bbox 2621 4147 2677 4198; x_wconf 89' lang='lat' dir='ltr'>et</span> <span class='ocrx_word' id='word_1_627' title='bbox 2695 4142 2898 4215; x_wconf 90' lang='lat' dir='ltr'>gratia,</span> <span class='ocrx_word' id='word_1_628' title='bbox 2926 4146 2987 4195; x_wconf 93' lang='lat' dir='ltr'>ut</span> <span class='ocrx_word' id='word_1_629' title='bbox 3009 4157 3109 4213; x_wconf 91' lang='lat' dir='ltr'>per</span> <span class='ocrx_word' id='word_1_630' title='bbox 3132 4141 3299 4198; x_wconf 90' lang='lat' dir='ltr'>illum</span> 
     </span>
     <span class='ocr_line' id='line_1_104' title="bbox 1947 4221 3303 4294; baseline 0.001 -18"><span class='ocrx_word' id='word_1_631' title='bbox 1947 4221 2192 4293; x_wconf 82' lang='lat' dir='ltr'>perfecta</span> <span class='ocrx_word' id='word_1_632' title='bbox 2236 4226 2371 4275; x_wconf 90' lang='lat' dir='ltr'>sunt</span> <span class='ocrx_word' id='word_1_633' title='bbox 2419 4221 2666 4289; x_wconf 78' lang='lat' dir='ltr'>effectuS,</span> <span class='ocrx_word' id='word_1_634' title='bbox 2717 4222 2813 4294; x_wconf 83' lang='lat' dir='ltr'>qui</span> <span class='ocrx_word' id='word_1_635' title='bbox 2861 4221 3193 4279; x_wconf 90' lang='lat' dir='ltr'>contritioni</span> <span class='ocrx_word' id='word_1_636' title='bbox 3243 4228 3303 4277; x_wconf 88' lang='lat' dir='ltr'>ut</span> 
     </span>
     <span class='ocr_line' id='line_1_105' title="bbox 1946 4300 3305 4374; baseline 0.001 -18"><span class='ocrx_word' id='word_1_637' title='bbox 1946 4301 2095 4373; x_wconf 90' lang='lat' dir='ltr'>parti</span> <span class='ocrx_word' id='word_1_638' title='bbox 2118 4301 2471 4355; x_wconf 88' lang='lat' dir='ltr'>Sacramenti</span> <span class='ocrx_word' id='word_1_639' title='bbox 2497 4301 2557 4356; x_wconf 89' lang='lat' dir='ltr'>in</span> <span class='ocrx_word' id='word_1_640' title='bbox 2577 4316 2786 4374; x_wconf 84' lang='lat' dir='ltr'>genere</span> <span class='ocrx_word' id='word_1_641' title='bbox 2805 4316 2988 4357; x_wconf 79' lang='lat' dir='ltr'>causae</span> <span class='ocrx_word' id='word_1_642' title='bbox 3010 4300 3305 4358; x_wconf 84' lang='lat' dir='ltr'>efficientis</span> 
     </span>
     <span class='ocr_line' id='line_1_106' title="bbox 1945 4381 3306 4456; baseline 0.003 -20"><span class='ocrx_word' id='word_1_643' title='bbox 1945 4382 2177 4456; x_wconf 79' lang='lat' dir='ltr'>physice</span> <span class='ocrx_word' id='word_1_644' title='bbox 2220 4381 2643 4452; x_wconf 86' lang='lat' dir='ltr'>correspondet.</span> <span class='ocrx_word' id='word_1_645' title='bbox 2696 4385 2927 4438; x_wconf 86' lang='lat' dir='ltr'>Certum</span> <span class='ocrx_word' id='word_1_646' title='bbox 2975 4390 3189 4447; x_wconf 90' lang='lat' dir='ltr'>autem,</span> <span class='ocrx_word' id='word_1_647' title='bbox 3242 4400 3306 4440; x_wconf 90' lang='lat' dir='ltr'>ac</span> 
     </span>
     <span class='ocr_line' id='line_1_107' title="bbox 1946 4461 3303 4537; baseline 0.001 -20"><span class='ocrx_word' id='word_1_648' title='bbox 1946 4462 2331 4534; x_wconf 90' lang='lat' dir='ltr'>perspiciuum</span> <span class='ocrx_word' id='word_1_649' title='bbox 2386 4461 2638 4528; x_wconf 89' lang='lat' dir='ltr'>videtur,</span> <span class='ocrx_word' id='word_1_650' title='bbox 2688 4462 2937 4537; x_wconf 88' lang='lat' dir='ltr'>gratiam</span> <span class='ocrx_word' id='word_1_651' title='bbox 2989 4462 3303 4520; x_wconf 88' lang='lat' dir='ltr'>secundum</span> 
     </span>
     <span class='ocr_line' id='line_1_108' title="bbox 1943 4542 3303 4602; baseline 0.002 -4"><span class='ocrx_word' id='word_1_652' title='bbox 1943 4542 2323 4600; x_wconf 89' lang='lat' dir='ltr'>substantiam</span> <span class='ocrx_word' id='word_1_653' title='bbox 2350 4544 2528 4599; x_wconf 85' lang='lat' dir='ltr'>simul</span> <span class='ocrx_word' id='word_1_654' title='bbox 2554 4560 2686 4600; x_wconf 89' lang='lat' dir='ltr'>cum</span> <span class='ocrx_word' id='word_1_655' title='bbox 2732 4545 2952 4602; x_wconf 84' lang='lat' dir='ltr'>auxilio</span> <span class='ocrx_word' id='word_1_656' title='bbox 2979 4546 3303 4602; x_wconf 88' lang='lat' dir='ltr'>transeunti</span> 
     </span>
     <span class='ocr_line' id='line_1_109' title="bbox 1942 4624 3298 4699; baseline 0.001 -19"><span class='ocrx_word' id='word_1_657' title='bbox 1942 4624 2220 4699; x_wconf 87' lang='lat' dir='ltr'>distingui</span> <span class='ocrx_word' id='word_1_658' title='bbox 2249 4626 2483 4682; x_wconf 88' lang='lat' dir='ltr'>realiter</span> <span class='ocrx_word' id='word_1_659' title='bbox 2511 4631 2634 4682; x_wconf 89' lang='lat' dir='ltr'>tum</span> <span class='ocrx_word' id='word_1_660' title='bbox 2663 4642 2697 4683; x_wconf 88' lang='lat' dir='ltr'>a</span> <span class='ocrx_word' id='word_1_661' title='bbox 2735 4625 2906 4684; x_wconf 88' lang='lat' dir='ltr'>modo</span> <span class='ocrx_word' id='word_1_662' title='bbox 2933 4627 3298 4692; x_wconf 87' lang='lat' dir='ltr'>intensionis,</span> 
     </span>
     <span class='ocr_line' id='line_1_110' title="bbox 1942 4703 3297 4781; baseline 0.004 -20"><span class='ocrx_word' id='word_1_663' title='bbox 1942 4710 2064 4762; x_wconf 90' lang='lat' dir='ltr'>tum</span> <span class='ocrx_word' id='word_1_664' title='bbox 2094 4723 2127 4763; x_wconf 90' lang='lat' dir='ltr'>a</span> <span class='ocrx_word' id='word_1_665' title='bbox 2154 4708 2340 4781; x_wconf 88' lang='lat' dir='ltr'>seipsa</span> <span class='ocrx_word' id='word_1_666' title='bbox 2361 4714 2423 4764; x_wconf 92' lang='lat' dir='ltr'>ut</span> <span class='ocrx_word' id='word_1_667' title='bbox 2446 4709 2691 4781; x_wconf 82' lang='lat' dir='ltr'>perfecta</span> <span class='ocrx_word' id='word_1_668' title='bbox 2720 4725 2822 4781; x_wconf 88' lang='lat' dir='ltr'>per</span> <span class='ocrx_word' id='word_1_669' title='bbox 2850 4710 3017 4765; x_wconf 90' lang='lat' dir='ltr'>illum</span> <span class='ocrx_word' id='word_1_670' title='bbox 3041 4703 3297 4766; x_wconf 54' lang='lat' dir='ltr'>modum-t</span> 
     </span>
     <span class='ocr_line' id='line_1_111' title="bbox 1943 4789 3301 4866; baseline 0.003 -22"><span class='ocrx_word' id='word_1_671' title='bbox 1943 4789 2331 4855; x_wconf 89' lang='lat' dir='ltr'>Quamobrem</span> <span class='ocrx_word' id='word_1_672' title='bbox 2357 4807 2429 4848; x_wconf 88' lang='lat' dir='ltr'>ex</span> <span class='ocrx_word' id='word_1_673' title='bbox 2471 4808 2557 4859; x_wconf 86' lang='lat' dir='ltr'>eo,</span> <span class='ocrx_word' id='word_1_674' title='bbox 2588 4791 2737 4865; x_wconf 88' lang='lat' dir='ltr'>quod</span> <span class='ocrx_word' id='word_1_675' title='bbox 2758 4792 3030 4848; x_wconf 90' lang='lat' dir='ltr'>contritio</span> <span class='ocrx_word' id='word_1_676' title='bbox 3056 4792 3301 4866; x_wconf 88' lang='lat' dir='ltr'>attingat</span> 
     </span>
     <span class='ocr_line' id='line_1_112' title="bbox 1941 4871 3299 4947; baseline 0.002 -19"><span class='ocrx_word' id='word_1_677' title='bbox 1941 4871 2200 4930; x_wconf 82' lang='lat' dir='ltr'>effective</span> <span class='ocrx_word' id='word_1_678' title='bbox 2219 4873 2468 4946; x_wconf 90' lang='lat' dir='ltr'>gratiam</span> <span class='ocrx_word' id='word_1_679' title='bbox 2495 4874 2668 4931; x_wconf 91' lang='lat' dir='ltr'>modo</span> <span class='ocrx_word' id='word_1_680' title='bbox 2703 4874 2965 4947; x_wconf 82' lang='lat' dir='ltr'>proxime</span> <span class='ocrx_word' id='word_1_681' title='bbox 2992 4872 3299 4939; x_wconf 89' lang='lat' dir='ltr'>declarato,</span> 
     </span>
     <span class='ocr_line' id='line_1_113' title="bbox 1942 4951 3304 5026; baseline -0.001 -15"><span class='ocrx_word' id='word_1_682' title='bbox 1942 4952 2192 5011; x_wconf 88' lang='lat' dir='ltr'>minime</span> <span class='ocrx_word' id='word_1_683' title='bbox 2220 4952 2489 5021; x_wconf 81' lang='lat' dir='ltr'>infertur,</span> <span class='ocrx_word' id='word_1_684' title='bbox 2517 4953 2664 5026; x_wconf 89' lang='lat' dir='ltr'>quod</span> <span class='ocrx_word' id='word_1_685' title='bbox 2693 4969 2808 5009; x_wconf 91' lang='lat' dir='ltr'>non</span> <span class='ocrx_word' id='word_1_686' title='bbox 2834 4951 3094 5025; x_wconf 90' lang='lat' dir='ltr'>procedat</span> <span class='ocrx_word' id='word_1_687' title='bbox 3116 4953 3186 5009; x_wconf 89' lang='lat' dir='ltr'>ab</span> <span class='ocrx_word' id='word_1_688' title='bbox 3213 4968 3304 5009; x_wconf 90' lang='lat' dir='ltr'>ea·</span> 
     </span>
    </p>
   </div>
   <div class='ocr_carea' id='block_1_7' title="bbox 1941 5032 3300 5169">
    <p class='ocr_par' dir='ltr' id='par_1_9' title="bbox 1941 5032 3300 5169">
     <span class='ocr_line' id='line_1_114' title="bbox 1941 5032 3300 5169; baseline -0.001 -80"><span class='ocrx_word' id='word_1_689' title='bbox 1941 5033 2072 5090; x_wconf 90' lang='lat' dir='ltr'>dem</span> <span class='ocrx_word' id='word_1_690' title='bbox 2101 5033 2287 5106; x_wconf 87' lang='lat' dir='ltr'>gratia</span> <span class='ocrx_word' id='word_1_691' title='bbox 2347 5039 2619 5107; x_wconf 87' lang='lat' dir='ltr'>tanquam</span> <span class='ocrx_word' id='word_1_692' title='bbox 2647 5050 2680 5089; x_wconf 90' lang='lat' dir='ltr'>a</span> <span class='ocrx_word' id='word_1_693' title='bbox 2709 5033 2995 5106; x_wconf 90' lang='lat' dir='ltr'>principio</span> <span class='ocrx_word' id='word_1_694' title='bbox 3018 5032 3300 5169; x_wconf 54' lang='lat' dir='ltr'>efl‘ectistgi</span> 
     </span>
    </p>
   </div>
   <div class='ocr_carea' id='block_1_8' title="bbox 3353 2870 3482 2915">
    <p class='ocr_par' dir='ltr' id='par_1_10' title="bbox 3353 2870 3482 2915">
     <span class='ocr_line' id='line_1_115' title="bbox 3353 2870 3482 2915; baseline 0.016 -2"><span class='ocrx_word' id='word_1_695' title='bbox 3353 2870 3482 2915; x_wconf 77' lang='lat' dir='ltr'>Nota.</span> 
     </span>
    </p>
   </div>
  </div>
 </body>
</html>
