3647 5753
320 2683 487 2724 Franco

332 2731 492 2774 Abies.

528 393 597 447 12
1555 380 1648 433 DE
1683 377 1953 433 GRATIA
1994 375 2333 430 EFFICACI.

529 570 592 625 in
628 571 825 634 Deum,
869 565 966 622 sed
997 565 1058 621 in
1089 563 1339 620 liberum
1383 559 1689 617 arbitrium
1722 572 1891 613 revo-

526 656 703 713 cetur,
733 655 1005 718 tanquam
1036 645 1098 700 in
1122 644 1373 718 primam
1406 655 1635 697 causam
1663 636 1798 694 :sed
1826 637 1889 693 in

527 728 829 805 hypothesi
872 742 1050 799 supra
1094 725 1290 799 posita,
1339 722 1604 779 discretio
1647 734 1891 776 consen-

529 809 726 866 tientis
746 824 779 864 a
803 824 920 864 non
960 805 1351 863 consentiente
1370 807 1455 859 est
1474 798 1703 872 aliquod
1738 814 1890 871 prae-

528 888 779 945 dicatum
811 887 964 944 reale
996 890 1269 951 creatum,
1302 897 1419 937 non
1458 880 1751 952 explicans
1774 877 1890 933 im-

531 969 937 1043 perfectionem
1008 987 1021 1021 :
1080 980 1217 1038 ergo
1293 961 1559 1036 praedicta
1626 959 1890 1016 discretio

530 1066 649 1107 non
691 1050 751 1105 in
794 1048 1042 1103 liberum
1086 1043 1418 1110 arbitrium,
1463 1039 1561 1097 sed
1592 1041 1656 1097 in
1682 1043 1883 1104 Deum,

529 1136 805 1202 tanquam
860 1128 922 1183 in
976 1125 1229 1197 primam
1278 1138 1507 1179 causam
1569 1117 1890 1177 reducenda

527 1217 614 1267 est
641 1232 654 1265 ε
683 1209 839 1282 atqui
868 1209 973 1264 hoc
1019 1209 1178 1279 pacto
1224 1203 1416 1260 reduci
1460 1218 1577 1262 non
1608 1205 1804 1275 potest,
1838 1200 1887 1255 si

527 1292 879 1366 gratia'illis
919 1287 1253 1347 hominibus
1292 1288 1497 1344 collata
1543 1285 1619 1340 sit
1669 1289 1891 1341 antece-

529 1372 731 1430 denter
747 1371 817 1427 ad
838 1383 1178 1427 consensum
1209 1383 1442 1440 prorsus
1461 1364 1696 1438 aequalis
1720 1379 1889 1438 :ergo

532 1451 852 1509 necessario
917 1446 1222 1506 dicendum
1269 1452 1382 1514 est,
1433 1444 1914 1503 consentientem‘

531 1534 809 1606 accepisse
862 1532 1116 1603 aliquam
1144 1529 1423 1601 maj0rem
1450 1526 1697 1602 gratiam
1718 1531 1886 1582 ante-

524 1615 794 1672 cedenter
821 1612 890 1670 ad
911 1627 1266 1669 consensum.
1299 1609 1495 1665 Minor
1523 1607 1880 1680 subsumpta,

525 1696 590 1751 in
610 1710 722 1768 qua
742 1694 861 1750 sola
891 1697 1067 1764 potest
1087 1706 1208 1746 esse
1233 1688 1551 1754 difficultaS,
1588 1685 1883 1760 probatur:

522 1775 798 1847 quoniam
847 1774 896 1828 si
937 1775 1082 1828 Deus
1133 1772 1195 1826 in
1233 1767 1712 1826 communicando
1765 1766 1886 1823 illis

522 1854 857 1913 hominibus
903 1854 1170 1928 gratiam,
1225 1850 1523 1923 aequaliter
1564 1864 1796 1921 prorsus
1821 1865 1883 1907 se

519 1937 712 2011 gessit,
741 1951 856 1992 non
886 1934 1076 2007 primo
1117 1930 1388 1987 discrevit
1409 1930 1544 1986 illos
1566 1929 1833 1986 homines
1866 1953 1881 1997 ;

520 2017 619 2074 sed
660 2023 773 2073 tota
796 2015 1061 2071 discretio
1099 2016 1224 2069 orta
1261 2015 1362 2075 est,
1397 2015 1459 2065 ut
1511 2010 1701 2087 inquit
1745 2011 1866 2066 Les·

519 2099 658 2165 sius,
691 2114 760 2154 ex
781 2113 868 2162 ρο,
899 2094 1048 2170 quod
1077 2093 1385 2150 arbitrium
1426 2097 1683 2147 creatum
1716 2106 1881 2146 usum

521 2179 697 2237 fuerit
722 2179 817 2235 Dei
838 2177 1042 2253 gratia,
1078 2179 1246 2247 prout
1275 2172 1446 2228 libuit
1478 2193 1492 2227 ε
1534 2188 1670 2245 ergo
1697 2175 1886 2227 stante

518 2261 725 2334 :equali
756 2265 988 2333 prorsus
1022 2255 1211 2331 gratia
1237 2252 1589 2310 antecedenti
1615 2254 1675 2307 in
1697 2267 1764 2308 eo
1784 2252 1882 2325 qui

518 2342 819 2405 consentit,
846 2345 902 2395 et
941 2339 1003 2393 in
1032 2352 1099 2393 eo
1150 2324 1249 2408 qui
1291 2332 1572 2401 dissentit,
1618 2331 1885 2390 discretio

520 2419 928 2477 consentientis
989 2433 1022 2473 a
1075 2431 1192 2471 non
1237 2415 1626 2470 consentiente
1685 2413 1885 2486 nequit

524 2499 804 2571 primario
827 2500 890 2553 in
914 2501 1110 2562 Deum,
1138 2501 1409 2567 tanquam
1430 2494 1491 2549 in
1510 2494 1764 2565 primum
1788 2509 1884 2549 re-

522 2577 674 2643 duci,
720 2576 819 2634 sed
849 2578 912 2632 in
942 2575 1250 2632 arbitrium
1279 2578 1535 2629 creatum
1568 2571 1884 2628 revocanda

523 2666 626 2716 est.
661 2661 906 2732 Legatur
935 2660 1155 2725 Franco
1177 2654 1365 2709 Abbas
1384 2661 1512 2709 tom.
1555 2654 1637 2717 10,
1667 2653 1730 2706 de
1745 2669 1883 2722 yra-

525 2741 607 2794 ιὶα
649 2737 770 2803 Dei,
815 2740 965 2792 circa
1002 2737 1359 2808 principium,
1411 2732 1507 2788 ubi
1557 2731 1883 2806 ponderans

511 2818 705 2878 ,verba
727 2817 942 2873 Christi
962 2816 1217 2882 Domini,
1250 2814 1450 2892 Matth.
1489 2815 1546 2869 ll
1575 2834 1587 2868 ε
1613 2811 1884 2885 Confiteor

524 2899 624 2954 tibi
640 2899 825 2965 Pater,
855 2899 1084 2954 Domine
1109 2898 1247 2962 coeli,
1272 2903 1320 2951 et
1343 2902 1510 2962 terrm,
1538 2896 1634 2972 qui
1652 2893 1882 2949 abscon-

522 2983 610 3037 dis
628 2982 735 3037 lunc
760 3001 796 3037 a
823 2980 1176 3055 sapientibuS,
1202 2985 1250 3033 ct
1269 2977 1639 3051 prudentibuS,
1665 2984 1713 3031 et
1738 2994 1883 3031 reve-

525 3064 657 3117 lasti
696 3081 756 3118 ea
780 3064 1054 3136 parvulis,
1087 3060 1277 3132 inquit
1307 3080 1320 3114 z
1375 3082 1400 3112 a
1431 3058 1684 3131 Diligens
1707 3058 1883 3114 lector

531 3164 556 3193 «
586 3141 891 3215 diligenter
913 3137 1448 3212 attende,quomodo
1475 3137 1574 3193 Dei
1601 3137 1881 3211 Unigeni-

530 3244 555 3274 «
585 3227 676 3276 tus
702 3228 915 3280 aeterno
945 3221 1103 3277 Patri
1125 3226 1456 3284 coaeternus,
1486 3233 1616 3273 cum
1645 3233 1756 3290 quo
1791 3217 1878 3273 illi

531 3326 556 3357 «
586 3320 703 3361 una
728 3304 1063 3369 substantia,
1088 3301 1285 3358 eadem
1337 3306 1420 3359 est
1462 3301 1666 3375 gloria,
1697 3315 1879 3355 unum

530 3407 556 3438 «
588 3384 851 3458 idemque
889 3383 1213 3448 consilium,
1240 3397 1490 3454 opusque
1519 3379 1838 3436 indivisum
1863 3404 1877 3448 ;

531 3488 557 3520 «
585 3466 868 3544 quomodo
897 3466 967 3523 ad
993 3465 1172 3522 solius
1196 3462 1384 3520 Patris
1409 3462 1659 3536 gloriam
1682 3460 1882 3517 omnia

530 3569 555 3599 «
585 3564 686 3604 sua
717 3549 945 3611 reserat,
976 3552 1034 3602 ut
1062 3551 1113 3600 te
1136 3560 1343 3615 purum
1367 3542 1683 3607 hominem,
1711 3539 1881 3596 intir-

530 3653 555 3682 «
586 3646 769 3695 mum,
796 3636 852 3686 et
873 3630 1248 3701 impotentem
1269 3625 1481 3692 doceat,
1509 3639 1619 3696 quo
1641 3628 1736 3679 tua
1752 3639 1880 3679 om-

530 3735 554 3763 «
588 3712 705 3780 nia,
738 3713 785 3768 si
817 3715 1011 3767 tame'n
1052 3708 1225 3782 digna
1255 3711 1367 3765 Deo
1394 3706 1629 3774 fuerint,
1666 3705 1881 3762 referre

530 3820 556 3850 ι(
587 3792 813 3851 debeas.
845 3795 957 3848 Nee
976 3790 1135 3847 enim
1164 3789 1243 3844 ait
1270 3809 1282 3843 :
1306 3786 1719 3844 Abscondimus
1740 3785 1875 3850 haec,

460 3921 473 3932 ,
530 3901 555 3931 «
587 3884 642 3934 et
671 3875 1102 3932 revelavimus:
1144 3868 1257 3935 sed,
1292 3867 1668 3932 Abscondisti,
1701 3872 1756 3923 et
1785 3882 1879 3922 re—

530 3981 555 4008 «
585 3955 805 4013 velasti.
833 3959 909 4009 Ac
929 3953 977 4008 si
1006 3951 1252 4006 diceret:
1284 3949 1399 4021 Ego
1421 3947 1643 4012 vocavi,
1668 3952 1725 4001 tu
1756 3945 1879 4000 ins-

531 4061 556 4088 «
587 4034 786 4109 pirasti
815 4055 826 4089 :
869 4048 971 4106 ego
1011 4031 1227 4087 librum
1265 4028 1442 4094 tenui,
1474 4032 1532 4081 tu
1563 4025 1834 4097 aperuisti
1863 4046 1876 4080 :

530 4141 555 4168 «
584 4132 687 4191 ego
708 4115 889 4188 legem
917 4110 1200 4185 proposui,
1228 4113 1286 4162 tu
1313 4106 1646 4179 exposuisti:
1670 4121 1772 4178 ego
1792 4105 1880 4161 in-

530 4223 555 4253 «
585 4198 752 4256 sonui
782 4193 1035 4258 auribus,
1080 4197 1139 4246 tu
1186 4186 1469 4246 cordibus,
1503 4188 1584 4243 Ex
1614 4187 1717 4243 hac
1742 4202 1879 4260 ergo

533 4305 558 4334 «
589 4274 821 4335 Domini
844 4271 1025 4328 nostri
1048 4267 1404 4326 confessione
1431 4271 1654 4321 amator
1680 4266 1880 4338 gratiae

532 4383 558 4415 «
585 4360 781 4422 discat,
807 4350 1106 4427 quomodo,
1137 4355 1194 4406 et
1218 4349 1309 4404 cui
1329 4345 1588 4404 confiteri
1632 4345 1831 4402 debeat
1859 4371 1873 4414 ;

533 4448 643 4499 «et
678 4444 958 4512 quantum
1001 4434 1062 4488 in
1090 4431 1332 4506 singulis
1357 4428 1672 4504 quibusque
1711 4426 1878 4486 bonis

532 4520 897 4581 «invenerit,
942 4520 1118 4572 totam
1159 4519 1215 4569 et
1254 4513 1316 4568 in
1363 4512 1608 4586 singulis
1628 4511 1875 4585 gratiam

529 4629 555 4658 «
585 4604 684 4672 Dei
711 4617 833 4666 esse
854 4596 1099 4655 noverit.
1130 4615 1154 4646 n
1197 4595 1266 4648 Et
1289 4600 1420 4648 tom.
1460 4594 1541 4660 ll,
1585 4607 1879 4664 exponens

523 4687 627 4742 illa
648 4681 857 4738 Christi
882 4676 1075 4744 verba,
1102 4674 1304 4730 Matth.
1331 4674 1403 4729 28
1434 4671 1614 4729 :Data
1642 4681 1717 4729 est
1737 4673 1879 4728 mihi

516 4767 871 4839 potestas,etc.
887 4781 911 4811 α
930 4759 998 4811 Et
1020 4750 1674 4832 vide,inquit,quomodo
1700 4758 1880 4826 potes·

526 4870 552 4900 «
581 4850 757 4902 tatem
769 4856 930 4897 suam
942 4838 1139 4913 gratiae
1150 4833 1441 4893 adscribit.
1457 4835 1662 4890 Etcum
1678 4835 1879 4890 omnia

525 4953 552 4982 «
584 4930 647 4985 in
678 4928 847 4981 Patre
890 4920 1190 4995 possideat,
1240 4924 1297 4974 et
1322 4933 1453 4974 cum
1481 4919 1652 4974 Patre
1677 4917 1878 4975 omnia

527 5036 553 5066 «
585 5008 818 5076 tribuat,
846 5003 998 5060 nihil
1025 5000 1094 5059 de
1124 4999 1456 5057 Divinitatis
1481 5013 1598 5056 suae
1625 5000 1879 5072 potentia

2028 576 2053 608 α
2084 560 2384 620 memorat,
2417 556 2513 612 sed
2554 556 2625 613 ad
2655 558 2955 632 largientis
2997 558 3248 632 gloriam
3286 576 3392 616 ac·

2027 657 2053 687 «
2082 640 2255 706 ceptae
2290 638 2580 708 potestatis
2621 637 2799 695 refert
2836 641 3104 713 gratiam.
3153 643 3393 706 Quanto

2027 737 2052 767 «
2083 715 2265 789 magis
2287 717 2422 772 vilis
2452 717 2761 775 homuncio
2781 719 2947 777 debet
2965 719 3243 794 quidquid
3259 711 3390 778 *ha-

1977 838 1982 839 r
2026 817 2050 846 «
2083 793 2314 863 bet‚non
2331 796 2393 851 in
2406 813 2575 852 suum
2596 798 3031 864 arbitriumtsed
3053 800 3116 856 in
3136 802 3235 858 Dei
3252 819 3392 876 gra·

2027 896 2052 927 α
2083 876 2221 932 tiam
2247 876 2504 933 referre?
2525 897 2552 927 »
2582 879 2649 932 Et
2675 886 2804 936 lom.
2840 882 2922 945 12,
2949 882 3384 952 aliquantulum

2020 971 2050 1010 a
2076 955 2358 1033 principio
2380 957 2459 1012 ait
2490 978 2502 1013 :
2539 980 2566 1010 α
2603 959 2811 1015 Gratiae
2855 961 3045 1033 itaque
3083 967 3184 1029 est,
3220 964 3381 1035 quod

2026 1057 2050 1087 «
2080 1035 2283 1110 elegit;
2312 1037 2526 1111 gratiae,
2557 1038 2705 1110 quod
2738 1040 2917 1112 potuit
2943 1066 2955 1108 ;
2985 1044 3207 1116 gratiae,
3227 1044 3384 1117 quod

2026 1136 2050 1166 «
2082 1115 2328 1172 fructum
2349 1118 2592 1177 contulit
2622 1143 2636 1185 ;
2666 1121 2882 1192 gratiae,
2907 1121 3056 1192 quod
3084 1122 3153 1179 ad
3181 1130 3385 1181 matu-

2025 1218 2049 1247 «
2078 1197 2303 1254 ritatem
2328 1215 2503 1271 usque
2526 1199 2815 1271 perduxit.
2839 1204 3126 1276 Quidquid
3151 1222 3289 1281 ergo
3315 1209 3384 1265 in

2023 1301 2050 1330 ι(
2080 1277 2318 1335 homine
2373 1281 2625 1348 virtutiS,
2677 1289 2775 1338 aut
2824 1284 3001 1357 studii
3052 1287 3387 1359 spiritualis

2025 1380 2050 1410 «
2078 1360 2304 1428 emicat,
2330 1360 2400 1418 de
2420 1362 2524 1420 hoc
2553 1363 2710 1420 fonte
2752 1366 2981 1437 pietatis
3007 1375 3222 1434 manat,
3255 1387 3384 1429 non

2024 1463 2049 1493 α
2079 1440 2161 1575 de)
2176 1441 2345 1499 liberi
2375 1443 2604 1502 arbitrii
2635 1446 2938 1516 industria,
2966 1467 3083 1509 non
3103 1452 3173 1511 de
3197 1460 3384 1511 cona-

2024 1542 2048 1573 «
2078 1521 2120 1576 ti
2166 1538 2248 1579 us,
2283 1543 2308 1573 n

2091 1606 2183 1661 21.
2217 1604 2301 1661 Ad
2344 1606 2479 1673 haec,
2527 1615 2788 1667 creatura
2834 1628 2952 1670 nou
2981 1621 3162 1687 potest
3205 1630 3560 1692 agerecontuu·

2018 1686 2129 1742 nisi
2154 1704 2282 1743 cum
2309 1688 2782 1749 subordinatione
2822 1695 2891 1750 ad
2922 1699 3098 1763 Deum
3126 1716 3381 1759 causan-
3396 1682 3553 1774 ωξῑῗέἷ

2015 1771 2131 1822 tem
2158 1765 2418 1824 effectum
2448 1770 2628 1841 ipsius
2647 1778 2921 1831 creaturae
2951 1798 2963 1833 :
2988 1778 3085 1834 sed
3111 1780 3161 1836 si
3186 1787 3384 1839 stante

2016 1846 2214 1904 eadem
2239 1866 2469 1921 prorsus
2487 1853 2674 1926 gratia
2698 1854 2758 1910 in
2778 1855 2999 1914 duobus
3016 1860 3379 1930 hominibus,

2016 1944 2165 2017 unus
2214 1932 2561 1990 consentiret
2605 1936 2785 1992 altero
2831 1936 3232 2009 dissentiente,
3272 1945 3384 2001 ille

2015 2014 2206 2082 ageret
2250 2011 2861 2083 suamdiscretionem
2911 2019 3119 2097 absque
3162 2022 3379 2081 subor-

2015 2090 2311 2149 dinatione
2332 2093 2402 2148 ad
2434 2097 2614 2150 Deum
2636 2112 2764 2153 eam
2793 2100 2912 2156 ullo
2935 2103 3104 2161 modo
3129 2121 3379 2163 causan·

2017 2178 2128 2230 tem
2162 2196 2175 2230 ε
2200 2190 2335 2249 ergo
2362 2175 2489 2232 fieri
2520 2193 2636 2234 non
2665 2186 2861 2251 potest,
2892 2184 3040 2255 quod
3061 2192 3247 2244 stante
3269 2190 3377 2248 illa

2014 2256 2351 2326 aequalitate,
2404 2273 2552 2313 unus
2597 2263 2930 2329 consentiat,
2974 2270 3033 2321 et
3073 2265 3377 2327 dissentiat

2015 2335 2192 2390 alter:
2222 2352 2358 2410 ergo
2380 2337 2439 2392 in
2461 2340 2851 2398 consentiente
2873 2348 3157 2415 praecessit
3179 2349 3374 2421 aliqua

2012 2415 2196 2488 gratia
2223 2416 2576 2474 antecedens.
2632 2421 2913 2480 Probatur
2963 2426 3159 2486 minor
3204 2436 3372 2487 :tum

2012 2496 2148 2568 quia
2176 2497 2338 2552 nulla
2358 2513 2541 2561 causa,
2569 2506 2631 2555 ut
2651 2503 2948 2573 aequaliter
2973 2521 3033 2562 se
3058 2506 3275 2565 habens
3296 2511 3373 2567 ad

2012 2577 2258 2645 effectus,
2289 2587 2480 2636 causat
2505 2581 2912 2642 discretionem
2942 2588 3095 2645 inter
3121 2592 3276 2660 illos,
3311 2600 3376 2649 ut

2014 2659 2192 2731 liquet
2215 2675 2285 2715 ex
2324 2661 2592 2717 terminis
2623 2684 2636 2719 :
2666 2679 2801 2738 ergo
2827 2668 2875 2722 si
2907 2670 3052 2725 Deus
3092 2674 3372 2745 aequalem

2014 2756 2247 2812 prorsus
2270 2742 2515 2814 gratiam
2564 2749 2836 2803 concessit
2862 2753 3264 2820 consentienti,
3316 2764 3374 2812 et

2015 2835 2131 2910 non
2150 2823 2547 2890 consentienti,
2583 2828 2729 2882 Deus
2751 2843 2865 2885 non
2894 2833 3148 2890 causavit
3165 2851 3368 2894 eorum

2012 2898 2413 2959 discretionem
2465 2926 2478 2959 ε
2508 2921 2643 2979 ergo
2681 2909 2945 2966 voluntas
2967 2920 3154 2972 creata
3201 2917 3370 2976 inde-

2014 2981 2327 3052 pendenter
2379 3000 2412 3039 a
2463 2987 2576 3041 Deo
2626 2986 2983 3049 discernente
3037 2995 3368 3066 praedictam

2013 3060 2413 3120 discretionem
2461 3066 2745 3137 produxit.
2796 3072 2945 3128 Tum
2994 3075 3190 3141 etiam,
3233 3080 3368 3151 quia

2012 3147 2245 3199 eatenus
2271 3145 2538 3203 voluntas
2583 3156 2770 3206 creata
2811 3160 3001 3209 causat
3043 3157 3368 3228 praedictam
3407 3201 3414 3206 -

2011 3221 2431 3292 discretionem,
2481 3233 2762 3299 quatenus
2806 3232 2987 3289 utitur
3024 3238 3209 3308 gratia
3257 3239 3368 3296 sibi

2011 3304 2430 3361 communicata
2479 3328 2493 3363 z
2541 3308 2639 3364 sed
2678 3311 2839 3382 juxta
2887 3312 3368 3376 Adversariorum

2012 3382 2350 3451 doctrinam,
2385 3391 2446 3441 ut
2490 3389 2754 3446 voluntas
2803 3398 2994 3450 utatur
3027 3399 3211 3470 gratia
3255 3399 3370 3457 sibi

2012 3462 2159 3554 data,
2196 3481 2312 3521 non
2338 3473 2464 3539 eget
2483 3468 2675 3541 aliqua
2703 3473 2975 3541 motione,
3004 3478 3093 3533 vel
3122 3480 3370 3552 applica·-

2012 3549 2166 3602 tione
2189 3546 2307 3611 Dei,
2342 3553 2404 3602 ut
2431 3547 2684 3605 vidimus
2709 3553 2851 3623 disp.
2885 3556 2937 3622 5,
2971 3556 3099 3613 dub.
3126 3560 3161 3612 6
3187 3583 3201 3624 ;
3231 3575 3370 3634 ergo

2014 3625 2276 3682 voluntas
2295 3634 2482 3684 creata
2504 3637 2694 3687 causat
2717 3634 3045 3704 praedictam
3066 3636 3369 3696 discretio-

2013 3721 2166 3770 nem,
2200 3722 2262 3762 ac
2284 3708 2522 3780 perinde
2543 3711 2771 3783 aliquod
2795 3715 3157 3785 praedicatum
3186 3721 3362 3786 reale,

2012 3786 2221 3862 absque
2258 3786 2656 3861 dependentia,
2701 3799 2756 3850 et
2784 3796 3256 3858 subordinatione
3295 3801 3367 3858 ad

2011 3869 2188 3923 Deum
2220 3868 2593 3942 attingentem
2642 3873 2922 3944 primario
2951 3880 3090 3935 tales
3114 3881 3360 3939 effectus

2012 3947 2168 4012 Quod
2196 3949 2519 4017 concedere,
2554 3957 2614 4007 ut
2640 3953 2868 4012 videtur
2897 3959 3119 4015 Lessius
3149 3961 3367 4018 admit-

2012 4035 2147 4095 tere,
2197 4037 2282 4087 est
2324 4031 2463 4090 adeo
2496 4033 2828 4101 absurdum,
2865 4045 2922 4094 ut
2950 4042 3135 4115 major
3160 4045 3364 4101 confu-

2011 4110 2149 4167 tatio
2193 4111 2537 4183 superssuat;
2570 4131 2705 4171 nam
2753 4117 2888 4174 inde
2927 4118 3042 4186 fiet,
3095 4124 3366 4182 volunta—

2011 4197 2126 4247 tem
2154 4197 2401 4249 creatam
2431 4210 2548 4251 non
2578 4212 2746 4270 agere
2785 4214 2885 4269 per
2924 4201 3162 4260 modum
3204 4221 3366 4263 crea-

2009 4276 2172 4331 turae.
2213 4276 2270 4327 et
2307 4273 2526 4346 agentis
2570 4277 2821 4344 secundi,
2865 4279 2962 4335 sed
3009 4282 3194 4340 instar
3240 4286 3360 4352 Dei,

2009 4352 2198 4425 quiin
2244 4369 2347 4409 sua
2393 4354 2873 4418 determinatione
2920 4362 2991 4419 ab
3037 4365 3220 4424 altero
3249 4384 3366 4425 non

2009 4433 2308 4507 dependet.
2339 4438 2407 4491 Et
2449 4448 2854 4511 consequenter
2894 4451 3081 4515 posset
3123 4464 3367 4507 consen-

2008 4517 2156 4573 tiens
2176 4514 2246 4572 de
2265 4533 2368 4573 sua
2387 4516 2881 4589 determinatione,
2907 4526 3041 4597 quia
3062 4544 3094 4584 a
3116 4545 3194 4596 se,
3220 4535 3279 4587 et
3295 4547 3367 4588 ex

2007 4611 2068 4653 se
2092 4595 2302 4669 absque
2349 4597 2531 4670 priori
2579 4598 2936 4660 discernente
2976 4604 3141 4663 illam
3172 4609 3363 4674 habet,

2009 4677 2281 4734 adversus
2305 4694 2419 4736 non
2440 4683 2888 4741 consentientem
2910 4687 3151 4760 gloriari
3177 4712 3190 4747 ε
3215 4693 3381 4763 quod

2008 4762 2092 4818 est
2114 4763 2311 4815 contra
2333 4759 2712 4818 intentionem
2742 4767 2996 4836 Apostoli
3027 4768 3146 4825 loco
3171 4770 3363 4840 citata,

2010 4843 2071 4893 ut
2112 4838 2390 4911 ponderat
2434 4841 2500 4896 D.
2531 4841 2734 4900 Thom.
2768 4844 3005 4915 ibidem,
3037 4848 3155 4906 lect.
3186 4851 3241 4916 2,
3273 4851 3367 4909 his
3406 4846 3574 4890 D·'¹''¹⁰·
3633 4901 3634 4912 ,

2009 4916 2200 4975 verbis
2232 4938 2246 4974 ε
2281 4941 2307 4971 α
2331 4921 2629 4978 Concludit
2657 4927 3011 4998 propositum
3039 4927 3235 4986 dicens
3263 4952 3276 4987 ε
3305 4933 3365 4988 Si
3434 4905 3538 4939 mas.

2015 5022 2041 5052 «
2082 5005 2273 5057 autem
2297 5002 2578 5075 accepisti,
2597 5005 2733 5077 quid
2754 5008 3042 5081 gloriariS,
3061 5011 3223 5082 quasi
3247 5028 3367 5071 non

3037 5094 3323 5166 acceperis
3348 5120 3362 5163 ;
