3647 5753
501 398 615 454 552
1172 401 1266 455 DE
1307 398 1921 455 DISPOSITIONIBUS
1959 400 2055 454 AD
2093 399 2758 457 JUSTIFICATIONEM.

289 584 476 630 Tertium
504 568 755 643 gratiam
767 569 1194 643 justificationis
1210 573 1454 630 omnino
1467 571 1665 647 gratis,
1682 575 1738 628 et
1752 569 1877 628 abs-

288 644 487 728 ‚ffe'ffim
504 665 613 723 que
642 659 893 725 respectu
923 652 992 709 ad
1015 670 1206 727 opera,
1240 661 1304 711 ut
1335 662 1554 711 constat
1578 671 1649 711 ex
1676 659 1873 727 Apost.

286 735 487 826 ἑίὲὲῠω-
504 732 747 789 adRom.
776 733 831 800 3,
850 742 900 789 et
925 736 979 789 ll
993 735 1322 810 ,adEphe8.
1343 739 1397 805 2,
1423 737 1498 791 ad
1525 736 1712 794 Titum
1738 736 1792 802 3,
1819 740 1877 792 et

299 829 366 875 ad
418 832 464 876 i.t
505 811 644 868 alibi
664 829 854 887 saepe.
877 830 1015 890 ergo
1038 816 1352 873 absurdum
1381 823 1466 873 est
1489 816 1697 882 dicere,
1723 814 1874 888 quod

502 892 719 965 impius
746 893 816 951 ad
833 896 1119 969 justitiam
1142 914 1204 954 se
1223 896 1494 971 disponat
1516 913 1618 970 per
1639 913 1814 970 opera
1841 913 1874 953 a

500 973 790 1031 seelicita.
809 992 944 1033 nam
962 979 1039 1052 ly
1050 996 1348 1052 peropem,
1369 977 1621 1049 aliquam
1637 977 1875 1033 causali-

500 1059 697 1122 tatem,
722 1062 777 1113 et
799 1057 1249 1134 condignitatem
1277 1059 1597 1148 respective
1619 1058 1689 1114 ad
1706 1058 1874 1132 justi-

505 1135 646 1192 tiam
671 1136 966 1209 importat.

576 1216 988 1286 confirmatur,
1019 1219 1157 1291 quia
1205 1219 1369 1276 nulla
1398 1221 1491 1277 lex
1540 1218 1873 1276 infallibilis

505 1296 682 1365 adest,
711 1299 860 1372 quod
889 1304 1039 1357 Deus
1065 1299 1226 1357 dabit
1249 1302 1498 1375 gratiam
1527 1301 1751 1358 homini
1780 1301 1871 1357 fa-

500 1380 674 1436 cienti
713 1380 865 1452 quod
912 1383 1089 1438 estin
1130 1398 1230 1438 se:
1261 1399 1395 1456 ergo
1424 1383 1872 1456 impertinenter

499 1476 561 1517 se
581 1460 795 1517 habent
837 1463 1093 1520 hominis
1120 1479 1293 1536 opera
1319 1462 1389 1520 ad
1412 1461 1869 1536 consequendam

496 1540 804 1614 justitiam.

575 1621 661 1678 Ad
700 1628 1109 1697 argumentum
1154 1623 1533 1697 respondetur
1552 1639 1684 1680 cum
1715 1625 1869 1681 Con-

303 1727 468 1771 concil
501 1705 598 1761 cil.
622 1706 781 1762 Trid.
826 1723 951 1762 sess,
984 1709 1040 1773 6,
1071 1724 1119 1763 c.
1152 1708 1206 1774 8,
1239 1709 1422 1763 Deum
1450 1705 1589 1763 dare
1614 1707 1867 1781 gratiam

285 1219 472 1277 nestun

337 1277 417 1311 sto.

286 1777 477 1823 'ri-ment„
496 1784 924 1860 Justificationis
969 1786 1212 1844 omnino
1255 1787 1453 1861 gratiS,
1492 1789 1628 1861 quia
1674 1803 1864 1860 opera,
1883 1801 1886 1804 ·

501 1882 626 1940 quae
659 1866 1127 1940 justificationem
1171 1867 1513 1941 praecedunt,
1544 1868 1711 1925 illam
1748 1885 1868 1926 non

501 1953 820 2015 merentur,
854 1950 1059 2005 saltem
1079 1948 1150 2007 de
1188 1949 1473 2025 condigno
1496 1974 1510 2018 3
1536 1955 1593 2007 et
1615 1950 1751 2022 quia
1776 1956 1868 2008 to-

501 2033 625 2085 tum
667 2028 1093 2105 justificationis
1139 2030 1434 2106 negotium
1479 2030 1755 2087 fundatur
1801 2032 1867 2088 in

501 2115 692 2189 primo
716 2117 936 2173 auxilio
962 2116 1205 2173 omnino
1229 2118 1502 2190 gratioso,
1536 2121 1591 2174 et
1618 2114 1687 2173 ad
1713 2116 1865 2188 quod

498 2198 662 2253 nulla
688 2214 863 2272 opera
892 2204 1092 2257 nostra
1131 2200 1224 2255 vel
1253 2215 1355 2272 per
1377 2200 1612 2256 modum
1643 2199 1860 2266 meriti,

496 2278 590 2334 vel
615 2294 717 2351 per
739 2278 978 2337 modum
1001 2276 1396 2352 dispositionis
1414 2285 1867 2354 praesupponun-

498 2363 613 2425 tur,
664 2365 726 2415 ut
782 2361 894 2417 late
951 2358 1379 2417 declaravimus
1428 2368 1588 2418 tract.
1639 2362 1859 2434 praed.

496 2440 636 2512 dis-p.
670 2442 724 2508 3,
750 2441 877 2497 dub.
907 2442 961 2511 3,
1005 2459 1132 2498 cum
1169 2459 1280 2519 seq.
1321 2441 1429 2499 Sed
1476 2443 1866 2500 nihilominus

495 2522 646 2577 Deus
667 2523 917 2595 gratiam
953 2522 1363 2597 justificantem
1406 2524 1727 2581 infundens
1772 2529 1865 2581 at-

497 2599 684 2656 tendit
710 2602 779 2658 ad
807 2618 980 2673 opera
1009 2609 1223 2670 nostra,
1260 2619 1379 2660 non
1405 2605 1552 2660 sicut
1580 2603 1648 2661 ad
1676 2605 1864 2662 meri-

497 2685 643 2747 tum,
677 2680 775 2738 sed
808 2683 956 2738 sicut
994 2681 1065 2739 ad
1092 2681 1515 2756 dispositioneS,
1562 2701 1688 2757 quae
1722 2701 1864 2742 con-

497 2763 844 2820 naturaliter
888 2770 1086 2837 aptant
1126 2765 1444 2839 subjectum
1475 2764 1545 2821 ad
1575 2765 1863 2837 recipien-

496 2844 636 2901 dum
667 2844 838 2903 modo
874 2846 987 2903 sibi
1022 2848 1472 2906 consono‘talem
1499 2849 1767 2923 gratiam,
1801 2852 1865 2905 ut

496 2942 671 2998 supra
698 2926 1080 2998 explicuimus
1120 2931 1151 2998 6
1187 2931 1231 2985 l.
1266 2932 1380 2986 Nec
1404 2928 1512 2985 hoc
1534 2926 1725 3002 ar'guit
1748 2927 1864 2984 ali-

497 3023 670 3078 quam
719 3007 1212 3080 imperfectionem
1265 3025 1337 3067 ex
1384 3016 1545 3083 parte
1592 3009 1713 3075 Dei,
1760 3008 1861 3065 sed

501 3090 687 3162 potius
731 3105 966 3146 suavem
1016 3090 1463 3164 providentiam,
1506 3107 1618 3164 qua
1660 3106 1861 3148 rerum

501 3171 725 3227 naturis
745 3187 806 3228 se
827 3171 1246 3231 accommodam
1276 3188 1411 3228 nam
1438 3179 1497 3228 ut
1518 3173 1733 3246 optime
1760 3174 1860 3229 in-

284 3264 466 3310 D.'1’ho.
498 3252 708 3325 quitD.
740 3252 945 3309 Thom.
976 3269 1151 3326 supra
1170 3259 1371 3327 quaest.
1405 3256 1525 3321 112,
1558 3260 1671 3311 art.
1700 3257 1736 3309 2
1788 3253 1860 3310 ad

497 3334 567 3388 3:
593 3355 618 3387 α
645 3336 836 3407 Agens
856 3332 1100 3391 infinitae
1120 3335 1355 3391 virtutis
1382 3351 1499 3392 non
1524 3335 1702 3410 exigit
1730 3351 1860 3391 ma-

503 3437 529 3467 «
558 3416 787 3481 teriam,
810 3416 905 3471 vel
932 3413 1390 3488 dispositionem,
1420 3419 1583 3491 quasi
1607 3433 1861 3491 praesup-

501 3519 526 3549 α
559 3498 738 3570 posita
766 3513 835 3554 ex
858 3498 1098 3554 alterius
1140 3515 1321 3556 causae
1358 3500 1579 3556 actione
1604 3521 1617 3555 ε
1641 3499 1740 3557 sed
1767 3505 1859 3556 ta-

500 3601 526 3632 «
555 3594 692 3636 men
746 3586 984 3652 oportet,
1015 3580 1166 3653 quod
1211 3582 1525 3638 secundum
1572 3580 1859 3638 conditio-

497 3681 524 3712 «
555 3675 689 3716 nem
721 3661 803 3716 rei
850 3660 1168 3729 causandae,
1202 3663 1266 3719 in
1294 3662 1417 3735 ipsa
1459 3678 1522 3719 re
1566 3668 1756 3719 causet
1800 3668 1859 3720 et

501 3763 526 3794 α
556 3744 886 3809 materiam,
919 3750 975 3800 et
1018 3743 1452 3818 dispositionem
1494 3745 1745 3803 debitam
1784 3745 1857 3803 ad

498 3845 525 3876 α
553 3824 824 3881 formam.
857 3826 927 3880 Et
945 3825 1224 3882 similiter
1251 3824 1320 3881 ad
1362 3826 1485 3892 hoc,
1516 3826 1666 3900 quod
1708 3830 1859 3884 Deus
1886 3842 1892 3848 ·

499 3927 525 3957 α
551 3906 801 3978 gratiam
826 3905 1098 3963 infundat
1119 3907 1351 3972 animae,
1380 3908 1543 3963 nulla
1565 3924 1858 3981 praepara-

497 4006 522 4037 α
551 3986 632 4042 tio
652 3985 924 4059 exigitur,
956 4003 1129 4058 quam
1160 3987 1282 4059 ipse
1308 4003 1425 4043 non
1454 3986 1641 4044 faciat.
1673 4007 1700 4039 ι)

565 4067 649 4123 Ad
672 4066 1174 4125 confirmationem
1201 4068 1339 4125 satis
1360 4075 1577 4126 constat
1598 4085 1667 4125 ex
1688 4069 1856 4127 dictis

489 4156 655 4205 tract.
677 4151 1013 4223 pracedenti,
1043 4150 1186 4222 disp.
1233 4152 1287 4218 3,
1336 4152 1549 4218 dua-7,
1591 4149 1690 4206 ubi
1717 4166 1855 4207 sen-

486 4247 617 4287 sum
680 4230 961 4304 praedictae
1026 4234 1436 4307 propositionis
1486 4233 1852 4289 examinavi-

487 4329 636 4369 muS.
657 4316 822 4369 Nunc
849 4311 1105 4371 breviter
1134 4313 1529 4387 respondetur,
1561 4314 1710 4387 quod
1733 4331 1854 4371 non

487 4392 644 4450 adest
656 4394 746 4450 lex
761 4391 938 4450 dandi
954 4392 1347 4451 infallibili-ter
1355 4394 1603 4468 gratiam
1620 4395 1854 4452 facienti

485 4472 635 4546 quod
663 4479 748 4530 est
773 4474 836 4530 iu
858 4491 918 4531 se
953 4490 1027 4531 ex
1047 4473 1272 4530 viribus
1301 4480 1540 4531 naturae.
1568 4478 1851 4532 Caeterum

486 4553 585 4628 qui
629 4554 763 4610 facit
800 4555 950 4627 quod
981 4562 1160 4629 potest
1197 4572 1269 4613 ex
1315 4557 1536 4614 auxilio
1583 4558 1703 4624 Dei,
1753 4558 1853 4615 in-

488 4636 817 4695 fallibiliter
861 4646 1239 4713 consequetur
1265 4640 1534 4714 gratiam,
1579 4638 1651 4697 ad
1677 4656 1852 4712 quam

487 4733 589 4789 per
609 4718 723 4773 tale
751 4719 1037 4774 auxilium
1066 4724 1349 4777 movetur.
1383 4722 1551 4785 Nam,
1579 4724 1639 4775 ut
1661 4720 1853 4793 inquit

483 4801 547 4855 D.
578 4798 828 4855 Thomas
854 4798 955 4856 ubi
980 4817 1173 4874 supra,
1202 4806 1310 4858 art.
1336 4802 1371 4856 3
1392 4822 1405 4857 :
1430 4822 1455 4855 «
1485 4801 1543 4855 Si
1570 4816 1640 4857 ex
1664 4801 1853 4858 inten-

490 4901 516 4933 α
546 4879 704 4936 tione
728 4880 827 4937 Dei
853 4883 1141 4939 moventis
1165 4886 1269 4951 est,
1294 4880 1443 4954 quod
1472 4882 1663 4946 homo,
1690 4882 1852 4955 cujus

490 4984 516 5015 α
545 4978 641 5020 cor
666 4968 875 5029 movet,
907 4965 1154 5038 gratiam
1194 4970 1591 5039 consequatur,
1619 4964 1852 5021 infalli-

494 5064 520 5096 α
549 5042 747 5103 biliter
787 5044 974 5120 ipsam
1012 5046 1397 5120 consequitur,
1430 5044 1744 5105 secundum
1770 5044 1850 5103 il-

2013 593 2038 624 α
2071 569 2168 626 lud
2195 573 2360 628 Joan.
2384 573 2419 627 6
2443 572 2676 628 ·Omnis
2702 572 2801 644 qui
2843 570 3004 629 audit
3042 587 3076 628 a
3105 572 3295 637 Patre,
3324 575 3454 628 etn.
3475 583 3588 626 sm

2013 675 2039 706 α
2067 652 2286 719 didicit,
2320 654 2482 710 venit
2508 653 2579 710 ad
2601 670 2716 712 me.

2081 735 2173 792 31.
2180 738 2389 791 Contra
2404 736 2654 826 primam
2679 740 2900 809 partem
2909 733 3172 793 secundas
3184 750 3379 791 asser-
3391 730 3586 824 ξξιξῑᾚὶ

2006 813 2180 871 tionis
2202 820 2311 871 stat
2343 823 2506 873 vetus
2545 816 2743 889 opinio
2787 816 3242 872 Manichaeorum
3269 831 3377 871 ex-
3392 829 3450 873 ua
3465 840 3567 873 eon-

2005 894 2359 952 eludentium
2379 897 2791 965 necessitatem,
2799 902 2856 952 et
2875 896 3183 953 utilitatem
3199 895 3372 964 fidei,
3417 879 3558 923 “²³¹²

2004 974 2415 1033 existimabant
2435 977 2595 1033 enim
2648 976 2723 1032 iis
2768 981 2994 1032 tantum
3047 973 3376 1033 assentien-

2004 1054 2144 1111 dum
2172 1073 2312 1123 esse,
2344 1074 2468 1131 quae
2495 1063 2724 1132 possent
2752 1073 2853 1131 per
2880 1057 3168 1113 rationem
3198 1064 3373 1114 natu-

2007 1141 2189 1197 ralem
2225 1140 2525 1199 evidenter
2570 1140 2815 1205 ostendi,
2846 1147 2906 1196 ut
2948 1141 3124 1197 refert
3155 1143 3220 1197 D.
3248 1146 3372 1199 Au·
3388 1159 3442 1200 D.
3461 1160 3564 1212 Aug.

2001 1229 2148 1297 gust.
2201 1225 2260 1279 in
2308 1224 2400 1280 lib.
2451 1225 2516 1280 dc
2555 1225 2801 1281 utilitate
2871 1224 3143 1280 credendi.
3187 1227 3371 1289 Quam

2003 1304 2270 1361 haeresim
2303 1310 2493 1377 postea
2531 1304 2830 1362 suscitavit
2865 1307 3070 1362 Petrus
3111 1304 3372 1363 Abailar-

2002 1386 2124 1454 duS,
2155 1392 2217 1442 ut
2271 1388 2445 1444 refert
2489 1391 2554 1444 D.
2584 1387 2864 1445 Bernard.
2894 1390 3050 1460 epist.
3093 1389 3211 1445 190.
3260 1388 3368 1446 Sed
3385 1403 3583 1448 anem.

2002 1470 2106 1525 hoc
2131 1462 2406 1524 delirium
2433 1473 2518 1525 est
2539 1466 2679 1525 adeo
2705 1467 3127 1533 irrationabile,
3150 1474 3211 1522 ut
3238 1470 3370 1524 nul·

2002 1551 2126 1606 lum
2155 1547 2360 1606 habeat
2404 1546 2847 1604 fundamentum
2894 1564 3195 1621 apparens,
3218 1547 3367 1619 quod

2002 1647 2140 1704 opus
2168 1631 2241 1685 sit
2263 1629 2357 1685 hic
2385 1634 2767 1702 prosternere.
2786 1626 3065 1684 Videatur
3086 1629 3361 1686 D.Thom.
3385 1650 3443 1692 n,
3459 1650 3565 1693 mo,

2003 1713 2096 1769 lib.
2133 1716 2176 1778 l,
2212 1720 2403 1769 contra
2438 1711 2650 1779 Gentes,
2682 1728 2799 1783 cap.
2831 1712 2886 1776 5,
2940 1710 3035 1767 ubi
3085 1711 3371 1783 perstrin-

1999 1809 2138 1868 gens
2185 1792 2584 1849 haereticorum
2633 1791 2941 1857 motivum,
2972 1790 3120 1847 illud
3174 1791 3366 1859 diluit,

1999 1882 2056 1931 et
2080 1875 2260 1930 simul
2297 1874 2602 1930 veritatem
2654 1871 2959 1929 confirmat
3013 1872 3103 1928 his
3131 1871 3325 1928 verbis
3355 1892 3369 1929 ι

2007 1977 2035 2011 α
2059 1953 2303 2026 Videtur
2331 1960 2523 2010 autem
2562 1945 2906 2027 quibusdam
2955 1952 3213 2018 fortasse,
3248 1969 3370 2010 non

2004 2057 2031 2089 α
2060 2035 2268 2093 debere
2307 2035 2533 2092 homini
2582 2033 2653 2091 ad
2723 2031 3074 2090 credendum
3124 2033 3369 2107 proponi

2004 2137 2029 2169 α
2061 2117 2184 2183 illa,
2216 2131 2341 2189 quae
2363 2116 2587 2172 ratione
2615 2114 2967 2189 investigare
2995 2130 3112 2171 non
3139 2114 3364 2180 sufficit,

2004 2220 2029 2252 α
2059 2215 2189 2255 cum
2229 2198 2431 2255 divina
2475 2197 2760 2271 sapientia
2812 2196 3120 2270 unicuique
3159 2213 3371 2254 secun—

2004 2301 2029 2333 «
2059 2278 2198 2335 dum
2248 2278 2484 2352 modum
2530 2294 2648 2335 suae
2694 2283 2915 2334 naturae
2954 2275 3266 2349 provideat.
3296 2279 3373 2333 Et

2005 2359 2182 2417 «ideo
2226 2358 2741 2417 demonstrandum
2780 2364 2883 2424 est,
2914 2357 3061 2430 quod
3103 2373 3370 2414 necessa-

2002 2545 2028 2576 α
2062 2525 2217 2596 poni,
2244 2525 2418 2581 etiam
2446 2524 2567 2591 illa,
2598 2538 2724 2596 quae
2747 2523 3031 2579 rationem
3060 2519 3367 2578 excedunt.

2002 2625 2027 2656 α
2060 2605 2268 2660 Nullus
2307 2604 2466 2660 enim
2507 2602 2807 2671 desiderio,
2836 2607 2893 2659 et
2919 2599 3109 2658 studio
3141 2601 3204 2658 in
3251 2602 3371 2658 ali-

2001 2706 2028 2737 «
2058 2685 2196 2758 quid
2260 2683 2463 2750 tendit,
2512 2684 2626 2739 nisi
2673 2683 2748 2738 sit
2796 2683 2849 2738 ei
2927 2682 3362 2756 praecognitum.

2003 2787 2029 2818 α
2057 2766 2204 2830 Quia
2223 2781 2359 2840 ergo
2406 2763 2475 2821 ad
2503 2763 2676 2821 altius
2702 2761 2939 2829 bonum,
2978 2778 3153 2836 quam
3188 2779 3369 2837 expe-

2001 2868 2026 2900 «
2060 2847 2169 2904 riri
2215 2848 2279 2904 1ιι
2326 2848 2429 2905 hac
2470 2846 2589 2903 vita
2628 2846 2803 2919 possit
2847 2845 3105 2902 humana
3143 2845 3367 2921 fragili-

2001 2950 2026 2981 «
2053 2934 2157 2994 taS,
2190 2929 2457 2986 homines
2484 2943 2584 3001 per
2624 2926 2886 2983 divinam
2936 2926 3366 2999 providentiam

2000 3032 2026 3063 α
2053 3008 2416 3074 ordinantur,
2441 3009 2694 3081 oportuit
2729 3014 2983 3064 mentem
3032 3008 3259 3064 evocari
3301 3008 3367 3064 in

2000 3110 2026 3142 «
2058 3090 2277 3164 aliquid
2317 3091 2509 3156 altius,
2524 3106 2698 3162 quam
2729 3089 2876 3146 ratio
2898 3093 3095 3145 nostra
3121 3088 3183 3144 in
3212 3103 3367 3161 prae-

1999 3193 2025 3223 «
2056 3172 2206 3228 senti
2244 3172 2421 3243 possit
2469 3169 2877 3244 perstringere,
2906 3173 2968 3223 ut
3011 3169 3092 3224 sic
3119 3167 3365 3224 disceret

1999 3272 2024 3305 «
2058 3251 2277 3324 aliquid
2325 3250 2668 3319 desiderare,
2699 3256 2757 3306 et
2806 3246 2996 3305 studio
3035 3247 3270 3305 tendere
3296 3249 3361 3304 in

1998 3354 2024 3387 «
2057 3332 2294 3407 aliquid,
2359 3332 2507 3407 quod
2554 3338 2739 3390 totum
2789 3335 3004 3387 statum
3072 3330 3368 3402 praesentis

2000 3436 2026 3468 α
2056 3416 2186 3472 vitae
2206 3413 2447 3471 excedit.
2481 3415 2550 3468 Et
2577 3414 2682 3471 hoc
2709 3412 2995 3485 praecipue
3023 3410 3364 3466 christianae

1997 3516 2023 3548 ι(
2055 3496 2346 3571 Religioni
2392 3494 2681 3566 competit,
2706 3509 2830 3566 quae
2858 3490 3233 3566 singulariter
3253 3489 3361 3547 bo-

1997 3597 2022 3629 «
2049 3592 2126 3633 na
2158 3576 2506 3650 spiritualia,
2539 3581 2595 3632 et
2615 3580 2829 3631 aeterna
2852 3571 3182 3646 promittit.
3208 3570 3362 3628 unde

1996 3678 2022 3709 «
2047 3658 2187 3714 etin
2212 3673 2279 3715 ea
2309 3658 2565 3730 plurima
2591 3657 2917 3712 humanum
2942 3668 3174 3710 sensum
3201 3668 3362 3711 exce·

1995 3758 2024 3791 «
2055 3736 2252 3795 dentia
2276 3740 2752 3811 proponuntur.»

2065 3821 2159 3876 32.
2203 3823 2412 3878 Contra
2437 3818 2749 3877 secundam
2774 3814 3028 3890 ejusdem
3077 3812 3353 3870 assertio—
3392 3826 3541 3870 Tertia

1992 3902 2084 3958 nis
2112 3909 2333 3976 partem
2361 3909 2446 3960 est
2490 3901 2723 3958 haeresis
2760 3905 3023 3957 extrema
3059 3877 3573 3989 contrariassggessff

1991 3984 2394 4049 asserentium,
2419 3984 2601 4040 solam
2629 3980 2801 4038 fidem
2831 3980 2901 4037 ad
2942 3978 3109 4052 impii
3144 3975 3355 4051 justifi-
3420 3974 3502 4019 ¹1⁸

1989 4068 2273 4125 cationem
2302 4066 2574 4123 sufficere.
2603 4066 2731 4121 Haec
2751 4071 2943 4121 ortum
2973 4061 3176 4119 habuit
3201 4067 3354 4117 tem-

1989 4148 2224 4220 poribus
2265 4149 2688 4222 Apostolorum,
2721 4152 2784 4202 ut
2811 4145 3074 4203 referunt
3114 4145 3177 4199 Ι».
3212 4141 3356 4215 Epi-

1989 4231 2163 4304 phan.
2201 4232 2294 4289 lib.
2337 4234 2382 4296 l,
2431 4247 2547 4303 cap.
2594 4229 2686 4296 31,
2712 4234 2769 4286 et
2806 4230 2871 4284 D.
2898 4230 3136 4300 August.
3162 4225 3260 4281 1221>
3291 4225 3422 4279 der>
3445 4229 3562 4322 Brit*

1987 4314 2107 4383 fide,
2131 4321 2181 4369 et
2219 4313 2485 4387 operibus,
2517 4329 2637 4384 cap.
2686 4311 2770 4366 14.
2807 4310 2945 4384 Ejus
2990 4309 3198 4366 author
3244 4280 3427 4373 fuitB
3441 4289 3550 4375 Im

1987 4395 2189 4451 Simon
2209 4395 2428 4468 Magus,
2461 4398 2526 4447 ut
2548 4388 2804 4446 sumitur
2828 4386 3353 4447 exD.1renaeolib.

1995 4478 2041 4543 1,
2072 4493 2191 4549 cap.
2209 4475 2291 4541 10,
2299 4478 2355 4531 et
2379 4477 2683 4530 sectatores
2711 4469 2912 4527 habuit
2937 4465 3356 4534 Menandrum,

1988 4557 2387 4621 Valentinum,
2397 4553 2771 4620 Eunomium,
2780 4552 3095 4617 Gnosticos,
3126 4555 3184 4606 et
3211 4549 3361 4606 alios

1989 4638 2291 4711 plurimos
2324 4640 2534 4695 Contra
2579 4650 2755 4709 quam
2781 4633 3158 4706 scripserunt,
3186 4636 3244 4687 et
3265 4628 3363 4685 di-

1985 4723 2198 4776 xerunt
2237 4716 2302 4774 D.
2335 4719 2559 4783 PetruS,
2590 4719 2647 4774 et
2675 4718 2741 4771 D.
2771 4713 3012 4771 Jacobus
3050 4728 3183 4769 suas
3202 4710 3366 4784 epis·
3389 4716 3398 4723 '

1985 4802 2132 4859 tolas
2177 4801 2499 4868 canonicas,
2531 4800 2595 4855 in
2623 4796 2831 4871 quibus
2873 4794 3078 4853 docent
3114 4807 3364 4868 operum

1987 4883 2400 4941 necessitatem.
2429 4880 2538 4939 Sed
2582 4880 2853 4938 haeresim
2892 4879 3042 4935 hanc
3081 4878 3204 4952 jam
3256 4873 3365 4930 diu

1982 4965 2267 5040 sepultam
2319 4964 2759 5022 extumularunt
2779 4960 3035 5018 Simonis
3072 4957 3226 5032 Magi
3247 4955 3369 5012 dis-

1985 5045 2185 5121 cipuli,
2231 5060 2442 5121 nempe
2501 5043 2838 5114 Lutherani,
2882 5046 2941 5101 et
2983 5039 3365 5097 Calvinistae·

3216 5133 3369 5177 nam
