3647 5753
495 409 612 466 612
1170 409 1264 463 DE
1304 406 1911 462 DISPOSITIONIBUS
1949 405 2046 461 AD
2082 406 2745 463 JUSTIFICATIONEM.

501 600 530 632 α
573 580 885 637 secundum
941 580 1210 637 formam.
1266 580 1421 636 Sicut
1467 578 1620 654 ignis
1667 578 1866 636 statim

505 681 531 714 α
572 675 702 716 cum
730 667 814 717 est
852 665 1175 735 generatus,
1222 666 1487 718 movetur
1513 676 1779 727 sursum;
1810 664 1867 717 et

503 763 531 795 α
573 742 622 797 si
652 749 840 799 motus
866 743 988 817 ejus
1027 748 1173 798 esset
1224 742 1642 811 instantaneus,
1674 743 1739 798 in
1765 758 1868 799 eo·-

501 846 532 879 «
573 824 706 881 dem
744 825 983 881 instanti
1022 825 1427 897 compleretur.
1459 826 1646 882 Motus
1674 829 1866 881 autem

507 927 534 961 α
575 905 746 963 liberi
775 906 1025 973 arbitrii,
1051 907 1149 979 qui
1171 909 1256 962 est
1277 904 1445 974 velle,
1480 921 1597 963 non
1618 911 1702 963 est
1735 920 1867 961 suc-

507 1007 534 1042 α
574 987 843 1056 cessivuS,
874 987 972 1045 sed
1014 988 1437 1044 instantaneus,
1466 989 1537 1042 Et
1577 985 1708 1044 ideo
1748 1001 1867 1043 non

508 1090 536 1123 α
575 1074 817 1142 oportet,
867 1068 1017 1143 quod
1039 1066 1369 1143 justificatio
1397 1067 1565 1141 impii
1613 1068 1690 1124 sit
1737 1084 1867 1124 suc-

506 1170 533 1201 α
579 1150 816 1207 cessim.
865 1173 890 1203 ι)
935 1155 1127 1223 Itaque
1168 1149 1312 1205 sicut
1359 1149 1490 1206 aliis
1532 1148 1738 1207 formis
1782 1152 1869 1204 est

495 1235 895 1300 connaturale,
921 1230 1070 1305 quod
1099 1229 1197 1287 ubi
1228 1231 1417 1304 primo
1444 1229 1863 1303 producuntur,

502 1310 575 1369 ad
618 1314 918 1386 proprium
961 1312 1138 1370 finem
1169 1312 1472 1379 inclinent,
1503 1316 1560 1370 et
1587 1326 1868 1368 movean-

501 1398 598 1450 tur
630 1415 643 1450 ε
676 1392 755 1451 ita
781 1400 866 1452 est
892 1396 1268 1451 connaturale
1303 1393 1507 1468 gratiae
1533 1435 1545 1459 ,
1590 1389 1740 1465 quod
1769 1389 1867 1447 ubi

503 1475 697 1550 primo
718 1476 1064 1550 producitur,
1093 1477 1218 1533 sive
1242 1476 1416 1543 intra,
1438 1476 1563 1531 sive
1588 1480 1751 1531 extra
1772 1490 1869 1530 sa-

499 1562 864 1616 cramentum
893 1558 1036 1629 (haec
1061 1558 1271 1632 quippe
1306 1554 1634 1613 differentia
1665 1552 1870 1612 accidit

499 1641 625 1715 ejus
651 1640 1041 1707 inclinationi,
1072 1646 1128 1697 et
1151 1642 1396 1711 naturae)
1416 1637 1612 1695 statim
1644 1653 1743 1710 per
1771 1652 1868 1693 ac·

501 1727 593 1779 tus
615 1740 646 1780 a
668 1738 727 1779 se
754 1721 974 1779 elicitos
1003 1721 1351 1795 propendeat
1372 1721 1436 1776 in
1462 1735 1634 1776 suum
1664 1718 1862 1786 finem,

503 1820 710 1878 nempe
734 1807 909 1860 Deum
933 1804 1203 1860 dilectum
1225 1818 1399 1877 super
1415 1802 1630 1860 omnia.
1649 1802 1715 1855 Et
1732 1801 1868 1873 quia

492 1902 583 1954 ea,
609 1903 732 1960 quae
758 1890 891 1942 sunt
919 1886 1232 1942 secundum
1263 1891 1554 1950 naturam,
1586 1883 1870 1940 eveniunt

504 1983 606 2041 per
648 1983 710 2025 se
755 1966 1068 2039 loquendo;
1103 1967 1315 2025 idcirco
1341 1965 1729 2023 communiter
1755 2006 1768 2031 ‚
1811 1968 1870 2020 et

502 2062 608 2122 per
656 2062 716 2104 se
758 2047 846 2120 loq
859 2047 1037 2104 uendo
1063 2053 1165 2117 est,
1197 2047 1347 2121 quod
1373 2046 1561 2121 gratia
1586 2045 1745 2101 intra
1771 2059 1869 2100 sa-

502 2136 865 2189 cramentum
890 2131 1160 2205 producta
1188 2131 1443 2203 aliquam
1472 2129 1867 2201 operationem

491 2212 653 2270 circa
680 2216 859 2269 Deum
910 2214 973 2269 in
1020 2211 1222 2270 eodem
1268 2211 1509 2268 instanti
1555 2209 1765 2267 eliciat.
1799 2210 1870 2263 Et

502 2292 834 2367 hujusmodi
866 2298 1021 2349 actus
1062 2298 1199 2348 tunc
1237 2291 1461 2349 elicitus
1505 2289 1759 2362 disponit
1797 2287 1868 2344 ad

497 2375 746 2432 omnino
767 2375 1204 2431 connaturalem
1235 2372 1491 2447 ejusdem
1532 2371 1733 2446 gratiae
1774 2385 1869 2428 re-

493 2455 842 2527 ceptionem,
869 2455 1033 2527 juxta
1060 2470 1125 2511 ea
1148 2470 1270 2527 quae
1295 2453 1423 2510 dub.
1449 2452 1674 2525 praeced.
1710 2450 1870 2508 dixi-

506 2551 655 2591 mus.
685 2536 794 2590 Per
821 2534 1078 2591 accidens
1106 2541 1296 2591 autem
1326 2534 1618 2591 multoties
1638 2534 1872 2590 contin-

504 2617 586 2691 git
615 2615 954 2688 oppositum,
1002 2615 1137 2688 quia
1178 2616 1464 2671 nimirum
1508 2615 1639 2670 licet
1681 2611 1872 2689 gratia

507 2695 770 2759 inclinet,
796 2702 851 2752 et
877 2701 1157 2768 quantum
1197 2700 1280 2752 est
1319 2695 1390 2752 de
1422 2710 1501 2760 se,
1531 2700 1871 2766 prorumpat

508 2777 573 2831 in
602 2776 899 2848 praedictos
940 2782 1126 2843 actus;
1158 2776 1218 2831 hi
1261 2781 1453 2832 tamen
1479 2790 1594 2831 non
1623 2790 1871 2847 sequun-

508 2863 650 2925 tur;
699 2871 767 2914 eo
807 2854 957 2929 quod
998 2854 1315 2930 subjectum
1343 2855 1668 2912 ininstanti
1715 2855 1871 2913 infu-

507 2938 689 2995 sionis
714 2938 913 3012 gratiae
937 2938 1028 2994 vel
1057 2936 1291 3003 dormit,
1325 2938 1417 2994 vel
1451 2936 1522 2993 ob
1562 2934 1872 2993 infirmita·

508 3025 624 3076 tem
653 3019 939 3075 alienatur
967 3034 1000 3074 a
1025 3016 1306 3082 sensibus,
1352 3019 1444 3075 vel
1486 3017 1719 3074 tandem
1759 3015 1873 3073 dis-

508 3102 760 3158 trahitur
776 3100 844 3158 ad
869 3101 1001 3157 alia.
1023 3101 1165 3156 Cum
1188 3102 1348 3158 enim
1371 3099 1699 3175 hujusmodi
1715 3107 1873 3158 actus

510 3186 591 3242 ita
615 3185 735 3240 sint
759 3185 1162 3240 connaturales
1183 3182 1631 3256 disposititiones
1653 3183 1723 3240 ad
1744 3200 1874 3258 gra-

510 3268 672 3335 tiam,
704 3267 851 3340 quod
878 3268 1055 3323 simul
1095 3265 1213 3321 sint
1253 3266 1614 3339 operationes
1655 3266 1868 3335 liberae,

510 3367 634 3424 quae
681 3349 923 3426 proinde
976 3354 1177 3423 petunt
1238 3354 1362 3406 tum
1423 3348 1868 3417 advertentiam,

513 3437 637 3489 tum
683 3431 993 3489 voluntatis
1019 3431 1483 3504 applicationem,
1511 3435 1751 3502 possunt
1800 3445 1873 3486 ex

517 3519 676 3586 parte
703 3513 937 3587 subjecti
966 3511 1261 3585 impediri,
1293 3511 1384 3567 vel
1422 3516 1653 3584 propter
1700 3509 1871 3566 inad-

515 3596 882 3662 vertentiam,
924 3595 1014 3651 vel
1044 3599 1276 3667 propter
1307 3593 1757 3650 indevotionem.

324 3713 482 3757 motiva
599 3680 718 3735 lll.
747 3680 828 3733 Ex
879 3692 990 3750 quo
1035 3681 1229 3733 tamen
1275 3691 1378 3732 nec
1415 3675 1691 3750 sequitur,
1722 3672 1873 3749 quod

297 3762 490 3856 vffffissf
521 3760 818 3836 praedictus
847 3768 1016 3828 actuS,
1049 3776 1179 3816 cum
1215 3758 1440 3824 adsunt,
1469 3774 1586 3815 non
1612 3759 1730 3814 sint
1751 3758 1874 3813 dis-

320 3866 485 3912 cuntur.
520 3845 828 3919 positiones
869 3843 1116 3917 physicae
1144 3841 1215 3898 ad
1240 3842 1488 3916 gratiam
1517 3862 1529 3897 ε
1557 3856 1658 3896 noc
1686 3839 1874 3897 infer—

519 3933 631 3994 tur,
676 3925 824 3998 quod
846 3940 976 3980 cum
1010 3923 1234 3989 absunt,
1268 3922 1614 3978 miraculum
1645 3919 1875 3993 aliquod

517 4007 867 4065 interveniat
889 4006 951 4060 in
970 4006 1171 4078 gratiae
1195 4004 1508 4061 infusione.
1534 4005 1661 4059 Non
1680 4001 1875 4073 sequi-

513 4096 627 4158 tur,
657 4091 910 4161 inquam.
938 4086 1081 4143 illud
1115 4087 1273 4159 prius
1308 4105 1321 4151 ;
1367 4086 1501 4159 quia
1536 4087 1596 4138 ut
1624 4081 1875 4155 praedicti

513 4179 670 4229 actus
712 4172 831 4227 sint
877 4168 1278 4240 dispositiones
1324 4165 1571 4239 physicae
1611 4161 1681 4219 ad
1734 4178 1874 4235 gra-

511 4255 674 4321 tiam,
699 4252 900 4308 sufficit
927 4248 1075 4322 quod
1115 4246 1344 4321 quando
1373 4245 1598 4309 adsunt,
1625 4244 1875 4318 gratiam

510 4350 581 4391 ex
609 4340 815 4390 natura
843 4348 944 4388 sua
970 4346 1161 4387 secum
1186 4330 1440 4394 trahant,
1467 4332 1526 4384 et
1558 4324 1874 4399 subjectum

514 4416 585 4474 ad
600 4415 799 4490 gratiae
817 4413 1198 4486 receptionem
1213 4409 1631 4474 determinent;
1651 4410 1708 4462 et
1727 4405 1878 4477 quod

513 4500 701 4574 gratia
733 4515 801 4555 ex
826 4502 985 4569 parte
1011 4511 1114 4551 sua
1137 4491 1433 4566 praedictos
1472 4492 1628 4546 actus
1665 4503 1877 4560 expos-

516 4586 622 4648 cat,
666 4586 722 4637 et
762 4579 1220 4637 connaturaliter
1248 4576 1478 4633 inferat.
1512 4572 1660 4631 Illud
1685 4576 1877 4629 autem

519 4666 800 4739 posterius
831 4680 946 4720 non
985 4662 1253 4729 infertur,
1286 4661 1420 4734 quia
1447 4663 1508 4715 ut
1532 4656 1713 4733 gratia
1746 4671 1880 4728 pos-

517 4751 592 4807 sit
618 4750 763 4807 citra
810 4747 1156 4804 miraculum
1186 4742 1642 4817 independenter
1662 4757 1695 4798 a
1738 4754 1879 4813 prae-

516 4832 683 4890 dictis
727 4830 1201 4903 dispositionibus
1250 4825 1688 4890 communicari,
1740 4822 1881 4879 satis

516 4919 622 4978 est,
666 4912 815 4987 quod
838 4913 954 4969 illae
981 4913 1100 4968 sint
1120 4918 1275 4969 actus
1297 4909 1488 4978 liberi,
1520 4912 1577 4964 et
1596 4904 1745 4979 quod
1783 4918 1881 4958 so-

519 4997 641 5053 lum
680 4997 869 5071 gratia
912 4994 1231 5069 dependeat
1278 4993 1348 5051 ab
1374 4993 1456 5049 eis
1495 4984 1882 5061 dependentia

518 5078 830 5136 secundum
860 5076 1017 5152 quid,
1049 5076 1279 5148 qualem
1307 5074 1430 5131 dub.
1455 5069 1676 5147 praeced.
1700 5066 1883 5140 expli-

2000 578 2243 636 cuimuS.
2276 581 2422 635 Nam
2452 595 2562 651 qua
2603 585 2762 651 parte
2789 585 2923 636 sunt
2962 578 3377 652 dispositiones

2002 661 2217 727 liberae,
2249 667 2468 733 queunt
2495 660 2788 733 impediri,
2814 668 2871 718 et
2899 661 3267 735 quandoque,
3296 662 3376 717 li-

2000 747 2085 800 cet
2103 759 2201 816 per
2217 743 2495 811 accidens,
2516 744 2935 816 impediuntur,
2958 744 3090 800 licet
3099 746 3292 818 gratia
3305 760 3378 801 ex

2003 831 2208 882 natura
2232 841 2336 882 sua
2363 825 2493 881 illas
2518 825 2709 899 exigat
2735 846 2750 880 ε
2788 825 2935 881 sicut
2982 823 3165 880 etiam
3186 824 3379 899 gratia

2001 922 2073 965 ex
2100 912 2306 964 natura
2326 922 2432 964 sua
2470 905 2714 963 inclinat
2744 905 2816 963 ad
2846 906 3369 977 perseverantiam,

2001 995 2059 1045 et
2084 990 2202 1046 haec
2238 994 2322 1047 est
2346 989 2544 1064 gratiae
2585 988 2981 1045 connaturalis
3002 1011 3016 1054 3
3066 992 3124 1044 et
3153 986 3378 1045 nihilo-

2003 1069 2199 1126 minus
2225 1070 2359 1143 quia
2399 1069 2625 1126 adultus
2664 1069 2844 1126 libere
2885 1072 3239 1142 perseverat,
3273 1082 3379 1139 po-

2002 1158 2110 1211 test
2126 1155 2310 1230 gratia
2335 1153 2478 1210 citra
2505 1153 2853 1209 mIraculum
2884 1168 2915 1208 a
2945 1149 3378 1224 perseverando

2001 1235 2263 1294 deficere.
2289 1238 2358 1291 Et
2398 1250 2512 1307 qua
2551 1240 2712 1306 parte
2751 1231 3140 1306 dependentia
3164 1232 3370 1306 gratiae

2004 1317 2075 1374 ab
2090 1314 2419 1391 hujusmodi
2441 1314 2913 1389 dispositionibus
2926 1319 3010 1370 est
3034 1314 3169 1370 talis
3183 1314 3378 1371 solum

2002 1398 2314 1455 secundum
2355 1395 2514 1470 quid,
2546 1397 2776 1452 nullum
2812 1396 3164 1452 miraculum
3188 1395 3378 1452 inter-

2004 1477 2164 1536 venit
2191 1477 2255 1534 in
2281 1493 2369 1544 e0,
2393 1476 2543 1550 quod
2580 1479 2768 1553 gratia
2793 1478 2922 1533 sine
2946 1477 3068 1533 illis
3089 1474 3376 1533 infunda-

2003 1565 2119 1628 tur,
2147 1564 2205 1618 et
2243 1561 2390 1616 Deus
2428 1559 2492 1615 in
2526 1563 2885 1617 sacramento
2913 1556 3216 1613 moraliter
3238 1573 3379 1630 sup-

2004 1642 2156 1715 pleat
2182 1642 2475 1716 physicam
2497 1657 2698 1699 earum
2719 1640 3135 1697 causalitatem.
3163 1641 3374 1704 Quam·

2004 1723 2094 1780 vis
2119 1724 2281 1780 enim
2310 1723 2400 1779 hic
2431 1722 2817 1796 productionis
2861 1720 3047 1778 modis
3075 1720 3151 1776 sit
3176 1721 3379 1795 gratiae

2005 1805 2201 1862 minus
2221 1806 2614 1863 connaturalis
2634 1823 2646 1868 ;
2674 1805 3017 1877 simpliciter
3042 1809 3238 1859 tamen
3258 1818 3375 1859 non

2004 1892 2087 1943 est
2131 1903 2305 1960 supra
2355 1902 2552 1942 rerum
2600 1893 2854 1951 naturaS‚
2903 1893 3072 1957 atque
3100 1883 3228 1941 ideo
3270 1898 3373 1939 nec

2005 1966 2405 2023 miraculosus.
2436 1968 2613 2023 Plura
2650 1966 2861 2039 quippe
2888 1972 3023 2021 sunt
3053 1964 3223 2021 rebus
3245 1978 3374 2018 ma-

2002 2046 2092 2121 gis
2129 2047 2547 2114 connaturalia,
2586 2063 2831 2118 quorum
2880 2051 3075 2101 tamen
3121 2043 3377 2101 defectus

2007 2143 2124 2185 non
2151 2127 2372 2185 inducit
2414 2129 2783 2191 miraculum,
2828 2125 2925 2184 sed
2956 2125 3026 2183 ad
3073 2140 3373 2180 summum

2006 2208 2295 2267 minorem
2334 2210 2895 2275 connaturalitatem,
2928 2213 2983 2263 et
3044 2206 3377 2278 proportio-

2007 2306 2165 2346 nem.
2188 2290 2280 2348 Sic
2303 2308 2479 2365 grave
2503 2291 2597 2348 ubi
2635 2292 2824 2364 primo
2853 2288 3203 2363 producitur,
3234 2289 3381 2361 petit

2008 2371 2350 2428 naturaliter
2377 2373 2468 2429 vel
2521 2372 2585 2427 in
2626 2379 2822 2429 centro
2865 2368 3154 2429 collocari,
3186 2370 3281 2426 vel
3306 2368 3381 2425 ad

2005 2455 2269 2506 centrum
2317 2452 2539 2509 moveri
2556 2476 2570 2519 3
2614 2456 2669 2509 et
2712 2456 2903 2507 tamen
2960 2447 3254 2504 multoties
3300 2447 3376 2503 ab

2007 2536 2246 2605 utroque
2268 2532 2599 2606 impeditur,
2630 2538 2686 2589 et
2721 2532 2792 2588 ab
2821 2532 2938 2587 alio
2964 2545 3202 2602 corpore
3225 2528 3380 2585 deti-

2007 2620 2197 2681 netur,
2228 2616 2369 2687 quin
2394 2614 2622 2688 aliquod
2652 2614 2716 2670 in
2743 2615 2848 2670 hoc
2891 2612 3245 2669 miraculum
3281 2613 3381 2668 in-

2007 2697 2599 2754 terveniat.Similiter
2616 2696 2805 2753 forma
2824 2695 3099 2751 animalis
3118 2694 3375 2766 perfecti,

2006 2793 2134 2834 cum
2161 2777 2444 2844 educitur,
2476 2783 2531 2834 et
2560 2777 2760 2833 unitur
2787 2776 3064 2839 materiae,
3089 2776 3230 2847 petit
3255 2781 3376 2831 tan·

2007 2875 2179 2932 quam
2219 2859 2619 2918 connaturales
2643 2856 3070 2930 dispositiones,
3106 2857 3373 2920 virtutes,

2007 2946 2064 2997 et
2103 2957 2336 3014 organa,
2374 2957 2497 3016 quae
2537 2939 2606 2997 ad
2647 2940 3057 3014 perfectionem
3103 2939 3381 2995 animalis

2007 3021 2407 3080 desiderantur
2434 3045 2447 3079 ι
2470 3030 2524 3080 et
2547 3022 2932 3079 nihilominus
2961 3035 3080 3075 non
3105 3022 3286 3077 semel
3310 3019 3383 3077 ob

2008 3102 2236 3176 aliquod
2275 3104 2515 3161 seminis
2567 3103 2850 3160 defectum
2898 3099 3109 3160 absunt
3168 3101 3368 3175 huJ‘us-

2008 3182 2163 3241 modi
2192 3184 2363 3252 vires,
2409 3190 2470 3241 ut
2495 3201 2625 3240 cum
2668 3181 2887 3240 animal
2925 3188 3240 3253 generatur
3267 3198 3372 3237 cae-

2007 3279 2158 3330 cum,
2210 3266 2299 3321 vel
2346 3264 2605 3329 surdum,
2639 3265 2729 3321 vel
2779 3262 3077 3326 mutilum,
3123 3268 3232 3318 etc.
3276 3277 3375 3318 nec

2008 3351 2202 3403 tamen
2229 3344 2484 3402 dicemus
2511 3345 2604 3402 hic
2625 3343 2983 3401 intervenire
3005 3342 3237 3415 aliquod
3262 3342 3373 3398 mi-

2010 3427 2290 3493 raculum,
2315 3424 2413 3482 sed
2440 3427 2624 3482 solum
2649 3424 2774 3480 fieri
2802 3422 3235 3497 generationem
3260 3423 3368 3477 mi-

2010 3523 2118 3563 nus
2162 3506 2631 3564 connaturaliter.
2688 3507 2770 3561 Ita
2814 3519 2952 3577 ergo
2994 3503 3125 3559 licet
3170 3503 3366 3576 gratia,

2011 3595 2177 3662 prout
2206 3588 2532 3645 infunditur
2570 3587 2800 3652 adultiS,
2837 3592 2987 3658 petat
3031 3591 3370 3642 connatura-

2012 3673 2144 3730 liter
2165 3671 2564 3745 dispositiones
2581 3671 2834 3734 ultimas,
2856 3675 2911 3724 et
2935 3669 3220 3740 perfectis,
3243 3683 3373 3738 qua·

2010 3757 2093 3811 les
2132 3761 2267 3811 sunt
2325 3762 2478 3812 actus
2529 3753 2847 3817 charitatis,
2888 3758 2943 3808 et
2979 3749 3365 3814 contritionis;

2013 3842 2194 3909 potest
2233 3835 2616 3894 nihilominus
2642 3837 2785 3893 citra
2808 3835 3158 3890 miraculum
3178 3845 3206 3884 a
3231 3844 3370 3901 prae-

2010 3918 2174 3975 dictis
2200 3917 2667 3993 dispositionibus
2709 3917 2986 3990 separari.
3014 3922 3071 3973 et
3097 3915 3219 3970 sine
3260 3911 3377 3967 illis

2011 3999 2263 4056 infundi.
2297 4003 2407 4056 Nec
2445 4005 2667 4073 oportet
2694 3997 2851 4056 aliud
2895 3992 3377 4069 principiumhas

2011 4079 2411 4153 dispositiones
2456 4079 2780 4152 impediens
2841 4078 3157 4150 assignare,
3205 4088 3377 4145 quam

2011 4160 2498 4220 defectibilitatem
2528 4159 2789 4226 arbitrii;
2837 4174 2973 4215 nam
3024 4158 3158 4214 licet
3197 4154 3382 4228 gratia

2012 4245 2082 4302 ad
2102 4260 2197 4301 eas
2224 4244 2481 4311 inclinet,
2513 4249 2571 4300 et
2592 4245 2721 4300 illas
2750 4243 2938 4315 exigat
2962 4262 2974 4296 ε
2995 4231 3170 4295 ho'mo
3192 4244 3385 4294 tamen

2011 4324 2082 4382 ad
2120 4340 2215 4382 eas
2242 4323 2604 4382 efficiendum
2635 4340 2752 4381 non
2779 4321 3098 4383 concurrit,
3127 4319 3218 4376 vel
3251 4319 3385 4391 quia

2011 4405 2081 4462 ad
2110 4406 2223 4465 alia
2271 4405 2634 4471 distrahitur,
2666 4405 2758 4461 vel
2781 4403 2913 4477 quia
2938 4401 3239 4472 cooperari
3266 4414 3381 4456 non

2014 4492 2156 4548 vult.
2186 4493 2256 4546 Et
2295 4488 2777 4564 quemadmodum
2825 4486 2887 4541 in
2935 4484 3205 4556 exemplo
3253 4498 3389 4556 pro-

2012 4576 2170 4632 xime
2224 4572 2481 4640 adduct0,
2540 4572 2670 4629 licet
2708 4568 3049 4643 quandoque
3097 4566 3393 4639 contingat

2014 4656 2264 4713 formam
2316 4653 2589 4710 animalis
2641 4651 2874 4726 perfecti
2929 4648 3091 4704 uniri
3136 4645 3392 4703 materiae

2011 4738 2141 4794 sine
2162 4735 2447 4809 praedictis
2475 4732 2879 4794 accidentibus,
2915 4745 3088 4787 nemo
3116 4727 3266 4784 dicet
3290 4727 3389 4782 illa

2015 4836 2132 4878 non
2171 4833 2295 4875 esse
2337 4816 2739 4891 dispositiones
2767 4815 3049 4890 physicas,
3083 4815 3140 4869 et
3166 4827 3239 4868 ex
3282 4825 3389 4866 na-

2014 4909 2146 4960 tura
2168 4904 2251 4961 rei
2280 4901 2544 4961 ordinari
2585 4900 2653 4958 ad
2685 4900 2895 4957 animae
2920 4895 3312 4960 eductionem,
3337 4896 3389 4948 et

2016 4987 2403 5060 receptionem
2440 5007 2453 5042 :
2492 4986 2571 5042 ita
2617 4986 2680 5041 in
2726 5000 2812 5049 e0,
2854 4979 3004 5054 quod
3044 4976 3238 5053 gratia
3285 4975 3395 5032 ali-

2014 5069 2244 5144 quando
2272 5071 2429 5128 intra
2461 5072 2882 5127 sacramentum
2901 5064 2993 5120 vel
3025 5056 3397 5186 infundatur,l

3300 5146 3369 5188 ve
