3647 5753
58 3073 237 3128 Respon-

72 3132 224 3166 siones.
271 3147 283 3159 -

1388 396 1566 451 DISP.
1614 396 1682 461 11,
1726 398 1890 454 DUB.
1938 399 2028 455 VI.

262 582 288 611 (ι
322 559 443 616 rari
499 561 677 633 possit
730 562 943 618 virtute
995 563 1216 622 divina.
1269 566 1629 640 Principium

260 662 288 693 (ε
318 645 514 697 autem
538 641 709 715 hujus
736 641 967 699 ordinis
991 647 1076 699 est
1097 646 1338 701 ultimus
1359 644 1510 714 finis,
1542 647 1632 703 cui

262 742 288 773 «
320 720 495 777 homo
545 720 795 778 inhaeret
834 738 935 795 per
980 722 1339 783 charitatem.
1392 729 1459 782 Et
1507 727 1635 784 ideo

261 822 288 852 α
316 817 691 874 quaecumque
726 808 949 874 peccata
976 812 1244 863 avertunt
1271 823 1304 864 a
1331 810 1463 874 Deo,
1495 808 1633 865 cha-

260 907 287 937 «
320 885 554 942 ritatem
578 885 919 952 auferentia,
946 894 1226 960 quantum
1247 897 1331 948 est
1351 891 1421 948 de
1440 907 1518 957 se,
1546 891 1634 946 in-

261 988 287 1017 α
316 964 536 1021 ducunt
565 972 788 1024 reatum
808 974 1038 1026 aeternae
1067 985 1264 1043 poenae.
1292 993 1318 1024 »
1351 974 1419 1027 Et
1447 980 1628 1048 quast.

252 1048 346 1112 88,
378 1055 488 1103 art.
536 1049 552 1103 Ι
602 1048 790 1121 inquit
823 1071 835 1106 ε
872 1072 898 1101 α
928 1053 1223 1108 Peccatum
1266 1056 1512 1110 mortale
1538 1052 1634 1109 di-

260 1146 285 1177 «
318 1126 467 1182 citur
490 1126 565 1183 ad
592 1127 1041 1187 similitudinem
1065 1132 1274 1196 morbi,
1300 1133 1395 1206 qui
1420 1132 1632 1189 dicitur

261 1207 589 1262 «mortalis
633 1223 703 1263 ex
749 1224 837 1274 eo,
888 1209 1033 1282 quod
1084 1210 1304 1269 inducit
1347 1212 1631 1269 defectum

264 1308 288 1336 a
320 1287 765 1360 irreparabilem
796 1307 898 1363 per
930 1290 1360 1350 destitutionem
1390 1295 1633 1368 alicujus

262 1388 290 1419 «ι
321 1367 615 1441 principii.
669 1371 1030 1443 Principium
1077 1378 1268 1430 autem
1306 1374 1633 1446 spiritualis

266 1469 291 1500 α
324 1448 469 1513 vitae,
490 1465 617 1521 qua>
637 1455 720 1507 est
740 1451 1053 1508 secundum
1075 1453 1367 1522 virtutem,
1388 1462 1472 1512 est
1492 1456 1633 1514 ordo

267 1549 290 1577 «
324 1527 392 1583 ad
420 1530 695 1586 ultimum
719 1530 895 1589 finem
923 1556 938 1600 ;
967 1535 1064 1606 qui
1091 1533 1344 1607 quidem,
1376 1537 1424 1591 si
1454 1535 1633 1595 desti-

267 1629 291 1658 «
323 1614 475 1666 tutus
513 1610 703 1675 fuerit.
738 1615 997 1686 reparari
1025 1631 1142 1671 non
1171 1622 1352 1689 potest
1391 1634 1492 1689 per
1519 1618 1632 1675 ali-

267 1711 293 1742 α
322 1691 470 1762 quod
500 1694 854 1766 principium
884 1695 1282 1763 intrinsecum,
1315 1698 1414 1755 sed
1441 1701 1630 1756 solum
1666 1718 1673 1727 ·

270 1786 423 1842 «per
469 1773 747 1829 virtutem
794 1773 1077 1832 divinam.
1112 1799 1138 1828 n
1186 1781 1367 1843 Quam
1417 1777 1632 1836 doctri-

267 1866 400 1907 nam
430 1856 600 1911 latius
639 1855 842 1922 adhuc,
887 1861 944 1914 et
970 1858 1110 1915 satis
1133 1861 1427 1934 eleganter
1454 1860 1632 1918 tradit

267 1932 415 1990 idem
444 1938 733 1994 S.-Doetor
760 1947 941 2015 qua-st.
971 1943 1029 2005 7,
1058 1941 1123 1996 de
1145 1941 1320 2011 Malo,
1346 1951 1456 2000 art.
1498 1945 1542 2009 l,
1571 1946 1632 2000 in

265 2031 408 2087 corp.
454 2017 608 2073 Sicut
651 2034 788 2092 ergo
828 2020 1001 2076 homo
1028 2020 1090 2076 in
1132 2022 1337 2080 ordine
1376 2025 1630 2080 naturali

270 2096 411 2158 vivit
437 2099 795 2171 simpliciter,
840 2102 1093 2174 quandiu
1135 2106 1392 2162 salvatur
1423 2106 1633 2179 princi-

270 2176 428 2249 pium
458 2179 587 2236 vitae
627 2183 913 2238 naturalis
947 2205 960 2238 :
991 2184 1072 2240 ita
1098 2185 1246 2241 vivit
1292 2187 1633 2260 simpliciter

262 2256 324 2311 in
351 2258 561 2317 ordine
602 2265 1052 2333 supernaturali,
1084 2271 1141 2322 et
1181 2268 1411 2333 morali,
1444 2282 1633 2341 quan-

251 2336 346 2393 diu
374 2340 557 2399 datur
603 2344 952 2417 principium
984 2347 1219 2405 vivendi
1272 2349 1337 2404 in
1366 2348 1633 2422 praedicto

251 2419 510 2484 ordine:
540 2423 687 2494 quod
734 2426 1084 2498 principium
1124 2429 1399 2496 consistit,
1434 2436 1495 2486 ut
1535 2431 1633 2487 in-

257 2500 381 2569 quit
400 2503 482 2556 1).
500 2503 700 2559 Thom.
728 2506 793 2561 in
813 2506 1016 2563 ordine
1039 2506 1108 2564 ad
1133 2510 1403 2566 ultimum
1429 2510 1626 2578 finem,

262 2579 353 2635 cui
400 2583 650 2638 unimur
702 2600 803 2656 per
845 2585 1201 2646 charitatem.
1258 2593 1401 2648 Cum
1455 2592 1633 2666 igitur

270 2663 575 2734 praedictus
612 2664 752 2723 ordo
776 2667 850 2722 sit
891 2667 1292 2743 inseparabilis
1337 2673 1409 2730 ab
1436 2690 1633 2733 amore

268 2743 584 2812 charitatis,
615 2763 726 2819 qua
764 2750 944 2804 Deum
990 2767 1163 2824 super
1198 2754 1397 2810 omnia
1431 2753 1632 2830 diligi-

268 2840 412 2892 mm,
467 2825 636 2899 plane
676 2826 942 2896 infertur,
994 2831 1292 2890 hominem
1320 2834 1418 2909 qui
1456 2836 1629 2893 talem

267 2922 523 2964 amorem
559 2907 714 2973 dicit,
759 2908 957 2967 vivere
1001 2912 1344 2987 simpliciter
1373 2916 1491 2973 vita
1529 2934 1631 2973 su-

267 2989 641 3059 pernaturali,
673 2995 729 3046 et
758 2992 989 3049 morali.

338 3070 464 3126 223.
497 3071 611 3127 Nec
642 3070 836 3137 refert,
862 3073 912 3129 si
941 3072 1095 3130 dicas
1119 3076 1300 3147 primo
1331 3077 1394 3132 D.
1421 3077 1626 3134 Thom.

266 3150 705 3225 intelligendum
732 3169 855 3211 esse
880 3153 951 3211 de
989 3154 1196 3214 ordine
1244 3157 1501 3226 radicali,
1533 3160 1632 3232 qui

264 3227 505 3287 habetur
544 3247 646 3303 per
684 3235 933 3308 gratiam
979 3235 1462 3305 sanctificantem;
1493 3255 1630 3295 nam

264 3311 599 3382 praedictum
652 3315 920 3372 ordinem
972 3318 1224 3389 appellat
1276 3320 1631 3394 principium

259 3392 391 3449 vitae
418 3394 760 3467 spiritualis,
792 3396 942 3469 quod
985 3413 1104 3454 non
1130 3400 1299 3468 actui,
1330 3400 1429 3457 sed
1458 3402 1631 3459 alicui

260 3471 461 3530 [ormae
481 3474 767 3531 habituali
797 3481 976 3549 potest
997 3478 1326 3537 convenire.
1358 3480 1627 3551 Secundo,

260 3552 415 3624 loqui
463 3552 533 3610 de
571 3552 1044 3625 ordine'actuali‚
1079 3563 1141 3613 ut
1179 3558 1494 3619 informato
1534 3579 1636 3636 per

255 3633 507 3706 gratiam
555 3634 940 3704 habitualem;
981 3653 1119 3694 nam
1160 3639 1416 3713 loquitur
1453 3642 1524 3700 de
1568 3661 1635 3702 eo

257 3713 482 3777 ordine,
515 3730 628 3787 quo
655 3715 827 3772 homo
848 3715 1103 3775 adhaeret
1124 3721 1239 3779 Deo
1263 3738 1364 3793 per
1389 3723 1635 3781 charita-

257 3799 376 3851 tem
414 3810 569 3867 :quo
617 3801 776 3866 pacto
802 3795 970 3855 debet
1014 3816 1337 3874 supponere
1361 3804 1631 3877 gratiam,

259 3875 323 3930 in
348 3891 463 3947 qua
508 3874 759 3931 charitas
804 3877 1113 3936 radicatur.
1151 3880 1351 3950 Ter-lie,
1384 3884 1540 3957 loqui
1567 3884 1637 3942 de

257 3954 468 4011 ordine
495 3955 704 4011 actuali
735 3955 804 4012 ad
852 3959 1126 4017 ultimum
1168 3960 1364 4030 finem,
1397 3965 1533 4023 vivo
1573 3966 1636 4022 in

264 4035 491 4092 ratione
520 4036 808 4094 meritorii
840 4058 853 4094 ε
884 4055 996 4111 qua
1022 4041 1197 4098 etiam
1224 4044 1447 4102 ratione
1473 4044 1639 4103 debet

262 4132 589 4190 supponere
607 4119 874 4192 gratiam,
901 4138 1025 4194 quae
1046 4129 1130 4180 est
1151 4125 1504 4200 principium
1522 4145 1639 4187 me·

267 4197 388 4252 riti.
424 4196 637 4269 Quarto
660 4215 777 4256 non
805 4216 966 4272 posse
986 4205 1041 4257 S.
1069 4205 1366 4262 Doctorem
1390 4207 1544 4281 loqui
1573 4209 1638 4264 in

261 4291 439 4333 sensu
467 4293 499 4333 a
521 4277 687 4335 nobis
709 4279 932 4338 intento
946 4305 961 4348 ;
980 4282 1237 4356 alioquin
1265 4286 1640 4361 impossibilis

262 4361 414 4414 esset
443 4358 657 4430 aliquis
686 4364 845 4416 actus
866 4366 1329 4435 supernaturalis
1356 4368 1549 4425 vitalis
1577 4368 1640 4425 in

268 4438 541 4511 praedicto
585 4441 792 4499 ordine
845 4442 1055 4516 absque
1099 4453 1245 4515 actu,
1295 4451 1387 4505 vel
1434 4449 1639 4507 ordine

266 4519 597 4587 charitatis;
620 4521 906 4594 siquidem
927 4524 1153 4583 sublato
1180 4528 1465 4602 principio
1486 4530 1636 4597 vitae,

270 4598 501 4656 tollitur
526 4602 720 4657 omnis
745 4605 1004 4676 operatio
1045 4606 1257 4678 vitalis,
1290 4614 1352 4665 ut
1380 4611 1443 4666 in
1471 4616 1642 4667 natu-

276 4679 498 4737 ralibus
525 4688 742 4739 constat
773 4704 786 4739 ε
810 4685 959 4758 quod
995 4692 1187 4745 tamen
1213 4696 1299 4748 est
1326 4691 1555 4759 falsum,
1581 4695 1644 4748 ut

274 4766 513 4833 apparet
552 4762 617 4819 in
657 4765 1046 4836 peccatoribus
1087 4769 1449 4828 elicientibus
1490 4777 1645 4828 actus

275 4839 457 4909 Fidei,
490 4847 545 4898 et
565 4843 714 4915 Spei,
740 4851 797 4902 et
818 4846 963 4903 alias
990 4850 1348 4920 operationes
1368 4868 1646 4925 superna-

274 4922 490 4977 turales
529 4923 749 4981 vitales.

351 5003 469 5072 Hae,
501 5003 760 5076 inquam,
808 5009 1210 5082 responsiones
1255 5012 1504 5072 minime
1547 5029 1646 5072 sa·

3017 407 3139 461 455

1769 568 2079 626 tisfaciunt.
2115 575 2241 629 Non
2282 577 2488 647 prima,
2534 575 2669 647 quia
2714 576 2855 633 ordo
2900 575 3136 633 actualis
3152 593 3353 647 avertun-

1768 649 1838 706 ad
1864 651 2135 708 ultimum
2158 652 2355 722 finem,
2377 657 2499 712 sive
2522 661 2674 712 actus
2694 657 2992 714 charitatis
3012 672 3138 713 me·
3205 646 3285 685 ¹¹¹¹·

1769 728 1882 786 rito
1908 737 2087 802 potest
2114 736 2396 806 appellari
2422 735 2773 808 principium
2803 737 2934 793 vitae
2959 735 3138 809 spiri-

1769 812 1967 879 tualis;
1997 814 2131 886 quia
2159 820 2243 872 est
2272 816 2495 888 primus
2535 823 2741 883 motus,
2775 817 2837 873 in
2864 834 2975 890 quo
3000 834 3135 892 gra-

1770 891 1850 948 tia
1894 908 1956 949 se
2001 895 2264 966 explicat.
2302 902 2358 952 et
2405 913 2507 969 per
2553 914 2722 969 quem
2765 903 2954 953 causat
2994 899 3137 955 alios

1770 977 1980 1038 motuS,
2028 974 2330 1032 referendo
2358 975 2510 1048 ipsos
2537 976 2606 1032 ad
2636 977 2910 1033 ultimum
2959 975 3134 1033 finem

1767 1055 2287 1123 supernaturalem.
2321 1056 2475 1111 Sicut
2499 1054 2571 1112 ob
2618 1055 2860 1113 eandem
2891 1072 3134 1128 propor-

1768 1130 2123 1189 tionabiliter
2170 1134 2453 1191 rationem
2496 1142 2685 1192 motus
2711 1135 2899 1193 cordis
2925 1135 3136 1192 dicitur

1769 1213 2126 1286 principium
2166 1215 2298 1270 vitae
2333 1216 2399 1272 in
2439 1217 2810 1284 animalihuS,
2851 1223 2914 1272 ut
2956 1217 3142 1290 inquit

1769 1295 1835 1348 D.
1857 1293 2064 1351 Thom.
2110 1297 2126 1349 l
2158 1302 2312 1368 part.
2342 1304 2522 1373 quast.
2556 1298 2647 1363 20,
2678 1305 2787 1354 art.
2830 1300 2847 1352 l
2895 1298 2971 1352 ad
3005 1299 3047 1362 l,
3083 1302 3203 1354 etl).
3226 1310 3327 1353 Tho.

1769 1373 1832 1428 in
1856 1373 1961 1429 hac
1988 1375 2034 1440 1,
2066 1376 2120 1440 2,
2147 1382 2325 1447 quaest.
2368 1378 2450 1438 17,
2487 1383 2597 1432 art.
2631 1377 2666 1430 9
2692 1377 2767 1431 acl
2792 1379 2846 1442 2,
2881 1376 2978 1432 ubi
3009 1377 3090 1433 ait
3120 1397 3133 1433 z

1768 1451 1843 1509 In
1882 1454 2257 1527 corporalibus
2301 1454 2535 1511 motibus
2569 1454 2910 1528 principium
2948 1464 3026 1511 est
3051 1474 3139 1512 se·-

1767 1533 2008 1589 cundum
2035 1522 2336 1601 natur-affl
2371 1537 2709 1608 principium
2736 1544 2917 1591 autem
2945 1554 3138 1609 corpo-

1766 1613 1910 1667 ralis
1946 1622 2126 1670 motus
2164 1623 2240 1670 est
2268 1634 2304 1670 a
2325 1622 2478 1670 motu
2522 1617 2702 1671 cordis
2727 1636 2746 1669 .·
2771 1618 2914 1673 unde
2960 1625 3138 1673 motus

1766 1694 1946 1748 cordis
1971 1696 2266 1751 secundum
2292 1704 2555 1752 naturam
2600 1704 2696 1765 est,
2729 1705 2780 1752 et
2807 1716 2916 1754 non
2942 1715 3137 1754 secun-

1767 1774 1900 1829 dum
1925 1776 2279 1831 voluntatem.
2308 1776 2583 1841 Quamvis
2597 1793 2732 1851 ergo
2758 1779 2946 1852 gratia
2966 1793 3136 1835 sanc-

1769 1852 1990 1911 tificans
2016 1856 2090 1910 sit
2118 1856 2461 1929 simpliciter
2499 1857 2753 1929 primum
2783 1859 3136 1931 principium

1769 1934 1900 1990 vitae
1924 1936 2398 2008 supernaturalis,
2430 1937 2566 2008 quia
2605 1936 2776 1994 habet
2815 1939 2877 1993 in
2907 1939 3010 1995 hoc
3037 1955 3140 1995 or-

1768 2014 1907 2071 dine
1950 2032 2163 2071 munus
2197 2022 2436 2083 naturae,
2467 2021 2523 2073 et
2566 2016 2790 2086 radiciS,
2824 2025 3022 2076 ettam
3073 2021 3138 2075 in

1769 2096 1974 2153 ordine
1995 2096 2063 2153 ad
2086 2098 2460 2170 operationes
2487 2114 2659 2170 quam
2685 2098 2753 2155 ad
2778 2101 3020 2157 virtutes
3041 2101 3139 2158 ha-

1770 2175 2046 2243 bituales;
2096 2178 2201 2233 hoc
2247 2182 2441 2233 tamen
2490 2178 2738 2238 minime
2785 2181 2952 2245 tollit,
2986 2180 3135 2253 quod

1768 2258 1977 2330 aliquis
2004 2259 2125 2332 ejus
2154 2264 2360 2323 motus,
2396 2274 2601 2332 nempe
2625 2276 2787 2315 amor
2814 2261 3130 2327 charitatiS,

1768 2338 1991 2395 dicatur
2037 2338 2387 2412 principium
2417 2338 2671 2413 ejusdem
2720 2341 2869 2408 vitae,
2901 2358 3136 2413 compa-

1769 2420 1953 2478 rative
1973 2419 2043 2477 ad
2061 2420 2204 2476 alias
2219 2420 2597 2492 operationes,
2615 2421 2824 2494 quibus
2839 2422 2909 2478 ad
2931 2438 3137 2494 super-

1767 2503 2095 2559 naturalem
2131 2500 2307 2558 finem
2343 2501 2704 2559 ordinamur.
2741 2503 2900 2567 Quod
2942 2507 3136 2577 aperte

1767 2582 1958 2639 docuit
2004 2585 2066 2640 D.
2118 2584 2320 2640 Thom.
2374 2587 2435 2640 in
2463 2587 2515 2653 3,
2566 2586 2696 2641 dist.
2727 2587 2817 2650 30,
2865 2594 3045 2660 quaest.
3089 2587 3134 2650 l,

1767 2673 1878 2723 art.
1903 2668 1938 2721 4
1965 2667 2041 2721 ad
2065 2668 2120 2735 2,
2155 2664 2254 2721 ubi
2285 2668 2522 2739 loquens
2550 2666 2620 2724 de
2647 2672 2762 2723 tota
2791 2667 2911 2723 vita
2936 2684 3139 2739 super-

1769 2747 2043 2813 naturali,
2061 2752 2118 2804 et
2138 2749 2601 2821 contemplativa,
2623 2754 2676 2805 et
2700 2749 2903 2816 activa,
2920 2749 3141 2822 inquit:

1768 2827 2004 2887 Dilectio
2050 2828 2152 2886 Dei
2201 2836 2278 2885 est
2303 2831 2642 2904 principium
2668 2847 2873 2897 eorum,
2918 2848 3032 2907 qtcae
3070 2832 3145 2887 ad

1767 2918 2059 2988 utramque
2079 2914 2255 2967 vitam
2279 2915 2568 2986 pertinent.

1843 2996 1956 3049 Nec
1973 2994 2208 3048 secunda
2234 2992 2479 3065 prodest,
2501 2993 2636 3065 quia
2665 2993 2974 3049 manifeste
3003 2995 3141 3066 petit

1770 3072 2122 3145 principium
2144 3096 2156 3140 ;
2183 3073 2558 3130 authoritates
2580 3073 2739 3129 enim
2767 3076 2828 3128 D.
2856 3073 3061 3130 Thom.
3087 3081 3143 3130 et

1771 3152 1918 3210 ratio
1962 3170 2137 3227 supra
2180 3169 2450 3225 expensa,
2483 3155 2629 3210 sicut
2676 3154 2938 3225 probant,
2989 3155 3138 3226 quod

1770 3238 1925 3289 actus
1945 3233 2243 3291 charitatis
2258 3239 2343 3289 est
2360 3234 2476 3289 vita
2497 3234 2838 3307 simpliciter
2856 3234 2917 3288 in
2939 3232 3144 3291 ordine

1768 3313 2226 3385 supernaturali:
2280 3313 2362 3369 ita
2414 3313 2676 3385 probant,
2735 3313 2884 3386 quod
2939 3312 3144 3371 habeat

1769 3394 1880 3450 sibi
1900 3394 2284 3450 essentialiter
2303 3393 2668 3466 conjunctam
2695 3394 2947 3467 gratiam
2974 3410 3142 3450 sanc-

1771 3472 2102 3540 tificantem,
2127 3488 2252 3544 quae
2272 3478 2358 3528 est
2379 3472 2635 3544 primum
2663 3473 3014 3545 principium
3041 3474 3143 3528 hu·

1765 3553 2016 3627 jusmodi
2063 3553 2194 3610 vitae
2237 3574 2250 3609 ε
2295 3551 2446 3608 unde
2494 3553 2835 3610 informatio
2885 3552 3139 3626 praedicti

1772 3639 1927 3690 actus
1955 3650 2055 3707 per
2081 3634 2331 3707 gratiam
2360 3648 2475 3688 non
2503 3638 2588 3689 est
2616 3633 2723 3704 ipsi
2753 3633 3137 3697 accidentaliS,

1770 3715 1870 3771 sed
1920 3715 2169 3787 pertinet
2221 3713 2292 3771 ad
2338 3714 2459 3788 ejus
2505 3714 2774 3785 speciem.
2828 3716 2897 3770 Et
2942 3713 3141 3771 eodem

1773 3794 1945 3852 modo
1974 3795 2261 3851 refellitur
2282 3796 2446 3849 tertia
2471 3794 2783 3865 responsio,
2810 3795 2945 3867 quia
2965 3794 3140 3850 etiam

1775 3877 1923 3934 ratio
1951 3877 2143 3933 meriti
2173 3877 2235 3932 in
2264 3881 2387 3933 actu
2415 3874 2603 3947 primo
2630 3881 2716 3931 est
2739 3875 3144 3948 inseparabilis

1774 3958 1846 4014 ab
1874 3964 1998 4014 actu
2019 3957 2337 4014 charitatis.

1848 4043 1962 4097 Nec
1986 4039 2233 4112 denique
2257 4046 2459 4116 quarta
2479 4042 2564 4095 est
2586 4039 2825 4113 alicujus
2841 4040 3141 4105 momenti,

1774 4121 1910 4195 quia
1956 4122 2076 4177 vita
2119 4121 2579 4193 supernaturalis
2626 4119 2968 4192 simpliciter
3015 4120 3147 4176 talis

1775 4200 2093 4258 attenditur
2120 4217 2220 4274 per
2246 4200 2514 4258 ordinem
2562 4199 2633 4256 ad
2663 4200 2938 4256 ultimum
2967 4198 3145 4256 finem

1774 4283 2231 4356 supernaturalis
2258 4281 2501 4348 ordiniS,
2528 4285 2586 4339 et
2608 4298 2708 4354 per
2736 4281 3144 4354 attingentiam

1776 4362 1987 4435 ipsius3
2017 4363 2121 4419 sub
2147 4379 2258 4436 qua
2287 4362 2512 4419 ratione
2554 4362 2741 4436 gratia
2767 4360 2979 4417 dicitur
3021 4360 3145 4434 pri-

1778 4461 1939 4501 mum
1957 4446 2307 4518 principium
2328 4460 2550 4510 eorum,
2576 4460 2700 4516 quae
2720 4442 2788 4500 ad
2809 4449 3149 4517 supernatu-

1779 4529 1963 4584 ralem
1985 4526 2250 4584 ordinem
2269 4527 2575 4600 pertinent.
2599 4528 2766 4581 Actus
2785 4531 2975 4581 autem
2992 4524 3144 4590 fidei,

1776 4612 1835 4666 et
1852 4607 1970 4679 spei
1987 4622 2058 4665 ex
2077 4607 2262 4681 specie
2280 4623 2383 4663 sua
2399 4622 2515 4664 non
2532 4604 2830 4662 vindicant
2843 4604 2955 4660 sibi
2980 4606 3151 4661 attin·

1777 4689 2033 4764 gentiam
2052 4689 2244 4745 ultimi
2262 4688 2399 4745 finis
2414 4688 2518 4744 sub
2535 4687 2756 4744 ratione
2771 4685 2921 4751 talis;
2937 4686 3033 4742 sed
3046 4686 3149 4742 hoc

1781 4770 2127 4844 participant
2155 4787 2189 4827 a
2213 4770 2402 4845 gratia
2438 4769 2630 4827 media
2656 4768 2950 4825 charitate.
2986 4767 3150 4824 Unde

1779 4849 2095 4908 secundum
2116 4851 2363 4924 speciem
2390 4857 2626 4924 possunt
2657 4849 2898 4922 reperiri
2930 4848 2990 4903 in
3019 4865 3150 4921 pec-

1780 4932 2085 5000 catoribus,
2117 4933 2250 4989 licet
2278 4937 2341 4988 ut
2366 4932 2618 4989 ordinati
2661 4932 2731 4988 ad
2761 4933 2941 4988 Deum
2969 4928 3148 4988 finem

1783 5015 2058 5072 ultimum
2085 5031 2187 5089 per
2210 5014 2548 5072 charitatem
2576 5014 2696 5071 sint
2734 5012 3152 5087 inseparabiles
