3647 5753
565 382 675 438 248

566 554 754 608 luntas
791 554 850 606 in
879 551 1021 606 illud
1059 551 1248 618 tendit,
1275 553 1326 606 si
1369 552 1586 629 aliquid
1625 554 1752 609 velit
1772 572 1793 622 ;
1816 572 1928 609 non

563 634 706 686 enim
720 637 893 704 potest
915 630 1047 685 veile
1066 633 1392 704 oppositum.
1423 633 1493 689 Si
1511 640 1694 688 autem
1722 651 1928 706 propo-

563 720 733 768 natur
758 712 864 767 sibi
883 711 1111 788 aliquod
1129 712 1413 782 objectum,
1448 715 1591 791 quod
1615 732 1721 769 non
1741 731 1928 770 secun·

563 794 695 849 dum
741 791 1034 870 quamlibet
1087 794 1573 851 considerationem
1599 796 1672 851 sit
1700 795 1920 861 bonum,

565 892 673 929 non
715 891 788 929 ea:
830 876 1137 929 necessitate
1183 876 1439 931 voluntas
1462 877 1644 948 fertur
1671 878 1730 930 in
1759 876 1923 931 illud.

563 954 639 1013 Et
665 956 798 1032 quia
837 955 1072 1027 defectus
1097 958 1480 1034 cujuscumque
1500 957 1627 1012 boni
1646 956 1804 1011 habet
1828 974 1926 1012 ra-

560 1039 759 1090 tionem
798 1052 908 1089 non
951 1036 1111 1102 boni,·
1138 1037 1254 1092 ideo
1298 1038 1443 1093 illud
1479 1038 1656 1094 solum
1700 1036 1919 1103 bonum,

559 1116 702 1193 qnod
727 1121 804 1170 est
817 1116 1137 1188 perfectum,
1161 1124 1210 1172 et
1230 1119 1322 1172 cui
1339 1119 1483 1173 nihil
1502 1118 1700 1190 deficit,
1719 1125 1796 1173 est
1816 1117 1927 1172 tale

560 1198 777 1263 bonum,
817 1199 957 1271 quod
982 1199 1238 1254 voluntas
1259 1217 1367 1255 non
1413 1208 1586 1274 potest
1627 1219 1737 1256 non
1763 1199 1921 1266 velle,

562 1277 701 1350 quod
717 1283 794 1332 est
820 1278 1114 1335 beatitudo,
1145 1279 1280 1336 Alia
1306 1288 1510 1336 autem
1521 1281 1761 1359 quaelibet
1782 1297 1926 1354 par—

562 1359 824 1415 ticularia
852 1359 1009 1428 bona,
1044 1363 1101 1416 in
1142 1369 1414 1439 quantum
1441 1362 1699 1434 deficiunt
1724 1363 1794 1418 ab
1820 1362 1928 1417 ali-

559 1456 661 1512 quo
689 1438 840 1506 benc,
868 1447 1095 1513 possunt
1132 1443 1311 1515 accipi
1336 1449 1532 1498 utnon
1562 1443 1722 1508 bona,
1751 1449 1800 1497 et
1840 1459 1928 1497 se-

559 1521 800 1577 cundum
819 1523 962 1578 hanc
993 1524 1478 1580 considerationem
1499 1532 1729 1598 possunt
1756 1541 1925 1596 repu-

562 1601 732 1669 diari,
763 1604 850 1658 vel
874 1607 1172 1678 approbari
1202 1623 1239 1661 a
1274 1606 1572 1672 voluntate,
1604 1624 1717 1680 quae
1751 1613 1926 1679 potest

571 1684 629 1736 in
668 1683 809 1739 idem
833 1685 973 1756 ferri
1009 1688 1304 1744 secundum
1337 1687 1586 1743 diversas
1611 1687 1927 1743 considera-

571 1767 761 1820 tiones.
815 1767 1044 1825 Constat
1081 1775 1271 1826 autem
1320 1769 1631 1842 potentiam
1680 1768 1927 1825 inferio·

571 1861 712 1916 rem,
763 1863 890 1919 quae
935 1849 998 1903 in
1044 1849 1262 1926 agendo
1299 1849 1711 1907 subordinatur
1758 1849 1925 1906 alteri

564 1941 745 1982 causae
768 1930 1072 2001 superiori,
1106 1947 1222 1989 non
1257 1946 1418 2005 posse
1451 1930 1731 2004 attingere
1757 1930 1928 1987 effec-

563 2011 683 2061 tum
705 2023 836 2063 cum
859 2009 1067 2082 maj0ri
1090 2008 1542 2075 universalitate,
1569 2016 1625 2067 et
1649 2026 1779 2067 cum
1810 2011 1928 2066 mi—

471 2119 476 2124 ·
561 2089 690 2145 nori
738 2088 1235 2157 determinatione,
1284 2106 1458 2162 quam
1486 2092 1604 2147 sint
1651 2091 1713 2147 in
1757 2108 1927 2149 causa

367 4641 547 4684 Primum

378 4692 550 4733 corolla·

395 4740 512 4783 rium.

560 2169 878 2242 superiori;
903 2170 1132 2243 eoquod
1155 2169 1309 2228 idem
1332 2175 1417 2227 est
1437 2170 1578 2229 ordo
1602 2173 1921 2247 agentium,

564 2267 626 2308 ac
670 2251 811 2309 ordo
837 2251 1062 2320 finium,
1094 2257 1151 2310 et
1174 2252 1547 2327 objectorum,
1580 2270 1703 2325 qua}
1749 2256 1927 2328 respi-

564 2334 722 2389 ciunt
774 2354 787 2390 ε
839 2333 990 2391 unde
1033 2333 1298 2392 videmus
1358 2351 1555 2392 causas
1597 2336 1927 2409 superiores

567 2433 734 2491 agere
771 2416 876 2473 sub
905 2417 1316 2475 universaliori
1346 2421 1590 2485 ratione,
1640 2424 1697 2475 et
1729 2435 1928 2476 causas

567 2499 871 2556 inferiores
897 2498 1004 2555 sub
1052 2501 1276 2557 ratione
1322 2502 1505 2575 magis
1551 2501 1830 2568 restricta,
1867 2505 1929 2555 ut

566 2577 864 2636 inductive
907 2585 1089 2652 potest
1141 2579 1385 2637 ostendi.
1437 2582 1586 2656 Ergo
1636 2580 1921 2654 implicat,

566 2661 745 2714 Deum
773 2674 941 2733 agere
961 2664 1150 2715 actum
1172 2661 1485 2717 voluntatis
1506 2667 1710 2717 creatas
1731 2676 1803 2717 ex
1833 2675 1937 2717 ne·

566 2739 821 2795 cessitate
851 2745 1089 2806 naturae,
1120 2745 1176 2796 et
1203 2757 1331 2797 cum
1368 2739 1709 2806 omnimoda
1736 2740 1928 2798 deter-

570 2819 890 2876 minatione
917 2819 987 2875 ad
1014 2820 1214 2890 illum;
1239 2822 1595 2880 voluntatem
1619 2837 1755 2879 vero
1777 2837 1929 2879 crea-

571 2905 688 2954 tam
737 2899 923 2971 ipsum
970 2901 1175 2958 elicere
1223 2902 1422 2969 libere,
1467 2907 1522 2959 et
1569 2919 1699 2958 cum
1745 2900 1929 2958 indir-

572 2976 815 3035 ferentia
876 2979 945 3038 ad
997 2981 1352 3053 oppositum.
1413 2984 1595 3055 Atque
1647 2981 1776 3038 ideo
1837 2981 1928 3037 vel

570 3059 874 3117 dicendum
890 3067 990 3130 est,
1017 3065 1130 3120 Deo
1150 3069 1350 3137 agente
1370 3079 1441 3120 ex
1463 3063 1796 3120 necessitate
1821 3078 1929 3118 na-

572 3147 730 3207 turae,
783 3143 1135 3200 voluntatem
1165 3161 1281 3201 non
1323 3150 1692 3217 operaturam
1723 3144 1923 3209 libere,

569 3222 715 3296 quod
762 3223 1118 3281 intendimus
1169 3247 1181 3282 :
1231 3226 1324 3283 vel
1371 3223 1746 3282 asserendum
1793 3226 1924 3291 erit,

574 3303 924 3361 voluntatem
952 3305 1016 3361 in
1042 3322 1109 3362 ea
1154 3305 1455 3379 hypothesi
1486 3320 1603 3361 non
1643 3321 1766 3362 esse
1791 3320 1931 3378 ope-
1969 3346 1975 3357 .

574 3389 828 3439 raturam
856 3400 986 3440 cum
1007 3383 1480 3442 subordinatione
1503 3382 1574 3441 ad
1602 3385 1783 3441 Deum
1807 3389 1932 3440 tan-

570 3478 743 3536 quam
790 3461 861 3519 ad
914 3465 1201 3537 primam,
1258 3469 1315 3522 et
1365 3463 1932 3545 universalissimam

568 3559 817 3610 causam,
848 3545 997 3619 quod
1041 3543 1376 3601 Adversarii
1406 3559 1524 3600 non
1567 3541 1927 3600 admittunt:

570 3625 663 3681 vel
690 3624 935 3699 denique
961 3626 1148 3683 dicere
1173 3624 1477 3699 oportebit,
1518 3640 1748 3681 causam
1777 3624 1931 3682 infe-

573 3707 785 3764 riorem
815 3710 1094 3781 respicere
1132 3707 1394 3765 effectum
1422 3705 1529 3767 sub
1578 3706 1803 3764 ratione
1830 3724 1930 3763 su-

572 3788 804 3860 periori,
842 3795 899 3845 et
943 3790 1138 3845 minus
1185 3787 1446 3844 restricta
1471 3810 1486 3855 ;
1516 3803 1746 3843 causam
1792 3804 1932 3845 vero

570 3869 926 3941 superiorem
953 3868 1199 3927 eundem
1221 3867 1486 3925 effectum
1515 3867 1798 3941 attingere
1825 3868 1933 3924 sub

574 3950 796 4006 ratione
848 3949 1143 4016 inferiori,
1199 3954 1256 4005 et
1305 3949 1505 4004 minus
1549 3948 1867 4005 universali
1913 3971 1926 4006 ε

572 4032 720 4104 quod
748 4032 1006 4105 implicat
1031 4031 1095 4086 in
1116 4030 1405 4087 terminia.

1180 4208 1212 4275 g
1253 4205 1317 4259 11.

672 4356 1024 4416 Consectaria
1046 4353 1390 4426 praecedentis
1410 4353 1680 4421 doctrina,
1711 4372 1826 4432 quas

873 4437 1034 4493 illam
1071 4436 1250 4508 maqis
1277 4436 1630 4507 confirmant.

652 4589 785 4645 342.
834 4589 919 4643 Ex
960 4585 1126 4643 dictis
1173 4584 1424 4642 infertur
1469 4583 1677 4657 primo,
1710 4584 1860 4664 quod
1885 4586 1936 4642 si

578 4671 727 4728 Deus
748 4670 940 4743 ageret
974 4682 1045 4723 ex
1073 4665 1401 4723 necessitate
1423 4669 1666 4732 naturae,
1705 4667 1935 4722 nullum

580 4753 643 4808 in
671 4750 875 4809 creatis
902 4746 1136 4804 daretur
1163 4745 1412 4803 liberum
1455 4744 1786 4804 arbitrium.
1820 4749 1938 4804 Hoc

578 4830 949 4891 corollarium
979 4827 1180 4885 docent
1223 4825 1611 4884 communiter
1655 4828 1939 4885 Authores

582 4933 734 4972 num.
786 4914 896 4970 338
942 4910 1127 4969 relati.
1171 4911 1256 4964 Ex
1297 4906 1505 4981 quibus
1560 4908 1741 4982 aliqui
1790 4908 1939 4965 illud

583 4995 847 5068 probant,
870 4993 1004 5067 quia
1043 4990 1278 5047 libertas
1302 4994 1388 5047 est
1414 4988 1683 5062 perfectio
1707 4989 1938 5064 simpli-

1545 382 1637 436 DE
1678 382 1954 439 GRATIA
1994 385 2336 446 EFFICACI.

2057 558 2198 617 citer
2243 561 2491 635 simplex
2536 584 2549 619 ε
2579 579 2715 638 ergo
2762 562 2927 619 debet
2966 578 3064 635 per
3093 563 3249 634 prius
3295 565 3404 619 Deo

2056 644 2388 711 convenire,
2417 661 2591 717 quam
2636 644 2917 702 creaturis
2949 666 2963 701 ι
3006 658 3140 718 ergo
3166 643 3347 716 ablata
3372 660 3402 700 a

2058 725 2171 779 Deo
2198 726 2394 798 nequit
2422 726 2484 782 in
2523 727 2802 783 creaturis
2831 725 3096 798 reperiri.
3135 729 3402 782 Caeterum

2059 803 2175 860 haec
2202 806 2348 861 ratio
2375 806 2505 863 licet
2541 808 2736 881 sperni
2766 806 3010 864 omnino
3051 822 3165 862 non
3191 804 3399 869 debeat,

2058 883 2210 941 haud
2236 885 2473 944 obscure
2520 893 2712 945 tamen
2738 888 2984 945 solvitur
3011 904 3044 944 a
3072 886 3401 952 contrariis;

2059 978 2194 1019 nam
2221 980 2352 1021 cum
2382 966 2447 1022 in
2488 967 2658 1041 huJ‘us
2686 966 2845 1023 dubii
2878 967 3177 1041 hypothesi
3205 981 3405 1038 suppo-

2059 1048 2248 1114 natur,
2275 1046 2424 1118 quod
2445 1048 2591 1104 Deus
2613 1063 2730 1104 non
2754 1054 2946 1121 ageret
2968 1047 3182 1113 libere;
3205 1061 3409 1118 suppo-

2059 1123 2219 1181 nitur
2245 1127 2441 1192 etiam,
2472 1126 2623 1199 quod
2664 1126 2901 1184 libertas
2948 1133 3083 1183 tunc
3109 1142 3227 1183 non
3270 1130 3411 1183 esset

2059 1204 2328 1275 perfectio
2341 1206 2683 1279 simpliciter
2697 1207 2944 1279 simplex
2966 1231 2979 1275 ;
2998 1212 3054 1264 et
3076 1206 3404 1279 inquiritur,

2014 1323 2019 1328 ·
2060 1288 2254 1340 utrum
2302 1286 2404 1343 hoc
2450 1286 2720 1354 admisso,
2754 1292 2939 1360 posset
2976 1290 3123 1343 Deus
3169 1286 3409 1343 liberum

2060 1363 2367 1424 arbitrium
2389 1374 2644 1425 creatum
2669 1368 2977 1442 producere
2997 1390 3010 1424 :
3028 1366 3256 1424 sicutde
3277 1366 3417 1424 iacto

2060 1463 2177 1504 non
2198 1454 2283 1505 est
2318 1465 2486 1505 causa
2514 1450 2840 1506 formaliter
2865 1449 3220 1523 contingens
3248 1454 3304 1504 et
3323 1448 3413 1503 ni-

2060 1526 2379 1584 hilominus
2403 1528 2572 1585 efficit
2616 1546 2816 1586 causas
2852 1528 3130 1586 secundas
3160 1529 3413 1586 formali-

2059 1614 2145 1666 ter
2171 1609 2586 1684 contingentes.

2133 1688 2596 1747 Fundamentum
2643 1691 2819 1766 igitur
2865 1691 3037 1765 hujus
3076 1690 3416 1747 consectarii

2060 1768 2301 1825 habetur
2322 1786 2392 1826 ex
2419 1769 2602 1838 dictis,
2635 1772 2910 1844 quoniam
2937 1772 3198 1843 implicat
3225 1775 3418 1843 poten·

2059 1849 2139 1906 tia
2166 1849 2236 1906 ad
2259 1855 2448 1907 actum
2477 1851 2736 1908 absolute
2763 1849 3215 1924 impossibilem;
3244 1849 3418 1923 siqui-

2059 1930 2189 1987 dem
2236 1933 2490 2005 potentia
2537 1949 2676 1990 vera
2716 1949 2834 1990 non
2860 1938 2963 2001 est,
3021 1933 3138 1988 nisi
3188 1932 3421 2005 possibi-

2061 2013 2205 2069 lium
2255 2035 2267 2070 :
2297 2015 2451 2087 atqui
2479 2016 2527 2071 si
2558 2019 2704 2072 Deus
2745 2019 2937 2090 ageret
2964 2015 3295 2071 necessitate
3320 2029 3420 2070 na-

2059 2098 2233 2159 turae,
2297 2096 2527 2150 nullum
2574 2097 2914 2152 exercitium
2968 2093 3224 2151 liberum
3281 2099 3420 2151 esset

2060 2174 2328 2247 possibile
2354 2175 2419 2231 in
2466 2181 2753 2243 creatura,
2784 2192 2852 2233 eo
2890 2174 3040 2248 quod
3069 2174 3419 2232 voluntasin

2060 2255 2319 2321 instanti,
2343 2257 2406 2311 in
2427 2272 2539 2328 quo
2561 2263 2769 2331 ageret,
2796 2272 2911 2313 non
2931 2262 3116 2329 posset
3137 2255 3417 2321 omittere;

2058 2335 2202 2391 etin
2222 2335 2480 2404 instanti,
2514 2337 2578 2392 in
2604 2354 2717 2410 quo
2744 2337 3056 2409 omitteret,
3089 2353 3212 2394 non
3243 2339 3419 2408 posset

2060 2432 2244 2491 agere,
2278 2421 2393 2487 ηιξ
2424 2418 2763 2489 praecedenti
2789 2418 3265 2475 declaravimus.
3289 2431 3420 2489 ergo

2059 2496 2108 2551 si
2140 2499 2287 2553 Deus
2316 2503 2506 2572 ageret
2533 2498 2865 2562 necessario,
2900 2499 3136 2554 nullum
3167 2499 3419 2554 maneret

2062 2576 2311 2633 liberum
2341 2577 2654 2636 arbitrium
2681 2581 2742 2636 in
2763 2580 3061 2637 creaturis.
3298 2625 3305 2632 .

2134 2658 2220 2714 Ad
2243 2660 2359 2716 haec
2392 2661 2572 2716 :sicut
2606 2661 2874 2717 voluntas
2894 2667 3082 2718 creata
3106 2677 3227 2718 non
3253 2662 3422 2733 potest
3462 2695 3465 2696 ν

2061 2738 2429 2797 denominari
2456 2745 2581 2797 actu
2624 2757 2817 2815 agens,
2851 2742 2964 2798 nisi
2992 2758 3124 2798 cum
3155 2737 3419 2797 subordi-

2062 2819 2293 2876 natione
2327 2819 2396 2875 ad
2436 2823 2616 2878 Deum
2647 2827 2770 2878 actu
2802 2822 2981 2878 simul
3011 2828 3277 2897 agentem
3311 2819 3421 2875 :ita

2062 2915 2180 2956 non
2225 2905 2406 2972 potest
2448 2900 2815 2958 denominari
2847 2908 3044 2975 potens
3071 2918 3260 2976 agere,
3313 2899 3420 2958 nisi

2061 2995 2189 3037 cum
2216 2978 2687 3038 subordinatione
2716 2982 2785 3038 ad
2814 2985 2995 3039 Deum
3027 2999 3200 3057 agere
3229 2987 3421 3056 poten-

2062 3065 2196 3125 tem,
2225 3075 2328 3115 nec
2356 3060 2506 3117 valet
2525 3060 2895 3118 denominari
2921 3068 3121 3135 potens
3143 3062 3419 3127 omittere,

2062 3140 2176 3196 nisi
2200 3155 2330 3195 cum
2353 3138 2827 3198 subordinatione
2841 3140 2910 3197 ad
2933 3145 3113 3198 Deum
3134 3146 3418 3228 potentem

2063 3235 2180 3276 non
2208 3218 2717 3311 praedeterminare
2738 3223 3091 3279 voluntatem
3137 3222 3208 3279 ad
3255 3211 3425 3297 agen'-

2061 3298 2220 3356 dum.
2263 3300 2436 3373 Atqui
2482 3303 2532 3357 si
2562 3304 2709 3358 Deus
2750 3307 2943 3377 ageret
2986 3318 3057 3359 ex
3100 3304 3425 3361 necessitate

2063 3385 2297 3449 naturae,
2344 3396 2462 3437 non
2486 3381 2967 3440 denominaretur
2994 3389 3197 3455 potens
3237 3399 3416 3459 agere,

2061 3466 2118 3517 et
2161 3462 2428 3519 omittere
2480 3463 2731 3521 eundem
2777 3463 3069 3532 effectum5
3099 3465 3202 3523 sed
3243 3465 3423 3539 potius

2061 3555 2190 3597 cum
2219 3541 2527 3611 omitteret,
2561 3559 2680 3600 non
2710 3550 2893 3616 posset
2939 3559 3147 3619 agere;
3198 3551 3255 3602 et
3296 3560 3419 3602 cum

2063 3628 2272 3698 ageret,
2306 3639 2425 3680 non
2454 3630 2640 3697 posset
2659 3624 2928 3683 omittere
2953 3650 2966 3688 ς
2996 3626 3285 3698 siquidem
3313 3627 3423 3682 haee

2062 3702 2459 3761 denominatio
2485 3710 2569 3761 est
2595 3704 2665 3762 de
2706 3707 2931 3763 ratione
2966 3706 3188 3780 agentis
3215 3724 3285 3765 ex
3324 3720 3425 3762 ne-

2062 3783 2319 3840 cessitate
2366 3791 2589 3842 naturze
2641 3807 2655 3841 ε
2708 3802 2845 3861 ergo
2898 3788 3119 3860 pariter
3167 3788 3428 3845 voluntas

2064 3869 2251 3921 creata
2274 3880 2389 3921 non
2406 3866 2883 3923 denominaretur
2900 3872 3098 3940 potens
3111 3868 3182 3925 ad
3206 3875 3424 3925 utrum·

2066 3942 2221 4007 libet,
2251 3945 2348 4001 sed
2377 3950 2604 4002 tantum
2631 3952 2816 4019 posset
2856 3963 3023 4023 agere
3048 3950 3199 4022 quod
3220 3953 3425 4024 ageret.

2064 4028 2119 4081 et
2156 4026 2347 4081 solum
2398 4033 2585 4098 posset
2624 4032 2894 4085 omittere
2933 4029 3084 4102 quod
3122 4031 3426 4087 omitteret.

2067 4108 2298 4165 Constat
2325 4113 2538 4176 autem,
2585 4110 2734 4183 quod
2762 4112 2889 4168 sine
2917 4112 3021 4167 illa
3060 4117 3348 4184 potestate,
3377 4114 3431 4166 et

2064 4204 2196 4245 cum
2225 4189 2331 4246 hac
2369 4189 2854 4249 determinatione
2889 4208 3007 4249 non
3042 4198 3156 4249 stat
3183 4193 3428 4249 liberum

2066 4270 2378 4328 arbitrium
2438 4294 2450 4328 :
2507 4274 2735 4329 nullum
2782 4290 2919 4348 ergo
2967 4273 3219 4331 liberum
3273 4272 3427 4330 arbi-

2067 4351 2247 4408 trium
2296 4352 2361 4408 in
2392 4354 2670 4411 creaturis
2699 4359 2984 4422 maneret,
3021 4355 3071 4410 si
3104 4352 3253 4411 Deus
3287 4358 3427 4411 esset

2067 4448 2242 4507 agens
2262 4449 2333 4490 ex
2358 4435 2695 4492 necessitate
2719 4442 2960 4492 naturae.

2128 4515 2251 4570 343.
2270 4514 2376 4572 Sed
2387 4515 2621 4592 objicies
2638 4518 2712 4573 :si
2728 4518 2873 4574 Deus
2886 4522 3079 4591 ageret
3090 4517 3418 4579 necessario,
3433 4528 3588 4584 objecis-

2067 4595 2296 4653 eosdem
2317 4595 2545 4654 effectus
2573 4597 2906 4671 produceret
2928 4599 3267 4665 necessario,
3290 4613 3426 4671 quos

2070 4691 2225 4732 nunc
2253 4675 2436 4734 libere
2464 4678 2754 4751 producit;
2783 4678 3069 4752 siquidem
3096 4677 3424 4751 hypothesis

2072 4758 2371 4829 praesentis
2391 4757 2552 4815 dubii
2582 4760 2970 4833 praesupponit
2997 4762 3175 4817 Deum
3202 4755 3425 4817 eosdem

2048 4835 2300 4895 „effectus
2348 4845 2889 4913 praecontenturum,
2919 4846 2977 4898 et
3021 4837 3426 4913 producturum

2072 4917 2196 4975 fore
2225 4940 2237 4974 :
2264 4923 2321 4975 et
2348 4921 2537 4977 solum
2583 4923 2772 4979 variat
2797 4921 3031 4980 modum
3052 4918 3263 4995 ,agendi
3292 4939 3306 4975 ε
3333 4914 3428 4975 sed

2074 4997 2498 5070 intereffectus,
2528 5018 2669 5076 quos
2694 5006 2842 5061 Deus
2866 5018 3021 5060 nunc
3041 4999 3427 5134 praecontinegi
