3647 5753
521 366 631 422 :312
1478 364 1571 419 DE
1607 365 1637 418 J
1643 363 2193 419 USTIFICATIONE
2233 365 2438 421 1MP11.

518 539 686 596 unica
712 538 919 604 forma,
949 537 1099 612 quod
1145 537 1382 605 radicat,
1423 543 1481 595 et
1500 535 1707 594 tundat
1735 552 1878 594 con-

516 618 864 676 formitatem
923 618 993 675 ad
1038 618 1296 677 diversas
1323 620 1493 694 leges,
1526 624 1589 675 ut
1630 624 1766 691 puta
1802 616 1877 675 ad

513 701 696 774 legem
722 715 840 757 non
860 698 1251 766 occidendi,ad
1267 700 1450 774 legem
1473 715 1590 757 non
1615 700 1674 756 tu
1684 697 1873 767 randi,

511 784 617 837 etc.
642 778 807 836 Unde
830 779 960 837 licet
974 796 1075 853 per
1089 778 1383 854 quodlibet
1402 786 1691 853 peccatum
1713 794 1873 836 mor·

514 862 627 919 tale
650 861 971 935 expellatur
998 867 1117 919 tota
1152 862 1364 919 entitas
1385 862 1607 938 gratiae,
1655 862 1876 919 nihilo-

512 942 708 999 minus
729 957 829 1015 per
842 941 1072 1001 diversa
1095 948 1318 1017 peccata
1338 942 1664 1000 excluditur
1684 942 1878 1000 diver-

510 1023 762 1082 simode:
787 1040 924 1081 nam
954 1041 1055 1098 per
1086 1031 1374 1098 peccatum
1399 1041 1454 1082 v.
1485 1041 1542 1099 g.
1572 1024 1874 1082 homicidii

509 1105 834 1164 excluditur
879 1121 980 1178 per
1004 1122 1067 1164 se
1109 1107 1295 1181 gratia
1342 1111 1403 1162 ut
1429 1105 1707 1163 fundabat
1732 1121 1874 1163 con-

512 1186 862 1244 formitatem
884 1185 955 1242 ad
984 1188 1166 1261 legem
1194 1203 1312 1245 non
1339 1185 1629 1245 occidendi
1657 1216 1671 1258 ;
1696 1191 1753 1243 et
1775 1186 1874 1243 in-

512 1266 829 1324 troducitur
855 1282 957 1339 per
975 1283 1036 1324 se
1058 1268 1306 1340 privatio
1325 1267 1543 1342 gratiae,
1568 1272 1631 1323 ut
1650 1266 1874 1340 specia-

513 1346 646 1404 liter
666 1344 968 1419 praestabat
996 1346 1142 1403 hanc
1165 1346 1587 1412 rectitudinem,
1618 1351 1676 1402 et
1700 1346 1782 1401 sic
1800 1345 1874 1405 de

509 1426 639 1484 aliis
661 1426 919 1500 peccatis.
942 1425 1328 1491 Quamobrem
1354 1427 1495 1484 dum
1535 1426 1872 1499 supervenit

506 1514 792 1582 peccatum
838 1509 1060 1566 actuale
1105 1509 1265 1578 furti,
1317 1508 1383 1565 fit
1430 1524 1581 1566 nova
1620 1508 1872 1582 privatio

505 1589 720 1663 gratim,
749 1604 867 1646 non
892 1589 1125 1662 quidem
1153 1590 1218 1646 in
1242 1605 1366 1649 esse
1407 1590 1510 1657 rei,
1535 1594 1591 1646 et
1637 1589 1872 1664 physice

506 1669 827 1744 loquendo;
878 1668 978 1727 sed
1024 1671 1346 1739 moraliter,
1394 1676 1450 1728 et
1495 1669 1805 1728 modaliter
1852 1690 1866 1725 ε

504 1749 639 1824 quia
690 1748 938 1824 privatio
979 1750 1178 1823 gratias
1230 1750 1600 1824 praeexistens
1665 1749 1870 1822 incipit

506 1829 718 1889 habere
759 1830 1063 1905 specialem
1109 1833 1526 1906 oppositionem
1570 1830 1641 1889 ad
1681 1831 1868 1905 legem

507 1928 625 1971 non
648 1911 900 1980 furandi,
932 1918 989 1969 et
1010 1913 1282 1986 importat
1308 1930 1523 1973 novum
1548 1920 1867 1986 respectum

506 1992 579 2050 ad
619 1996 905 2067 peccatum
954 1992 1113 2050 furti.
1146 1996 1330 2069 Atque
1355 1994 1485 2052 ideo
1510 1993 1868 2066 multiplica-

506 2080 601 2131 tur
624 2074 944 2132 formaliter
964 2073 1028 2129 in
1053 2074 1275 2132 ratione
1297 2074 1552 2141 macuIAE,
1578 2078 1634 2130 et
1656 2072 1867 2146 peccati

505 2153 836 2221 habitualis,
857 2155 1019 2229 juxta
1040 2155 1305 2227 speciem,
1330 2160 1388 2212 et
1408 2168 1720 2212 numerum
1745 2169 1869 2227 pec·

503 2243 761 2296 catorum
807 2237 1074 2312 gravium
1115 2236 1448 2304 actualium,
1503 2240 1566 2291 ut
1610 2234 1769 2292 docet
1794 2236 1864 2291 D.

505 2320 712 2376 Thom.
766 2319 833 2376 in
875 2320 931 2387 4,
987 2318 1117 2375 dist.
1171 2320 1254 2386 18,
1297 2324 1496 2392 quaest.
1552 2321 1598 2385 l,
1649 2323 1760 2374 art;
1803 2318 1861 2383 2,

321 2399 450 2444 idem.
506 2400 842 2473 quaestiunc.
883 2399 902 2454 1
937 2396 1007 2453 ad
1044 2399 1090 2466 l,
1135 2398 1226 2454 his
1246 2398 1440 2455 verbis
1470 2422 1485 2457 a
1518 2419 1545 2450 α
1592 2396 1867 2462 Quamvis

512 2499 539 2530 α
576 2484 856 2551 quantum
884 2476 954 2534 ad
992 2478 1180 2550 ipsam
1227 2479 1613 2551 privationem
1663 2477 1867 2551 gratias

468 2622 474 2629 ‚
514 2582 540 2613 α
568 2575 686 2618 non
723 2558 993 2616 differant
1020 2561 1255 2617 maculae
1288 2564 1664 2634 peccatorum,
1696 2557 1857 2615 diffe-

509 2662 535 2693 κ
569 2644 705 2697 runt
731 2644 925 2696 tamen
953 2645 1230 2712 quantum
1259 2639 1329 2695 ad
1374 2655 1624 2705 causam,
1655 2654 1727 2695 ex
1753 2654 1865 2711 qua

511 2743 536 2773 α
565 2719 787 2777 macula
831 2719 1194 2790 consequitur
1240 2736 1255 2771 ε
1303 2723 1360 2778 et
1397 2717 1713 2777 secundum
1760 2718 1866 2775 hoc

511 2821 536 2852 «
566 2798 742 2858 etiam
764 2796 1054 2872 quodlibet
1070 2802 1355 2871 peccatum
1378 2813 1555 2855 unam
1578 2797 1864 2854 maculam

510 2904 535 2935 α
567 2881 745 2949 addit,
803 2881 865 2937 in
907 2885 1185 2954 quantum
1240 2896 1455 2940 novum
1506 2880 1863 2938 obstaculum

509 2983 535 3013 «
566 2961 765 3036 gratiae
787 2961 965 3034 ponit.
996 2983 1022 3014 n
1066 2963 1409 3019 Recolantur
1446 2977 1571 3033 quae
1609 2961 1864 3017 diximus

505 3041 626 3099 loco
651 3058 798 3115 saepe
825 3041 1011 3108 citato,
1054 3042 1196 3116 disp.
1236 3043 1319 3110 16,
1363 3059 1400 3098 a
1445 3059 1598 3098 num.
1641 3043 1760 3098 151.
1793 3043 1860 3097 In

503 3137 620 3195 qua
674 3120 1078 3194 disputatione,
1133 3127 1190 3181 et
1240 3122 1304 3178 in
1336 3121 1753 3179 commentario
1790 3120 1863 3177 ad

506 3202 817 3259 articulosl
851 3207 907 3258 et
933 3202 968 3257 2
994 3201 1324 3274 quaestionis
1367 3204 1458 3271 86,
1493 3203 1604 3259 late
1641 3200 1863 3274 egimus

503 3280 575 3340 de
600 3281 705 3339 bac
743 3280 1003 3348 materia,
1049 3283 1353 3355 pluresque
1377 3283 1521 3340 alias
1558 3281 1863 3338 difficulta-

505 3367 589 3421 tes
611 3361 1005 3430 enodavimus,
1028 3377 1155 3434 quae
1189 3362 1282 3419 hic
1302 3367 1364 3419 ut
1389 3362 1585 3419 minus
1612 3377 1863 3420 necessa-

507 3442 623 3499 rias
676 3442 1076 3515 relinquimus.
1143 3444 1210 3499 In
1251 3443 1515 3516 praesenti
1575 3442 1736 3500 enim
1794 3458 1864 3500 ea

505 3527 729 3580 tantum
766 3522 1099 3579 curavimus
1136 3521 1447 3591 declarare,
1493 3523 1619 3580 sine
1655 3522 1864 3597 quibus

502 3604 706 3662 saltem
734 3602 1045 3677 perstrictis
1070 3602 1306 3661 obscure
1336 3603 1769 3677 procederemus
1797 3604 1864 3660 in

503 3682 608 3740 hac
628 3683 870 3741 materia
895 3708 907 3746 ς
948 3688 1007 3740 et
1030 3699 1155 3756 quae
1182 3684 1376 3751 lector,
1410 3685 1458 3740 si
1487 3683 1563 3740 iis
1587 3683 1863 3741 destitue-

504 3767 682 3830 retur,
740 3764 1182 3836 compelleretur
1220 3763 1409 3838 legere
1461 3764 1524 3819 in
1562 3763 1863 3821 volumine

503 3843 862 3917 praecedenti,
905 3848 961 3900 et
1004 3843 1075 3901 ad
1122 3843 1271 3902 illud
1308 3859 1701 3918 saepenumero
1741 3859 1861 3903 non

501 3923 711 3999 absque
725 3926 988 3984 molestia
1005 3941 1317 3983 recurrere.
1343 3925 1453 3983 Sed
1475 3942 1577 3999 pro
1599 3927 1862 3984 luculen-

503 4006 636 4065 tiori
658 4007 828 4082 hujus
852 4005 1012 4063 dubii
1053 4006 1438 4081 intelligentia
1463 4007 1722 4065 consulat
1741 4007 1865 4068 loca'

501 4103 534 4144 a
562 4086 729 4146 nobis
753 4088 941 4153 citata,
965 4103 1036 4143 ex
1055 4086 1263 4159 quibus
1284 4088 1554 4146 hacteuus
1572 4089 1719 4147 dicta
1743 4107 1863 4150 ma-

494 4166 611 4240 J‘ori
637 4182 709 4225 ex
730 4171 890 4240 parte
909 4165 1315 4239 decerpsimus.

982 4334 1266 4391 DUBIUM
1307 4336 1375 4393 11.

510 4480 708 4542 Utrum
732 4487 795 4541 in
819 4483 1214 4557 justificatione
1238 4485 1400 4558 impii
1430 4501 1553 4542 vere
1589 4486 1862 4560 auferan-

1001 4572 1094 4621 tur
1112 4573 1355 4638 ρωοιιω.

576 4712 839 4772 Procedit
859 4713 964 4771 hoc
987 4713 1228 4770 dubium
1254 4713 1405 4772 circa
1443 4719 1667 4788 peccata
1697 4731 1862 4773 mor-

501 4792 671 4853 talia:
695 4795 817 4853 haec
840 4795 1021 4864 enim,
1047 4796 1195 4853 utin
1235 4796 1443 4855 limine
1465 4795 1635 4872 hujus
1660 4796 1864 4871 dispu-

502 4873 737 4932 tationis
774 4873 1228 4944 observavimus,
1268 4881 1406 4932 sunt
1441 4891 1566 4950 quai
1614 4877 1867 4935 reddunt

503 4953 799 5015 hominem
822 4955 1087 5029 impium,
1110 4963 1168 5016 et
1188 4957 1490 5033 injustum,
1514 4960 1706 5019 acDeo
1732 4959 1867 5020 abo-

2006 536 2349 595 minabilem
2379 560 2395 595 :
2422 555 2457 596 a
2480 555 2593 612 quo
2612 544 2760 596 statu
2786 556 2886 613 per
2899 537 3346 614 justificationem

2004 617 2282 675 eximitur
2301 639 2315 674 ε
2333 626 2555 692 peccata
2566 620 2728 676 enim
2746 620 3002 677 venialia
3024 634 3127 677 nec
3147 622 3349 693 priores

2006 697 2141 754 illas
2159 697 2658 757 denominationes
2676 700 3000 769 conferunt,
3021 715 3124 756 nec
3141 716 3348 774 semper

2005 778 2070 835 in
2092 776 2499 853 justificatione
2519 779 2685 853 impii
2707 779 2993 838 delentur.
3020 782 3199 844 Quam
3218 779 3347 837 diffi-

2004 861 2272 918 cultatem
2294 860 2546 917 breviter
2564 860 2912 929 decidemus,
2930 861 3068 934 quia
3086 862 3207 935 ejus
3224 877 3348 919 vera

2006 942 2276 1001 resolutio
2294 942 2619 1000 communis
2642 948 2729 999 ost
2748 943 2902 1000 inter
2926 943 3250 1016 Theologos.

2629 1100 2662 1166 g
2701 1098 2744 1152 Ι.

2248 1265 2532 1321 Aeser-itur
2582 1265 2789 1319 veritas
2823 1263 3114 1320 catholica.

2071 1412 2165 1469 20.
2206 1409 2522 1469 Dicendum
2542 1414 2646 1477 est,
2678 1410 2739 1465 iu
2757 1407 3165 1485 justificatione
3191 1409 3507 1492 impiicfflm„

2001 1508 2136 1550 vere
2173 1491 2394 1550 auferri
2423 1495 2648 1564 peccata
2679 1490 2968 1557 mortalia,
3000 1491 3084 1546 ita
3109 1494 3170 1545 ut
3207 1490 3347 1546 nihil
3402 1498 3469 1541 sio.

1999 1571 2061 1627 in
2083 1570 2391 1646 justificato
2414 1571 2794 1643 relinquatur,
2817 1568 2968 1644 quod
2995 1585 3132 1647 vere
3158 1568 3348 1627 habeat

2000 1654 2282 1712 rationem
2303 1654 2484 1726 culpae
2511 1651 2761 1710 lethalis.
2797 1654 2924 1707 Haec
2964 1652 3249 1709 conclusio
3272 1657 3351 1709 est

1996 1734 2068 1792 de
2093 1733 2224 1802 fide,
2266 1739 2323 1792 et
2359 1732 2634 1791 definitur
2684 1734 2749 1788 in
2795 1732 3051 1791 Concilio
3098 1732 3493 1800 Trident.copcu.

1995 1832 2132 1873 sess,
2186 1818 2242 1883 5,
2296 1816 2361 1871 in
2408 1813 2633 1872 decreto
2693 1814 2759 1869 dc
2819 1821 3035 1886 peccato
3099 1792 3505 1885 oriqt‘naliTndem

1996 1899 2029 1966 ἕ
2054 1897 2155 1952 ult.
2202 1896 2321 1952 illis
2362 1894 2553 1952 verbis
2586 1916 2600 1951 :
2646 1894 2754 1950 «Si
2794 1894 2924 1967 quis
2975 1894 3197 1961 asserit,
3250 1907 3346 1966 per

2002 1996 2028 2028 α
2054 1977 2185 2033 lesu
2220 1974 2432 2031 Christi
2472 1974 2741 2048 gratiam,
2792 1990 2917 2046 quas
2962 1974 3026 2030 in
3069 1973 3350 2048 Baptismo

2002 2078 2028 2110 «
2054 2056 2366 2123 confertur,
2388 2070 2505 2111 non
2521 2055 2647 2111 tolli
2667 2060 2846 2111 totum
2865 2054 2944 2120 id,
2968 2054 3122 2129 quod
3138 2070 3346 2120 veram,

2002 2161 2027 2192 «
2054 2143 2112 2195 et
2138 2137 2433 2211 propriam
2472 2136 2758 2193 rationem
2788 2136 2998 2209 peccati
3028 2135 3216 2203 habet,
3258 2135 3349 2192 sed

2001 2240 2028 2272 α
2057 2217 2205 2274 illud
2230 2217 2368 2274 dicit
2383 2222 2609 2273 tantum
2628 2215 2773 2283 radi,
2801 2221 3038 2274 autnon
3061 2215 3347 2288 imputari,

2000 2319 2026 2351 α
2055 2298 2365 2355 anathema
2401 2297 2498 2353 sit.
2531 2316 2558 2348 ι
2610 2297 2678 2351 Et
2717 2296 2984 2369 quamvis
3036 2295 3351 2354 Concilium

1993 2395 2258 2454 expresse
2283 2383 2509 2435 tautum
2537 2378 2805 2451 loquatur
2829 2376 2900 2435 de
2928 2383 3153 2451 peccato
3190 2376 3352 2449 origi-

1995 2461 2132 2529 nali,
2162 2458 2363 2516 eadem
2408 2464 2603 2515 tamen
2651 2457 2797 2514 ratio
2823 2458 3041 2514 militat
3089 2458 3154 2515 in
3196 2456 3349 2513 omni

1996 2545 2216 2614 peccato
2260 2540 2495 2596 mortali
2544 2562 2559 2606 3
2608 2544 2664 2596 et
2716 2538 2887 2613 hujus
2937 2539 3117 2596 etiam
3162 2552 3349 2594 veram

1994 2620 2345 2678 ablationem
2372 2618 2510 2676 satis
2538 2619 2816 2691 exprimit
2862 2618 3016 2676 idem
3038 2618 3350 2677 Concilium

1993 2718 2119 2758 sess.
2143 2703 2200 2768 6,
2244 2718 2369 2774 cap.
2396 2704 2452 2766 7,
2483 2707 2534 2755 et
2560 2716 2684 2756 can.
2748 2702 2831 2757 ll.
2877 2698 3136 2756 Eandem
3174 2713 3351 2755 asser-

1994 2781 2211 2839 tionem
2262 2780 2468 2838 docent
2491 2781 2880 2837 commuuiter
2930 2782 3027 2836 SS.
3062 2783 3274 2844 PatreS,
3301 2784 3353 2834 et

1993 2861 2289 2936 Theologi,
2318 2866 2436 2920 tam
2485 2860 2730 2933 antiqui,
2779 2875 2950 2934 quam
2973 2860 3254 2935 juniores,
3301 2864 3353 2914 et

1995 2944 2276 3017 praecipue
2313 2944 2413 3017 qui
2455 2941 2731 2999 adversus
2767 2942 3065 2999 haereticos
3116 2942 3352 3014 scripse-

1995 3030 2150 3093 runt,
2170 3031 2232 3082 ut
2253 3026 2640 3098 Stapletonius
2655 3031 2763 3080 toto
2779 3025 2872 3080 lib.
2891 3025 2945 3092 3,
2969 3026 3035 3080 de
3054 3024 3345 3097 Justificat.
3363 3040 3497 3090 suamet

1992 3106 2145 3180 Vega
2172 3105 2267 3162 lib.
2298 3107 2352 3171 5,
2377 3123 2540 3179 super
2566 3104 2810 3163 Trident.
2842 3122 2963 3178 cap.
2989 3108 3045 3173 7,
3075 3107 3240 3163 Sotus
3260 3103 3346 3158 lib.
3383 3092 3487 3179 ζξξζ.

2001 3189 2047 3255 l,
2089 3188 2153 3243 dc
2191 3195 2418 3253 natura,
2467 3194 2518 3242 et
2566 3188 2775 3256 qratia,
2811 3205 2939 3260 cap.
2971 3189 3058 3254 11,
3097 3194 3147 3243 et
3172 3186 3267 3244 lib.
3295 3186 3504 3250 2,Bc··²··0<

1991 3285 2112 3341 cap.
2143 3269 2198 3335 9,
2231 3269 2485 3324 Becanus
2525 3268 2585 3321 in
2628 3268 2884 3332 Summa,
2928 3273 3097 3324 tract.
3131 3268 3190 3333 4,
3232 3282 3347 3338 cap.

1989 3352 2046 3417 2,
2090 3351 2153 3405 de
2193 3348 2598 3422 Justificatione
2647 3346 3118 3416 Calvinistarum,
3172 3353 3346 3428 quaest.

2000 3431 2042 3498 l,
2070 3435 2129 3487 et
2152 3429 2276 3487 alii.

2066 3509 2351 3568 Probatur
2384 3507 2574 3581 primo
2600 3508 2927 3565 manifestis
2950 3524 3129 3566 sacrae
3167 3506 3348 3579 Scrip-
3362 3527 3501 3572 primum

1992 3593 2133 3646 turae
2161 3588 2528 3646 testimoniis.
2556 3590 2690 3653 Quae
2717 3592 2779 3643 ut
2806 3587 2990 3662 magis
3006 3591 3271 3663 urgeant,
3300 3574 3503 3670 elfflffi,

1991 3671 2294 3728 veritatem
2301 3669 2642 3727 catholicam
2653 3667 2979 3726 evidentius
2989 3669 3345 3731 confirment,
3359 3686 3404 3721 ex
3414 3672 3512 3721 ecrit·

1991 3748 2577 3810 animadvertendum
2644 3753 2748 3817 est,
2806 3753 3030 3820 peccata
3084 3746 3347 3807 mortalia
3397 3731 3477 3766 ¹⁰³²

1990 3831 2172 3890 variis
2199 3828 2539 3887 nominibus
2566 3830 2631 3886 in
2673 3829 2968 3903 Scriptura
2993 3827 3310 3904 significari
3334 3850 3346 3891 ;

1989 3916 2046 3969 et
2072 3925 2273 3966 rursus
2297 3925 2501 3967 eorum
2537 3909 2886 3967 ablationem
2927 3910 3184 3982 exprimi
3225 3906 3349 3965 aliis

1990 3991 2245 4058 vocibus,
2294 4007 2420 4065 quae
2463 4007 2582 4049 non
2621 4007 2844 4048 meram
2890 3990 3346 4050 occultationem,

1989 4074 2087 4132 sed
2116 4075 2455 4148 rigorosam,
2486 4078 2542 4130 et
2564 4089 2762 4129 veram
2785 4088 2987 4129 eorum
3016 4070 3348 4130 destructio-

1991 4168 2125 4210 nem
2177 4154 2515 4225 important.
2569 4151 2629 4207 Id
2656 4157 2848 4208 autem
2873 4152 2957 4209 sic
2983 4149 3303 4210 ostenditur
3326 4171 3339 4212 ;

1990 4248 2128 4291 nam
2156 4233 2220 4290 in
2250 4233 2459 4307 primis
2492 4232 2646 4290 nihil
2674 4233 2940 4290 usitatius
2963 4237 3048 4290 est
3076 4231 3143 4289 in
3174 4229 3350 4303 Scrip-

1990 4321 2141 4381 tura,
2166 4328 2346 4389 quam
2381 4319 2606 4388 peccata
2645 4313 2930 4388 appellari
2975 4314 3252 4380 maculas,
3296 4316 3347 4368 et

1988 4394 2206 4463 sordes,
2230 4400 2288 4452 et
2313 4394 2756 4468 inquinamenta
2781 4394 3015 4463 animae,
3048 4400 3114 4451 ut
3137 4396 3341 4452 Jerem.
3354 4416 3499 4468 mm

1989 4480 2046 4545 2,
2075 4495 2216 4533 ver-3.
2253 4478 2320 4534 21
2354 4476 2685 4537 :Maculam
2728 4493 2784 4533 es
2830 4478 2893 4532 in
2917 4478 3215 4555 iniquitate
3253 4481 3345 4530 tua

1990 4576 2177 4615 coram
2196 4574 2303 4614 mc.
2350 4558 2422 4613 Et
2445 4557 2780 4631 Apocalyps.
2824 4558 2917 4624 22,
2949 4571 3086 4613 vers
3111 4558 3179 4614 21
3213 4553 3490 4628 :Quin-ul·

1990 4640 2053 4696 in
2090 4636 2341 4693 sordibus
2382 4643 2482 4704 est,
2529 4637 2801 4693 sordescat
2852 4635 3077 4693 adbuc:
3117 4640 3176 4693 et
3216 4631 3345 4692 alibi
3407 4616 3457 4659 ²²*

1989 4733 2159 4791 saepe.
2181 4718 2252 4773 Et
2279 4721 2475 4774 tamen
2500 4716 2797 4790 Scriptura
2815 4715 2976 4774 docet
3000 4715 3267 4773 animam
3290 4713 3347 4770 in

1985 4797 2394 4872 justificatione
2420 4795 2601 4864 ablui,
2630 4801 2688 4853 et
2712 4795 3004 4865 mundari,
3049 4800 3117 4853 ut
3150 4793 3342 4852 Ezecb.
3356 4795 3499 4890 &fefin-

1991 4880 2085 4947 36,
2115 4893 2270 4954 vers.
2320 4877 2396 4936 25
2424 4875 2772 4951 :Effundam
2814 4892 2980 4951 super
3014 4893 3118 4933 vos
3151 4888 3347 4956 aquam
3443 4871 3452 4887 '

1991 4957 2279 5028 mundam,
2317 4964 2370 5014 ct
2415 4956 2825 5015 mundabimini
2863 4957 2935 5013 ab
2970 4956 3226 5013 omnibus
3263 4956 3347 5009 in-

2979 5033 3346 5115 quinamentis
