3647 5753
290 580 430 635 Major

301 632 443 691 con-ru·

313 687 431 726 tatto.

298 3680 458 3737 Impug-

482 407 595 463 800

481 574 786 634 decernere
831 580 1275 652 exequutionem
1323 578 1538 641 meriti.
1570 576 1711 650 quin
1741 591 1843 649 per

483 656 645 728 prius
675 658 765 713 vel
791 659 1011 725 eodem,
1037 661 1128 717 vel
1151 660 1380 716 diverso
1400 659 1624 715 decreto
1647 657 1844 713 decer-

485 742 584 792 nat
604 740 1043 809 exequutionem
1062 742 1337 815 principii
1359 738 1677 796 essentialis
1696 752 1842 809 prae-

482 816 619 874 dicti
667 819 862 875 meriti
911 843 923 877 :
965 823 1120 895 atqui
1164 823 1351 897 gratia
1402 819 1711 877 habitualis
1761 821 1846 873 est

483 899 838 971 principium
878 903 1181 960 essentiale
1217 902 1412 959 meriti
1441 900 1509 957 de
1536 898 1840 973 condigno,

485 987 545 1035 ut
591 978 1016 1038 declaravimus
1064 983 1185 1039 loco
1226 998 1400 1055 supra
1446 982 1615 1038 citato
1648 1000 1662 1034 t
1711 994 1848 1052 ergo

485 1062 745 1134 implicat
795 1067 973 1120 Deum
1039 1064 1349 1121 decernere
1406 1062 1847 1136 exequutionem

489 1144 681 1200 meriti
712 1143 779 1199 de
807 1145 1110 1219 condigne,
1141 1147 1282 1218 quin
1312 1162 1411 1218 per
1441 1146 1600 1216 prius
1622 1143 1843 1210 eodem,

488 1231 588 1281 aut
606 1224 836 1283 diverso
863 1226 1089 1283 decreto
1114 1225 1382 1284 decernat
1406 1226 1852 1299 exequutionem

489 1309 687 1382 gratiae
715 1308 1025 1365 habitualis
1054 1324 1225 1384 :ergo
1246 1308 1516 1383 praedicta
1540 1308 1728 1382 gratia
1753 1321 1851 1362 ne-

491 1388 614 1460 quit
642 1390 705 1444 in
733 1389 1115 1461 exequutione
1140 1406 1260 1446 esse
1301 1389 1611 1462 praemium
1653 1386 1849 1443 meriti

490 1470 561 1525 de
588 1470 891 1544 condigno,
922 1468 1020 1527 sed
1051 1475 1167 1527 tam
1196 1471 1258 1527 in
1287 1470 1491 1528 ordine
1539 1467 1845 1535 intentivo,

490 1565 663 1622 quam
694 1550 755 1607 in
784 1552 1127 1622 exequutivo
1155 1550 1328 1607 habet
1370 1550 1652 1606 rationem
1683 1548 1850 1621 prin-

493 1630 630 1703 cipii
678 1637 930 1704 respectu
979 1631 1165 1687 illius.
1202 1632 1402 1688 Prima
1447 1629 1852 1702 consequentia

494 1711 685 1768 valide
750 1710 998 1767 infertur
1060 1727 1131 1767 ex
1185 1712 1517 1785 praemissiS.
1562 1709 1852 1767 Posterior

495 1799 686 1850 autem
711 1793 1012 1850 manifeste
1039 1793 1327 1868 colligitur
1355 1810 1425 1850 ex
1454 1792 1681 1867 priori:
1707 1806 1853 1864 quo-

496 1874 655 1930 niam
699 1880 761 1928 ut
796 1874 981 1947 gratia
1010 1872 1246 1930 haberet
1268 1873 1331 1929 in
1352 1873 1733 1947 exequutione
1755 1887 1854 1927 ra-

494 1957 710 2013 tionem
740 1956 996 2024 termini,
1022 1962 1080 2013 et
1107 1956 1351 2030 praemii,
1377 1955 1609 2012 deberet
1636 1955 1698 2011 in
1725 1969 1852 2010 exe·

490 2037 766 2109 quutione
793 2053 988 2094 carere
1017 2038 1239 2094 ratione
1281 2037 1552 2109 principii
1586 2057 1599 2092 :
1640 2051 1776 2109 ergo
1802 2034 1852 2089 si

491 2118 765 2174 meritum
797 2119 993 2191 nequit
1021 2132 1136 2174 non
1185 2117 1247 2172 in
1275 2115 1481 2174 ordine
1507 2116 1852 2186 exequutivo

490 2201 737 2273 gratiam
767 2206 825 2255 ut
848 2198 1200 2271 principium
1222 2211 1561 2271 supponere,
1583 2195 1710 2252 fieri
1736 2211 1853 2252 non

493 2280 664 2345 valet,
709 2279 857 2353 quod
909 2281 1095 2353 gratia
1148 2280 1210 2334 in
1257 2278 1463 2334 ordine
1508 2276 1853 2349 exequutivo

495 2363 777 2418 rationem
810 2361 1032 2434 praemii
1059 2367 1309 2434 respectu
1341 2360 1472 2416 talis
1500 2358 1696 2416 meriti
1724 2374 1853 2414 sor-

494 2445 692 2499 tiatur.
720 2442 1046 2499 l’raesertim
1075 2458 1207 2498 cum
1243 2442 1347 2498 hoc
1375 2446 1533 2513 pacto
1561 2437 1853 2496 distinctio

493 2524 597 2579 illa
627 2540 656 2579 a
693 2523 896 2579 Suario
942 2522 1217 2588 adhibita,
1266 2529 1434 2595 prout
1475 2522 1556 2577 rei
1588 2520 1853 2593 praesenti

493 2605 829 2676 applicatur,
864 2606 1091 2678 penitus
1117 2611 1365 2662 corruat.
1398 2604 1581 2676 Major
1608 2602 1854 2676 denique

491 2684 831 2751 ostenditur,
870 2686 1008 2757 quia
1048 2701 1117 2740 ex
1146 2693 1307 2758 parte
1334 2683 1535 2759 objecti
1567 2683 1854 2756 principia

490 2765 820 2822 essentialia
849 2766 1043 2822 meriti
1087 2764 1234 2820 illud
1264 2766 1326 2820 in
1354 2764 1734 2836 exequutione
1759 2779 1853 2819 es-

491 2844 814 2902 sentialiter
843 2845 1213 2913 antecedunt3
1245 2845 1503 2919 implicat
1538 2843 1697 2902 enim
1726 2858 1852 2899 me-

495 2926 674 2982 ritum
701 2927 945 2983 existere
973 2933 1107 2983 ante
1134 2943 1236 2982 sua
1275 2926 1605 2982 essentialia
1634 2924 1854 2998 princi-

494 3008 588 3081 pia
617 3030 629 3065 :
653 3025 788 3084 ergo
806 3026 937 3066 cum
959 3009 1250 3066 decretum
1277 3008 1376 3065 Dei
1405 3009 1715 3066 decernens
1738 3022 1855 3064 me-

496 3092 592 3148 riti
643 3094 1089 3166 exequutionem
1129 3094 1203 3147 sit
1247 3091 1459 3158 efficax,
1509 3097 1566 3148 et
1614 3090 1854 3147 omnino

494 3173 791 3245 practicus,
821 3175 1219 3249 attingensque
1241 3172 1521 3247 objectum
1542 3171 1853 3229 secundum

492 3254 859 3312 essentialem
887 3257 1008 3330 ejus
1034 3256 1384 3330 exigentiam
1408 3279 1421 3323 ;
1453 3254 1710 3328 implicat
1736 3268 1856 3310 om·

495 3337 655 3406 nino,
681 3336 830 3410 quod
858 3336 1125 3394 decernat
1152 3338 1349 3394 meriti
1389 3337 1848 3409 exequutionem,

493 3416 634 3489 quin
664 3418 824 3490 prius
864 3416 1087 3484 eodem,
1120 3423 1219 3475 aut
1248 3417 1478 3474 diverso
1505 3422 1625 3473 actu
1656 3414 1855 3472 decer-

497 3503 595 3554 nat
640 3501 1080 3572 exequutionem
1110 3499 1557 3572 principiorum,
1591 3515 1623 3555 a
1650 3494 1855 3570 quibus

498 3581 772 3637 meritum
793 3582 1177 3638 essentialiter
1199 3580 1499 3653 dependet.

573 3663 721 3716 Tum
741 3661 1000 3734 denique,
1022 3667 1077 3718 et
1101 3662 1417 3736 urgentius,
1438 3661 1573 3733 quia
1591 3665 1711 3716 esto
1733 3675 1855 3731 pos-

289 3733 404 3774 ΜΨ
418 3740 481 3773 ur·
495 3747 579 3799 set
604 3742 894 3799 decretum
922 3744 1332 3816 exequutivum
1365 3742 1558 3798 meriti
1595 3756 1854 3814 praesup-

290 3785 466 3831 genunt.

498 3837 710 3896 ponere
759 3822 1050 3879 decretum
1113 3823 1523 3897 exequutivum
1592 3822 1850 3895 praemii;

496 3906 947 3978 implicatorium
996 3911 1193 3976 tamen
1236 3911 1320 3963 est
1362 3906 1658 3972 meritum,
1703 3904 1854 3977 quod

494 3988 873 4045 essentialiter
901 3996 1089 4062 poscat
1116 3987 1346 4046 decerni
1377 3995 1499 4060 post
1522 3987 1848 4060 praemium.

494 4070 647 4127 Licet
671 4070 830 4125 enim
874 4070 1050 4142 possit
1088 4068 1306 4142 aliquid
1336 4069 1558 4142 privari
1584 4083 1671 4133 eo,
1703 4068 1853 4141 quod

492 4151 947 4208 connaturaliter
976 4152 1133 4223 petit,
1166 4152 1365 4224 nequit
1399 4157 1594 4209 tamen
1621 4152 1852 4224 opposi-

492 4239 614 4288 tum
642 4232 1027 4290 essentialiter
1055 4248 1316 4306 poscere3
1346 4233 1556 4305 quippe
1579 4247 1710 4288 cum
1734 4247 1853 4289 non

491 4316 813 4373 cohaereant
839 4314 1233 4371 connaturalis
1252 4314 1542 4389 exigentia
1569 4314 1766 4379 unius,
1796 4320 1854 4371 et

489 4397 812 4455 essentialis
839 4396 1126 4472 exigentia
1164 4396 1429 4470 oppositi.
1462 4397 1633 4470 Atqui
1664 4396 1853 4453 meri-

492 4486 614 4537 tum
641 4480 1095 4538 connaturaliter
1141 4480 1280 4553 petit
1306 4478 1559 4545 decerni,
1592 4484 1648 4537 et
1694 4480 1852 4537 exis-

491 4571 613 4623 tere
637 4572 769 4622 ante
809 4564 1146 4636 praemium;
1174 4567 1543 4634 comparatur
1588 4562 1750 4619 enim
1780 4561 1852 4619 ad

493 4645 637 4702 illud
663 4652 937 4720 tanquam
960 4649 1055 4704 via
1082 4646 1152 4702 ad
1195 4647 1514 4705 terminum
1546 4670 1558 4704 :
1593 4649 1745 4706 unde
1790 4653 1853 4705 ut

487 4743 662 4800 supra
685 4729 828 4803 disp.
869 4732 915 4795 l,
942 4728 1069 4784 dub.
1099 4731 1153 4795 4,
1187 4727 1459 4796 vidimuS,
1503 4735 1851 4787 connatura-

484 4811 618 4868 liter
665 4812 841 4884 poscit
867 4811 995 4868 elici
1025 4828 1059 4868 a
1099 4810 1336 4877 viatore,
1367 4812 1491 4869 sive
1527 4829 1558 4869 a
1582 4811 1849 4870 nondum

1523 407 1616 460 DE
1657 404 1961 460 PRAEMIO
1999 403 2279 459 MERITI.

1976 574 2193 631 tialiter
2215 580 2405 647 poscat
2427 576 2490 632 in
2506 575 2596 631 sui
2619 575 2860 641 decret0,
2879 573 3018 631 etin
3040 566 3361 627 existendo

1977 671 2144 711 suum
2176 656 2482 728 praemium
2503 671 2848 729 supponere.
2879 656 3112 710 Constat
3147 655 3356 705 autem

1977 751 2047 793 ex
2088 736 2361 793 hactenus
2389 736 2574 804 dictis,
2605 734 2754 809 quod
2782 735 2992 791 merita
3017 732 3090 789 de
3135 729 3355 789 condi-

1976 834 2091 893 gno
2109 819 2494 877 essentialiter
2515 820 2578 875 in
2599 819 2999 892 exequutione,
3018 821 3076 873 et
3098 815 3165 871 in
3185 814 3357 871 exis-

1979 900 2168 965 tendo,
2219 917 2283 958 ac
2327 901 2570 974 proinde
2610 901 2674 957 in
2719 899 2945 957 decreto
2995 897 3358 970 exequutivo

1982 988 2431 1056 praesupponunt
2454 983 2701 1058 gratiam
2745 979 3123 1043 habitualem,
3172 994 3209 1032 a
3237 992 3361 1049 qua

1979 1077 2149 1118 suum
2197 1064 2454 1120 valorem
2499 1062 2862 1135 participant,
2910 1065 2968 1116 et
3011 1074 3125 1132 qua
3167 1074 3205 1113 a
3236 1058 3360 1112 Deo

1982 1158 2099 1200 non
2127 1143 2252 1199 visa
2276 1150 2337 1199 ut
2363 1142 2662 1210 influente,
2684 1148 2742 1199 et
2764 1143 3063 1197 valorante
3106 1136 3355 1201 merita,

1982 1230 2272 1296 nequeunt
2299 1224 2422 1297 ipsa
2450 1222 2662 1279 merita
2704 1219 3030 1295 praevideri.
3077 1216 3363 1289 Implicat

1980 1319 2136 1379 ergo,
2161 1305 2311 1378 quod
2339 1304 2409 1362 ad
2434 1305 2602 1361 illam
2631 1310 2693 1360 ut
2717 1318 2923 1361 verum
2948 1301 3234 1358 meritum
3281 1295 3361 1354 ad

1984 1386 2287 1460 praemium
2306 1387 2425 1444 ullo
2447 1390 2607 1460 pacto
2627 1389 3008 1458 comparetur.
3030 1379 3194 1447 Quod
3217 1394 3361 1436 mo-

1983 1470 2169 1526 tivum
2199 1485 2317 1525 non
2344 1470 2560 1525 militat
2602 1469 2663 1524 in
2691 1466 2914 1523 meritis
2936 1464 3151 1521 Christi
3187 1478 3363 1519 com-

1987 1551 2198 1623 paratis
2225 1551 2296 1606 ad
2332 1552 2582 1624 gratiam
2623 1552 2961 1606 Sanctorum
2991 1548 3102 1603 PP.
3128 1561 3263 1619 quae
3292 1546 3364 1602 in

1983 1633 2362 1706 exequutione
2404 1633 2527 1706 ipsa
2557 1632 2765 1689 merita
2812 1630 3096 1704 praecessit
3144 1650 3158 1685 ε
3202 1644 3365 1701 quo-

1985 1714 2145 1771 niam
2167 1713 2442 1787 praedicta
2480 1713 2709 1779 merita,
2743 1718 2804 1768 ut
2831 1712 3040 1785 saepius
3065 1708 3360 1773 diximus,

1986 1811 2102 1852 non
2148 1793 2545 1868 dependebant
2597 1793 2667 1850 ab
2707 1794 2810 1849 illa
2854 1791 3040 1866 gratia
3083 1790 3239 1846 sicut
3287 1789 3368 1846 ah

1983 1875 2279 1932 essentiali
2301 1874 2588 1948 principio
2616 1895 2629 1931 ε
2656 1871 2805 1929 unde
2827 1876 3135 1945 potuerunt
3157 1870 3362 1927 videri

1984 1954 2326 2028 simpliciter
2373 1961 2506 2011 ante
2550 1955 2737 2019 illam,
2781 1959 2839 2010 et
2880 1953 2959 2008 ita
3006 1951 3258 2024 praevisa
3284 1952 3364 2007 ad

1985 2038 2106 2110 ejus
2131 2037 2499 2094 collationem
2544 2051 2811 2099 movere;
2855 2034 2974 2091 licit
3000 2035 3062 2089 in
3087 2049 3363 2106 exequu-

1987 2119 2141 2175 tione
2170 2123 2294 2191 post
2322 2118 2505 2190 ipsam
2534 2116 2925 2174 successerint.
2973 2115 3088 2170 Hoc
3131 2116 3366 2188 quippe

1986 2198 2117 2255 licet
2155 2199 2231 2254 sit
2275 2199 2486 2254 merito
2536 2198 2734 2253 minus
2777 2194 3171 2261 connaturale,
3225 2196 3362 2270 ejus

1985 2284 2180 2336 tamen
2201 2280 2508 2337 essentiam
2534 2294 2650 2335 non
2677 2276 2939 2335 destruit.
2967 2276 3137 2349 Cujus
3164 2291 3363 2349 oppo-

1984 2362 2161 2417 situm
2214 2360 2492 2418 accideret
2529 2361 2593 2416 in
2647 2366 2843 2417 nostro
2879 2374 3032 2423 casu,
3083 2362 3145 2411 ut
3209 2358 3363 2413 satis

1985 2447 2205 2499 constat
2228 2456 2299 2498 ex
2313 2441 2500 2497 dictis.

2070 2524 2154 2579 14.
2199 2520 2454 2580 Secundo
2475 2519 2780 2595 respondet
2801 2516 3043 2592 Ripalda
3071 2516 3234 2573 infra
3259 2534 3362 2574 re-
3404 2544 3528 2586 „m

1986 2602 2274 2670 serenduS,
2328 2603 2611 2660 rationem
2660 2607 2917 2658 nostram
2975 2598 3351 2664 convincere,
3419 2593 3525 2693 fg*—

1986 2686 2134 2760 quod
2151 2687 2359 2744 merita
2371 2686 2774 2758 consequentia
2787 2683 3034 2758 gratiam
3051 2686 3353 2755 nequeunt
3369 2676 3538 2745 ninia

1987 2768 2152 2823 illam
2203 2766 2274 2825 de
2311 2767 2594 2841 condigno
2636 2763 2956 2839 promereri
3007 2778 3112 2835 pro
3164 2760 3354 2817 dura-

1986 2848 2160 2916 tione,
2187 2848 2251 2905 in
2291 2865 2402 2922 qua
2429 2846 2537 2921 ipsi
2565 2846 2882 2904 coexistunt
2896 2868 2910 2911 ;
2953 2842 3051 2900 sed
3093 2842 3352 2900 minime

1987 2928 2306 2997 ostendere,
2348 2928 2497 3003 quod
2535 2929 2699 2985 illam
2731 2925 3051 2999 promereri
3080 2940 3199 2981 non
3249 2940 3358 2981 va-

1987 3009 2143 3065 leant
2190 3027 2294 3083 pro
2330 3009 2634 3066 duratione
2681 3005 3070 3072 antecedenti,
3117 3004 3182 3061 in
3236 3021 3357 3078 qua

1988 3090 2197 3146 merita
2238 3107 2354 3148 non
2395 3097 2545 3147 sunt.
2581 3087 2754 3145 Verbi
2796 3103 2980 3154 causa,
3006 3084 3056 3141 si
3099 3090 3356 3157 ponatur

1961 3173 2171 3246 ‘gratia
2193 3173 2257 3231 in
2285 3174 2522 3229 instanti
2551 3174 2614 3238 B,
2640 3176 2697 3228 et
2722 3170 2913 3228 eliciat
2942 3172 3130 3225 actum
3174 3167 3358 3222 meri·

1988 3254 2222 3322 torium,
2251 3256 2460 3313 fatetur
2487 3255 2581 3311 hic
2606 3253 2846 3321 Author,
2872 3249 3020 3323 quod
3051 3249 3151 3305 ille
3191 3254 3357 3304 actus

1989 3343 2230 3411 nequeat
2257 3339 2470 3395 mereri
2513 3337 2761 3412 gratiam
2791 3340 2853 3391 ut
2896 3334 3242 3391 existentem
3286 3331 3352 3386 in

1988 3418 2226 3476 instanti
2268 3420 2312 3473 B
2343 3440 2356 3476 ε
2389 3424 2553 3493 negat
2583 3424 2794 3484 autem,
2827 3413 2977 3490 quod
3023 3413 3192 3470 illam
3220 3427 3353 3468 me·

1989 3504 2105 3559 reri
2134 3518 2252 3559 non
2281 3503 2466 3558 valeat
2513 3507 2573 3557 ut
2617 3501 2958 3557 existentem
3002 3498 3065 3553 in
3101 3495 3353 3551 instanti

1987 3586 2057 3639 A.
2100 3586 2168 3639 Et
2194 3583 2501 3657 disparitas
2540 3582 2769 3639 videtur
2796 3579 3021 3637 desumi
3048 3593 3119 3634 ex
3154 3577 3354 3632 hacte-

1988 3683 2095 3722 nus
2122 3664 2312 3728 dictis;
2343 3663 2617 3737 quoniam
2641 3667 2797 3718 actus
2826 3658 3022 3733 nequit
3048 3657 3118 3712 de
3145 3655 3352 3736 condi·

1985 3764 2099 3824 gno
2121 3746 2438 3821 promereri
2460 3762 2628 3802 suum
2648 3744 2951 3802 essentiale
2967 3739 3344 3815 principium.

1990 3830 2350 3903 Principium
2396 3835 2588 3885 autem
2632 3827 2937 3886 essentiale
2963 3822 3161 3880 meriti
3188 3821 3349 3878 exis-

1987 3911 2159 3968 tentis
2186 3912 2247 3967 in
2275 3909 2516 3966 instanti
2543 3911 2607 3974 B,
2635 3923 2752 3964 non
2778 3914 2864 3963 est
2887 3905 3074 3982 gratia
3100 3907 3162 3958 ut
3185 3902 3346 3959 exis-

1987 3999 2113 4050 tens
2134 3993 2197 4049 in
2219 3992 2461 4049 instanti
2478 3995 2545 4058 A,
2565 3991 2656 4046 vel
2673 3995 2928 4062 tempore
2950 3984 3341 4049 antecedenti:

1986 4080 2170 4149 posset
2191 4073 2400 4147 quippe
2419 4071 2695 4129 meritum
2716 4069 2933 4127 salvari
2956 4064 3344 4140 independen-

1985 4165 2073 4214 ter
2095 4156 2165 4214 ab
2180 4173 2246 4213 ea
2262 4154 2659 4228 praecedentia;
2676 4151 2773 4210 sed
2789 4158 2873 4209 est
2889 4151 3074 4226 gratia
3089 4148 3342 4206 existens

1986 4241 2048 4296 in
2071 4240 2309 4311 instanti
2338 4241 2399 4306 B,
2433 4239 2822 4310 meritumque
2864 4231 3201 4291 antecedens
3217 4232 3344 4288 sola

1986 4324 2283 4398 prioritate
2296 4327 2531 4378 naturae.
2542 4320 2706 4378 Unde
2717 4319 2923 4377 inferri
2941 4312 3343 4387 videtui-,quod

1986 4407 2118 4464 licet
2143 4409 2299 4463 actus
2322 4402 2671 4476 subsequens
2698 4407 2938 4476 nequeat
2962 4398 3033 4456 de
3057 4396 3344 4472 condigno

1985 4486 2198 4544 mereri
2225 4486 2472 4562 gratiam
2500 4485 2564 4540 in
2588 4484 2788 4543 eodem
2816 4481 3058 4539 instanti
3081 4479 3344 4538 existen-

1985 4576 2122 4638 tem,
2151 4576 2206 4628 et
2246 4571 2477 4644 praecise
2516 4568 2943 4626 antecedentem
2970 4566 3093 4623 sola
3119 4564 3344 4638 priori-

1985 4658 2098 4711 tate
2156 4658 2401 4717 naturae;
2449 4652 2835 4710 nihilominus
2882 4648 3096 4706 mereri
3152 4648 3346 4705 valeat

1981 4734 2228 4810 gratiam
2276 4739 2533 4808 tempore
2578 4732 2930 4790 antecedenti
2979 4728 3339 4805 productam,

1982 4822 2148 4890 atque
2169 4814 2297 4873 ideo
2316 4817 2566 4889 primam
2586 4816 2786 4891 gratiae
2808 4812 3266 4888 productionem.

482 4895 805 4968 possidente
832 4895 1153 4968 praemium,
1180 4893 1243 4950 in
1270 4910 1382 4967 quo
1404 4896 1728 4967 plurimum
1753 4912 1851 4952 as-

477 4977 772 5033 similatur
798 4977 939 5049 spei,
981 4991 1153 5049 quam
1187 4976 1530 5033 naturaliter
1570 4977 1846 5034 comitem

478 5056 665 5114 habet.
700 5059 847 5132 Ergo
870 5057 1127 5131 implicat
1154 5057 1451 5126 meritum,
1470 5057 1620 5131 quod
1647 5072 1841 5116 essen-

2057 4898 2185 4953 Haec
2211 4904 2406 4955 tamen
2437 4897 2734 4971 responsio
2773 4896 2904 4952 licet
2928 4893 3003 4949 sit
3030 4907 3342 4967 apparens,
3361 4913 3512 4957 m

1981 4979 2165 5036 solida
2193 4997 2309 5039 non
2337 4985 2440 5045 est,
2484 4986 2539 5037 et
2564 4976 2784 5036 eisdem
2832 4977 2951 5034 fere
2977 4975 3215 5032 motivis
3248 4963 3532 5058 re-ffffi'fi}t

1982 5058 2220 5117 fellitur.
2269 5060 2478 5127 Primo,
2508 5057 2644 5132 quia
2671 5074 2801 5115 cum
2826 5055 3101 5114 meritum
3130 5070 3352 5113 muna·
3392 5065 3523 5117 nri-2

3076 5144 3353 5201 turaliter
