3647 5753
399 1911 514 1954 vanc

374 1959 595 2012 “mm''
1101 1984 1317 2040 tionem
1392 1983 1673 2041 libertatis
1736 1989 1938 2040 creatae

179 1983 1098 2153 W
1124 2066 1488 2138 perfectionis
1534 2065 1835 2131 libertatis,
1878 2082 1940 2122 ac

359 2162 569 2252 affigi-{3
583 2147 847 2222 potentiae
868 2146 1081 2203 divinat
1112 2171 1126 2214 3
1178 2162 1314 2202 nam
1345 2151 1593 2220 potentia
1614 2147 1940 2203 essentiali-

402 2262 544 2351 ⁹333·

383 2356 556 2450 effigi-to·

570 363 671 419 102
1585 361 1677 414 DE
1717 359 1989 415 GRATIA
2028 360 2367 417 EFFICACI.

563 536 975 594 subordinatur
1003 537 1386 594 essentialiter
1410 540 1522 596 Deo
1552 542 1612 593 ut
1641 536 1832 610 primo
1853 536 1921 593 li-

564 617 719 681 bero,
749 634 781 674 a
805 634 917 690 quo
940 632 1102 672 suam
1125 617 1468 684 libertatem,
1501 623 1555 674 et
1576 616 1921 674 determina·

564 699 781 755 tionem
806 699 1125 771 participat:
1152 699 1264 754 nisi
1293 700 1545 756 velimus
1568 699 1688 757 haec
1705 697 1917 771 praedi-

563 783 686 835 cata
708 779 887 835 realia
917 784 1104 835 creata
1139 777 1358 838 divinae
1383 780 1837 852 omnipotentiae.
1866 782 1924 835 et

566 858 885 916 causalitati
933 858 1272 918 subtrahere
1297 884 1312 927 ;
1367 859 1516 934 quod
1561 865 1644 917 est
1681 859 1924 917 omnino

568 939 968 1004 absurdum,et
991 939 1198 1012 absque
1225 941 1438 1016 insigni
1467 942 1763 1015 impietate
1781 956 1925 998 con-

567 1019 688 1078 cedi
710 1035 826 1077 non
849 1021 1019 1086 valet,
1046 1020 1191 1076 sicut
1208 1023 1560 1097 Augustinus
1583 1021 1828 1078 asseruit
1854 1019 1925 1076 de

569 1101 858 1166 Cicerone,
883 1101 979 1172 qui
1004 1108 1063 1155 ut
1085 1101 1330 1158 homines
1345 1103 1547 1174 faceret
1571 1102 1926 1173 liberos,fecit

567 1181 1011 1254 sacrileyos:ergo
1031 1188 1243 1253 quanto
1259 1183 1441 1257 magis
1455 1182 1722 1239 voluntas
1737 1187 1929 1238 creata

572 1261 838 1317 subditur
856 1259 1087 1325 divinae‚
1105 1267 1261 1319 tanto
1288 1263 1471 1336 magis
1499 1263 1561 1318 in
1591 1263 1823 1335 propria
1852 1261 1929 1316 li-

572 1342 787 1399 bertate
817 1341 1109 1414 perficitur
1141 1366 1153 1409 ;
1186 1359 1247 1398 ac
1289 1342 1529 1415 proinde
1568 1359 1639 1401 ex
1660 1359 1745 1408 e0‚
1778 1340 1930 1414 quod

571 1421 988 1493 omnipotentia
1010 1422 1109 1478 Dei
1133 1428 1359 1479 moveat
1386 1424 1740 1479 voluntatem
1769 1437 1932 1479 crea-

573 1509 688 1558 tam
720 1517 820 1573 per
848 1503 1068 1558 auxilia
1089 1501 1159 1558 ab
1187 1503 1501 1560 intrinseco
1520 1502 1849 1566 efficacia,et
1871 1506 1933 1557 ut

572 1581 1388 1655 sicdicamus,omnipotentia,
1418 1585 1605 1657 potius
1628 1583 1928 1639 inducitur

575 1662 810 1719 libertas
838 1664 1207 1735 operationis,
1254 1669 1309 1720 et
1337 1680 1453 1721 non
1482 1664 1733 1720 infertur
1765 1663 1935 1719 abso-

575 1743 694 1800 luta
721 1744 1021 1800 necessitas
1069 1742 1137 1800 ad
1170 1749 1378 1811 actum,
1429 1745 1552 1802 sive
1592 1743 1934 1817 impotentia

577 1822 648 1879 ad
667 1823 1012 1896 oppositum.

652 1903 811 1993 Adde
842 1902 1121 1994 secundo,
1174 1920 1289 1961 non
1343 1920 1505 1977 posse
1550 1903 1789 1970 destrui,
1843 1905 1936 1961 vel

582 2235 670 2286 ter
695 2227 1070 2285 subordinate
1113 2226 1405 2299 perficitur
1446 2243 1548 2300 per
1592 2226 1941 2284 subordina-

584 2311 801 2368 tionem
850 2308 920 2366 ad
966 2310 1279 2381 potentiam
1308 2309 1662 2381 superiorem
1695 2332 1709 2375 ;
1745 2314 1801 2365 et
1831 2325 1942 2381 quo

588 2390 911 2464 perfectiori
943 2391 1211 2461 potentiae
1257 2388 1687 2457 subordinatur,
1719 2405 1785 2445 eo
1813 2405 1944 2445 ma·

582 2472 670 2546 gis
714 2471 777 2526 in
822 2486 880 2526 se
928 2467 1240 2541 perficitur,
1295 2472 1355 2524 ut
1410 2469 1699 2526 inductiva
1764 2473 1943 2541 potest

579 2549 803 2608 ostendi
857 2549 920 2604 in
972 2548 1242 2604 omnibus
1306 2549 1493 2604 causis
1555 2549 1943 2605 essentialiter

578 2628 987 2687 subordinatis.
1054 2631 1285 2685 Constat
1345 2635 1557 2696 autem,
1611 2628 1940 2685 libertatem

577 2718 828 2770 creatam
856 2711 1239 2767 essentialiter
1267 2709 1637 2768 subordinari
1663 2710 1938 2777 libertati,

579 2798 637 2851 et
663 2792 920 2866 potestati
938 2791 1151 2848 divinae
1173 2813 1185 2847 :
1209 2807 1342 2865 ergo
1370 2791 1608 2858 destrui,
1642 2793 1733 2849 vel
1762 2791 1945 2847 dimi-

583 2875 686 2933 nui
715 2890 832 2932 non
859 2879 1039 2947 potest
1060 2890 1159 2946 per
1185 2879 1555 2948 augmentum
1576 2873 1943 2948 perfectionis

581 2955 766 3012 illius.
793 2953 961 3025 Atqui
1010 2954 1191 3009 multo
1231 2953 1534 3026 perfectior
1560 2953 1838 3010 asseritur
1867 2954 1944 3009 li-

582 3036 790 3102 bertaS,
815 3041 872 3092 et
899 3039 1142 3107 potestas
1169 3032 1388 3100 divina,
1419 3035 1468 3090 si
1492 3041 1618 3109 agat
1646 3051 1747 3107 per
1774 3035 1945 3091 auxi-

583 3118 664 3174 lia
685 3116 755 3172 ab
791 3117 1106 3174 intrinseco
1151 3113 1414 3181 efficacia,
1464 3116 1569 3173 hoc
1630 3120 1716 3172 est
1761 3117 1945 3189 parti-

581 3198 833 3270 cipantia
877 3212 1043 3252 suam
1094 3194 1399 3252 efficaciam
1454 3195 1524 3252 ab
1577 3196 1699 3268 ipsa
1745 3197 1943 3253 omni-

583 3279 838 3353 potentia
865 3279 985 3343 Dei,
1005 3283 1060 3334 et
1089 3293 1206 3334 non
1228 3277 1583 3349 expectantia
1604 3294 1944 3336 consensum

582 3365 858 3417 creaturae
887 3365 947 3414 ut
973 3357 1360 3415 conditionate
1390 3358 1649 3414 futurum
1679 3380 1692 3413 ε
1717 3375 1854 3415 nam
1876 3375 1945 3416 eo

585 3444 708 3517 ipso
734 3441 935 3498 divina
963 3441 1148 3496 virtus
1171 3438 1490 3495 absolvitur
1517 3456 1549 3495 a
1570 3440 1817 3513 quadam
1842 3439 1946 3497 de-

585 3524 912 3599 pendentia,
945 3539 1069 3596 quae
1096 3537 1325 3594 semper
1372 3522 1435 3577 in
1463 3538 1567 3579 suo
1605 3538 1813 3596 genere
1838 3523 1947 3578 im·

549 3672 554 3675 ,
583 3606 855 3679 perfectio
875 3608 976 3661 est.
999 3606 1147 3677 Ergo
1168 3618 1238 3660 ex
1254 3618 1339 3668 e0‚
1366 3602 1515 3675 quod
1529 3602 1946 3676 omnipotentia

584 3687 684 3744 Dei
714 3690 938 3743 moveat
959 3685 1313 3741 voluntatem
1338 3687 1587 3740 creatam
1605 3699 1705 3757 per
1727 3683 1948 3740 auxilia

586 3766 657 3823 ab
678 3766 990 3823 intrinseco
1015 3763 1277 3829 efficacia,
1320 3768 1378 3819 et
1423 3762 1871 3836 independentia
1915 3779 1950 3819 a

583 3846 1063 3906 determinatione
1114 3849 1386 3901 creaturae
1438 3851 1501 3900 ut
1552 3844 1948 3902 conditionate

587 3930 812 3996 futura,
873 3942 975 3983 nec
1025 3924 1360 3991 destruitur,
1419 3942 1521 3982 nec
1574 3926 1949 3982 imminuitur

589 4010 824 4067 libertas
873 4012 1079 4072 creata,
1129 4006 1228 4064 sed
1280 4006 1464 4079 magis
1515 4006 1825 4075 perficitur.
1872 4011 1949 4064 Ac

590 4091 831 4167 proinde
858 4104 1006 4147 vane
1028 4088 1265 4163 fingitur
1310 4086 1614 4154 discordia,
1645 4095 1703 4146 et
1725 4090 1950 4147 incom-

589 4171 880 4248 possibilis
904 4167 1211 4225 inimicitia
1233 4167 1386 4222 inter
1409 4166 1819 4238 perfectionem
1850 4169 1949 4225 Dei

589 4259 651 4314 in
720 4250 1042 4317 movend0,
1093 4254 1148 4304 et
1214 4248 1618 4321 perfectionem
1670 4249 1952 4308 libertatis

587 4343 789 4396 creatae
836 4335 897 4389 in
943 4347 1003 4388 se
1046 4330 1223 4387 libere
1265 4330 1706 4389 determinando
1730 4356 1745 4400 ;
1787 4333 1950 4406 quasi

591 4435 706 4477 non
735 4414 1004 4472 subsistat
1028 4412 1164 4475 haec,
1196 4411 1243 4465 si
1292 4416 1581 4468 asseratur
1610 4413 1729 4469 illa.
1767 4414 1952 4472 Immo

589 4515 732 4557 vero
757 4497 806 4552 si
832 4493 1003 4551 alicui
1035 4491 1521 4565 praejudicandum
1572 4492 1737 4559 foret,
1786 4493 1953 4552 dece-

594 4584 680 4637 ret
698 4577 882 4651 potius
899 4573 1224 4631 libertatem
1240 4577 1489 4628 creatam
1506 4572 1718 4631 divina}
1731 4575 1948 4643 cedere,

593 4654 822 4736 quam'e
848 4671 1123 4714 converso
1155 4677 1167 4720 ;
1220 4669 1290 4710 ne
1329 4653 1466 4710 dum
1490 4655 1756 4713 homines
1777 4658 1956 4714 nimis

597 4742 811 4799 liberos
834 4738 1093 4800 facimuS,
1121 4735 1394 4791 faciamus
1422 4736 1747 4809 sacrilegos.
1779 4739 1956 4794 Plura

597 4823 713 4879 alia
741 4834 1032 4893 possemus
1055 4832 1155 4889 pro
1177 4815 1381 4889 maj0ri
1406 4815 1610 4873 robore
1631 4816 1800 4890 hujus
1828 4818 1958 4874 fun·

596 4902 852 4961 damenti
899 4898 1161 4972 adjicere,
1219 4913 1344 4969 quae
1394 4902 1588 4953 tamen
1616 4897 1772 4954 infra
1798 4916 1957 4956 com-

597 4985 823 5045 modius
851 4987 934 5054 §7
961 4981 1202 5038 seorsim
1229 4978 1635 5053 expendemus.

2644 621 2674 687 ς
2725 619 2812 672 1v.

2054 775 2389 850 proponitur
2444 782 2739 836 secundum
2804 782 3226 853 fundamentum
3280 799 3418 836 verm

2586 867 2871 919 sententiat.

2141 1024 2260 1078 153.
2305 1024 2561 1082 Secundo
2590 1026 2864 1098 probatur
2905 1035 3096 1084 nostra
3130 1028 3424 1085 conclusio
3463 1006 3595 1100 atiud
3626 1021 3627 1024 ’

2059 1103 2174 1160 alia
2198 1104 2433 1171 ratione,
2478 1122 2602 1177 quae
2627 1107 3034 1179 praecedentem
3059 1108 3240 1182 magis
3278 1125 3423 1165 con·
3451 1088 3623 1171 §giffu-

2060 1185 2253 1241 firmat
2283 1209 2295 1242 ε
2345 1188 2616 1258 quoniam
2668 1190 2813 1245 Deus
2872 1189 3041 1246 habet
3078 1178 3629 1270 supremumffinsgsss

2061 1264 2387 1322 dominium
2459 1284 2632 1340 supra
2702 1270 3057 1325 voluntatem
3110 1276 3361 1327 creatam
3400 1292 3416 1326 :
3485 1283 3588 1320 tum-

2059 1363 2196 1420 ergo
2238 1352 2417 1420 potest
2442 1363 2511 1404 ex
2539 1365 2599 1406 se
2638 1366 2763 1406 eam
2792 1341 3089 1406 efficaciter
3127 1352 3427 1423 applicare

2063 1425 2132 1484 a'd
2179 1429 2568 1501 operationem
2605 1430 2889 1486 liberam:
2932 1447 3067 1504 ergo
3106 1432 3423 1498 auxilium,

2062 1526 2174 1582 quo
2200 1510 2363 1567 illam
2408 1512 2489 1568 sic
2516 1513 2779 1585 applicat,
2812 1518 2896 1569 est
2922 1512 3115 1568 efficax
3142 1529 3212 1569 ex
3246 1530 3324 1578 se,
3358 1521 3425 1573 et

2065 1591 2136 1648 ab
2166 1591 2498 1659 intrinsecO,
2531 1610 2738 1666 nempe
2768 1609 2839 1650 ex
2868 1593 3303 1666 participatione
3329 1595 3432 1651 di-

2066 1672 2189 1727 vini
2219 1670 2483 1734 dominii.
2533 1679 2590 1728 et
2619 1690 2733 1730 non
2774 1690 2844 1730 ex
2899 1675 3255 1746 praescientia
3280 1691 3434 1733 con-

2066 1769 2266 1810 sensus
2324 1754 2708 1826 conditionate
2748 1756 2948 1811 futuri.
3004 1757 3133 1812 Haec
3171 1756 3426 1813 secunda

2068 1835 2469 1906 consequentia
2497 1835 2751 1908 legitime
2789 1851 2859 1892 ex
2882 1836 3072 1908 prima
3098 1834 3427 1895 deducitur.

2071 1913 2270 1969 Prima
2316 1930 2452 1971 vero
2472 1931 2542 1971 ex
2565 1914 2916 1972 antecedenti
2952 1937 2965 1971 ε
3015 1922 3136 1971 tum
3163 1917 3294 1988 quia
3320 1916 3433 1973 do-

2069 1994 2342 2061 minium,
2369 2002 2430 2051 ut
2456 1996 2843 2052 communiter
2863 1995 3151 2052 definiunt
3174 1997 3435 2055 Philoso-

2073 2076 2169 2147 phi
2218 2077 2483 2142 MoraleS,
2520 2079 2583 2133 'et
2645 2078 2994 2150 Jurisperiti,
3042 2082 3127 2134 est
3174 2078 3420 2136 facultas

2072 2156 2257 2214 libera
2300 2157 2496 2214 utendi
2523 2174 2583 2214 re
2604 2175 2704 2213 sua
2725 2159 2851 2215 sine
2884 2158 3109 2232 'injuria
3133 2160 3373 2215 alterius
3409 2183 3425 2217 t

2071 2240 2162 2295 scd
2183 2257 2314 2295 usus
2331 2240 2572 2310 alicujus
2610 2241 2691 2294 rei
2712 2242 2970 2312 importat
3006 2241 3435 2313 applicationem

2070 2325 2153 2378 rei
2179 2322 2333 2377 illius
2359 2323 2433 2377 ad
2452 2323 2699 2398 aliquam
2725 2325 3107 2396 operationem,
3153 2328 3212 2378 ut
3236 2324 3435 2396 inquit

2074 2405 2138 2459 D.
2163 2403 2365 2459 Thom.
2407 2402 2467 2457 in
2497 2403 2599 2459 hac
2635 2405 2679 2467 1,
2713 2406 2766 2468 2,
2799 2408 2993 2476 quaest.
3034 2406 3115 2468 lo,
3148 2410 3254 2460 art.
3302 2408 3356 2471 1,
3384 2414 3437 2460 et
3469 2409 3627 2449 nxrtm.

2072 2487 2159 2540 uti
2177 2491 2252 2539 est
2272 2485 2552 2557 applicare
2571 2487 2797 2563 aliquod
2831 2488 3170 2559 principium
3197 2489 3438 2544 actionis

2073 2566 2149 2621 ad
2173 2567 2458 2630 actionem,
2478 2570 2542 2620 ut
2567 2567 2768 2623 asserit
2796 2566 3009 2623 ibidem
3033 2575 3141 2623 art.
3168 2570 3224 2622 ⁶2.
3262 2567 3432 2626 Unde

2073 2646 2207 2720 quia
2257 2646 2507 2703 charitas
2545 2652 2629 2702 est
2658 2648 2870 2721 regina,
2920 2653 2975 2704 et
3015 2646 3253 2704 domina
3281 2649 3437 2706 inter

2075 2733 2301 2784 caeteras
2341 2727 2601 2792 virtuteS,
2645 2743 2740 2783 eas
2798 2733 3008 2792 movet,
3057 2734 3112 2783 et
3164 2730 3431 2802 applicat,

2076 2806 2416 2881 imperando
2442 2823 2643 2864 earum
2671 2810 3049 2881 operationes,
3078 2815 3138 2864 ut
3177 2809 3437 2867 dicemus

2076 2890 2139 2945 in
2168 2894 2405 2945 tractatu
2434 2887 2504 2944 de
2531 2889 2841 2946 Charitate.
2881 2892 3027 2964 Ergo
3071 2891 3120 2946 si
3151 2894 3294 2948 Deus
3325 2893 3437 2947 ha-

2078 2970 2169 3028 bet
2190 2987 2525 3043 supremum
2546 2969 2872 3028 dominium
2888 2989 3059 3045 supra
3077 2973 3436 3031 voluntatem

2075 3058 2343 3118 creatam,
2373 3056 2551 3123 potest
2595 3052 2778 3123 ipsam
2807 3052 3105 3108 efficaciter
3134 3053 3202 3109 ad
3225 3070 3437 3127 opera-

2077 3132 2259 3188 tiones
2288 3131 2497 3187 liberas
2539 3133 2842 3204 applicare.
2895 3134 3039 3188 Tum
3069 3134 3264 3198 etiam,
3297 3136 3433 3207 quia
3450 3145 3647 3206 agdoni}-

2077 3213 2342 3268 voluntas
2362 3218 2549 3268 creata
2568 3212 2791 3269 ratione
2808 3212 3075 3280 dominii,
3091 3213 3239 3287 quod
3262 3199 3647 3291 habete'efi‘ssgffif

2075 3309 2250 3365 supra
2275 3309 2405 3348 suas
2450 3293 2826 3364 operationes,
2875 3299 3054 3365 potest
3104 3294 3175 3350 ad
3204 3295 3335 3351 illas
3372 3296 3645 3353 sectatisab

2076 3373 2391 3437 efficaciter,
2423 3379 2478 3429 et
2520 3373 2700 3429 libere
2746 3374 3072 3446 applicare:
3116 3375 3212 3431 sed
3241 3353 3647 3441 domi-siff&-

2078 3457 2243 3512 nium
2268 3472 2602 3529 supremum
2641 3471 2755 3511 non
2782 3462 2865 3511 est
2887 3458 3101 3522 minus,
3127 3475 3298 3530 quam
3328 3457 3440 3515 do-
3504 3458 3595 3489 ω’

2077 3538 2329 3595 minium
2356 3537 2669 3595 voluntatis
2682 3543 3044 3612 creataezergo
3060 3540 3110 3595 si
3128 3542 3270 3595 Deus
3288 3540 3437 3595 illud

2079 3617 2265 3684 habet,
2316 3618 2524 3690 poterit
2560 3617 2859 3675 efficaciter
2898 3620 3187 3691 applicare
3214 3621 3435 3675 volun-

2080 3704 2252 3756 tatem
2271 3703 2519 3755 creatam
2561 3698 2631 3754 ad
2654 3697 2833 3754 libere
2873 3699 3253 3771 operandum.
3284 3702 3437 3757 Tum

2078 3779 2342 3851 denique,
2371 3795 2504 3835 nam
2535 3778 2660 3835 ideo
2683 3784 2861 3852 potest
2882 3781 3026 3835 Deus
3055 3797 3256 3838 omnes
3296 3798 3439 3838 cau-

2079 3877 2169 3917 sas
2196 3861 2486 3917 naturales
2530 3859 2826 3917 efficaciter
2866 3861 3153 3933 applicare
3182 3861 3249 3916 ad
3298 3878 3442 3936 ope-

2081 3941 2346 4006 randum,
2379 3941 2514 4013 quia
2542 3940 2710 3997 habet
2747 3958 3079 4013 supremum
3108 3941 3440 3999 dominium

2079 4039 2254 4096 supra
2276 4023 2405 4078 illas
2433 4043 2445 4077 ε
2485 4038 2621 4096 ergo
2646 4023 2693 4078 si
2725 4021 2874 4078 idem
2902 4020 3228 4078 dominium
3258 4022 3434 4079 habet

2079 4120 2252 4175 supra
2274 4104 2625 4160 voluntatem
2648 4108 2912 4167 creatam,
2941 4102 3146 4174 poterit
3172 4118 3299 4158 eam
3322 4102 3443 4159 effi-

2080 4185 2284 4242 caciter
2302 4183 2586 4254 applicare
2609 4181 2676 4238 ad
2688 4198 2885 4238 omnes
2899 4198 3029 4237 suas
3050 4183 3437 4254 operationeS‚

2083 4272 2247 4338 atque
2278 4264 2404 4322 ideo
2433 4264 2499 4320 ad
2532 4263 2709 4321 libere
2745 4263 3046 4339 agendum.
3079 4265 3443 4323 Antecedens

2083 4352 2271 4402 autem
2300 4349 2384 4401 est
2409 4360 2741 4416 expressum
2782 4347 2844 4399 D.
2900 4345 3204 4419 Augustini
3236 4349 3293 4399 in
3341 4347 3437 4403 tib.
3479 4355 3631 4401 utus

2082 4426 2146 4481 de
2164 4432 2392 4498 corrept.
2435 4432 2483 4479 et
2509 4426 2715 4492 qratia,
2748 4441 2865 4496 cap.
2907 4426 2988 4489 1-1,
3019 4424 3113 4480 ubi
3139 4426 3217 4480 ait
3250 4447 3263 4478 t
3298 4425 3447 4483 Deus

2084 4511 2262 4579 mayis
2286 4508 2442 4563 habet
2482 4509 2541 4562 in
2570 4524 2671 4561 sua
2707 4514 2966 4579 potestate
2994 4508 3298 4563 voluntates
3339 4510 3446 4564 ho-

2084 4593 2318 4653 minum,
2361 4607 2527 4666 quam
2568 4590 2675 4660 ipsi
2711 4606 2861 4644 selas.
2893 4592 3015 4653 Quo
3042 4589 3216 4644 etiam
3266 4604 3443 4645 sensu

2085 4668 2232 4724 dixit
2279 4672 2495 4724 Franco
2546 4667 2731 4724 Abbas
2778 4677 2907 4723 tom.
2964 4670 3133 4736 12,in
3165 4667 3276 4724 fine
3304 4685 3446 4725 car-
3486 4692 3641 4732 rreum

2086 4751 2286 4806 miniS.
3482 4739 3629 4783 Annas.

2160 4881 2271 4938 Sed
2285 4881 2637 4953 percontaris,
2668 4881 2717 4933 si
2741 4882 2937 4948 yram,
2971 4877 3103 4955 quid
3132 4879 3441 4934 merearis?

2273 4964 2465 5037 Ipsum
2494 4963 2621 5018 velle
2648 4970 2803 5017 taum
2826 4964 3040 5018 noveris
3059 4978 3167 5017 esse
3187 4978 3367 5018 suum.

3290 5061 3453 5128 Quod
