3647 5753
1330 375 1506 430 DISP.
1553 374 1670 431 VII.
1716 374 1878 430 DUB.
1924 379 2015 434 111.
2985 379 3062 432 75

211 574 237 603 a
278 569 430 621 cum,
464 559 519 609 et
546 555 605 609 S.
636 555 869 611 Thomae
894 556 1153 612 Summa.
1187 577 1211 605 n
1240 557 1312 610 At
1331 555 1568 612 scientia

210 635 396 691 media
441 641 527 690 est
573 635 878 692 manifeste
924 638 1215 694 contraria
1244 637 1562 710 principiis,

205 721 262 773 et
286 714 565 772 doctrinze
607 717 671 772 D.
716 717 971 783 Thomae,
1004 723 1065 773 ut
1104 735 1256 774 num.
1301 719 1403 774 103
1434 733 1569 788 pro-

209 795 471 852 bavimus
503 816 516 850 :
547 811 685 870 ergo
728 797 1003 855 credibile
1051 814 1169 855 non
1218 803 1321 863 est,
1354 798 1567 855 Conci—

211 876 354 932 lium
379 892 548 930 usum
579 877 752 934 fuisse
781 878 1046 951 praedicta
1084 878 1343 935 scientia.

283 960 567 1023 Quartum
595 960 690 1027 sit,
721 961 868 1032 quod
899 960 1200 1018 dedecebat
1226 961 1568 1035 gravitatem

211 1040 398 1095 Concil
407 1041 447 1095 ii
468 1041 530 1095 in
553 1056 615 1097 re
627 1042 970 1116 gravissima
987 1056 1282 1098 recurrere
1298 1040 1368 1097 ad
1382 1041 1570 1097 scieu-

212 1120 347 1176 tiam
378 1119 658 1188 mediam,
690 1140 813 1196 quae
839 1125 931 1179 vel
960 1140 1156 1181 recens
1194 1129 1295 1192 est,
1329 1126 1420 1181 vel
1449 1128 1573 1197 post

210 1202 809 1276 semipelagianorum
851 1204 1116 1261 haeresim
1147 1222 1247 1278 per
1277 1206 1443 1278 plura
1463 1221 1571 1260 sae-

212 1284 336 1340 cula
364 1285 425 1339 in
473 1284 790 1341 oblivionis
815 1287 1115 1359 sepulchro
1136 1288 1332 1362 iacuit,
1367 1292 1427 1341 ut
1453 1286 1572 1341 Ad-

212 1366 454 1422 versarii
478 1368 875 1439 num.praeced.
900 1368 1056 1425 citati
1084 1371 1344 1426 ultronee
1370 1366 1573 1426 admit-

216 1452 355 1503 tunt.

118 1520 189 1564 im
288 1522 580 1578 Ultimum
608 1530 710 1588 est,
740 1524 931 1596 plures
950 1540 1021 1581 ex
1040 1524 1343 1597 Tlieologis
1363 1525 1458 1596 qui
1483 1525 1572 1581 illi

118 1576 469 1671 &concilio
522 1605 948 1672 interfuerunt,
1003 1612 1124 1665 tam
1170 1623 1238 1663 eo
1292 1606 1569 1674 durante,

118 1679 194 1761 ζῶ.
214 1704 381 1761 quam
431 1688 538 1744 illo
570 1686 747 1754 sinito,
790 1689 1016 1763 egregia
1049 1689 1197 1745 circa
1222 1691 1489 1763 gratiam,
1520 1697 1575 1748 et

118 1779 180 1859 ¹2¹3
214 1770 543 1826 libertatem
574 1769 819 1828 edidisse
856 1772 1204 1829 volumina.
1236 1773 1390 1828 inter
1432 1790 1575 1845 quos

119 1831 472 1909 {nb-eminent
513 1850 851 1907 Dominicus
897 1853 1081 1918 Sotus,
1113 1852 1373 1909 Andreas
1398 1857 1571 1927 vega,

120 1928 153 1960 ¹·
213 1931 556 1989 Ambrosius
573 1931 930 1999 Catharinus,
939 1937 995 1989 et
1019 1935 1266 1989 Joannes
1291 1932 1362 1990 de
1386 1936 1579 1991 Bono-

214 2014 348 2068 nia.
366 2020 422 2070 et
445 2017 648 2069 tamen
671 2013 865 2068 nullus
886 2029 1086 2070 eorum
1111 2014 1381 2070 meminit
1398 2016 1579 2072 scien-

212 2096 301 2151 tiae
324 2095 553 2160 mediae,
584 2111 686 2151 nec
707 2095 869 2164 illius
890 2095 1160 2169 suffragio
1184 2096 1364 2153 utitur
1391 2119 1404 2152 :
1427 2096 1578 2169 quod

213 2177 458 2232 minime
485 2177 842 2241 omitterent,
873 2177 922 2231 si
966 2177 1097 2232 talis
1122 2177 1360 2233 scientia
1385 2172 1579 2234 subsi-

212 2255 369 2311 dium
419 2256 682 2314 Concilio
728 2257 790 2311 in
837 2257 941 2312 hac
986 2256 1378 2314 controversia
1431 2273 1580 2330 prae-

214 2338 444 2395 buisset.

121 2411 176 2454 ³<
293 2420 416 2473 10⁵3.
438 2418 702 2473 Profecto
720 2422 917 2473 exorta
940 2419 1414 2487 Lutherihaeresi,
1439 2421 1579 2476 etin

120 2472 198 2603 Ξῗιῖ
213 2498 332 2555 dies
359 2498 549 2571 magis
578 2502 860 2569 serpente,
907 2498 1143 2555 fuerunt
1169 2499 1433 2556 homines
1459 2502 1580 2569 (cu-

152 2578 300 2650 ·jus
345 2576 602 2633 instituti
646 2577 967 2648 nescimus),
1000 2579 1096 2650 qui
1146 2583 1206 2632 ut
1254 2576 1579 2636 libertatem

219 2664 473 2716 nostram
504 2656 897 2722 defenderent,
932 2659 1109 2714 nimis
1130 2658 1341 2733 abjecte
1360 2659 1430 2716 de
1457 2661 1581 2717 effi-

213 2742 361 2797 cacia
382 2738 503 2794 div
491 2754 606 2793 lnae
624 2738 822 2811 gratiae
836 2744 1124 2809 coeperant
1139 2740 1335 2811 loqui
1355 2741 1416 2796 in
1441 2758 1581 2814 quos

120 2864 198 2899 ,w
215 2821 602 2880 invehebatur
643 2818 965 2876 Cardinalis
1003 2823 1356 2878 Contarenus
1395 2823 1486 2880 lib.
1519 2824 1581 2878 cle

210 2904 467 2962 Praedest.
496 2902 598 2992 sOJ·
626 2902 754 2966 610,
783 2901 870 2956 his
891 2901 1119 2957 verbis.
1150 2903 1321 2957 «0111
1344 2904 1580 2976 quidam

217 3009 242 3039 α
281 2992 437 3048 sunt,
465 2983 567 3056 qui
592 2998 651 3038 se
680 2982 1141 3039 Lutheranorum
1171 2984 1376 3051 hosteS‚
1412 2990 1582 3059 atque

216 3091 241 3120 α
280 3064 673 3127 adversarios,
713 3061 1124 3134 catholicaeque
1169 3064 1430 3120 veritatis
1477 3083 1581 3138 pa-

216 3173 238 3200 «
280 3154 483 3204 tronos
534 3143 897 3218 profitentur,
928 3144 1027 3215 qui
1077 3145 1270 3200 statim
1302 3150 1468 3217 atque
1512 3146 1582 3203 de

213 3251 240 3280 α
282 3235 513 3284 naturae
532 3227 802 3280 humana-²
820 3222 1235 3291 imbecillitate,
1262 3224 1331 3281 de
1348 3225 1579 3281 arbitrii

212 3331 240 3362 α
278 3306 633 3382 aegritudine
673 3302 848 3360 verba
894 3302 964 3359 ad
995 3304 1268 3376 populum
1318 3303 1584 3362 110111111-

216 3412 241 3442 «
282 3389 474 3456 diunt,
499 3387 965 3442 Lutheranorum
986 3384 1309 3441 doctrinam
1328 3402 1449 3443 esse
1463 3389 1583 3444 cla-

216 3493 244 3524 α
286 3475 487 3536 mant;
521 3473 726 3525 etcum
759 3466 1125 3539 pertinaciter
1148 3466 1378 3523 arbitrii
1410 3468 1584 3526 liber-

219 3575 243 3605 e
285 3558 463 3608 tatem
497 3564 752 3605 asserere
781 3549 1001 3612 volunt,
1036 3548 1333 3605 hominem
1378 3551 1584 3622 paula-

219 3654 249 3684 «
290 3633 398 3688 tim
425 3631 734 3695 extollunt,
784 3626 1046 3684 divinam
1092 3629 1338 3700 gratiam
1385 3629 1584 3702 depri-

223 3734 249 3764 «
288 3717 510 3767 munt:
535 3709 644 3781 ipsi
671 3723 741 3763 ex
769 3706 1072 3762 Catholicis
1104 3707 1441 3780 Pelagianos
1463 3726 1585 3766 sese

222 3814 249 3844 α
293 3792 566 3848 faciunt:
597 3794 650 3844 et
679 3803 750 3843 ne
775 3786 968 3860 quod
953 3802 1014 3842 111
1055 3787 1384 3844 Christiana
1425 3791 1585 3846 Reli-

222 3894 252 3924 «
290 3872 467 3946 gione
494 3873 681 3940 caput,
710 3873 767 3923 et
808 3866 975 3923 radix
1001 3873 1103 3930 est,
1137 3873 1498 3940 propagetur,
1529 3873 1587 3926 et

223 3972 251 4002 a
290 3950 470 4007 latius
492 3945 870 4010 diffundatur,
890 3944 1230 4036 impediunt.
1255 3968 1280 3997 n
1309 3949 1588 4021 thuam·

219 4032 307 4086 vis
351 4046 450 4086 eos
502 4028 849 4101 ignoremus
893 4026 991 4098 qui
1021 4024 1343 4082 Cardinalis
1373 4033 1587 4084 stoma-

218 4111 390 4172 chum
421 4111 750 4170 moverant,
785 4106 1104 4162 certissime
1149 4110 1342 4162 tamen
1367 4108 1589 4181 judica-

226 4207 374 4255 mus,
425 4188 838 4244 Dominicanos
888 4202 1007 4243 non
1056 4186 1258 4253 fuisse;
1313 4187 1351 4241 ii
1381 4189 1590 4261 quippe

229 4267 575 4344 rigidissimi
617 4266 678 4322 in
709 4265 1067 4337 praedicanda
1107 4265 1350 4323 efficacia
1394 4269 1590 4342 gratiae

227 4365 459 4421 semper
507 4346 684 4402 habiti
713 4353 866 4409 sunt,
899 4344 1039 4402 adeo
1067 4345 1320 4417 quidem,
1355 4353 1413 4403 ut
1441 4364 1591 4405 non-

233 4429 377 4486 nulli
410 4425 735 4483 adversarii
760 4426 1105 4481 sententiam
1154 4426 1587 4493 Thomisticam,

230 4506 504 4581 quamvis
544 4505 748 4575 inepte,
790 4520 917 4559 cum
968 4504 1220 4569 Lutheri,
1270 4511 1326 4560 et
1365 4506 1593 4562 Calvini

234 4587 436 4644 haeresi
491 4585 814 4640 involvant.
864 4587 976 4641 Nec
1023 4585 1266 4648 mirum,
1316 4589 1596 4644 Contare-

237 4683 365 4724 rum
396 4667 462 4722 in
515 4664 940 4735 impugnatores
984 4664 1187 4738 gratia>
1212 4663 1450 4721 efficacis
1497 4683 1597 4723 ar—

236 4746 390 4808 dere,
416 4743 522 4815 qui
565 4743 633 4795 D.
675 4742 951 4797 'rhomam
981 4749 1041 4798 ut
1067 4745 1352 4800 inutilium
1379 4753 1599 4800 conten-

238 4830 453 4884 tionum
483 4825 710 4884 hostem.
740 4829 788 4877 et
814 4826 1062 4879 veritatis
1091 4827 1355 4892 anticum,
1390 4826 1450 4881 in
1476 4831 1600 4882 stu-

124 4908 352 4971 mdiis
405 4904 535 4960 suis
594 4903 780 4959 fuerat
830 4910 1231 4976 prosequutus,
1304 4910 1363 4960 ut
1426 4906 1602 4962 refert

125 4979 513 5043 &Andreas
532 4983 872 5038 Victorellus
896 4986 956 5039 in
979 4985 1352 5041 additionibus
1377 4986 1453 5040 ad
1473 4984 1605 5044 Cia·

1699 556 1933 622 conium,
1959 574 2107 612 anno
2139 558 2292 613 1535.
2328 557 2633 614 Contareni
2663 556 3059 629 querimonias

1700 634 1960 692 imitatus
2002 645 2086 694 est
2126 638 2452 695 Cardinalis
2497 640 2781 695 Baronius
2826 645 2953 693 tom.
2997 640 3051 706 6,
3082 644 3256 689 cardiu.

1700 732 1834 772 ann.
1877 720 2007 780 490.
2040 737 2191 775 num.
2224 721 2315 786 32,
2350 718 2446 776 ubi
2489 724 2785 791 postquam
2812 717 3060 775 ostendit
3089 698 3252 739 ”mn

1701 795 1880 853 libros
1902 800 2091 855 Fausti
2115 801 2410 874 Regiensis
2433 801 2681 855 multum
2698 800 2944 873 gratiam
2967 798 3060 854 de-

1703 876 1973 948 primere,
2030 885 2087 935 et
2138 878 2409 935 infulcari
2461 879 3056 952 semipelagianorum

1701 956 2016 1023 erroribus,
2060 959 2347 1016 concludit
2381 980 2394 1014 ε
2431 981 2455 1010 «
2488 962 2628 1014 Cum
2660 959 2836 1032 igitur
2863 960 3059 1015 Fausti

1710 1061 1734 1091 «
1762 1041 2059 1097 sententiae
2107 1041 2314 1114 ubique
2359 1040 2431 1097 ab
2479 1041 2723 1097 Ecclesia
2772 1042 3057 1098 Catholica

1710 1141 1735 1173 «
1765 1120 1938 1177 fuerit
1958 1123 2391 1187 contradictum,
2416 1120 2651 1178 videant
2671 1127 2885 1196 quanto
2914 1124 3061 1195 peri-

1712 1221 1737 1251 «
1764 1201 1892 1256 culo
1918 1200 2149 1273 quidam
2195 1218 2263 1259 ex
2307 1200 2757 1265 Recentioribus‚
2809 1200 2946 1257 dum
2996 1202 3060 1257 in

1712 1303 1738 1334 α
1768 1285 2079 1339 Novatores
2107 1284 2430 1358 insurgunt,
2458 1289 2518 1339 ut
2547 1299 2642 1340 eos
2680 1284 2996 1350 confutent,
3030 1300 3062 1339 a

1713 1383 1738 1413 α
1767 1362 1822 1417 S.
1851 1364 2147 1436 Augustini
2164 1363 2447 1421 sententia
2468 1363 2537 1419 de
2561 1362 3062 1435 praedestinatione

1713 1464 1738 1494 α
1771 1442 2049 1507 recedant,
2081 1460 2208 1500 cum
2233 1444 2486 1516 alioquin
2512 1461 2677 1500 arma
2706 1460 2820 1500 non
2849 1443 3056 1511 desint,

1714 1544 1740 1574 α
1768 1522 1975 1595 quibus
2004 1525 2249 1582 haeretici
2278 1523 2705 1598 profligentur.»
2737 1528 2870 1590 Quae
2887 1524 3061 1581 verba

1709 1620 1826 1660 non
1857 1606 2037 1677 potuit
2066 1606 2360 1678 perdoctus
2407 1605 2731 1662 cardinalis
2760 1606 2821 1662 in
2863 1606 3064 1663 Domi-

1708 1702 1878 1744 cauos
1916 1685 2164 1761 dirigere
2216 1711 2227 1743 ε
2271 1693 2392 1743 tum
2441 1686 2575 1759 quia
2621 1686 2682 1742 hi
2728 1688 3064 1760 opinionem

1711 1769 1773 1823 D.
1826 1770 2127 1843 Augustini
2173 1768 2321 1824 circa
2369 1768 2955 1839 praedestinationem,
3006 1774 3062 1825 et

1708 1864 1832 1919 quae
1856 1846 2412 1919 praedestinationem
2428 1853 2796 1914 concernunt,
2820 1848 2880 1903 in
2905 1848 3066 1904 omni

1713 1929 1900 2001 rigore
1939 1927 2238 1984 defensant
2268 1948 2280 1983 ε
2314 1932 2435 1983 tum
2462 1927 2595 1999 quia
2624 1928 2716 1983 illi
2746 1943 2846 1984 nec
2890 1944 3068 2001 appa-

1713 2013 1908 2065 renter
1953 2007 2526 2080 semipelagianismo
2561 2006 2774 2071 favent,
2825 2007 2922 2063 sed
2965 2025 3069 2079 po-

1711 2090 1845 2153 tius,
1894 2088 1942 2143 si
1990 2087 2353 2143 Adversariis
2390 2086 2662 2145 creditur.
2708 2086 2777 2142 ad
2824 2088 3068 2145 omnino

1711 2170 2054 2243 oppositum,
2087 2184 2295 2241 nempe
2339 2168 2564 2223 Calvini
2611 2167 2816 2241 dogma
2864 2168 3067 2225 deflec-

1713 2254 1863 2305 tunt.
1892 2252 2041 2313 Quos
2062 2265 2197 2322 ergo
2225 2247 2605 2321 reprehendat
2632 2248 2931 2316 BaroniuS,
2966 2248 3068 2305 alil

1712 2331 1988 2388 viderint.

1796 2414 1915 2469 109.
1938 2413 2019 2467 Ex
2042 2411 2205 2467 dictis
2224 2415 2459 2475 constat,
2485 2411 2800 2484 Theologos
2817 2413 2918 2484 qui
2937 2419 3074 2469 ante

1714 2493 2033 2549 Concilium
2062 2488 2488 2554 i'ridentinum,
2519 2496 2577 2548 et
2603 2498 2859 2563 tempore
2890 2492 3073 2565 ipsius

1715 2571 1951 2633 Concilii
1982 2571 2318 2635 floruerunt,
2371 2570 2617 2626 minime
2664 2572 2975 2628 recurrisse
3002 2572 3072 2629 ad

1713 2652 2010 2707 scientiam
2043 2649 2310 2714 mediam,
2338 2650 2615 2723 utgratiae
2634 2651 2938 2707 efficaciam
2967 2668 3075 2709 ex—

1718 2736 2015 2804 ponerent.
2067 2732 2249 2787 lmmo
2299 2731 2474 2786 etiam
2527 2738 2748 2787 constat
2800 2730 2869 2787 ab
2921 2748 3076 2788 anno

1723 2812 1879 2879 1563,
1914 2810 1975 2873 in
2002 2825 2111 2881 quo
2139 2808 2459 2865 absolutum
2487 2814 2571 2865 est
2599 2810 2939 2876 Concilium,
2975 2828 3073 2866 us-

1715 2908 1822 2965 que
1850 2891 1919 2946 ad
1942 2906 2160 2946 annum
2200 2891 2355 2954 1588,
2384 2889 2445 2945 111
2467 2906 2577 2961 quo
2602 2891 2856 2963 primum
2888 2893 3072 2948 lucem

1716 2973 1936 3048 aspexit
1956 2970 2265 3029 Concordia
2290 2973 2536 3037 Molinae,
2567 2973 2862 3029 neminem
2888 2975 3075 3030 Theo-

1716 3053 1974 3127 logorum
2025 3052 2085 3105 in
2133 3050 2325 3121 aliquo
2364 3051 2575 3122 scripto
2622 3053 2774 3124 typis
2803 3052 3076 3109 mandato

1714 3131 2229 3208 gratiaeesficaciam
2249 3131 2512 3203 praedicto
2539 3131 2705 3188 modo
2720 3135 3072 3206 exposuisse.

1717 3213 1876 3277 Quod
1918 3218 2121 3285 praeter
2149 3211 2472 3267 ultroneam
2502 3212 2735 3267 Molinae
2759 3213 3074 3271 confessio·
3100 3221 3270 3279 nonum

1719 3310 1851 3351 nem
1878 3311 2052 3366 supra
2074 3293 2334 3355 relatam,
2359 3292 2499 3348 satis
2529 3292 2772 3364 probant
2797 3302 3037 3352 eventus
3056 3270 3297 3365 ³335&ssssss

1717 3392 1852 3432 nam
1901 3373 2158 3431 inaudita
2204 3372 2365 3428 illius
2410 3371 2564 3429 modi
2607 3374 2832 3430 novitis
2876 3370 3291 3461 statimssmssgffl·

1715 3455 2260 3515 commovitanimos
2273 3459 2606 3510 caeterorum
2624 3429 3291 3529 Γ110010110111111,’11113111110ιῖ

1716 3554 1924 3596 evocat
1932 3540 2082 3609 itque
2127 3535 2431 3591 adversum
2477 3550 2604 3590 eam
2642 3536 3069 3606 DominicanOS,

1716 3619 1813 3695 qui
1845 3618 2031 3690 primo
2053 3614 2198 3688 apud
2222 3614 2505 3669 Tribunal
2528 3615 2928 3686 Inquisitionis
2953 3620 3079 3674 His·

1719 3715 1899 3772 pauae,
1930 3702 1987 3754 et
2016 3703 2204 3770 postea
2228 3711 2422 3752 coram
2449 3696 2817 3753 Sanctissimo
2843 3699 3078 3757 Molinae

1718 3781 2040 3838 doctrinam
2094 3777 2452 3843 detulerunt,
2504 3783 2560 3832 et
2612 3786 2966 3836 accusarunt.
3018 3781 3081 3838 Id

1720 3876 1858 3918 vero
1903 3857 2149 3914 minime
2195 3854 2643 3930 aggrederentur
2670 3856 2784 3912 viri
2814 3856 2980 3924 docti,
3025 3866 3080 3916 et

1720 3943 1784 3997 in
1812 3939 2054 3997 lectione
2094 3936 2571 3994 scholasticorum
2603 3938 2832 4002 versati,
2859 3940 2906 3994 si
2932 3941 3079 4013 apud

1722 4022 1872 4095 ipsos
1921 4018 2267 4092 reperissent
2311 4016 2547 4072 Molinae
2589 4015 2936 4083 doctrinam,
2988 4021 3079 4076 vel

1721 4115 2069 4173 expressam,
2114 4098 2202 4153 vel
2231 4095 2573 4152 sufficienter
2620 4096 2995 4163 insinuatam,
3026 4105 3083 4156 et

1724 4181 2045 4239 fundatam.
2089 4180 2158 4233 Et
2195 4178 2377 4233 multo
2414 4177 2610 4233 minus
2639 4179 2903 4234 Clemens
2931 4182 3077 4243 VIII,

1725 4270 1882 4321 tanto
1927 4259 2442 4334 congregationum
2491 4267 2765 4331 apparatu
2812 4260 2882 4316 ad
2924 4263 3085 4318 illius

1725 4359 1905 4401 causze
1930 4340 2473 4398 determinationem
2503 4338 2859 4414 indiguisset,
2886 4342 2932 4395 si
2961 4342 3086 4398 essi-

1725 4425 1880 4482 cacia
1900 4423 2116 4497 gratim,
2151 4429 2319 4494 prout
2346 4437 2377 4478 a
2400 4423 2616 4479 Molina
2638 4423 2911 4494 exposita,
2937 4428 3084 4481 esset

1726 4505 2111 4563 communiter
2141 4507 2362 4575 recepta
2391 4510 2506 4558 tam
2535 4503 2683 4575 apud
2712 4504 3082 4562 Scholasticos

1729 4585 2011 4658 antiquos,
2036 4600 2208 4657 quam
2238 4581 2384 4654 apud
2409 4583 2567 4639 illius
2595 4583 2867 4654 temporis
2894 4585 3084 4642 Theo-

1732 4667 1901 4738 logos,
1954 4670 2014 4717 ut
2058 4661 2227 4719 modo
2253 4660 2486 4734 quidam
2528 4662 2789 4734 juniores
2832 4679 3086 4722 asserere

1732 4743 1961 4801 audent.

1817 4826 1937 4880 110.
1984 4822 2259 4894 Equidem
2286 4823 2454 4894 quale
2492 4821 2562 4878 de
2598 4822 2933 4894 antiquitate
2960 4825 3092 4896 opi-

1737 4903 1930 4960 nionis
1956 4919 2023 4959 eo
2043 4908 2297 4973 tempore
2322 4898 2600 4972 judicium
2632 4901 2942 4968 ferebatur,
2972 4919 3092 4959 non

1739 5001 1810 5042 ex
1851 4982 1980 5039 aliis
2014 4997 2185 5053 quam
2212 4997 2283 5038 ex
2310 4980 2542 5038 Molinae
2581 4981 2835 5037 alumnis
2877 4983 3101 5040 refere-
