3647 5753
1487 421 1671 478 DISP.
1713 422 1783 488 11,
1828 422 1993 480 DUB.
2040 424 2112 505 nt
3070 421 3189 477 339

388 588 476 644 Ad
516 590 651 654 haec,
702 590 899 647 omnia
944 591 1037 647 SS.
1084 592 1195 648 ΡΡ.
1239 592 1587 660 testimonia,
1624 599 1681 650 et

313 675 516 727 cuncta
561 677 900 744 argumenta
944 688 1071 745 quae
1112 672 1390 730 latissime
1426 674 1681 748 congerit

117 760 253 811 vasq.
314 751 570 824 vasquez
598 755 658 806 in
687 751 788 807 illa
814 753 955 825 disp.
995 753 1121 819 203,
1152 770 1275 826 cap.
1304 753 1358 819 3,
1392 757 1454 809 ut
1482 753 1680 827 probet

313 837 501 891 actum
546 833 913 891 contritionis
941 833 1199 906 perfectae
1234 851 1307 892 ex
1343 841 1552 892 natura
1574 852 1679 893 sua

313 932 435 973 esse
460 933 694 973 causam
722 916 1029 973 formalem
1065 916 1511 990 Justiflcatiouis,
1544 934 1680 992 pro-

311 996 521 1055 cedunt
559 997 630 1055 de
657 998 804 1054 facto
829 1022 842 1065 ;
884 1003 942 1054 et
969 996 1027 1053 id
1052 997 1123 1055 de
1151 997 1297 1055 facto
1322 999 1672 1074 contingere,

310 1080 360 1136 si
411 1078 550 1153 quid
597 1079 859 1153 probant,
910 1079 1203 1149 evincunt,
1249 1085 1311 1135 ut
1354 1095 1422 1137 ea
1466 1081 1679 1155 legenti

311 1159 611 1226 constabit,
641 1165 698 1216 et
724 1160 863 1216 satis
890 1159 1187 1233 apparebit
1211 1176 1281 1217 ex
1296 1159 1596 1230 dicendis&
1615 1162 1673 1228 43

315 1240 428 1300 sed·
444 1246 598 1297 actus
624 1241 985 1299 contritionis
1012 1241 1272 1314 perfectae
1296 1239 1366 1298 de
1392 1241 1538 1298 facto
1558 1257 1676 1299 non

312 1327 402 1379 est
440 1321 627 1378 forma
667 1320 1002 1395 justificans,
1053 1327 1117 1378 ut
1167 1323 1348 1394 liquet
1389 1338 1462 1379 ex
1509 1320 1676 1379 dictis

314 1407 347 1474 ς
364 1402 593 1476 praeced.
638 1408 693 1459 et
737 1403 945 1459 fatetur
992 1403 1112 1475 ipse
1151 1405 1404 1477 vasquez
1433 1403 1497 1459 in
1523 1404 1676 1460 calce

313 1483 596 1558 praedictae
617 1483 1107 1557 disputationis‚ut
1123 1484 1376 1542 vidimus
1390 1501 1550 1542 num.
1572 1486 1671 1551 55;

309 1580 447 1639 ergo
491 1565 724 1629 motiva,
768 1563 975 1638 quibus
1001 1569 1240 1621 conatur
1268 1564 1511 1639 probare
1535 1578 1674 1621 con-

311 1644 607 1701 tritionem
649 1644 954 1716 perfectam
982 1660 1103 1701 esse
1128 1661 1198 1701 ex
1231 1651 1439 1701 natura
1464 1660 1585 1709 sua,
1617 1649 1675 1699 et

308 1732 587 1799 quantum
626 1733 713 1783 est
749 1725 820 1783 de
845 1742 925 1790 se,
972 1727 1218 1784 formam
1242 1726 1667 1801 Justificantem,

311 1807 530 1863 nullius
553 1806 776 1864 roboris
795 1811 949 1873 sunt,
969 1812 1023 1864 et
1046 1808 1334 1864 intentum
1357 1821 1476 1863 non
1501 1806 1672 1863 evin-

308 1892 458 1944 cunt.

145 1970 243 2013 Ali·
381 1970 475 2025 58.
506 1967 765 2026 Secundo
794 1967 1068 2040 probatur
1106 1975 1303 2026 nostra
1340 1969 1668 2027 conclusio:

95 2029 282 2113 ,gfff-'1533
308 2050 584 2122 quoniam
606 2047 937 2123 justificatio
977 2054 1061 2106 est
1090 2049 1389 2106 translatio
1416 2048 1672 2106 hominis

126 2119 247 2162 ‘³¹¹⁰-
310 2128 380 2186 ab
407 2134 553 2186 statu
586 2130 794 2202 peccati
825 2128 895 2185 ad
920 2134 1130 2185 statum
1159 2130 1377 2203 gratiae,
1409 2135 1464 2185 et
1492 2128 1670 2201 adop-

310 2208 482 2267 tionis
503 2209 760 2266 filiorum
804 2209 904 2264 Dei
933 2229 946 2264 ε
979 2208 1076 2265 sed
1105 2215 1259 2265 actus
1282 2208 1665 2273 contritionis»,

313 2290 400 2344 vel
439 2290 735 2346 charitatis
766 2304 883 2346 non
923 2287 1092 2345 habet
1132 2288 1487 2346 conditiones
1511 2287 1672 2344 suffi-

306 2371 540 2438 cienteS,
583 2377 645 2426 ut
669 2377 860 2428 causet
888 2371 1209 2427 formaliter
1246 2372 1394 2428 hanc
1419 2371 1671 2427 transla-

308 2450 526 2507 tionem
553 2474 566 2508 :
596 2467 729 2525 ergo
750 2468 868 2508 non
897 2449 1062 2507 habet
1090 2446 1447 2508 conditiones
1476 2451 1663 2522 requi-

309 2530 471 2595 sitaS,
496 2535 558 2584 ut
579 2529 838 2603 justificet
880 2529 1223 2586 formaliter.
1254 2529 1668 2602 Consequentia

309 2617 398 2668 aet
413 2610 688 2684 legitima.
714 2612 893 2685 Major
919 2617 1110 2669 autem
1137 2610 1378 2669 habetur
1403 2627 1668 2684 expresse

98 2704 272 2763 concil.
312 2693 378 2748 in
406 2693 654 2749 Concilio
697 2691 950 2751 Trident.
978 2710 1103 2750 sess.
1137 2694 1191 2757 6,
1236 2710 1359 2764 cap.
1390 2693 1443 2758 3,
1470 2692 1568 2748 ubi
1596 2692 1668 2750 de

77 2755 285 2800 ''¹¹⁶⁸‘st
306 2775 477 2848 impii
502 2771 904 2848 justificatione
925 2790 1097 2849 agens
1118 2774 1305 2847 inquit
1332 2796 1345 2830 ε
1373 2795 1399 2827 «
1426 2777 1543 2832 Pro
1562 2775 1668 2833 hoc

307 2880 334 2910 α
368 2855 641 2915 beneficio
685 2859 984 2931 Apostolus
1027 2859 1240 2934 gratias
1292 2873 1395 2914 nos
1439 2873 1666 2932 semper

305 2960 333 2989 a
363 2953 532 3012 agere
558 2938 820 2994 hortatur
847 2939 1024 3005 Patri,
1055 2940 1152 3011 qui
1182 2937 1384 3012 dignos
1411 2953 1516 2995 nos
1536 2938 1666 2996 fecit

302 3040 331 3070 «
364 3018 428 3074 in
453 3022 671 3090 partem
699 3017 870 3075 sortis
890 3021 1227 3076 Sanctorum
1257 3020 1319 3075 in
1342 3019 1585 3085 lumine,
1610 3026 1667 3077 et

300 3122 328 3152 a
359 3099 574 3172 eripuit
600 3098 671 3157 de
693 3105 962 3172 potestate
982 3099 1372 3166 tenebrarum,
1406 3106 1665 3157 transtu-

299 3202 327 3232 «
362 3181 541 3254 litque
570 3181 632 3237 in
658 3197 899 3256 regnum
929 3182 1064 3237 Filii
1092 3181 1415 3239 dilectionis
1441 3199 1574 3247 suae,
1601 3183 1664 3239 in

301 3286 328 3315 «
356 3279 469 3336 quo
497 3264 779 3321 habemus
801 3263 1275 3337 redemptionem,
1300 3269 1357 3321 et
1378 3264 1666 3322 remissio-

299 3366 325 3395 α
357 3359 492 3401 nem
525 3351 905 3419 peccatorum.
955 3366 980 3396 »
1012 3346 1080 3400 Et
1110 3345 1442 3402 immediate
1465 3361 1663 3419 prose-

298 3424 503 3497 quitur
548 3425 612 3481 in
640 3441 759 3498 cap.
790 3428 826 3481 4
850 3440 966 3498 seq.
999 3447 1024 3477 «
1056 3424 1273 3489 Quibus
1296 3425 1485 3482 verbis
1501 3426 1665 3500 justi-

299 3528 325 3557 «
360 3505 643 3563 ficationis
670 3506 837 3580 impii
874 3506 1179 3579 descriptio
1206 3506 1556 3574 insinuatur,
1602 3512 1666 3562 ut

301 3608 328 3637 «
359 3587 436 3642 sit
475 3586 776 3643 translatio
800 3586 871 3644 ab
897 3603 965 3644 eo
1007 3591 1177 3652 statu,
1226 3587 1288 3643 in
1329 3603 1445 3660 quo
1490 3587 1665 3644 homo

303 3690 331 3720 ιι
365 3666 620 3724 nascitur
640 3666 797 3723 filius
819 3668 995 3741 primi
1021 3667 1175 3735 Adae,
1205 3669 1268 3725 in
1295 3673 1506 3724 statum
1527 3685 1664 3742 gra-

305 3771 330 3801 «
362 3749 476 3814 tiae,
508 3754 563 3806 et
589 3748 908 3822 adoptionis
929 3749 1183 3806 filiorum
1213 3750 1312 3807 Dei
1338 3766 1439 3824 per
1457 3766 1663 3807 secun-

303 3851 330 3881 «
362 3828 501 3885 dum
530 3828 713 3886 Adam
739 3833 933 3888 Jesum
983 3831 1270 3887 Christum
1308 3833 1662 3889 Salvatorem

302 3931 330 3960 α
364 3915 646 3967 nostrum.
683 3932 707 3963 »
740 3911 933 3968 Minor
960 3916 1151 3968 autem
1181 3911 1455 3983 probatur
1480 3935 1495 3980 ;
1526 3928 1663 3968 nam

299 3990 364 4045 in
382 3990 586 4063 primis
603 3990 795 4047 forma
808 4007 933 4062 quae
949 3992 1242 4048 constituit
1261 3990 1664 4059 statum,debet

295 4084 422 4125 esse
461 4069 787 4133 habitualis,
832 4076 888 4127 et
930 4086 1274 4143 permanens
1300 4095 1314 4138 ;
1343 4077 1428 4128 est
1454 4072 1664 4145 quippe

295 4148 370 4207 de
397 4151 619 4209 ratione
661 4156 843 4207 status
883 4151 1213 4226 hujusmodi
1259 4152 1562 4220 stabilitas,
1607 4160 1665 4210 et

298 4232 718 4304 permanentia,
763 4238 825 4288 ut
873 4233 1067 4307 ipsum
1116 4236 1241 4309 ejus
1286 4251 1498 4292 nomen
1524 4236 1662 4293 satis

296 4311 576 4384 exprimit
603 4333 617 4369 z
647 4314 802 4386 atqui
845 4320 999 4371 actus
1025 4316 1388 4373 contritionis
1416 4322 1664 4375 nonest

298 4391 490 4448 forma
517 4389 847 4459 habitualis,
879 4400 941 4450 ut
965 4411 1034 4452 ex
1061 4411 1122 4451 se
1142 4395 1365 4468 liquet:
1394 4411 1530 4470 ergo
1557 4412 1662 4453 ne-

294 4472 423 4546 quit
468 4475 813 4532 constituere
857 4476 1181 4533 formaliter
1219 4482 1448 4542 statum,
1497 4484 1664 4552 atque

297 4552 428 4610 ideo
451 4567 569 4611 non
592 4570 889 4627 possumus
911 4571 1012 4628 per
1033 4557 1195 4613 illam
1225 4558 1528 4615 transferri
1551 4558 1663 4617 for-

297 4633 532 4691 maliter
546 4635 618 4691 ab
634 4651 747 4692 uno
761 4641 907 4693 statu
927 4638 987 4693 in
1005 4637 1430 4695 alium.Deinde
1451 4638 1656 4706 forma,

299 4729 404 4788 per
429 4728 603 4787 quam
632 4714 958 4772 formaliter
986 4719 1360 4784 renascimur,
1392 4723 1448 4775 et
1484 4718 1631 4793 adop

297 4801 497 4852 tamur
539 4796 605 4852 in
647 4794 799 4853 filios
844 4797 963 4861 Dei,
1019 4796 1186 4855 debet
1229 4814 1352 4856 esse
1401 4798 1662 4856 formalis

297 4876 667 4951 participatio
694 4882 915 4932 naturae
942 4876 1158 4935 divinae
1184 4902 1197 4945 ;
1238 4877 1523 4951 siquidem
1545 4879 1664 4936 haec

297 4956 506 5016 filiatio
528 4956 788 5015 consistit
815 4957 1136 5014 formaliter
1158 4959 1219 5014 in
1240 4959 1526 5016 consortio
1553 4958 1664 5016 for-

293 5041 440 5099 mali
463 5039 721 5116 ejusdem
747 5044 983 5105 naturae,
1003 5046 1060 5096 et
1081 5041 1142 5097 in
1165 5041 1418 5098 naturali
1437 5042 1664 5116 exigen-

1814 594 1914 663 tia,
1945 610 2044 653 seu
2082 597 2218 671 jure
2258 594 2328 652 ad
2369 594 2764 652 haereditatem
2793 598 3089 658 aeternam,
3122 598 3187 647 ut

1810 692 1885 733 ex
1913 677 2167 749 professo
2206 675 2462 734 diximus
2501 684 2664 732 tract.
2690 675 2913 748 praeced.
2946 674 3092 746 disp.
3122 674 3178 737 4,

1812 756 1938 813 dub.
1971 759 2025 824 2,
2058 759 2094 814 3
2131 762 2188 815 et
2220 759 2278 825 43
2324 756 2424 814 sed
2470 761 2626 814 actus
2651 754 3035 821 contritionis,
3085 753 3179 811 vel

1810 839 2104 896 charitatis
2133 854 2251 897 non
2277 843 2362 897 est
2388 838 2654 896 formalis
2682 837 3041 910 participatio
3069 850 3181 891 na—

1809 923 1955 975 turae
2003 917 2241 985 divinae,
2291 934 2421 975 cum
2468 918 2586 975 haec
2635 918 2710 973 sit
2757 915 2991 989 propria
3035 913 3182 970 ratio

1811 1000 2179 1057 constitutiva
2223 999 2423 1074 gratiae
2455 997 2786 1065 habitualis,
2831 1003 2892 1052 ut
2919 993 3181 1053 ostendi-

1809 1097 1941 1138 mus
1969 1082 2106 1138 locis
2125 1082 2313 1137 citatis
2338 1105 2353 1149 ;
2376 1085 2431 1137 et
2452 1078 2691 1137 aliunde
2715 1078 2972 1151 operatio
2992 1080 3180 1133 creata

1810 1168 2055 1237 nequeat
2098 1178 2222 1220 esse
2268 1167 2495 1229 natura,
2543 1161 2643 1218 sed
2683 1167 2955 1217 naturam
2995 1158 3181 1232 potius

1807 1251 2093 1320 supponat
2119 1260 2292 1320 :ergo
2319 1250 2475 1302 actus
2495 1243 2880 1308 contritionis,
2911 1243 3005 1300 vel
3043 1240 3180 1297 cha-

1810 1326 2000 1383 ritatis
2021 1326 2220 1400 nequit
2238 1341 2360 1383 esse
2382 1325 2589 1391 forma,
2625 1340 2725 1398 per
2752 1339 2926 1397 quam
2950 1335 3180 1395 regene-

1811 1424 2012 1465 remur
2033 1408 2099 1464 in
2126 1406 2278 1465 filios
2306 1407 2426 1464 Dei.
2916 1475 2920 1479 Α

1883 1490 2096 1545 59.Nec
2113 1487 2363 1554 refert,si
2384 1485 2745 1560 respondeas,
2756 1489 2945 1542 actum
2961 1482 3177 1539 amoris
3216 1489 3382 1533 Evasio·

1806 1570 1909 1630 Dei
1932 1568 2145 1626 habere
2163 1584 2234 1626 ex
2253 1584 2334 1634 se,
2359 1572 2507 1626 etex
2529 1571 2739 1623 natura
2764 1581 2868 1621 sua
2888 1563 3174 1621 sufficien-

1807 1655 1922 1706 tem
1951 1648 2454 1722 permanentiam:
2513 1646 2668 1704 unde
2704 1646 2983 1711 videmus,
3026 1645 3175 1717 quod

1808 1731 2098 1788 invariata
2124 1731 2308 1803 specie
2336 1734 2661 1803 perseverat
2702 1729 2764 1790 in
2798 1733 3080 1784 aeternum
3108 1726 3174 1782 in

1806 1812 2012 1870 Beatis.
2060 1803 2311 1868 Aliunde
2356 1811 2532 1869 etiam
2559 1809 2852 1867 constituit
2892 1823 2997 1864 nos
3021 1807 3172 1865 filios

1804 1892 1927 1957 Dei,
1956 1896 2017 1946 ut
2037 1889 2321 1965 significat
2340 1891 2635 1963 Scriptura
2663 1892 2709 1955 l,
2735 1891 2881 1946 Joan
2901 1889 2959 1944 4:
2980 1887 3173 1943 Omnis
3188 1899 3385 1943 uonna.

1804 1974 1899 2044 qui
1924 1972 2105 2042 ditiyit
2128 1972 2467 2043 promimum,
2486 1988 2560 2024 ecc
2584 1969 2696 2026 Deo
2722 1976 2889 2023 natus
2912 1974 3008 2028 est.
3037 1969 3176 2032 Quae‘

1804 2054 1982 2126 igitur
2021 2051 2270 2109 conditio
2298 2051 2453 2108 deest
2493 2051 2641 2107 actui
2670 2050 2887 2106 amoris
2926 2050 3046 2116 Dei,
3081 2050 3171 2106 vel

1801 2131 2171 2189 contritionis
2191 2148 2258 2189 eo
2281 2148 2478 2189 amore
2502 2130 2778 2204 perfectae,
2805 2135 2866 2184 ut
2885 2129 2958 2184 sit
2984 2129 3173 2186 forma

1797 2209 2118 2285 justificans
2141 2213 2168 2267 P
2962 2258 2969 2264 .

1876 2294 2010 2358 Hoc,
2045 2293 2305 2365 inquam,
2352 2307 2470 2348 non
2501 2290 2698 2355 refert,
2749 2287 2847 2344 sed
2873 2287 3170 2344 efficaciter
3185 2289 3391 2334 consuta·

1802 2371 2091 2430 refellitur
2138 2371 2451 2444 aperiendo
2498 2369 2681 2443 magis
2727 2366 2903 2425 robur
2931 2366 3171 2425 rationis
3233 2344 3314 2382 ²⁰¹²

1800 2469 1986 2526 nuper
2008 2453 2168 2510 factae
2194 2474 2207 2509 :
2237 2454 2515 2526 quoniam
2543 2450 2710 2507 nulla
2735 2449 2992 2522 operatio
3021 2450 3172 2507 valet

1800 2551 1891 2610 ex‘
1918 2539 2126 2591 natura
2170 2550 2274 2591 sua
2319 2550 2441 2591 esse
2487 2530 2944 2605 permanentior,
2995 2545 3167 2603 quam

1802 2616 2152 2689 principium
2181 2631 2212 2672 a
2237 2631 2348 2687 quo
2378 2614 2514 2687 petit
2541 2628 2611 2669 ex
2653 2615 2858 2667 natura
2898 2626 3001 2666 sua
3030 2626 3167 2684 pro-

1799 2696 1999 2756 cedere
2020 2713 2187 2753 :nam
2212 2695 2630 2770 permanentia,
2655 2693 2801 2749 sicut
2822 2699 2877 2750 et
2901 2691 3173 2764 quaslibet

1800 2780 1916 2837 alia
1943 2778 2294 2852 operationis
2315 2776 2605 2850 perfectio,
2631 2774 2933 2832 derivatur
2962 2771 3033 2830 ab
3053 2773 3176 2847 ejus

1801 2859 2089 2935 principio
2110 2857 2389 2925 effectivo,
2434 2863 2492 2915 et
2518 2856 2727 2929 inipso
2754 2854 2921 2913 debet
2949 2854 3173 2929 praeha-

1798 2942 1944 2999 beri.
1971 2943 2131 2997 Tunc
2153 2940 2307 2996 ultra
2329 2960 2342 2995 ε
2367 2940 2458 2996 vel
2499 2945 2654 2995 actus
2674 2937 2892 2993 amoris
2911 2936 3014 2994 Dei
3036 2937 3176 3009 petit

1798 3038 1870 3080 ex
1899 3026 2108 3078 natura
2133 3035 2237 3076 sua
2260 3018 2564 3093 procedere
2591 3034 2624 3075 a
2649 3016 2837 3092 gratia
2864 3016 3191 3082 habituali,-

1798 3101 1892 3158 vel
1921 3116 1953 3157 a
1979 3100 2166 3175 gratia
2210 3099 2417 3157 actuali
2450 3094 2790 3163 auxiliante,
2825 3097 2919 3152 vel
2946 3112 2978 3153 a
3007 3097 3175 3170 prin-

1797 3182 1948 3254 cipio
1973 3181 2125 3255 quod
2168 3180 2239 3237 ab
2285 3187 2526 3253 utraque
2564 3180 2750 3253 gratia
2793 3176 3177 3251 praescindat?

1798 3265 1993 3336 Neque
2037 3263 2198 3320 enim
2250 3266 2429 3334 potest
2473 3258 2633 3316 aliud
2681 3258 2955 3331 principii
2995 3274 3176 3334 genus

1795 3343 2129 3417 excogitari,
2163 3356 2267 3398 nec
2313 3340 2573 3413 operatio
2600 3340 2752 3396 valet
2795 3338 3176 3411 praescindere

1797 3421 1870 3480 ab
1921 3424 2084 3480 omni
2144 3422 2450 3496 principio.
2502 3421 2563 3476 Si
2615 3418 2840 3475 dicatur
2888 3421 3168 3493 primum,

1798 3507 1994 3577 aperte
2033 3503 2309 3575 sequitur,
2345 3507 2532 3558 actum
2562 3500 2781 3556 amoris
2810 3515 2926 3557 non
2953 3516 3074 3557 esse
3099 3514 3171 3557 ex

1798 3590 2009 3643 natura
2035 3601 2138 3642 sua
2163 3584 2413 3642 formam
2430 3582 2858 3657 Justificantem,
2885 3581 3169 3654 siquidem

1795 3680 1868 3722 ex
1897 3669 2105 3721 natura
2128 3679 2231 3720 sua
2253 3662 2524 3735 supponit
2546 3662 2794 3719 formam
2815 3662 3171 3719 constituen-

1797 3751 1914 3801 tem
1967 3742 2252 3819 primario
2295 3746 2508 3799 statum
2552 3742 2770 3815 gratias,
2823 3757 2856 3797 a
2889 3756 3001 3812 qua
3049 3741 3173 3814 ipse

1798 3842 1966 3883 amor
1991 3825 2172 3883 trahit
2207 3829 2386 3881 totam
2431 3839 2594 3879 suam
2639 3822 3062 3895 perfectionem,
3114 3830 3172 3882 et

1797 3907 2284 3981 permanentiam.
2316 3905 2375 3961 Si
2414 3908 2702 3961 asseratur
2726 3903 3062 3969 secundum,
3095 3906 3175 3961 le-

1796 3987 1999 4062 gitime
2026 3986 2294 4052 infertur,
2327 3990 2516 4042 actum
2546 3983 2761 4041 amoris
2807 4000 2923 4041 non
2951 3999 3072 4041 esse
3098 4000 3172 4042 ex

1798 4073 2009 4125 natura
2032 4084 2137 4124 sua
2180 4065 2319 4139 quid
2362 4079 2730 4138 permanens,
2775 4068 2831 4120 et
2871 4069 3068 4136 aptum
3097 4065 3172 4121 ad

1795 4147 2262 4206 constituendum
2284 4152 2495 4204 statum
2521 4169 2536 4213 ;
2560 4143 2844 4218 siquidem
2867 4161 2936 4202 ex
2958 4149 3171 4202 natura

1795 4247 1900 4288 sua
1930 4231 2068 4304 petit
2095 4229 2399 4304 procedere
2418 4244 2452 4285 a
2475 4228 2760 4302 principio
2787 4242 2903 4284 non
2933 4242 3169 4299 perma-

1798 4311 1983 4378 nenti,
2018 4326 2227 4386 nempe
2248 4308 2319 4369 ab
2341 4309 2561 4367 auxilio
2582 4308 2807 4379 actuali,
2839 4308 2898 4363 Si
2919 4307 3175 4381 denique

1796 4395 2050 4468 eligatur
2114 4394 2369 4459 tertium,
2427 4389 2730 4447 manifeste
2781 4390 3161 4455 convincitur,

1800 4481 1990 4532 actum
2020 4476 2238 4533 amoris
2274 4491 2348 4532 ex
2374 4479 2716 4529 natura.sua
2744 4485 2861 4528 non
2881 4488 3004 4530 esse
3027 4471 3170 4545 quid

1803 4571 2172 4630 permanens,
2204 4556 2297 4612 vel
2325 4554 2613 4610 transiens
2637 4575 2652 4619 ;
2680 4551 2965 4624 siquidem
2995 4553 3170 4626 prin-

1796 4638 2016 4711 cipium
2040 4653 2073 4693 a
2092 4651 2204 4710 quo
2224 4652 2295 4692 ex
2320 4640 2527 4691 natura
2550 4648 2653 4688 sua
2675 4634 2812 4704 petit
2841 4634 3169 4706 procedere,

1795 4718 1987 4775 simili
2019 4716 2189 4775 modo
2216 4732 2277 4773 se
2315 4714 2518 4772 habet:
2547 4720 2712 4787 atque
2738 4712 2866 4771 ideo
2906 4732 3069 4774 amor
3094 4733 3167 4775 ex

1800 4804 2015 4856 natura
2036 4813 2139 4854 sua
2169 4810 2286 4853 non
2315 4794 2547 4852 habebit
2584 4795 3045 4867 permanentiam
3075 4813 3169 4856 re·

1802 4879 2080 4954 quisitam
2103 4876 2173 4934 ad
2198 4873 2657 4933 constituendum
2684 4880 2915 4946 statum,
2949 4879 3033 4934 Ex
3059 4895 3179 4951 quo

1806 4959 2057 5016 ulterius
2082 4956 2396 5024 deducitur,
2429 4955 2597 5011 illum
2626 4972 2743 5013 non
2764 4971 2886 5012 esse
2917 4956 3166 5015 formam

1799 5038 2236 5100 constitutivam
2276 5035 2534 5093 filiorum
2580 5037 2680 5093 Dei
2706 5060 2721 5105 ;
2776 5052 2912 5094 nam
2965 5039 3170 5115 hujus—
