3647 5753
523 425 636 482 604
732 461 733 470 κ
1197 420 1291 476 DE
1330 415 1941 474 DISPOSITIONIBUS
1979 415 2074 470 AD
2112 413 2772 472 JUSTIFICATIONEM.

516 599 683 657 Unde
708 601 854 656 sicut
874 616 944 657 ex
966 615 1052 665 eo,
1082 597 1234 671 quod
1254 597 1427 654 homo
1454 594 1679 670 adjutus
1697 594 1888 669 gratia

514 683 855 751 auxiliante,
880 689 1052 755 ponat
1068 682 1336 738 ultimam
1359 678 1796 753 dispositionem
1814 676 1886 734 ad

511 765 780 839 gratiam,
797 781 915 822 non
934 765 1209 837 sequitur,
1224 761 1374 836 quod
1387 761 1739 818 habitualem
1758 776 1887 834 gra-

512 846 657 903 tiam
673 846 904 903 efficiat:
926 847 1005 902 ita
1019 863 1089 903 ex
1105 861 1191 911 eo,
1209 844 1358 917 quod
1372 844 1558 918 gratia
1574 841 1886 900 habitualis

511 934 818 986 concurrat
845 929 1027 984 active
1049 927 1119 984 ad
1147 927 1418 984 ultimam
1446 925 1884 999 dispositionem

514 1008 586 1066 ad
608 1010 698 1066 sui
716 1010 1098 1083 receptionem
1114 1008 1470 1082 requisitam,
1491 1009 1673 1065 multo
1688 1007 1884 1063 minus

515 1089 728 1148 inferri
752 1092 923 1158 valet,
948 1089 1098 1163 qnod
1128 1090 1351 1158 efficiat,
1379 1090 1472 1146 vel
1504 1094 1695 1146 causet
1725 1087 1882 1162 seip-

511 1187 659 1232 sam.
691 1170 850 1236 Quod
873 1169 1154 1227 declarari
1184 1175 1365 1244 potest
1390 1170 1652 1244 exemplo
1679 1170 1883 1227 formae

512 1253 928 1316 substantialiS,
963 1265 1087 1323 quae
1113 1256 1198 1308 est
1223 1253 1580 1327 principium
1612 1251 1883 1310 acciden-

512 1333 663 1390 tium
704 1332 775 1390 ad
814 1348 943 1390 eam
972 1330 1424 1406 disponentium,
1469 1338 1525 1390 et
1565 1339 1759 1390 tamen
1785 1348 1881 1390 se-

511 1413 818 1485 metipsam
849 1429 966 1469 non
986 1418 1197 1471 causat.

301 1513 475 1555 sextum
595 1495 714 1549 101.
758 1493 1036 1567 Arguitur
1076 1499 1235 1551 sexto
1269 1514 1282 1549 ι
1310 1494 1445 1566 quia
1485 1498 1641 1550 actus
1683 1493 1878 1550 chari-

299 1570 496 1656 „gffi-
512 1574 643 1630 tatis
696 1574 902 1629 ultimo
952 1575 1319 1647 disponentes
1373 1573 1443 1631 ad
1495 1580 1871 1648 augmentum

510 1656 726 1731 gratiae,
755 1659 953 1727 utputa
980 1655 1051 1712 ad
1075 1658 1323 1732 gratiam
1349 1661 1410 1711 ut
1430 1659 1570 1723 oct0,
1605 1672 1723 1714 non
1740 1672 1877 1728 pro-

508 1734 658 1792 cedit
702 1735 956 1793 ess'ective
977 1752 1009 1792 a
1048 1737 1314 1810 praedicto
1342 1740 1666 1811 augmento,
1698 1736 1822 1793 sive
1843 1753 1876 1793 a

507 1815 696 1890 gratia
718 1821 779 1871 ut
799 1820 909 1872 stat
930 1815 1034 1871 sub
1056 1832 1123 1873 eo
1143 1816 1490 1874 intensionis
1511 1815 1711 1874 modo:
1739 1833 1876 1891 ergo

509 1903 666 1955 actus
692 1898 988 1955 charitatis
1009 1899 1217 1957 ultimo
1243 1899 1611 1972 disponentes
1639 1898 1710 1954 ad
1736 1915 1874 1974 gra-

506 1979 648 2036 tiam
677 1977 989 2035 secundum
1016 1995 1096 2044 se,
1126 1980 1250 2036 sive
1291 1984 1355 2035 ut
1382 1979 1574 2052 primo
1602 1979 1872 2035 infundi-

506 2065 621 2128 tur,
643 2074 759 2116 non
781 2058 1062 2131 dependet
1083 2060 1153 2117 ab
1174 2059 1373 2118 eadem
1387 2059 1574 2134 gratia
1596 2065 1871 2133 tanquam

506 2155 540 2196 a
568 2139 855 2213 principio
893 2139 1169 2198 effectivo.
1201 2139 1559 2198 Antecedens
1600 2144 1684 2197 est
1709 2155 1872 2198 com-

505 2235 684 2278 mune
716 2221 869 2276 inter
896 2222 1231 2295 TheologOS,
1256 2228 1312 2278 et
1340 2220 1745 2293 consequentia
1766 2237 1871 2295 pa-

503 2305 584 2357 tet
605 2316 636 2357 a
661 2301 923 2374 paritate.

303 2405 466 2449 confir.
580 2379 987 2446 Confirmatur,
1020 2381 1155 2453 quia
1194 2386 1348 2437 actus
1392 2379 1628 2436 virtutis
1672 2380 1870 2452 acqui-

304 2459 462 2501 matur.
502 2458 647 2526 sitae,
681 2476 736 2516 v.
763 2476 814 2533 g.
844 2459 1259 2532 temperantias,
1293 2474 1410 2516 non
1434 2456 1688 2531 procedit
1708 2457 1869 2515 effec-

502 2540 619 2597 tive
665 2556 696 2597 a
736 2541 1005 2613 praedicta
1050 2541 1265 2597 virtute
1305 2541 1369 2596 in
1408 2540 1598 2614 primo
1625 2539 1866 2597 instanti

499 2636 616 2677 suae
658 2620 1067 2694 productioniS,
1099 2620 1197 2678 sed
1245 2619 1315 2676 ad
1349 2636 1476 2678 eam
1524 2620 1867 2693 simpliciter

502 2702 965 2775 praesupponitur
994 2723 1006 2757 ε
1036 2717 1171 2775 ergo
1193 2700 1346 2758 idem
1368 2699 1672 2757 dicendum
1693 2708 1778 2758 est
1796 2702 1868 2759 de

498 2788 623 2840 actu
657 2781 951 2838 charitatis
978 2787 1305 2853 comparato
1337 2780 1409 2838 ad
1435 2781 1770 2838 charitatem
1800 2783 1865 2839 in

495 2880 599 2920 sua
647 2863 834 2936 prima
883 2862 1191 2929 infusione,
1240 2867 1297 2919 et
1338 2869 1748 2936 consequenter
1792 2864 1864 2923 ad

495 2947 763 3021 gratiam,
790 2962 913 3019 quae
933 2951 1015 3003 est
1036 2945 1332 3002 charitatis
1354 2944 1549 3013 radix3
1576 2945 1633 3002 id
1653 2946 1865 3022 quippe

496 3029 787 3087 convincit
814 3028 1075 3102 paritatis
1098 3026 1263 3093 ratio,
1288 3044 1419 3084 cum
1447 3034 1685 3103 uterque
1707 3036 1864 3087 actus

496 3114 571 3169 sit
599 3114 900 3171 inclinatio
919 3111 1196 3186 quaedam,
1229 3115 1285 3167 et
1306 3109 1376 3167 ad
1396 3127 1558 3168 suam
1586 3112 1862 3171 virtutem

497 3195 781 3268 disponat.

302 3297 482 3339 Banna.
570 3267 657 3323 Ad
686 3272 1088 3342 argumentum
1132 3264 1435 3340 respondet
1461 3269 1688 3325 Bannez
1714 3271 1769 3336 2,
1800 3269 1857 3334 2,

498 3367 551 3427 q.
581 3352 675 3419 24,
701 3358 812 3407 art.
841 3353 897 3415 7,
922 3350 1049 3405 dab.
1078 3352 1113 3404 7
1141 3348 1215 3404 ad
1241 3350 1296 3413 7,
1331 3347 1592 3422 negando
1631 3354 1861 3407 antece-

472 3470 473 3473 *
498 3431 673 3498 dens;
703 3431 902 3489 eodem
943 3432 1101 3488 enim
1131 3428 1301 3486 modo
1339 3428 1610 3486 discurrit
1637 3432 1707 3487 de
1734 3438 1857 3488 actu

497 3512 792 3570 charitatis
819 3516 1145 3585 comparato
1172 3508 1241 3567 ad
1281 3516 1649 3583 augmentum
1692 3511 1862 3584 hujus

499 3593 750 3658 virtutiS,
770 3597 825 3647 et
845 3593 1063 3665 gratiae,
1084 3608 1146 3648 ac
1165 3595 1493 3663 comparato
1515 3588 1584 3645 ad
1607 3590 1858 3663 primam

279 3684 468 3729 occurri-
498 3690 698 3733 eorum
724 3673 1123 3746 receptionem.
1157 3672 1263 3729 Sed
1308 3672 1519 3729 melius
1547 3671 1858 3745 responde-

286 3740 483 3831 ffiffiff‘
497 3761 591 3812 tur
616 3752 974 3813 concedendo
997 3753 1351 3819 antecedens,
1374 3758 1431 3809 et
1452 3752 1711 3826 negando
1730 3771 1860 3811 con-

496 3837 870 3911 sequentiam.
902 3837 971 3890 Et
1018 3835 1163 3890 ratio
1202 3832 1554 3906 disparitatis
1598 3836 1683 3904 (ut
1715 3834 1859 3891 alias

501 3934 654 3975 nunc
675 3918 1027 3986 omittamus)
1052 3920 1229 3987 potest
1248 3930 1386 3979 esse,
1405 3915 1680 3986 quoniam
1703 3919 1859 3971 actus

501 3998 747 4055 interior
781 3996 1075 4053 charitatis
1115 3999 1481 4067 comparatur
1496 3994 1564 4051 ad
1588 4010 1859 4069 augmen-

496 4088 620 4135 tum
645 4078 815 4152 hujus
844 4075 1091 4142 virtutis,
1117 4081 1173 4132 et
1200 4074 1416 4149 gratiae,
1442 4090 1557 4131 non
1579 4076 1767 4132 solum
1798 4079 1858 4130 ut

494 4159 812 4233 dispositio,
837 4157 933 4215 sed
957 4157 1131 4213 etiam
1168 4161 1227 4210 ut
1253 4172 1419 4212 causa
1446 4154 1693 4212 efficiens
1726 4173 1853 4214 mo-

496 4242 656 4308 ralis,
677 4254 884 4311 nempe
913 4243 971 4293 ut
992 4237 1264 4294 meritum
1294 4236 1364 4293 de
1384 4236 1665 4310 condigno
1692 4253 1857 4309 :quo-

492 4322 643 4379 circa
682 4320 878 4392 nequit
918 4335 950 4375 a
979 4317 1243 4391 praedicto
1271 4323 1575 4391 augmento
1599 4316 1856 4375 effective

495 4402 815 4477 procedere,
862 4400 1119 4473 alioquin
1164 4403 1308 4455 esset
1355 4399 1531 4471 prior,
1564 4402 1620 4455 et
1664 4403 1855 4472 poste-

496 4486 633 4550 rior,
678 4501 851 4558 quam
900 4481 1045 4538 illud
1091 4481 1153 4537 in
1192 4477 1392 4537 eodem
1431 4495 1641 4554 genere
1674 4497 1854 4539 causae

488 4566 801 4624 efficientis
823 4563 983 4631 Quod
1011 4568 1198 4619 autem
1223 4560 1525 4635 praedictus
1552 4567 1706 4620 actus
1722 4581 1855 4640 aug-

485 4654 748 4707 mentum
770 4646 966 4722 gratiae
982 4648 1288 4708 mereatur,
1310 4648 1553 4701 constat:
1573 4648 1697 4701 tum
1717 4647 1854 4718 quia

480 4734 563 4789 ita
586 4731 787 4789 docent
812 4727 1198 4785 communiter
1220 4728 1435 4792 PatreS,
1455 4733 1511 4782 et
1530 4727 1801 4803 Theologi
1837 4749 1850 4784 ι

481 4823 605 4871 tum
630 4813 766 4885 quia
795 4815 949 4866 actus
980 4807 1259 4864 intensior
1288 4807 1581 4864 charitatis
1608 4824 1640 4864 a
1666 4809 1853 4883 gratia

475 4893 873 4954 sanctificante
895 4887 1204 4962 procedens
1234 4888 1402 4945 habet
1422 4904 1622 4945 omnes
1648 4889 1850 4947 condi-

472 4982 660 5036 tiones
684 4972 1005 5046 requisitas,
1029 4976 1089 5026 ut
1110 4970 1310 5044 gratias
1333 4975 1705 5044 augmentum
1734 4987 1850 5029 me-

474 5065 694 5127 reatur,
722 5063 782 5113 ut
804 5055 867 5110 in
883 5055 1148 5110 Tractatu
1169 5053 1451 5124 sequenti,
1475 5052 1696 5125 disp.6,
1716 5052 1844 5110 dub.

2029 594 2076 659 l,
2108 591 2385 649 dicemus.
2417 593 2547 649 Haec
2592 598 2783 650 autem
2832 590 2979 648 ratio
3026 604 3143 646 non
3171 587 3388 644 militat

2019 674 2084 732 in
2106 680 2231 732 actu
2252 675 2547 732 charitatis
2576 676 2783 733 ultimo
2803 675 3139 747 disponente
3165 669 3235 727 ad
3258 669 3386 742 pri-

2020 772 2175 812 mam
2204 756 2403 831 gratiae
2429 754 2818 822 infusionem3
2850 770 2985 810 nam
3012 755 3385 825 comparatur

2018 834 2091 891 ad
2116 835 2362 911 gratiam
2402 840 2465 891 ut
2494 851 2654 892 mera
2699 834 3014 908 dispositio,
3047 848 3163 890 non
3191 835 3384 888 autem

2018 921 2082 972 ut
2126 916 2425 974 meritum.
2463 915 2627 973 Unde
2655 932 2772 973 non
2801 921 3040 988 oportet,
3071 912 3221 987 quod
3246 928 3384 988 gra-

2016 997 2159 1053 tiam
2181 998 2524 1072 simpliciter
2552 996 2846 1070 praecedat,
2879 1003 2935 1054 et
2972 1002 3386 1069 consequenter

2016 1079 2370 1152 superfluum
2397 1085 2498 1147 est,
2533 1084 2593 1134 ut
2623 1096 2725 1152 pro
2753 1080 2873 1153 ejus
2918 1078 3206 1136 elicientia
3234 1076 3385 1145 adji-

2015 1163 2235 1219 ciamus
2275 1163 2561 1221 auxilium
2603 1161 2886 1219 sufficiens
2932 1161 3003 1218 ab
3031 1161 3155 1234 ipsa
3197 1161 3384 1234 gratia

2015 1241 2350 1300 distinctum
2382 1265 2395 1301 ε
2425 1242 2522 1300 sed
2572 1242 3025 1316 independenter
3053 1258 3086 1298 a
3115 1240 3384 1314 praedicto

2016 1324 2236 1382 auxilio
2281 1329 2431 1382 recte
2474 1326 2858 1396 componitur,
2890 1321 3038 1396 quod
3088 1323 3188 1379 ille
3227 1329 3385 1379 actus

2013 1403 2281 1477 disponat
2308 1404 2377 1462 ad
2402 1405 2670 1480 gratiam,
2701 1411 2757 1460 et
2806 1421 2838 1460 a
2876 1404 3064 1477 gratia
3092 1402 3377 1476 procedat.

2013 1483 2120 1541 Sed
2147 1489 2210 1540 ut
2238 1485 2542 1557 perfectius
2569 1484 2946 1556 intelligatur,
2995 1482 3245 1556 qualiter
3282 1499 3378 1540 ac-

2012 1571 2103 1622 tus
2147 1566 2433 1625 intensior
2476 1566 2772 1625 charitatis
2818 1564 3084 1638 procedat
3118 1581 3152 1621 a
3194 1565 3376 1638 gratia

2012 1647 2427 1720 praeexistente,
2455 1649 2780 1705 recolantur
2802 1662 2928 1718 quae
2949 1644 3204 1701 diximus
3229 1644 3374 1717 disp.

2004 1728 2229 1800 praeced.
2261 1726 2394 1783 dub.
2416 1730 2470 1797 6,
2505 1747 2540 1784 a
2567 1746 2720 1785 num.
2749 1728 2876 1782 239.

2084 1809 2170 1865 Ad
2197 1809 2708 1874 confirmationem
2729 1825 3002 1883 negamus
3023 1822 3373 1880 consequen-
3390 1814 3572 1858 Diluitur

2007 1891 2171 1949 tiam.
2204 1894 2274 1949 Et
2315 1894 2461 1951 ratio
2507 1892 2860 1966 disparitatis
2906 1891 3042 1948 satis
3082 1891 3260 1964 liquet
3302 1907 3374 1948 ex
3415 1865 3559 1957 32⁰3&

2008 1974 2273 2046 proxime
2293 1973 2486 2042 dictis;
2518 1989 2654 2029 nam
2696 1977 2852 2029 actus
2877 1972 2979 2030 ille
3018 1971 3251 2028 virtutis
3275 1988 3373 2029 ac-

2006 2053 2231 2126 quisitae
2251 2059 2450 2112 causat
2487 2053 2743 2111 effective
2785 2053 3044 2109 habitum
3092 2052 3322 2109 virtutis
3356 2075 3370 2109 :

2005 2132 2161 2191 unde
2182 2135 2382 2206 nequit
2403 2134 2474 2191 ab
2489 2150 2557 2192 eo
2577 2134 2834 2191 effective
2856 2132 3174 2207 procedere.
3200 2135 3375 2190 Actus

2007 2229 2144 2273 vero
2189 2216 2396 2272 ultimo
2436 2214 2802 2287 disponentes
2841 2213 2911 2271 ad
2951 2215 3216 2288 gratiam,
3253 2230 3375 2272 non

2003 2303 2238 2354 causant
2283 2297 2539 2355 effective
2579 2297 2840 2354 habitum
2870 2297 3008 2371 ipsis
3035 2313 3374 2372 correspon-

2003 2378 2253 2450 dentem,
2298 2380 2398 2438 sed
2438 2385 2664 2439 tantum
2705 2379 2774 2436 ad
2822 2381 2946 2455 ejus
2988 2382 3374 2454 receptionem

2003 2461 2747 2536 disponuntzquamobrem
2779 2478 2896 2519 non
2927 2467 3206 2536 repugnat
3227 2463 3372 2532 iuis,

2001 2542 2149 2614 quod
2173 2543 2481 2616 procedant
2503 2542 2760 2600 effective
2788 2547 2904 2598 tam
2930 2542 2999 2598 ab
3021 2542 3220 2599 habitu
3243 2545 3375 2600 vir-

2000 2621 2157 2690 tutia,
2202 2640 2375 2696 quam
2416 2640 2449 2680 a
2473 2624 2658 2698 gratia
2699 2620 3112 2679 sanctificante.
3144 2622 3377 2681 Accedit

2000 2703 2197 2768 etiam,
2230 2709 2418 2760 actum
2468 2704 2769 2761 honestum
2816 2702 3039 2760 ordinis
3085 2705 3373 2762 naturalis

1998 2782 2312 2841 secundum
2339 2801 2399 2843 se
2434 2790 2722 2857 acceptum
2752 2800 2869 2840 non
2895 2800 3016 2840 esse
3046 2786 3367 2857 propriam.

1998 2870 2054 2924 et
2080 2868 2514 2925 connaturalem
2542 2865 2980 2923 inclinationem
3010 2865 3244 2922 virtutis
3270 2883 3368 2924 ac-

1997 2946 2240 3020 quisitae‚
2285 2946 2386 3003 sed
2419 2952 2644 3004 tantum
2694 2954 2752 3004 ut
2790 2947 3156 3022 conjunctum
3196 2948 3368 3007 modo

1997 3027 2290 3084 facilitatis
2323 3049 2337 3084 ε
2365 3028 2515 3084 unde
2539 3027 2853 3085 secundum
2880 3043 2940 3084 se
2969 3043 3087 3083 non
3115 3029 3365 3102 exposcit

1996 3110 2452 3167 connaturaliter
2489 3110 2621 3166 elici
2649 3110 2718 3167 ab
2746 3109 2944 3166 habitu
2980 3110 3232 3178 virtutis,
3262 3111 3363 3167 sed

1997 3195 2176 3263 potest
2196 3190 2327 3247 elici
2350 3188 2540 3247 media
2562 3191 2752 3263 aliqua
2768 3190 3022 3246 motione
3039 3191 3359 3248 transeunti

1997 3284 2030 3325 a
2058 3275 2218 3343 parte
2244 3269 2531 3343 superiori
2559 3270 2838 3327 derivata.
2870 3273 3157 3327 Caeterum
3198 3286 3359 3327 amor

1996 3350 2096 3407 Dei
2118 3366 2290 3424 super
2309 3350 2510 3407 omnia
2530 3350 2921 3407 consideratus
2941 3350 3254 3408 secundum
3276 3366 3354 3418 se,

1995 3437 2049 3488 et
2078 3433 2372 3505 praecisive
2400 3431 2469 3488 ab
2497 3432 2611 3489 alio
2658 3432 2829 3489 modo
2857 3432 2968 3488 sibi
2997 3432 3351 3498 accidentali,

1994 3518 2079 3569 est
2105 3512 2496 3570 connaturalis
2537 3512 2837 3569 inclinatio
2876 3514 3076 3586 gratias
3103 3510 3353 3570 sanctifi-

1994 3594 2174 3649 cantis
2205 3615 2217 3650 ι
2248 3598 2303 3651 et
2340 3598 2607 3666 proptera
2648 3593 2863 3666 nequit,
2896 3594 3101 3650 saltem
3141 3608 3354 3651 conna-

1994 3673 2262 3730 turaliter
2305 3673 2455 3738 elici,
2508 3673 2622 3729 nisi
2669 3672 2739 3729 ab
2786 3674 2909 3747 ipsa
2954 3674 3170 3748 gratia;
3214 3674 3355 3730 sicut

1994 3759 2152 3810 actus
2177 3754 2410 3810 virtutis
2437 3754 2743 3826 acquisitae,
2779 3761 2838 3811 ut
2867 3760 3141 3827 prompte,
3168 3761 3222 3811 et
3246 3753 3350 3811 de-

1993 3833 2333 3890 lectabiliter
2362 3833 2604 3901 elicitus,
2638 3834 2778 3907 petit
2819 3833 3117 3908 procedere
3142 3832 3208 3889 ab
3241 3833 3349 3889 ha-

1991 3914 2134 3974 bitu.

2076 3998 2196 4054 102.
2230 3996 2505 4070 Arguitur
2529 3997 2805 4068 septimo:
2837 3996 2971 4070 quia
2993 3996 3181 4053 omnis
3203 4003 3355 4053 actus
3405 4023 3540 4076 semi.

1993 4077 2301 4152 procedens
2320 4078 2575 4135 effective
2603 4095 2635 4134 a
2660 4078 2845 4152 gratia
2866 4076 3250 4134 sanctificante
3269 4083 3357 4134 est
3370 4081 3544 4153 mumat

1990 4158 2326 4217 meritorius
2351 4159 2550 4233 gloriae
2576 4181 2589 4215 ε
2619 4158 2715 4215 sed
2747 4165 2899 4215 actus
2930 4159 3134 4215 ultimo
3160 4157 3355 4233 dispo·
3388 4132 3534 4216 ⁸33⁸

1989 4246 2193 4298 nentes
2251 4239 2321 4296 ad
2374 4239 2839 4313 justificationem
2893 4256 3010 4296 non
3057 4248 3356 4297 merentur

1988 4320 2233 4396 gloriam
2283 4340 2295 4375 ε
2339 4336 2474 4393 ergo
2521 4337 2637 4377 non
2684 4320 2995 4393 procedunt
3021 4320 3275 4377 effective
3325 4337 3357 4377 a

1987 4402 2172 4476 gratia
2211 4400 2616 4459 sanctificante.
2667 4402 2948 4459 Suadetur
2976 4403 3189 4468 minor,
3220 4402 3358 4473 quia

1987 4484 2036 4539 si
2090 4483 2183 4539 illi
2237 4488 2393 4540 actus
2437 4484 2691 4557 aliquam
2736 4485 2982 4559 gloriam
3030 4489 3352 4549 merentur,

1987 4566 2246 4623 maxime
2267 4564 2540 4638 primam,
2565 4566 2687 4621 sive
2713 4566 2962 4638 gloriam
2982 4563 3167 4637 quoad
3188 4563 3358 4620 subs-

1987 4646 2263 4702 tantiam:
2288 4644 2385 4701 sed
2408 4646 2554 4701 hanc
2576 4661 2690 4701 non
2714 4650 3032 4710 merentur,
3067 4649 3191 4700 tum
3219 4646 3356 4718 quia

1988 4726 2178 4799 prima
2222 4725 2407 4800 gloria
2452 4726 2743 4782 confertur
2782 4726 3024 4782 omnino
3062 4724 3264 4799 gratiS,
3299 4730 3360 4780 ut

1987 4806 2288 4864 haereditas
2307 4804 2756 4878 correspondens
2774 4806 2975 4880 primae
2989 4805 3214 4880 gratiae;
3232 4812 3358 4862 tum

1984 4889 2119 4964 quia
2143 4905 2313 4946 nemo
2341 4893 2595 4945 meretur
2622 4888 2889 4961 gloriam,
2917 4888 3030 4944 nisi
3061 4891 3358 4944 mereatur

1983 4968 2230 5043 gratiam
2259 4984 2384 5041 quas
2423 4974 2506 5025 est
2548 4967 2715 5024 radix
2740 4967 2901 5024 illius
2919 4991 2933 5035 3
2963 4973 3018 5024 et
3046 4983 3220 5024 nemo
3246 4982 3354 5040 po-

1983 5058 2094 5110 test
2113 5052 2326 5109 mereri
2349 5051 2600 5126 primam
2621 5051 2888 5126 gratiam,
2909 5051 3000 5108 cui
3023 5050 3216 5126 prima
3233 5052 3356 5126 glo-

3261 5147 3352 5191 ria
