3647 5753
544 418 656 473 272
1426 393 1434 401 '
1570 414 1662 468 ua
1702 411 1948 468 cAuffls
1986 409 2303 466 onA‘mAE.

547 586 619 642 lis
644 585 1202 643 communicationis,
1245 583 1329 641 Ad
1374 583 1523 659 quod
1554 580 1899 656 respondet:

352 685 513 727 Dthm.
548 666 867 732 Dicendum,
901 667 1046 744 quod
1070 683 1176 721 non
1209 674 1284 722 est
1310 684 1382 722 ex
1406 667 1615 740 defectu
1641 663 1904 720 bonitatis

541 750 749 818 qratia»,
775 749 908 821 quin
927 747 1130 802 liabens
1152 765 1273 803 eam
1288 750 1461 821 possit
1490 749 1548 802 in
1583 747 1762 801 alium
1781 744 1902 816 dif-

542 828 770 898 fundere
794 846 815 895 ,·
832 828 924 883 sed
941 835 1018 883 est
1037 845 1108 883 ea:
1126 830 1243 900 ejus
1260 830 1557 884 eminentia
1578 829 1812 901 pariter,
1851 823 1901 879 'ct

542 908 753 981 defectu
772 909 1037 975 habentis,
1055 911 1185 982 quia
1199 911 1319 982 ipsa
1341 908 1676 965 transcendit
1695 912 1902 965 statum

542 996 753 1044 naturai
791 996 1008 1059 creatae5
1052 997 1101 1044 et
1140 990 1342 1046 habens
1385 1007 1526 1057 eam,
1573 1006 1682 1043 non
1721 989 1902 1061 ipsam

539 1072 840 1144 participat
861 1073 920 1125 in
947 1079 1105 1128 tanta
1140 1073 1483 1144 perfectione,
1513 1077 1572 1126 ut
1609 1088 1732 1127 eam
1753 1086 1903 1125 com-

542 1154 825 1208 municare
854 1155 1044 1224 possit.
1073 1151 1286 1210 Deinde
1315 1151 1584 1225 proponit
1603 1152 1694 1220 24,
1728 1167 1905 1224 argu-

543 1237 806 1289 mentum
830 1232 891 1289 in
915 1233 1019 1289 hac
1045 1233 1251 1289 forma.
1282 1231 1607 1289 Secundum
1637 1231 1904 1288 Philoso-

547 1315 726 1387 phum
766 1315 801 1369 4
824 1314 1067 1389 Metaph.
1097 1315 1410 1387 perfectum
1433 1319 1516 1370 est
1544 1312 1905 1385 unumquod-

547 1413 673 1470 que,
726 1396 955 1471 quando
1008 1402 1189 1469 potest
1246 1398 1492 1453 alterum
1544 1394 1655 1451 sibi
1706 1396 1904 1452 simile

549 1478 732 1536 facere
757 1503 770 1546 ς
800 1483 856 1535 et
881 1479 1133 1550 loquitur
1153 1478 1224 1535 de
1266 1478 1612 1552 perfectione
1639 1483 1861 1534 naturas
1887 1498 1901 1533 ε

550 1558 734 1632 maior
784 1564 973 1616 autem
1025 1565 1109 1616 est
1148 1559 1420 1632 perfectio
1468 1559 1686 1635 gratiae,
1729 1574 1904 1631 quam

551 1644 769 1695 naturae
801 1659 813 1694 :
841 1654 976 1714 ergo
1021 1637 1236 1695 habens
1272 1639 1678 1712 perfectionem
1704 1639 1905 1714 gratiae

551 1726 733 1793 potest
759 1721 1002 1778 alterum
1033 1722 1094 1777 in
1132 1722 1319 1796 gratia
1343 1721 1709 1778 constituere.
1743 1719 1903 1785 Quod

361 1797 493 1840 mem·
551 1801 631 1858 ita
657 1800 830 1857 diluit
861 1823 874 1858 :
910 1824 934 1855 «
968 1802 1279 1859 Dicendum
1320 1808 1421 1866 est,
1454 1801 1601 1875 quod
1631 1802 1904 1874 perfectio

555 1906 582 1937 α
609 1885 809 1959 gratias
836 1885 1021 1957 potior
1046 1891 1131 1941 est
1184 1884 1529 1956 perfectione
1569 1889 1789 1940 naturae
1833 1899 1903 1940 ex

556 1988 582 2018 «
612 1971 771 2038 parte
812 1965 1012 2021 formae
1041 1964 1404 2038 perficientis,
1440 1979 1556 2021 non
1603 1969 1794 2020 autem
1833 1980 1904 2021 ex

555 2067 581 2098 α
612 2051 772 2117 parte
824 2044 1217 2118 perfectibilis.
1274 2046 1418 2100 Nam
1483 2043 1906 2116 quodammodo

555 2147 580 2177 (ι
612 2125 913 2198 perfectius
936 2124 1252 2198 possidetur
1272 2122 1420 2196 quod
1434 2129 1517 2180 est
1534 2125 1817 2189 naturale,
1840 2124 1904 2179 in

554 2227 580 2258 α
609 2211 887 2278 quantum
928 2210 1011 2262 est
1037 2205 1289 2261 naturali
1318 2204 1521 2259 virtuti
1545 2204 1740 2260 activae
1769 2219 1904 2277 pro-

555 2310 579 2340 «
612 2289 1018 2358 portionatum,
1045 2287 1202 2359 cujus
1230 2287 1658 2358 proportionem
1687 2285 1904 2343 donum

553 2391 580 2423 α
608 2369 1049 2441 supernaturale
1092 2368 1331 2424 excedit.
1395 2369 1464 2422 Et
1503 2367 1631 2424 ideo
1670 2367 1905 2439 propria

556 2472 581 2501 «
611 2449 827 2505 virtute
847 2462 963 2504 non
992 2452 1171 2519 potest
1199 2445 1427 2519 aliquod
1449 2446 1665 2503 donum
1700 2462 1906 2518 super-

557 2553 583 2583 α
615 2530 879 2586 naturale
924 2525 1370 2592 transfundere,
1420 2527 1684 2600 quamvis
1731 2526 1907 2599 possit

556 2632 581 2663 α
614 2610 797 2665 facere
835 2608 1028 2663 simile
1073 2606 1185 2663 sibi
1232 2608 1294 2662 in
1342 2613 1566 2663 natura.
1601 2627 1626 2658 n
1680 2605 1810 2670 Ubi,
1845 2611 1907 2661 ut

546 2688 727 2754 vides,
778 2690 835 2742 S.
879 2690 1081 2743 Doctor
1127 2687 1188 2742 in
1242 2692 1483 2759 utraque
1537 2686 1906 2758 responsione

542 2768 867 2827 considerat
887 2774 944 2825 et
972 2768 1254 2825 rationem
1279 2771 1515 2832 naturae‚
1554 2783 1650 2823 seu
1680 2765 1900 2832 formae,

543 2865 715 2923 quam
737 2850 924 2925 gratia
951 2848 1271 2923 participat,
1304 2846 1635 2913 atmodum,
1666 2862 1778 2920 quo
1799 2848 1907 2903 illa

547 2935 755 2999 natura
798 2937 913 2986 tam
963 2930 1025 2986 in
1076 2929 1281 3004 gratia,
1336 2945 1507 3002 quam
1553 2929 1616 2985 in
1656 2926 1907 3003 subjecto

547 3018 710 3087 grato
759 3012 1133 3085 participatur
1164 3035 1177 3069 :
1221 3012 1532 3084 asseritque
1558 3011 1803 3086 gratiam
1832 3026 1906 3067 ex

550 3098 708 3166 parte
736 3098 976 3159 naturae,
1005 3110 1104 3150 seu
1134 3093 1350 3158 formae,
1376 3106 1546 3164 quam
1577 3091 1899 3164 participat,

547 3188 671 3246 quae
691 3178 776 3229 est
816 3174 939 3246 ipsa
968 3179 1174 3233 natura
1220 3173 1340 3239 Dei,
1391 3169 1660 3229 excedere
1704 3186 1904 3228 omnes

550 3257 804 3319 naturas,
837 3259 892 3310 et
933 3254 1147 3311 formas
1172 3252 1396 3309 ordinis
1425 3253 1708 3309 naturalis
1738 3275 1753 3319 ;
1785 3267 1903 3308 non

548 3339 739 3391 autem
785 3350 856 3390 ex
904 3338 1063 3407 parte
1106 3331 1263 3390 modi
1311 3330 1711 3407 participandi,
1767 3333 1905 3404 quia

544 3417 731 3490 gratia
771 3432 887 3473 non
931 3416 1231 3489 participat
1296 3421 1560 3472 naturam
1623 3413 1742 3479 Dei,
1787 3412 1903 3469 nisi

547 3494 726 3564 finite,
751 3502 808 3553 et
828 3498 890 3553 in
915 3512 1038 3554 esse
1059 3496 1362 3563 diminuto,
1390 3501 1449 3551 ut
1471 3496 1659 3568 ipsum
1689 3508 1904 3551 nomen

547 3578 1000 3651 participationis
1039 3579 1175 3634 satis
1214 3578 1491 3651 exprimit
1542 3597 1554 3633 ε
1600 3582 1656 3634 et
1702 3591 1904 3632 rursus

545 3657 859 3733 subJectum
888 3675 1006 3715 non
1047 3658 1216 3715 habet
1243 3658 1585 3715 naturaliter
1627 3657 1897 3731 gratiam,

543 3738 641 3794 sed
679 3755 749 3795 ex
777 3739 1154 3812 impressione
1179 3737 1381 3794 divina
1408 3763 1420 3804 ;
1452 3742 1616 3809 atque
1639 3736 1766 3792 ideo
1796 3750 1903 3792 ne-

542 3820 665 3890 quit
690 3819 791 3876 Dei
819 3825 1086 3875 naturam
1109 3818 1399 3876 mediante
1420 3818 1543 3891 ipsa
1561 3817 1746 3892 gratia
1768 3832 1903 3889 per-

544 3899 685 3956 fecte
705 3915 926 3972 capere.
945 3900 1015 3954 Et
1033 3900 1167 3972 quia
1188 3899 1258 3955 ad
1280 3898 1645 3954 diffusionem
1660 3901 1896 3965 naturae,

542 3981 665 4037 sive
691 3979 761 4036 ad
800 3978 1196 4053 generandum
1223 3977 1381 4035 aliud
1422 3977 1617 4033 simile
1657 3978 1901 4050 requiri·

541 4067 656 4127 tur,
687 4060 834 4134 quod
882 4076 1054 4134 agens
1080 4060 1155 4114 sit
1201 4058 1533 4132 perfectum,
1566 4072 1682 4114 non
1709 4059 1898 4115 solum

540 4158 611 4199 ex
654 4148 813 4216 parte
842 4147 1082 4206 naturae,
1112 4138 1210 4197 sed
1251 4140 1427 4197 etiam
1454 4156 1525 4196 ex
1553 4145 1712 4212 parte
1740 4139 1899 4196 modi

541 4220 788 4278 habendi
822 4226 1090 4278 naturam
1122 4244 1136 4287 ;
1162 4220 1369 4276 merito
1411 4217 1717 4284 concludit,
1748 4217 1897 4291 quod

539 4300 755 4358 liabens
799 4300 1078 4375 gratiam,
1113 4315 1229 4356 non
1276 4299 1451 4371 possit
1498 4297 1897 4371 principaliter

535 4396 663 4437 eam
704 4378 1044 4444 diffundere,
1097 4379 1350 4452 aliosque
1392 4376 1504 4434 sibi
1555 4379 1779 4434 similes
1833 4377 1895 4433 in

535 4461 640 4518 illa
681 4466 886 4518 natura
925 4461 1287 4517 constituere.
1340 4458 1448 4515 Sed
1490 4458 1593 4516 hoc
1640 4463 1726 4514 est
1753 4474 1897 4531 opus

534 4541 834 4615 proprium
864 4541 984 4604 Dei,
1015 4540 1113 4612 qui
1143 4547 1412 4597 naturam
1440 4539 1505 4594 in
1530 4539 1718 4612 gratia
1745 4539 1895 4596 acci-

530 4621 858 4688 dentaliter,
883 4626 939 4678 et
960 4618 1126 4677 finito
1160 4620 1327 4677 modo
1357 4619 1756 4693 participatam
1785 4618 1895 4676 ha-

530 4702 624 4761 bet
673 4720 773 4779 per
829 4703 1159 4768 essentiam,
1217 4699 1460 4769 infinite,
1518 4706 1574 4758 et
1620 4699 1683 4756 in
1740 4704 1891 4758 statu

532 4787 798 4857 perfecto.

2642 583 2673 651 ς
2716 582 2782 637 11.

2111 735 2326 794 Motiva
2351 736 2589 792 adversa·
2611 737 2890 808 opinionis
2915 736 3306 792 convelluntur.

2101 894 2158 947 7.
2202 892 2504 950 Contraria
2529 890 2695 950 nobis
2714 892 2998 949 sententia
3040 908 3158 950 non
3180 892 3377 967 proba·
3409 898 3532 950 opinio

2036 975 2133 1028 tur
2152 971 2503 1029 Authoribus
2529 997 2542 1040 ;
2568 972 2731 1045 pauci
2765 972 2945 1040 enim,
2981 976 3039 1030 et
3061 972 3229 1030 valde
3267 974 3376 1031 rari
3403 952 3533 1041 ⁰⁰12&

2036 1057 2189 1119 sunt,
2222 1052 2320 1124 qui
2360 1054 2453 1110 vel
2499 1053 2848 1110 humanitati
2895 1052 3109 1109 Christi
3157 1055 3378 1110 Domini

2037 1132 2301 1191 deferant
2345 1135 2619 1192 virtutem
2671 1133 3063 1201 sufficientem,
3113 1141 3176 1192 ut
3220 1136 3383 1208 possit

2040 1214 2436 1288 principaliter
2463 1216 2694 1290 physice
2713 1216 2961 1290 gratiam
2982 1215 3047 1270 in
3076 1215 3239 1272 nobis
3266 1232 3384 1289 pro-

2035 1296 2261 1354 ducere.
2289 1300 2403 1354 Nec
2430 1313 2532 1371 pro
2560 1299 2664 1355 hac
2691 1303 2852 1371 parte
2879 1298 3200 1371 reperimus
3227 1299 3380 1365 alios,

2039 1376 2153 1433 nisi
2205 1376 2519 1446 Medinam,
2568 1384 2624 1436 et
2692 1376 3001 1434 Cabreram
3047 1378 3123 1433 ad
3171 1380 3207 1433 3
3237 1373 3545 1451 pan-istem·-

2038 1467 2221 1533 φησι.
2265 1460 2346 1516 13.
2392 1458 2548 1518 Idem
2588 1460 2762 1516 etiam
2803 1458 3069 1516 tuebatur
3108 1424 3557 1518 Arnoldusfflous

2013 1541 2270 1614 ‘quidam
2303 1542 2617 1607 haereticuS,
2667 1557 2837 1614 quem
2892 1541 3070 1599 refert
3108 1542 3385 1616 Caponius

2041 1625 2103 1680 in
2146 1624 2430 1695 praesenti,
2456 1629 2512 1680 et
2556 1622 2787 1681 videtur
2824 1639 2947 1681 esse
2974 1623 3263 1681 Arnoldus
3294 1624 3388 1680 ille

2038 1703 2109 1760 de
2150 1703 2475 1768 villanova,
2519 1703 2640 1775 qui,
2684 1708 2743 1758 ut
2787 1709 3027 1760 testatur
3079 1705 3384 1771 Prateolus,

2040 1782 2360 1839 affirmabat
2388 1788 2655 1839 naturam
2696 1783 3012 1840 humanam
3036 1800 3071 1840 a
3096 1782 3285 1841 Verbo
3306 1798 3386 1840 as-

2039 1866 2327 1935 sumptam
2372 1876 2494 1919 esse
2544 1863 2821 1934 aequalem
2863 1866 2976 1919 Deo
3021 1862 3086 1919 in
3130 1861 3391 1920 omnibus

2039 1940 2225 2007 bonis,
2250 1947 2306 1999 et
2320 1940 2659 1999 tantundem
2688 1957 2867 2014 posse,
2892 1947 2949 1999 et
2967 1943 3187 2000 valere.
3214 1945 3261 1997 A
3284 1957 3391 2015 quo

2037 2023 2247 2080 delirio
2269 2038 2386 2080 non
2409 2024 2656 2079 multum
2676 2023 2937 2080 recedere
2963 2023 3232 2081 audimus
3256 2027 3389 2094 (non

2040 2104 2250 2178 absque
2295 2104 2512 2176 dolore)
2538 2105 2855 2180 Theologos
2895 2107 3134 2179 aliquos,
3170 2106 3265 2180 qui
3294 2106 3390 2162 hoc

2040 2191 2296 2259 tempore
2318 2185 2440 2242 ausi
2469 2192 2604 2242 sunt
2635 2184 2942 2252 affirmare,
2975 2186 3389 2245 humanitatem

2041 2267 2251 2323 Christi
2278 2283 2399 2324 esse
2425 2283 2582 2341 aeque
2607 2272 2883 2332 sanctam,
2918 2267 3152 2336 bonam,
3173 2266 3393 2325 amabi-

2041 2349 2175 2411 lem.
2229 2363 2293 2403 ac
2340 2350 2518 2404 Deum
2574 2346 2782 2419 ipsum.
2836 2349 2914 2404 De
2952 2365 3065 2421 quo
3109 2364 3215 2406 suo
3253 2348 3388 2404 loc0.

2043 2429 2217 2484 Plura
2243 2434 2434 2484 autem
2462 2442 2532 2484 ex
2578 2427 2953 2501 argumentiS,
3003 2444 3128 2501 quae
3176 2433 3393 2502 possent

2042 2524 2144 2583 pro
2167 2509 2272 2567 hac
2309 2509 2593 2566 sententia
2623 2507 2882 2576 formari,
2920 2509 3107 2566 soluta
3133 2508 3273 2567 alibi
3303 2524 3392 2566 re-

2042 2589 2409 2662 linquimus;
2457 2587 2610 2646 unde
2650 2603 2766 2645 non
2814 2595 3036 2661 oportet
3079 2590 3145 2646 in
3196 2605 3390 2647 eorum

2039 2669 2383 2728 enodatione
2445 2670 2771 2727 immorari.
2835 2671 3177 2743 HuJ'usmodi
3240 2675 3385 2737 aunt,

2038 2753 2187 2826 quod
2229 2769 2346 2810 non
2389 2759 2666 2827 repugnat
2691 2752 3009 2809 substantia
3042 2758 3391 2826 supernatu—

2043 2835 2180 2892 ralis
2205 2858 2219 2903 ;
2243 2839 2297 2893 et
2317 2835 2465 2909 quod
2495 2849 2611 2892 non
2647 2835 2907 2908 implicat
2926 2835 3043 2892 alia
3062 2835 3273 2910 gratia,
3300 2837 3392 2893 aut

2042 2916 2228 2974 forma
2251 2917 2609 2974 accidentalis
2635 2913 2996 2973 sanctificans
3032 2918 3221 2990 specie
3266 2932 3394 2990 per-

2041 2998 2241 3055 fectior
2274 3019 2287 3053 :
2327 3005 2385 3057 et
2422 2997 2569 3072 quod
2626 2997 2945 3054 substantia
2993 3001 3281 3056 naturalis
3324 2999 3395 3054 sit

2041 3078 2343 3151 perfectior
2387 3077 2748 3152 simpliciter,
2806 3095 2979 3151 quam
3023 3080 3215 3154 gratia
3265 3104 3278 3135 ε
3326 3094 3407 3136 ex-

2039 3159 2247 3232 quibus
2286 3158 2514 3217 videtur
2552 3158 2762 3233 colligi,
2809 3159 2959 3231 quod
3006 3160 3078 3214 sit
3129 3159 3395 3234 possibile

2041 3242 2390 3316 principium
2448 3247 2646 3314 potens
2694 3241 2941 3314 gratiam
2997 3241 3396 3316 principaliter

2038 3322 2278 3379 efficere.
2309 3320 2414 3378 Sed
2446 3322 2703 3394 primum
2733 3321 3210 3394 impugnavimus
3231 3329 3389 3378 tract.

2038 3405 2254 3478 ζώῃ).
2287 3404 2341 3471 3,
2366 3404 2495 3459 dub.
2539 3405 2595 3470 2,
2621 3402 2936 3460 secundum
2979 3418 3115 3460 vero
3140 3404 3397 3462 confuta·

2040 3484 2230 3540 vimus
2253 3485 2313 3538 in
2337 3483 2435 3539 hoe
2454 3491 2617 3540 tract.
2640 3484 2781 3556 disp.
2806 3485 2861 3550 4,
2885 3483 3016 3539 dub.
3038 3485 3092 3549 8,
3121 3484 3392 3540 ultimum

2038 3564 2283 3637 denique
2328 3563 2642 3621 evertimus
2667 3564 2851 3619 eadem
2894 3565 3035 3637 disp.
3067 3564 3198 3621 dub.
3225 3568 3281 3631 7,
3328 3562 3394 3620 ad

2037 3661 2162 3718 quae
2184 3645 2305 3701 loca
2326 3646 2615 3701 Lectorem
2649 3645 3018 3701 remittimus.
3065 3644 3233 3702 Unde
3279 3660 3392 3701 non

2037 3727 2221 3782 multa
2260 3725 2477 3782 motiva
2501 3729 2827 3798 supersunt,
2873 3721 3080 3803 quibus
3119 3742 3390 3783 occurra-

2037 3823 2187 3863 mus.
3081 3835 3089 3843 ·

2109 3889 2163 3943 8.
2212 3883 2490 3942 Probatur
2535 3890 2728 3941 tamen
2756 3884 2990 3957 primo,
3027 3885 3165 3957 quia
3220 3886 3556 3943 homorrtmum

2029 3964 2316 4040 justificat,
2348 3970 2404 4022 et
2445 3962 2757 4021 sanctificat
2783 3981 2843 4022 se
2889 3985 2901 4020 ε
2949 3981 3084 4040 ergo
3131 3951 3563 4039 producitmssffl.

2036 4046 2432 4118 principaliter
2482 4045 2745 4119 gratiam,
2800 4060 2910 4116 qua
2933 4044 3302 4119 justificatur,
3336 4049 3392 4102 et

2032 4124 2438 4183 sanctificatur.
2457 4124 2869 4197 Consequentia
2893 4130 3061 4198 patet,
3087 4126 3227 4198 quia
3249 4126 3300 4199 ej
3308 4141 3395 4180 us·

2031 4204 2163 4262 dem
2190 4211 2274 4262 est
2310 4204 2531 4262 efficere
2574 4204 2843 4269 formam,
2894 4211 2950 4261 et
2974 4206 3242 4263 effectum
3268 4205 3393 4264 for-

2032 4288 2245 4344 malem
2268 4286 2448 4342 illius,
2473 4284 2825 4342 Antecedens
2867 4292 3057 4344 autem
3080 4292 3304 4344 constat
3323 4302 3394 4343 ex

2033 4367 2293 4441 pluribus
2321 4367 2457 4424 locis
2484 4367 2809 4440 Scripturas,
2843 4368 2907 4424 in
2931 4368 3139 4441 quibus
3167 4369 3276 4425 illa
3304 4369 3394 4425 lo·

2028 4447 2227 4520 quatio
2253 4446 2516 4513 occurrit,
2564 4452 2624 4502 ut
2677 4448 2892 4504 lJoan.
2926 4450 3000 4504 3:
3052 4446 3249 4505 Omnis
3295 4448 3561 4524 quium-³

2027 4529 2184 4586 habet
2210 4531 2354 4586 hanc
2378 4547 2546 4603 spem,
2586 4529 2895 4595 sanctificat
2923 4549 2997 4587 se.
3044 4532 3113 4586 Et
3138 4530 3392 4587 eundem

2029 4609 2297 4683 loquendi
2327 4608 2562 4667 modum
2592 4611 2788 4667 Patres
2833 4609 3223 4666 communiter
3250 4609 3392 4666 imi-

2027 4696 2239 4760 tantur,
2272 4696 2334 4746 ut
2373 4691 2556 4748 videri
2605 4696 2782 4764 potest
2825 4691 2970 4765 apud
3022 4692 3087 4747 D.
3118 4690 3561 4751 Ambrosianum.

2026 4771 2238 4829 Psalm.
2262 4773 2354 4840 43,
2400 4772 2655 4846 Chysost.
2698 4773 2887 4828 homil.
2920 4773 3011 4839 38,
3044 4758 3564 4852 Imperfectifflcssffi

2027 4850 2368 4925 Hieronym.
2394 4868 2558 4923 super
2582 4849 2663 4906 ad
2684 4849 2884 4925 Ephe-5.
2924 4853 2942 4908 l
2975 4855 3032 4909 et
3057 4854 3111 4921 5,
3143 4852 3380 4926 origen.
3406 4856 3547 4907 orire*L

2025 4933 2163 4988 hom.
2198 4932 2252 4997 9,
2286 4933 2347 4986 in
2384 4930 2617 4989 Numer.
2647 4937 2703 4988 et
2731 4932 2896 4989 alios.

2100 5011 2512 5085 Respondetur,
2558 5013 2854 5070 hominem
2899 5011 3258 5070 sanctificare
3296 5027 3375 5077 se.

3257 5107 3374 5150 non
