3647 5753
544 423 655 480 484

540 600 765 656 cionem
813 601 1017 670 habet,
1068 604 1220 675 quod
1260 603 1476 678 obiecto
1518 602 1668 658 inest
1714 600 1908 673 aliqua

545 680 744 744 latenS,
777 687 831 736 et
869 683 1132 753 specialis
1173 684 1416 750 malitia,
1462 689 1519 739 et
1567 683 1671 738 hac
1716 680 1910 753 suspi-

545 761 706 817 cione
739 778 840 834 per
862 763 1150 821 dictamen
1183 764 1482 839 probabile
1509 779 1626 820 non
1654 764 1902 831 exclusa,

543 842 826 916 obJ‘ectum
882 846 1246 918 amplectitur
1276 889 1289 913 ,
1354 843 1731 919 proculdubio
1789 860 1908 901 non

541 926 908 980 excusabitur
949 927 1011 982 in
1051 944 1182 984 casu
1214 928 1503 1001 proposito
1536 926 1605 984 ab
1637 926 1907 984 adulterii

544 1009 602 1060 et
645 1006 930 1081 sacrilegii
985 1008 1349 1075 criminibuS‚
1380 1008 1515 1081 quia
1560 1008 1744 1065 voluit
1789 1008 1909 1063 sal-

545 1091 663 1142 tem
685 1086 747 1144 in
787 1091 1100 1156 communi,
1146 1097 1201 1147 et
1238 1092 1298 1147 in
1332 1092 1568 1148 confuso
1614 1090 1910 1163 praedictas

543 1169 1020 1239 circumstantias,
1055 1178 1111 1230 et
1145 1188 1263 1230 non
1286 1172 1488 1230 hahuit
1516 1174 1910 1247 ignorantiam

542 1250 948 1309 invincibilem
965 1268 1169 1309 eorum
1191 1259 1359 1326 prout
1380 1254 1443 1310 in
1454 1254 1912 1328 confuso,quam-

546 1328 635 1384 vis
664 1346 779 1387 non
826 1330 1094 1389 habuerit
1140 1349 1345 1390 earum
1391 1333 1723 1407 explicitam
1753 1333 1910 1390 noti-

546 1410 711 1467 tiam.
767 1415 949 1476 Quam
995 1415 1316 1472 doctrinam
1346 1415 1518 1472 latius
1565 1415 1912 1472 tradidimus

540 1500 706 1550 tract.
741 1496 823 1561 13,
855 1497 997 1569 disp.
1040 1498 1122 1561 10,
1155 1514 1308 1554 num.
1364 1498 1464 1552 164
1517 1504 1569 1552 et
1613 1498 1759 1571 disp.
1819 1499 1903 1565 13,

544 1591 696 1629 num.
728 1576 761 1628 8
781 1582 830 1629 et
852 1594 1003 1632 num.
1051 1577 1142 1642 97,
1169 1594 1291 1631 cum
1318 1577 1680 1654 sequentibus·
1716 1578 1904 1635 Homo

545 1660 736 1713 autem
760 1656 821 1712 in
845 1658 1004 1729 puris
1043 1658 1401 1724 constitutus,
1430 1660 1561 1716 licet
1583 1671 1699 1716 non
1729 1664 1913 1731 posset

546 1737 756 1794 habere
783 1739 1113 1810 explicitam
1144 1740 1410 1797 notitiam
1438 1741 1536 1798 Dei
1563 1747 1913 1814 supernatu-

551 1818 687 1874 ralis
714 1819 991 1884 authoriS‚
1016 1824 1072 1874 et
1094 1817 1226 1874 finis
1247 1819 1560 1877 secundum
1588 1821 1905 1894 propriam.

548 1903 605 1954 et
631 1897 934 1954 formalem
988 1902 1555 1970 supernaturalitatis
1598 1902 1905 1969 rationem,

544 1983 605 2034 et
628 1977 733 2032 hac
757 1977 978 2033 ratione
1005 1976 1242 2035 haberet
1283 1980 1676 2053 ignorantiam
1705 1981 1911 2035 invin-

540 2056 776 2113 cibilem
819 2059 977 2114 illius
1023 2061 1227 2131 (prout
1275 2059 1542 2119 videlicet
1582 2060 1912 2135 ignorantia

544 2140 855 2212 opponitur
879 2141 1096 2197 notitiae
1139 2141 1222 2197 rei
1274 2143 1589 2200 secundum
1614 2144 1910 2216 propriam

549 2221 832 2278 rationem
876 2224 1151 2295 acceptae),
1210 2224 1459 2281 minime
1506 2230 1701 2281 tamen
1725 2228 1911 2296 posset

545 2300 799 2357 formare
861 2301 1140 2374 judicium
1188 2303 1503 2375 probabile,
1547 2303 1695 2377 quod
1763 2306 1911 2359 Deus

546 2397 663 2437 non
691 2387 837 2438 esset
860 2384 1083 2450 author,
1123 2389 1178 2439 et
1218 2381 1352 2440 finis
1405 2383 1907 2456 supernaturalis;

536 2462 683 2529 sive,
709 2464 848 2518 etin
885 2464 1036 2521 idem
1056 2464 1439 2539 recidit,quod
1456 2470 1604 2523 Deus
1623 2471 1748 2523 erat
1770 2482 1912 2539 prae-

544 2543 659 2598 eise
680 2546 962 2600 naturalis
992 2547 1220 2613 author,
1244 2553 1300 2603 et
1326 2546 1479 2604 finis.
1506 2550 1652 2604 Nam
1674 2564 1740 2605 eo
1764 2549 1907 2620 ipse,

549 2621 698 2694 quod
727 2632 1082 2696 cognosceret
1120 2627 1297 2681 Deum
1326 2641 1447 2682 esse
1467 2629 1668 2693 Deum,
1703 2642 1914 2700 nempe

546 2717 652 2758 ens
697 2719 922 2759 summe
960 2705 1290 2777 perfectum,
1344 2711 1542 2778 posset,
1586 2713 1643 2762 et
1682 2707 1914 2771 deberet

551 2798 884 2856 cognoscere
911 2801 1031 2842 esse
1083 2783 1401 2853 infinitum,
1428 2787 1906 2860 omnipotentem,

546 2867 608 2919 et
630 2862 1312 2937 incomprehensibilem;
1364 2872 1530 2939 atque
1582 2866 1708 2925 ideo
1756 2885 1914 2942 posse

554 2946 720 3018 plura
743 2947 979 3013 efficere,
1006 2964 1179 3019 quam
1222 2950 1511 3005 humanus
1537 2957 1733 3023 captus
1756 2967 1911 3008 asse-

544 3025 650 3097 qui
679 3026 886 3092 valeat,
917 3029 1177 3101 nihilque
1197 3030 1317 3102 ejus
1341 3031 1655 3104 potentiam
1684 3029 1913 3087 subter-

553 3107 786 3182 fugere;
832 3110 893 3165 in
921 3126 1031 3182 quo
1072 3111 1256 3182 reipsa
1303 3112 1584 3185 implicite
1609 3127 1914 3185 cognosce-

555 3194 641 3243 ret
687 3190 864 3244 Deum
925 3193 1424 3261 supernaturalem
1485 3191 1805 3260 authorem,
1858 3199 1916 3249 et

548 3268 780 3326 effectus
811 3273 1297 3343 supernaturaleS,
1326 3274 1457 3330 licet
1477 3274 1767 3345 explicare
1796 3273 1913 3331 nori

555 3355 738 3421 posset
756 3367 960 3407 eorum
983 3354 1280 3425 propriam
1310 3355 1614 3410 rationem.
1647 3355 1916 3412 Cumhoc

551 3429 762 3502 quippe
789 3431 1100 3488 dictamine
1129 3449 1245 3489 non
1282 3434 1544 3499 cohaeret,
1580 3432 1729 3505 quod
1753 3433 1914 3506 judi-

552 3509 705 3565 cium
723 3527 979 3567 asserens
1002 3514 1177 3568 Deum
1196 3529 1316 3570 esse
1338 3514 1567 3584 praecise
1588 3515 1909 3580 authorem,

553 3594 607 3644 et
628 3587 805 3645 tinem
839 3592 1183 3657 naturalem,
1223 3592 1523 3666 ipsumque
1546 3592 1615 3648 ad
1637 3592 1915 3651 determi-

555 3674 718 3726 natos
747 3672 974 3728 effectus
1024 3674 1395 3748 restringenS,
1452 3676 1525 3731 sit
1570 3674 1911 3747 probabile;

553 3752 649 3809 sed
679 3754 865 3826 potius
912 3759 994 3808 est
1041 3769 1372 3820 erroneum,
1416 3762 1473 3812 et
1522 3755 1754 3822 falsum,
1797 3763 1915 3813 tam

559 3835 819 3906 practice,
865 3850 1037 3905 quam
1078 3836 1446 3910 speculatiye.
1482 3838 1627 3910 Ergo
1657 3837 1915 3894 homoin

558 3914 717 3985 puris
738 3913 1017 3978 conditus,
1035 3921 1087 3971 et
1120 3916 1374 3989 graviter
1399 3919 1577 3972 Deum
1599 3915 1912 3986 offendens,

559 4010 674 4051 non
692 4001 877 4067 posset
896 3997 1155 4052 excusari
1183 3995 1257 4052 ab*
1282 3998 1500 4072 injuria
1520 4004 1718 4054 eontra
1735 4002 1914 4055 Deum

556 4075 1059 4147 supernaturalem
1109 4077 1431 4142 authorem,
1476 4081 1532 4133 et
1560 4075 1735 4132 finem
1770 4101 1783 4144 ;
1815 4094 1919 4135 nec

557 4152 830 4211 dicendus
882 4159 1027 4210 esset
1064 4149 1328 4213 laborare
1377 4156 1530 4211 circa
1582 4156 1917 4228 praedictum

559 4234 734 4292 finem
758 4237 918 4292 omni
949 4236 1279 4310 ignorantia
1306 4236 1638 4293 invincibili
1662 4240 1920 4311 opposita

562 4317 796 4382 notitiae,
834 4324 948 4373 tam
972 4316 1285 4389 implicitas,
1336 4333 1508 4389 quam
1537 4319 1839 4390 explicitae,
1867 4326 1923 4377 et

562 4398 764 4453 tamin
793 4398 1047 4462 confuso,
1096 4413 1265 4469 quam
1314 4397 1375 4452 in
1407 4398 1781 4470 particulari;
1822 4399 1923 4456 sed

564 4482 784 4534 tantum
808 4480 1065 4552 opposita
1094 4479 1313 4535 notitiae
1350 4494 1631 4552 expressae
1650 4497 1923 4553 superna-

564 4559 873 4615 turalitatis
928 4560 1241 4616 secundum
1290 4561 1584 4633 propriam
1615 4562 1919 4619 rationem.

350 4653 553 4698 motivum
642 4641 769 4696 261.
801 4642 909 4696 Per
934 4639 1084 4713 quod
1130 4641 1268 4697 satis
1310 4641 1489 4713 liquet
1517 4642 1585 4698 ad
1614 4643 1919 4713 motivum,

363 4708 528 4747 Gemm-

344 4751 530 4797 riumdi-
568 4726 622 4779 et
667 4724 950 4794 exempla,
983 4738 1109 4795 quae
1140 4722 1199 4777 in
1242 4722 1346 4778 illa
1373 4723 1744 4795 responsione
1785 4724 1926 4782 affe-

377 4802 523 4848 ruitur.
567 4809 810 4871 runtur;
845 4821 980 4860 nam
1033 4804 1301 4861 accedens
1341 4805 1411 4862 ad
1459 4807 1786 4872 mulierem,
1833 4810 1927 4865 vel

565 4884 918 4942 interficiens
941 4886 1257 4953 hominem,
1285 4892 1465 4960 potest
1485 4889 1780 4945 multoties
1798 4907 1929 4962 pru—

565 4967 770 5023 denter
792 4968 1064 5039 judicare,
1093 4970 1400 5026 mulierem
1429 4986 1546 5027 non
1572 4987 1695 5027 esse
1725 4972 1850 5045 conj
1861 4989 1929 5028 u-

564 5051 778 5119 gatam,
809 5052 862 5102 et
890 5048 1186 5104 hominem
1209 5065 1327 5106 non
1347 5064 1467 5106 esse
1486 5050 1931 5124 clericum3prae-

1475 429 1567 484 DE
1603 429 1634 483 J
1642 427 2185 483 USTIFICATIONE
2225 429 2351 482 IMP
2364 430 2428 485 11.

2036 601 2237 657 sertim
2251 618 2380 657 cum
2393 619 2471 659 eae
2484 603 2736 660 rationes
2753 620 2868 660 non
2884 602 3068 658 insint
3079 601 3392 658 necessario

2039 682 2158 737 illis
2184 681 2434 755 objectis,
2467 686 2559 741 vel
2586 685 2648 740 in
2679 700 2756 751 re,
2783 686 2874 742 vel
2902 683 3221 741 secundum
3247 680 3390 755 quod

2041 761 2149 828 hic,
2181 769 2237 820 et
2259 779 2410 820 nunc
2463 770 2880 837 praesentantur
2926 764 3247 821 intellectui
3277 786 3291 830 ;
3340 767 3394 819 et

2040 843 2167 902 ideo
2190 860 2421 918 peccans
2442 854 2745 905 excusatur
2772 864 2804 905 a
2832 846 3069 920 peccatis
3100 844 3386 910 adulterii,

2039 931 2095 982 et
2143 929 2449 1002 sacrilegii.
2484 931 2762 987 Caeterum
2802 928 2901 1001 qui
2952 943 3157 984 verum
3206 928 3380 983 Deum

2040 1008 2342 1081 cognoscit,
2395 1010 2596 1083 nequit
2636 1008 2948 1083 prudenter
2990 1007 3252 1082 judicare
3279 1021 3391 1063 esse

2042 1088 2341 1145 authorem
2371 1091 2601 1162 praecise
2626 1091 2866 1147 illorum
2894 1088 3223 1153 effectuum,
3263 1102 3391 1159 quos

2041 1167 2162 1240 ipse
2202 1172 2487 1245 cognoscit
2517 1196 2531 1239 ;
2561 1171 2659 1228 sed
2690 1171 2876 1243 potius
2898 1168 3161 1244 judicare
3209 1167 3386 1232 debet,

2044 1249 2221 1305 Deum
2252 1267 2411 1323 posse
2436 1253 2603 1324 plura
2622 1250 2856 1317 efficere,
2877 1266 3002 1322 quae
3027 1250 3150 1322 ejus
3168 1254 3390 1321 captum

2040 1328 2353 1387 excedunt:
2378 1331 2440 1387 in
2460 1347 2570 1403 quo
2593 1331 2797 1404 reipsa,
2824 1335 2881 1386 et
2908 1330 2969 1384 in
2985 1328 3225 1386 confuso
3251 1330 3391 1385 clau-

2040 1408 2198 1467 ditur
2219 1411 2366 1468 ratio
2411 1412 2669 1468 authoris
2694 1411 3175 1483 supernaturalis.
3238 1407 3391 1467 Unde

2041 1492 2138 1563 qui
2178 1491 2283 1548 hac
2308 1492 2633 1567 cognitione
2666 1492 2957 1565 supposita
2982 1491 3243 1565 graviter
3269 1506 3389 1563 pec·

1987 1572 1994 1578 ’
2040 1578 2145 1640 cat,
2171 1573 2407 1630 offendit
2433 1576 2610 1630 Deum
2635 1575 2956 1638 authorem,
2988 1579 3045 1629 et
3072 1572 3391 1639 finem,tam

2042 1658 2387 1722 naturalem,
2443 1672 2614 1728 quam
2667 1656 3191 1729 supernaturalem,
3243 1659 3297 1710 et
3330 1653 3393 1710 ab

1997 1760 2002 1763 ·
2043 1737 2164 1809 ipso
2186 1735 2475 1809 adaequate
2497 1743 2739 1809 accepto.
2768 1743 2824 1792 et
2844 1733 3158 1792 secundum
3187 1742 3394 1790 utram·

2040 1832 2149 1889 que
2196 1819 2479 1873 rationem
2512 1819 2794 1873 avertitur
2828 1841 2842 1885 ;
2886 1817 3154 1890 quamvis
3194 1830 3395 1870 secun·

2042 1897 2178 1952 dum
2211 1914 2385 1953 unam
2429 1898 2712 1954 rationem
2741 1898 3029 1970 explicite,
3061 1900 3118 1953 et
3163 1895 3388 1962 directe,

2040 1985 2097 2035 et
2121 1978 2433 2036 secundum
2463 1981 2638 2036 aliam
2663 1980 2961 2044 indirecte,
2985 1985 3042 2035 et
3068 1978 3388 2035 inconfuso.

2043 2060 2241 2132 Liquet
2260 2061 2436 2117 etiam
2464 2061 2790 2117 differentia
2831 2062 2984 2115 inter
3008 2064 3274 2115 nostrum
3302 2075 3393 2115 ca-

2041 2147 2248 2206 sum‚et
2268 2144 2531 2215 exempla
2554 2143 2614 2198 in
2628 2143 2982 2199 contrarium
2998 2140 3394 2206 adducta3nam

2044 2222 2293 2277 rationes
2320 2223 2529 2288 clerici,
2550 2228 2604 2279 et
2625 2222 2935 2295 conjugatae
2956 2226 3091 2277 sunt
3114 2220 3397 2293 adaequate

2044 2307 2160 2357 tam
2189 2301 2455 2373 explicite
2495 2319 2670 2375 quam
2697 2302 2980 2374 implicite
3024 2308 3185 2357 extra
3209 2315 3398 2356 essan-

2044 2382 2181 2451 tiam
2213 2383 2626 2455 mulieriS,qu⁵c
2648 2382 2984 2445 violatur,et
3011 2380 3383 2449 homiriis.qui

2043 2463 2407 2531 interficitur,
2448 2465 2928 2536 circumstantque
2968 2463 3079 2518 acri
3105 2461 3392 2515 tentaliter

2042 2545 2322 2619 objectum
2344 2570 2356 2611 ;
2385 2545 2533 2602 unde
2555 2545 2765 2601 habent
2787 2558 2876 2598 νβ’
2905 2557 2984 2599 zm
3007 2542 3388 2599 conditionem

2041 2626 2605 2682 circumstantiarum
2637 2668 2649 2689 ,
2717 2631 2770 2680 et
2824 2624 3238 2695 consequenter
3280 2635 3391 2676 non

2044 2707 2458 2764 transfundunt
2504 2707 2647 2762 actui
2681 2706 3096 2766 fornicationis,
3126 2711 3178 2758 et
3208 2702 3394 2759 homi·

2042 2789 2179 2845 cidii
2221 2791 2524 2863 specialem
2555 2789 2860 2847 malitiam.
2909 2788 3019 2842 nisi
3051 2801 3393 2859 cognoscan-

2042 2874 2156 2935 tur,
2180 2875 2236 2927 et
2258 2870 2450 2942 aliquo
2490 2867 2664 2925 modo
2688 2866 3064 2923 intendantur
3088 2866 3159 2921 ab
3180 2882 3266 2931 e0,
3295 2865 3388 2938 qui

2044 2951 2309 3024 praedicta
2343 2956 2562 3024 peccata
2590 2950 2913 3006 committit.
2947 2951 3230 3005 Caeterum
3255 2946 3392 3003 ratio

2045 3032 2318 3096 authoriS,
2348 3036 2405 3088 et
2451 3030 2582 3086 finis
2609 3030 3070 3102 supernaturalis
3110 3028 3393 3085 clauditur

2042 3115 2245 3169 saltem
2269 3112 2544 3183 implicite
2574 3113 2636 3167 in
2682 3110 2972 3181 adaequata
3016 3110 3271 3165 essentia
3298 3108 3390 3164 Dei

2043 3195 2319 3258 authoris,
2350 3199 2404 3249 et
2449 3191 2581 3248 finis
2625 3192 2920 3256 naturaliS,
2946 3207 3119 3263 quam
3163 3189 3394 3263 quilibet

2045 3291 2278 3350 peccans
2303 3275 2622 3347 cognoscit:
2663 3273 2924 3344 quocirca
2975 3286 3094 3327 non
3135 3287 3196 3327 se
3239 3269 3392 3326 habet

2046 3372 2147 3429 per
2173 3354 2409 3411 modum
2438 3353 2878 3410 circumstantiae
2924 3352 3179 3425 propriae
3218 3351 3386 3415 dictae,

2044 3435 2140 3492 sed
2179 3441 2264 3492 est
2291 3434 2539 3491 conditio
2564 3433 2871 3506 generaliS,
2902 3437 2957 3489 et
2994 3429 3390 3488 transcendens

2049 3520 2224 3573 Deum
2251 3517 2507 3589 graviter
2528 3515 2808 3570 offensum
2838 3539 2850 3579 ;
2896 3511 3271 3585 quamobrem
3303 3525 3390 3566 re-

2046 3597 2235 3653 fundit
2275 3598 2337 3652 in
2366 3601 2555 3652 actum
2605 3595 2811 3667 peccati
2866 3591 3387 3667 generalemetiam

2047 3679 2331 3736 malitiam
2395 3681 2593 3733 contra
2653 3680 2832 3732 Deum
2903 3673 3385 3747 supernaturalem

2048 3760 2366 3821 authorem,
2412 3763 2469 3814 et
2513 3756 2688 3813 finem
2717 3781 2730 3822 ;
2760 3773 2885 3829 quae
2931 3755 3175 3828 proinde
3201 3769 3310 3809 non
3333 3765 3388 3805 se

2049 3835 2298 3897 habet'ut
2323 3839 2585 3911 specialis
2607 3838 3036 3894 circumstantia
3060 3835 3281 3909 peccati,
3298 3829 3385 3887 sed

2048 3921 2332 3978 clauditur
2362 3920 2422 3975 in
2465 3918 2720 3991 qualibet
2761 3924 2982 3990 peccato
3003 3917 3190 3991 gravi.
3223 3910 3386 3969 Ethic

2048 4001 2282 4059 tandem
2312 4003 2490 4074 liquet
2512 3999 2668 4057 aliud
2695 3999 3008 4055 discrimen
3041 4021 3054 4064 ;
3086 4013 3220 4053 nam
3270 3994 3387 4050 licet

2049 4085 2265 4142 offensa
2316 4084 2539 4156 passiva
2590 4082 2898 4155 recipiatur
2932 4080 3143 4151 inipso
3170 4078 3380 4136 offenso,

2051 4170 2217 4237 atque
2243 4163 2369 4221 ideo
2414 4162 2629 4220 offensa
2677 4164 2774 4219 Dei
2831 4163 2889 4217 in
2943 4163 3073 4224 Deo,
3106 4165 3161 4216 et
3187 4157 3383 4215 offensa

2052 4244 2305 4302 hominis
2337 4242 2543 4305 ,clerici
2597 4243 2660 4297 in
2705 4242 2957 4297 clerico:
3009 4238 3376 4294 nihilominus

2051 4326 2266 4385 offensa
2287 4325 2384 4381 Dei
2418 4339 2644 4394 semper
2670 4321 3042 4397 gravificatur
3064 4337 3096 4376 a
3120 4319 3382 4392 Majestate

2054 4411 2153 4467 Dei
2176 4414 2236 4464 ut
2273 4406 2729 4479 supernaturalis
2757 4405 3033 4470 authoriS,
3062 4409 3117 4460 et
3144 4401 3307 4464 finis;
3334 4399 3381 4451 at

2053 4491 2267 4548 offensa
2288 4487 2541 4545 hominis
2587 4487 2779 4543 clerici
2808 4501 2926 4541 non
2959 4500 3186 4556 semper
3210 4478 3384 4557 gravi-

2054 4571 2253 4629 ficatur
2282 4587 2313 4626 a
2339 4568 2615 4642 dignitate
2666 4565 2941 4623 clericali.
2974 4567 3041 4621 Et
3066 4566 3210 4621 ratio
3236 4559 3380 4616 diffe-

2057 4653 2255 4709 rentiae
2302 4650 2543 4706 habetur
2570 4666 2642 4706 ex
2679 4648 2883 4713 dictis;
2927 4663 3065 4702 nam
3112 4647 3381 4714 conceptus

2057 4732 2331 4794 authoris,
2356 4736 2412 4786 et
2457 4730 2592 4786 finis
2639 4728 3099 4801 supernaturalis
3126 4722 3382 4782 clauditur

2057 4812 2441 4870 essentialiter
2483 4812 2545 4866 in
2571 4813 2702 4873 Deo,
2740 4823 2844 4864 nec
2883 4812 3064 4879 potest
3107 4822 3204 4878 per
3228 4803 3383 4890 dicta-¹

2059 4912 2194 4952 men
2219 4892 2470 4968 prudens
2514 4891 2584 4948 ab
2637 4892 2760 4963 ipso
2797 4887 3062 4946 excludi:
3114 4886 3257 4943 unde
3301 4896 3381 4955 qul

2060 4978 2241 5032 Deum
2262 4973 2520 5048 graviter
2541 4970 2799 5035 offendit,
2823 4968 3191 5025 laeditsaltem
3214 4977 3383 5022 conse-

2059 5055 2257 5128 quenti
2311 5054 2663 5125 Majestatem
2704 5051 2801 5107 Dei
2852 5055 2910 5103 ut
2954 5042 3384 5184 supernatgralis

3139 5146 3206 5186 au
3270 5139 3383 5184 oris,
