3647 5753
1394 420 1572 476 DISP.
1616 419 1710 486 v1,
1755 420 1926 477 DUB.
1972 421 2039 478 11.
2201 438 2204 441 ’
3020 428 3126 483 811

278 586 548 641 vavimus
599 587 741 661 disp.
785 590 843 654 2,
887 589 1015 645 dub.
1063 592 1243 647 unico.
1300 590 1460 655 Quod
1508 591 1641 648 licet

278 665 423 722 alibi
450 682 651 723 verum
671 668 889 737 babeat,
919 685 950 725 a
977 669 1206 728 fortiori
1230 670 1558 728 verificatur
1580 672 1644 726 in

284 753 481 804 nostro
526 764 698 804 casu:
747 755 870 805 tum
915 750 1054 824 quia
1099 750 1310 807 nullibi
1356 752 1644 824 reperitur

283 827 398 892 lex,
433 833 529 883 aut
558 835 806 900 pactum,
838 831 1046 904 quibus
1075 834 1221 889 Deus
1239 832 1481 889 salutem
1513 849 1645 905 pec-

279 911 492 967 catoris
545 914 877 984 promiserit
898 914 1050 987 justo
1098 916 1408 987 postulanti
1452 915 1638 981 illam,

280 998 339 1047 et
364 1008 467 1064 pro
487 1008 555 1050 ea
580 996 844 1067 operanti
871 1017 884 1052 :
928 994 986 1052 id
1032 1002 1223 1053 autem
1251 997 1399 1071 quod
1421 998 1558 1071 lege.
1588 1001 1645 1054 et

286 1078 444 1144 pacto
492 1075 591 1131 Dei
613 1074 911 1133 firmatum
942 1094 1059 1136 non
1095 1085 1196 1144 est,
1243 1093 1360 1135 non
1386 1079 1644 1151 sequitur

286 1153 700 1223 infallibiliter,
753 1158 850 1215 sed
894 1166 1071 1232 potest
1100 1159 1355 1217 absolute
1381 1159 1641 1218 deficere.

285 1234 432 1290 Tum
460 1234 595 1308 quia
633 1254 704 1295 ex
734 1242 992 1313 opposito
1013 1240 1194 1307 fieret,
1225 1257 1426 1299 omnes
1449 1257 1644 1314 pecca-

284 1322 454 1381 tores,
491 1335 592 1390 pro
617 1336 862 1393 quorum
885 1324 1068 1380 salute
1095 1328 1265 1381 orant
1280 1323 1439 1397 justi,
1475 1321 1643 1379 infal-

285 1398 532 1459 libiliter
552 1401 898 1476 justificari:
941 1406 1087 1479 quod
1127 1411 1210 1462 est
1250 1406 1489 1462 omnino
1530 1404 1641 1460 fal-

281 1496 432 1547 sum,
459 1487 515 1538 et
553 1489 753 1540 contra
781 1487 1232 1557 experientiam;
1266 1487 1457 1559 plures
1481 1484 1642 1542 enim

287 1568 621 1634 peccatoreS,
655 1580 901 1636 quorum
948 1566 1269 1624 remedium
1301 1567 1440 1640 justi
1488 1564 1643 1623 desi-

280 1646 504 1713 derant,
533 1657 904 1718 perseverant
929 1650 991 1706 in
1006 1655 1154 1706 statu
1178 1651 1407 1723 peccati,
1432 1649 1644 1708 etfina-

282 1730 419 1785 liter
459 1728 831 1786 damnantur.
886 1734 1034 1789 Tum
1094 1734 1287 1799 etiam,
1337 1732 1473 1806 quia
1513 1732 1644 1790 licet

282 1810 491 1865 merita
517 1811 815 1866 Justorum
843 1810 1094 1869 habeant
1138 1814 1210 1870 de
1248 1829 1308 1871 se
1352 1812 1643 1870 sufficien-

281 1891 423 1945 tiam
471 1889 541 1945 ad
580 1891 933 1950 causandum
980 1893 1049 1950 de
1094 1910 1348 1968 congruo
1384 1900 1641 1967 peccato-

281 1988 414 2028 rum
437 1972 702 2038 salutem,
729 1973 1119 2032 nihilominus
1142 1975 1436 2033 multoties
1462 1976 1643 2050 impe·

280 2051 543 2116 diuntur,
595 2067 668 2107 ne
715 2054 878 2111 illam
909 2055 1226 2112 efficaciter
1272 2060 1520 2122 causent,
1570 2055 1641 2113 ob

283 2135 541 2205 ipsorum
560 2138 916 2205 peccatorum
935 2136 1363 2209 impedimenta,
1386 2140 1447 2191 ut
1467 2136 1642 2211 signi-

75 2218 244 2307 Jeffim·
282 2212 532 2271 ficantur
570 2216 782 2272 Jerem.
839 2218 936 2276 14:
964 2216 1034 2275 Si
1052 2220 1295 2273 steterint
1335 2217 1567 2289 Moyses,
1590 2228 1640 2273 et

190 2297 200 2306 '
278 2293 511 2353 Samuel
537 2314 724 2351 coram
764 2315 866 2363 me,
915 2316 1025 2353 non
1068 2307 1145 2354 est
1184 2302 1377 2355 anima
1402 2316 1523 2354 mea
1567 2300 1643 2354 ad

278 2377 543 2449 populum
565 2380 751 2433 istum.
786 2379 945 2443 Quod
988 2380 1187 2436 accidit
1222 2396 1338 2437 non
1366 2380 1438 2439 ob
1464 2386 1641 2456 geile-

282 2458 465 2513 ralem
481 2458 868 2515 conditionem
879 2465 1057 2515 status
1069 2462 1296 2533 peccati,
1307 2463 1642 2535 haecquippe

284 2536 591 2609 impediret
608 2554 857 2611 semper,
890 2554 962 2596 ne
984 2542 1172 2598 oratio
1194 2540 1331 2615 justi
1365 2542 1639 2614 peccatori

285 2616 606 2689 prodesset;
638 2619 734 2676 sed
758 2618 829 2676 ob
850 2620 1153 2692 specialem
1170 2622 1461 2696 quandam
1483 2622 1641 2679 duri·

285 2702 445 2768 tiem,
488 2708 541 2761 et
590 2704 852 2761 affectum
895 2703 965 2759 ad
1006 2706 1372 2777 peccandum,
1407 2707 1638 2780 qualem

56 2780 249 2825 sousa.
284 2783 658 2840 ostendebant
686 2785 793 2849 illi,
815 2787 911 2857 qui
940 2785 1046 2843 Job
1068 2788 1168 2850 22,
1204 2789 1314 2844 Deo
1335 2787 1637 2845 dixerunt:

283 2862 480 2922 Recede
523 2885 556 2921 a
604 2866 775 2932 nobis,
817 2868 1105 2923 scientiam
1152 2871 1372 2925 viarum
1414 2876 1640 2926 tuarum

210 3007 229 3026 ·
281 2947 554 3002 nolumus.
588 2948 657 3003 Et
679 2947 755 3003 ita
780 2946 926 3003 forte
947 2963 1007 3006 se
1029 2949 1202 3023 gessit
1223 2950 1513 3014 Salomon,
1536 2950 1640 3022 p‘ro

280 3027 440 3098 cujus
466 3027 649 3083 salute
676 3033 896 3083 certum
924 3033 1028 3092 est,
1060 3028 1492 3084 sanctissimum
1519 3030 1641 3102 ejus

282 3113 502 3178 patrem
524 3123 714 3165 orasse
738 3133 752 3176 ;
784 3110 1021 3167 colendo
1048 3111 1206 3165 enim
1251 3109 1422 3174 idola,
1448 3113 1505 3164 et
1525 3110 1641 3165 alia

283 3187 450 3246 valde
479 3206 687 3265 magna
731 3193 948 3249 scelera
994 3191 1292 3265 patrand0,
1336 3189 1641 3263 impedivit

282 3271 560 3327 orationis
608 3278 861 3344 paternae
896 3272 1223 3337 efficaciam,
1272 3277 1329 3327 et
1359 3275 1420 3326 ut
1447 3272 1641 3344 plures

283 3352 504 3415 volunt,
536 3350 842 3407 damnatus
870 3357 971 3407 est.
998 3354 1112 3408 Hoc
1139 3353 1450 3425 suppositO.

54 3440 254 3482 occurrt-
343 3431 435 3485 30.
467 3429 552 3484 Ad
575 3433 819 3502 primam
842 3429 1215 3503 objectionem
1241 3429 1633 3503 respondetur,

77 3494 241 3591 stiffi.
287 3511 591 3582 praemium
636 3512 698 3568 in
737 3512 897 3584 cujus
956 3509 1360 3571 distributione
1400 3511 1641 3568 attendit

285 3592 433 3646 Deus
459 3588 529 3644 ad
558 3606 733 3662 opera
760 3592 1205 3663 uniuscujusque
1241 3592 1492 3664 propria,
1518 3607 1640 3649 esse

283 3672 587 3744 praemium
628 3673 930 3729 essentiale
967 3680 1194 3729 aeternae
1244 3671 1633 3738 beatitudinis,

278 3754 431 3827 quod
452 3755 630 3811 adulti
658 3756 1064 3821 communiter,
1091 3762 1144 3811 et
1164 3771 1262 3828 per
1282 3773 1343 3814 se
1356 3754 1640 3831 loquendo

282 3851 401 3892 non
428 3843 828 3910 assequuntur,
857 3836 970 3908 nisi
1001 3852 1103 3910 per
1131 3838 1338 3894 merita
1381 3836 1634 3911 propria,

278 3920 336 3970 et
376 3918 683 3988 quantitati
732 3917 961 3990 proemii
1003 3917 1451 3989 proportionata.
1496 3916 1638 3970 Cum

280 3998 386 4053 hoc
412 4000 608 4054 tamen
652 4008 800 4057 recte
824 3999 1085 4063 cohaeret,
1129 3998 1277 4071 quod
1318 3999 1462 4055 sicut
1495 4001 1641 4054 Deus

281 4081 504 4137 confert
534 4082 808 4153 peccatori
829 4083 1076 4154 gratiam
1100 4084 1341 4140 omnino
1362 4082 1559 4158 gratiS,
1584 4085 1641 4137 et

284 4161 740 4235 independenter
761 4161 831 4219 ab
851 4165 973 4237 ejus
996 4164 1249 4224 meritis:
1282 4163 1360 4220 ita
1382 4164 1641 4235 aliquan-

282 4243 356 4302 do
384 4245 709 4318 praedictam
752 4247 996 4319 gratiam
1026 4246 1078 4301 ei
1105 4244 1359 4302 conferat
1381 4246 1634 4310 allectus,

280 4335 339 4383 et
364 4334 553 4384 motus
593 4328 831 4386 alterius
853 4329 991 4403 justi
1031 4328 1295 4384 meritis:
1345 4342 1471 4400 quae
1510 4343 1639 4383 cum

284 4407 355 4464 ad
386 4408 717 4480 praedictum
766 4407 941 4467 finem
982 4408 1346 4473 ordinentur,
1377 4406 1640 4483 congruit

285 4496 348 4544 ut
375 4489 564 4561 ipsum
595 4490 909 4547 obtineant.
963 4493 1073 4546 Per
1119 4490 1223 4546 hoc
1268 4488 1478 4561 quippe
1524 4504 1640 4545 non

286 4569 617 4642 impeditur,
643 4570 792 4643 quod
822 4576 1078 4644 peccator
1106 4574 1261 4626 actus
1285 4569 1495 4634 eliciat,
1520 4569 1641 4642 qui-

287 4653 392 4708 bus
414 4651 483 4707 ad
506 4652 972 4725 justificationem
988 4670 1048 4709 se
1070 4657 1368 4725 praeparet,
1396 4655 1451 4708 et
1471 4652 1641 4709 dein-

284 4751 414 4808 ceps
436 4735 618 4808 legem
647 4734 926 4803 observet,
947 4741 1001 4792 et
1024 4736 1202 4790 vitam
1226 4740 1501 4790 aeternam
1526 4749 1644 4790 me-

289 4821 487 4874 reatur
524 4838 536 4872 :
603 4818 750 4890 quod
778 4871 779 4874 ,
811 4820 947 4876 satis
1018 4824 1102 4875 est
1162 4816 1230 4873 ad
1291 4815 1643 4873 verificanda

285 4899 596 4972 Scripturae
638 4899 984 4966 testimonia,
1028 4914 1153 4972 quoe
1195 4897 1256 4954 in
1285 4899 1641 4956 contrarium

284 4981 657 5056 objiciuntur.
1430 5052 1435 5058 g

362 5055 447 5110 Ad
487 5058 778 5113 secundam
808 5057 1122 5115 omittendo
1163 5055 1502 5130 praemissas,
1537 5071 1643 5112 ne-

1775 589 1967 664 ganda
2006 597 2091 650 est
2126 597 2562 667 consequentia;
2606 611 2741 651 nam
2784 595 2915 652 licet
2948 596 3339 670 iustusnnuitur

1778 677 2023 744 nequeat
2046 674 2157 732 sibi
2174 676 2423 748 primam
2444 677 2689 751 gratiam
2706 677 2938 742 mereri,
2960 691 3132 750 quam
3145 660 3345 705 secunda.

1776 752 1913 808 aliis
1957 759 2216 812 meretur
2254 756 2325 813 de
2370 773 2653 832 congrum
2700 755 2885 813 adbuc
2937 762 3132 814 tamen

1779 834 2037 893 absolute
2062 839 2341 916 majorem
2381 838 2685 896 efficaciam
2736 839 3000 896 merendi
3028 855 3135 895 ex-

1779 915 1951 987 plicat
1973 916 2035 972 in
2055 917 2259 976 ordine
2281 918 2351 975 ad
2380 919 2617 991 praemia
2635 918 2747 974 sibi
2764 917 3127 983 conferenda,

1777 1012 1949 1069 quam
1979 997 2048 1054 ad
2076 998 2418 1057 conferenda
2445 1000 2595 1057 aliis.
2628 999 2746 1055 Sibi
2771 1000 2929 1057 enim
2953 1015 3135 1058 mere·

1778 1081 1874 1133 tur
1918 1077 1989 1135 de
2042 1079 2325 1154 condigno
2380 1085 2751 1157 augmentum
2803 1081 3021 1154 gratim.
3078 1086 3134 1138 et

1777 1162 2055 1215 aeternam
2081 1158 2492 1218 beatitudinem
2515 1161 2908 1218 infallibiliter
2928 1177 2998 1217 ex
3012 1176 3134 1233 spe·

1776 1238 1912 1295 ciali
1927 1239 2151 1313 justitia
2173 1240 2547 1309 retributiva;
2578 1241 2708 1298 aliis
2732 1248 2920 1299 autem
2944 1244 3131 1298 solum

1775 1317 1848 1374 de
1871 1335 2121 1395 congruo
2148 1326 2329 1392 potest
2354 1323 2566 1378 mereri
2600 1323 2847 1395 gratiam
2881 1321 3129 1378 dandam

1777 1396 1989 1470 absque
2052 1398 2496 1468 infallibilitate,
2562 1408 2618 1456 et
2678 1401 2806 1458 sine
2869 1402 3132 1474 specialis

1770 1480 2010 1556 justitiae
2071 1482 2259 1547 titulo,
2304 1483 2403 1541 sed
2447 1500 2518 1540 ex
2556 1484 2680 1539 sola
2721 1483 2990 1541 amicitiae
3028 1485 3132 1542 ho-

1779 1565 2016 1620 nestate.
2049 1563 2231 1620 Multo
2266 1570 2456 1620 autem
2506 1563 2785 1636 maiorem
2835 1565 3127 1632 virtutem,

1776 1650 1834 1703 et
1858 1644 2165 1702 efficaciam
2192 1645 2436 1719 explicat
2457 1646 2604 1702 illud
2633 1648 2809 1720 prius,
2834 1663 3005 1719 quam
3029 1649 3131 1707 boc

1777 1728 2077 1802 posterius,
2106 1734 2167 1784 ut
2192 1728 2263 1785 de
2288 1744 2347 1785 se
2367 1733 2604 1785 constat.
2633 1731 2711 1785 Eo
2731 1730 2824 1785 vel
2853 1733 3126 1797 maxime,

1775 1808 1927 1884 quod
1973 1809 2313 1882 impotentia
2365 1811 2485 1875 illa,
2518 1828 2628 1884 qua
2674 1812 2947 1868 meritum
2990 1814 3131 1887 justi

1776 1891 1975 1964 nequit
1999 1906 2060 1946 se
2084 1889 2392 1948 extendere
2414 1891 2483 1947 ad
2512 1892 2853 1950 merendum
2877 1892 3129 1965 primam

1773 1971 2021 2046 gratiam
2049 1971 2316 2047 subjecto,
2367 1972 2457 2028 cui
2512 1972 2678 2038 inest,
2711 1988 2827 2030 non
2863 1976 3130 2047 provenit

1772 2067 1846 2108 ex
1865 2050 2083 2108 defectu
2112 2050 2329 2109 valoris
2370 2052 2433 2108 in
2462 2056 2606 2117 actu,
2640 2051 2738 2108 sed
2777 2055 2912 2126 quia
2937 2054 3127 2111 indis-

1776 2130 2148 2204 pensabiliter
2195 2131 2521 2204 praedictam
2549 2133 2797 2206 gratiam
2838 2134 3127 2207 supponit,

1773 2227 1945 2287 quam
1994 2211 2233 2284 proinde
2274 2212 2472 2284 nequit
2516 2213 2814 2269 meritorie
2854 2231 3128 2273 causare:

1773 2308 1898 2364 quae
1927 2292 2072 2348 ratio
2099 2307 2217 2348 non
2244 2292 2459 2348 militat
2485 2292 2547 2347 in
2576 2293 2764 2365 prima
2790 2295 2975 2368 gratia
2997 2296 3130 2352 aliis

1773 2370 2137 2429 conferenda.

1848 2453 1933 2509 Ad
1962 2457 2183 2509 tertiam
2228 2451 2533 2509 dicendum
2580 2459 2679 2521 est,
2717 2456 2936 2530 justum
2980 2462 3130 2516 recte
3147 2482 3334 2528 somn„

1774 2540 2108 2607 operantem
2155 2549 2274 2590 non
2322 2549 2481 2607 posse
2530 2549 2591 2590 se
2636 2536 2870 2607 privare
2920 2540 3130 2597 merito
3177 2534 3319 2578 ‘effi’-
3385 2531 3407 2577 ‘-

1774 2617 2115 2689 simpliciter
2136 2615 2257 2683 tali,
2289 2615 2438 2688 quod
2466 2621 2551 2672 est
2579 2617 2850 2675 meritum
2893 2619 2962 2677 de
2989 2637 3128 2679 con-

1774 2698 1948 2774 digno
1993 2705 2221 2756 aeternae
2268 2696 2676 2765 beatitudinis;
2724 2699 2877 2756 istud
2920 2704 3131 2777 quippe

1772 2778 2086 2837 secundum
2133 2777 2565 2851 dispositionem
2598 2782 2892 2852 praesentis
2934 2785 3133 2855 provi-

1772 2859 1982 2918 dentiae
2008 2859 2207 2933 nequit
2233 2858 2366 2916 aliis
2386 2860 2695 2934 applicare.
2728 2864 2916 2920 Potest
2941 2869 3133 2921 tamen

1772 2957 1834 2998 se
1862 2942 2093 3014 privare
2115 2941 2405 3014 aliquibus
2427 2942 2703 3014 praemiis,
2735 2959 2859 3014 quae
2897 2942 2968 2997 de
2994 2961 3134 3001 con-

1772 3040 1916 3098 gruo
1944 3026 2168 3079 tantum
2191 3028 2480 3090 meretur;
2525 3022 2682 3079 decet
2708 3023 2867 3080 enim
2899 3028 2960 3078 ut
2988 3027 3134 3081 Deus

1774 3107 2036 3174 acceptet,
2089 3106 2145 3158 et
2200 3107 2532 3158 remuneret
2582 3117 2756 3173 opera
2809 3103 2968 3175 justi,
3016 3121 3134 3161 non

1772 3185 1961 3241 solum
2002 3185 2056 3240 ei
2083 3181 2432 3240 conferendo
2472 3182 2796 3254 praemium,
2827 3183 2925 3241 sed
2973 3201 3134 3241 com-

1774 3264 2125 3321 municando
2151 3264 2326 3321 etiam
2355 3262 2488 3317 aliis
2528 3263 2677 3320 bona
2713 3263 2879 3337 juxta
2906 3264 3132 3324 deside-

1776 3345 1952 3411 rium,
2002 3349 2058 3401 et
2098 3345 2439 3406 orationem,
2491 3348 2658 3416 atque
2690 3346 3129 3418 applicationem

1769 3426 1931 3499 justi.
1981 3427 2094 3480 Nec
2137 3440 2206 3481 ex
2253 3424 2355 3479 hac
2402 3423 2595 3480 meriti
2644 3423 3032 3492 distractione,
3078 3432 3134 3484 et

1772 3504 2106 3561 extensione
2115 3504 2300 3577 justus
2318 3501 2529 3575 patitur
2551 3503 2782 3576 aliquod
2811 3503 3132 3562 detrimen-

1774 3591 1917 3650 tum,
1946 3589 2040 3642 aut
2083 3583 2530 3639 diminutionem
2560 3583 2622 3637 in
2652 3585 2860 3640 merito
2881 3583 2948 3642 de
2992 3602 3132 3642 con-

1773 3666 1948 3741 digno
1976 3671 2227 3736 respectu
2277 3663 2499 3736 praemii
2546 3664 2899 3733 essentialis;
2952 3665 3131 3722 immo

1773 3749 2047 3804 meritum
2092 3750 2274 3819 auget,
2318 3744 2452 3816 quia
2479 3745 2595 3799 haec
2616 3743 2922 3812 ordinatio,
2950 3752 3004 3803 et
3025 3764 3129 3821 ap-

1775 3830 2004 3902 plicatio
2033 3828 2096 3884 fit
2115 3828 2500 3884 communiter
2527 3842 2625 3898 per
2654 3832 2839 3882 actum
2874 3828 3125 3886 charita-

1773 3912 1866 3978 tis,
1898 3910 1994 3982 qui
2035 3914 2120 3966 est
2161 3924 2375 3965 novum
2423 3907 2696 3963 meritum
2725 3907 2795 3963 de
2819 3908 3120 3984 condigno,

1774 3998 1835 4048 ut
1881 3992 2094 4065 optime
2140 3990 2328 4047 docuit
2364 3991 2430 4044 D.
2459 3989 2662 4046 Thom.
2695 3992 2755 4043 in
2781 3991 2831 4052 4,
2857 3990 2983 4048 dist.
3029 3995 3120 4058 20,
3143 4002 3192 4042 D.
3209 4002 3310 4045 rho.

1772 4084 1951 4153 φησει.
1993 4078 2037 4140 l,
2063 4082 2172 4130 art.
2215 4075 2258 4139 l,
2285 4074 2596 4150 quaestitmc.
2628 4072 2662 4126 3
2701 4072 2776 4126 ad
2798 4071 2850 4135 3,
2878 4072 2974 4128 ubi
3005 4075 3086 4131 ait
3113 4098 3124 4130 ι

1774 4157 2075 4213 Dicendum
2104 4155 2246 4233 quod
2278 4155 2336 4208 in
2356 4153 2620 4208 solutione
2639 4151 2804 4208 debiti
2824 4156 3128 4210 attenditur

1772 4241 2057 4316 quantitas
2102 4254 2286 4309 poenae,
2330 4235 2421 4290 sed
2473 4236 2531 4287 in
2577 4235 2768 4289 merito
2823 4238 3128 4291 attenditur

1772 4320 1947 4374 radim
1972 4319 2282 4374 charitati&
2333 4314 2410 4372 Et
2438 4316 2554 4370 ideo
2583 4314 2691 4381 ille,
2721 4318 2817 4393 qui
2842 4334 2912 4370 εει*
2938 4317 3129 4372 chari-

1773 4407 1883 4454 tate
1897 4417 1999 4472 pro
2027 4398 2138 4452 alio
2159 4404 2411 4462 meretur,
2442 4396 2636 4450 saltem
2663 4399 2853 4452 merito
2881 4400 3124 4467 conyrui,

1772 4485 1938 4537 etiam
1964 4481 2068 4536 sibi
2089 4483 2262 4550 mayis
2291 4485 2552 4545 meretur;
2579 4497 2684 4533 non
2708 4485 2889 4533 autem
2916 4482 3013 4556 qui
3029 4497 3128 4552 pro

1773 4564 1886 4619 alio
1929 4564 2225 4636 satisfacit,
2274 4578 2375 4639 pro
2413 4579 2465 4616 se
2504 4562 2797 4632 satisfacit,
2848 4563 2979 4638 quia
3028 4560 3127 4618 illa

1774 4644 2060 4720 quantitas
2099 4659 2266 4714 poenae
2304 4658 2412 4695 non
2462 4641 2665 4713 sufficit
2714 4641 2788 4694 ad
2840 4647 3129 4717 utrumque

1766 4733 2070 4798 peccatum,
2091 4731 2185 4780 etc.
2211 4723 2596 4796 Hieronymus
2612 4729 2822 4787 autem,
2844 4724 3118 4788 HilariuS,
3143 4749 3192 4788 Ι),
3217 4750 3298 4790 nio,
3335 4782 3346 4791 ,

1774 4811 1831 4862 et
1880 4806 1980 4862 alii
2035 4807 2249 4871 PatreS,
2309 4804 2406 4877 qui
2449 4804 2550 4861 illa
2595 4804 2903 4877 virginum
2953 4803 3127 4861 verba
3153 4798 3205 4839 D.
3227 4798 3300 4841 ΗΠ

1777 4888 2034 4945 referunt
2063 4886 2131 4943 ad
2161 4885 2453 4952 meritum,
2490 4887 2802 4958 loquuntur
2827 4885 2897 4941 de
2919 4887 3128 4942 merito

1775 4970 2007 5041 proprie
2047 4967 2214 5031 dicto,
2253 4972 2309 5022 et
2356 4970 2605 5038 respectu
2662 4965 2884 5036 praemii
2932 4983 3126 5023 essen—

1777 5052 1953 5116 tialis,
1979 5051 2040 5105 in
2069 5049 2271 5106 ordine
2299 5048 2367 5104 ad
2395 5047 2543 5122 quod
2572 5047 2903 5105 immediate
2930 5065 3120 5106 conse-
