3647 5753
412 319 526 376 622
1049 319 1143 375 DE
1182 317 1787 375 DISPOSITIONIBUS
1827 317 1923 373 AD
1959 317 2624 378 JUSTIFICATIONEM.

417 485 504 559 pii
524 486 991 561 justificationem
1013 494 1380 547 concurrunt.
1405 492 1543 547 Eam
1560 494 1771 560 autem,

198 584 382 629 nno.
418 569 654 642 ejusque
701 572 983 629 rationem
1013 572 1189 629 tradit
1216 576 1278 631 D.
1324 574 1528 631 Thom.
1573 580 1686 629 art.
1714 574 1770 639 6,

415 649 509 706 his
570 650 804 707 verbis:
861 674 887 700 ἰ
931 653 1264 720 Dicendum,
1321 653 1473 727 quod
1529 658 1776 727 quatuor

417 751 444 782 α
485 737 922 800 enumerantur,
967 750 1091 807 quae
1118 736 1494 808 requiruntur
1515 734 1584 792 ad
1601 735 1774 809 justi-

421 835 448 864 «
489 812 815 872 ficationem
846 816 1033 890 impii,
1058 819 1271 875 scilicet
1298 820 1497 893 gratiae
1531 818 1768 886 infusio,

420 918 446 948 (ι
486 901 676 955 motus
702 898 869 955 liberi
899 898 1129 955 arbitrii
1152 900 1215 956 in
1245 903 1424 958 Deum
1449 917 1548 974 per
1573 899 1769 969 fidem,

426 1001 450 1031 ιι
493 984 549 1037 et
596 986 785 1037 motus
812 981 981 1039 liberi
1011 981 1241 1039 arbitrii
1271 983 1333 1039 in
1365 988 1672 1056 peccatum,
1718 988 1774 1040 et

421 1083 448 1115 α
495 1063 758 1122 remissio
808 1065 1021 1137 culpae.
1074 1067 1243 1140 Cujus
1290 1066 1436 1123 ratio
1487 1071 1606 1145 est„
1638 1065 1774 1139 quia

428 1165 455 1196 «
496 1144 642 1200 sicut
662 1144 875 1203 dictum
898 1151 982 1204 est
1004 1151 1111 1204 art.
1130 1150 1143 1203 l
1160 1192 1173 1216 ,
1196 1147 1526 1223 justificatio
1546 1154 1632 1205 est
1651 1148 1773 1221 qui-

422 1245 449 1277 «
494 1223 628 1282 dam
658 1233 865 1293 motuS,
904 1244 1015 1301 quo
1038 1228 1236 1285 anima
1262 1236 1524 1288 movetur
1546 1246 1579 1288 a
1600 1233 1712 1287 Deo
1740 1245 1772 1286 a
1810 1291 1813 1294 ,

422 1326 449 1357 «
489 1311 637 1363 statu
668 1309 845 1381 culpae
871 1309 936 1365 in
975 1315 1185 1367 statum
1204 1312 1455 1385 justitiae.
1490 1314 1554 1369 ln
1580 1311 1771 1385 quoli-

426 1409 453 1440 α
496 1386 590 1444 bet
641 1393 831 1445 autem
871 1397 1048 1458 motu,
1093 1408 1204 1465 quo
1231 1392 1449 1466 aliquid
1479 1392 1548 1450 ab
1589 1395 1771 1450 altero

420 1491 445 1521 «
487 1471 887 1539 movetur,tria
905 1473 1297 1546 requiruntur.
1319 1475 1517 1532 Primo
1538 1474 1771 1548 quidem

420 1572 445 1601 α
491 1551 670 1608 motio
717 1553 899 1626 ipsius
926 1556 1211 1613 moventis
1245 1578 1258 1613 ε
1309 1554 1555 1612 secundo
1583 1562 1772 1613 motus

425 1654 450 1685 α
494 1634 728 1690 mobilis
755 1657 768 1690 ε
794 1637 961 1693 tertio
985 1639 1403 1696 consummatio
1432 1642 1634 1706 motus,
1649 1638 1773 1698 sive

422 1737 449 1767 «
496 1718 796 1788 perventio
823 1718 893 1775 ad
916 1717 1113 1777 finem.
1140 1723 1224 1777 Ex
1253 1727 1411 1795 parte
1440 1722 1615 1796 igitur
1643 1738 1772 1779 mo-

428 1816 454 1848 «
499 1795 672 1853 tionis
715 1797 931 1857 divinae
971 1799 1246 1873 accipitur
1284 1802 1485 1876 gratiae
1513 1802 1767 1869 infusi03

434 1899 460 1929 «
501 1891 571 1934 ex
599 1884 760 1949 parte
812 1896 948 1937 vero
976 1880 1145 1938 liberi
1187 1881 1413 1939 arbitrii
1441 1883 1582 1941 moti
1623 1884 1772 1940 acci-

435 1980 462 2013 ιι
505 1960 745 2033 piuntur
766 1961 877 2020 duo
898 1970 1086 2022 motus
1117 1965 1298 2038 ipsius
1336 1966 1648 2024 secundum
1687 1983 1773 2025 re·

423 2061 448 2092 α
489 2055 708 2097 cessum
745 2058 778 2098 a
807 2044 1057 2102 termino
1102 2061 1135 2101 a
1159 2061 1288 2119 qu0,
1315 2051 1371 2102 et
1397 2062 1678 2103 accessum
1701 2045 1770 2103 ad

421 2144 447 2175 «
487 2138 677 2195 quem.
729 2126 1160 2185 consummatio
1206 2135 1418 2196 autem,
1462 2130 1584 2186 sive
1638 2146 1773 2203 per-

421 2227 446 2257 «
490 2206 687 2264 ventio
713 2207 783 2264 ad
807 2210 1125 2266 terminum
1155 2211 1323 2285 hujus
1344 2220 1531 2270 motus
1559 2214 1773 2286 impor-

426 2309 452 2339 α
494 2291 650 2345 tatur
697 2306 798 2362 per
854 2293 1256 2350 remissionem
1299 2293 1517 2368 culpae3
1562 2295 1626 2351 in
1668 2295 1774 2354 hoc

420 2388 446 2419 α
488 2369 649 2425 enim
694 2371 1027 2445 justificatio
1073 2384 1544 2434 consummatur.
1591 2397 1617 2429 >2
1688 2378 1774 2433 Ex

418 2447 627 2520 quibus
656 2451 850 2525 liquet,
876 2461 1120 2526 quatuor
1140 2473 1209 2514 ex
1230 2459 1515 2515 sententia
1532 2459 1597 2514 D.
1627 2458 1773 2516 Tho-

413 2544 523 2585 mae
567 2530 630 2586 in
671 2534 1078 2605 justificatione
1118 2538 1286 2611 impii
1327 2539 1684 2596 intervenire
1716 2544 1773 2596 et

415 2607 569 2664 hunc
589 2611 857 2670 ordinem
897 2633 1130 2675 servare
1151 2618 1303 2676 inter
1328 2636 1406 2685 se,
1441 2635 1649 2694 nempe
1676 2622 1773 2677 in-

416 2687 701 2748 fusionem
741 2697 957 2768 gratiae,
1013 2704 1200 2755 actum
1246 2700 1563 2766 charitatis,
1600 2718 1771 2773 quem

413 2770 470 2826 S.
502 2772 703 2830 Doctor
753 2783 915 2834 vocat
960 2784 1180 2835 motum
1230 2781 1399 2838 liberi
1429 2781 1660 2839 arbitrii
1707 2785 1772 2841 in

415 2851 602 2909 Deum
634 2871 735 2929 per
779 2855 952 2916 fidem
985 2885 1000 2928 ς
1033 2867 1220 2919 actum
1262 2864 1633 2937 poenitentiae,
1673 2884 1771 2925 seu

412 2937 794 3007 contritioniS,
844 2958 1013 3014 quem
1042 2946 1291 3017 appellat
1334 2953 1556 3006 motum
1600 2949 1772 3008 liberi

424 3017 657 3078 arbitrii
686 3024 748 3080 in
788 3031 1076 3098 peccatum
1100 3051 1116 3096 ;
1144 3034 1201 3086 et
1248 3030 1453 3088 ultimo
1476 3033 1774 3093 remissio-

418 3114 552 3157 nem
580 3105 780 3178 culpae.

217 3208 388 3249 Praeno-
494 3176 641 3232 Sunt
656 3184 849 3237 tamen
869 3182 1017 3241 circa
1035 3185 1152 3243 haec
1173 3186 1377 3260 aliquas
1393 3186 1767 3248 difficultates.

241 3254 365 3357 ‘333³
426 3254 538 3313 Pro
559 3274 805 3330 quarum
836 3266 1182 3325 resolutione
1210 3268 1644 3341 praenotandum
1665 3276 1767 3339 est,

224 3352 381 3398 inteni-
414 3340 882 3413 justificationem
917 3348 1085 3422 impii
1109 3352 1423 3425 importare
1450 3369 1648 3410 veram
1678 3371 1774 3412 re-

224 3402 389 3496 ffffl‘i's
426 3421 784 3489 missionem,
817 3432 873 3483 et
917 3426 1358 3489 destructionem
1390 3440 1769 3505 peccatorum,

235 3511 381 3594 egglffl
431 3508 494 3558 ut
543 3509 740 3563 contra
786 3510 1155 3581 Lutheranos,
1185 3519 1242 3571 et
1296 3515 1438 3571 alios
1483 3516 1775 3575 haereticos

224 3561 380 3657 ius-un·
418 3585 775 3644 ostendimus
812 3591 954 3666 disp.
980 3596 1033 3652 2.
1079 3598 1205 3655 dub.
1241 3599 1287 3652 l.
1328 3596 1546 3656 Deinde
1565 3606 1650 3656 est
1669 3599 1776 3657 ob-

218 3654 392 3743 gggffi‘}
422 3667 793 3736 servandum,
825 3673 973 3744 quod
995 3678 1061 3731 D.
1109 3679 1313 3740 Thom.
1374 3684 1435 3737 in
1479 3698 1537 3736 eo
1576 3688 1687 3736 art.
1713 3683 1769 3748 6,

242 3754 352 3792 rum.
424 3761 541 3803 non
570 3750 818 3809 intendit
856 3758 1160 3829 explicare,
1186 3764 1335 3835 quod
1360 3763 1623 3822 remissio
1648 3764 1775 3819 cul-

430 3845 517 3920 pae·
540 3833 867 3924 requiratur
894 3837 964 3894 ad
992 3840 1157 3914 impii
1179 3844 1645 3918 justificationem
1672 3860 1685 3907 ;
1715 3846 1774 3903 id

422 3924 583 4002 enim
601 3929 721 3987 Jam
752 3915 1019 3976 docuerat
1043 3940 1216 3997 supra
1236 3934 1346 3984 art.
1387 3929 1431 3992 l,
1458 3926 1556 3984 sed
1577 3927 1774 3984 inten-

423 3989 507 4084 dit
535 4008 840 4085 exponere,
895 4002 1143 4073 qualiter
1169 4009 1433 4067 remissio
1466 4009 1674 4081 peccati
1703 4008 1772 4066 ad

413 4073 879 4167 justificationem
900 4099 961 4140 se
1007 4084 1231 4156 habeat,
1262 4095 1318 4147 et
1362 4092 1590 4164 qualem
1621 4090 1774 4149 inter

422 4158 540 4249 alia
586 4161 858 4233 requisita
913 4166 1178 4227 ordinem
1230 4176 1439 4229 servet.
1508 4172 1774 4232 Praeterea

427 4237 523 4295 hic
552 4248 1123 4331 ‘praesupponendum
1173 4259 1278 4321 est,
1348 4250 1498 4325 quod
1557 4253 1773 4314 infusio

416 4325 634 4411 gratim,
685 4330 739 4381 et
767 4329 1031 4388 remissio
1076 4335 1255 4407 culpae
1274 4332 1553 4390 suntduae
1580 4341 1772 4393 muta-

417 4406 601 4459 tiones
625 4408 826 4477 reales,
853 4417 910 4467 et
939 4414 1172 4472 realiter
1194 4417 1348 4473 inter
1374 4429 1434 4471 se
1457 4413 1768 4478 distinctaez

416 4483 566 4557 quod
593 4503 662 4543 ex
686 4490 937 4562 professo
957 4497 1320 4555 ostendemus
1338 4498 1478 4571 disp.
1505 4516 1613 4576 seq.
1638 4500 1769 4559 dub.

426 4567 471 4621 l.
505 4569 746 4641 Insuper
770 4578 903 4629 nota
925 4577 989 4632 D.
1017 4578 1299 4635 Thomam
1326 4594 1651 4637 sermonem
1680 4582 1770 4639 fa-

412 4663 540 4743 cere
567 4649 637 4708 de
679 4652 786 4721 his,
831 4674 955 4730 quae
1002 4658 1333 4727 intrinsece,
1378 4665 1435 4718 et
1480 4660 1543 4718 in
1570 4661 1768 4720 eodem

413 4736 652 4791 instanti
688 4737 1112 4811 justificationis
1146 4760 1246 4817 per
1273 4760 1334 4802 se
1376 4752 1765 4813 concurrunt3

410 4815 636 4874 sienim
654 4819 767 4877 alia
794 4824 1134 4892 extrinseca,
1155 4832 1209 4883 et
1231 4826 1624 4885 antecedentia
1638 4843 1769 4885 con·

410 4898 759 4970 siderentur,
800 4907 1117 4980 cujusmodi
1168 4915 1303 4967 sunt
1348 4912 1540 4983 plures
1580 4916 1770 4967 motus

411 4980 751 5057 imperfecti,
799 4992 1016 5045 certum
1046 4995 1146 5058 est,
1198 4991 1345 5064 quod
1371 4993 1558 5065 plura,
1593 5008 1768 5065 quam

1908 486 2182 562 praedicta
2231 493 2492 563 quatuor,
2548 490 2736 547 solent
2775 489 2839 546 in
2861 487 3273 563 justificatione

1907 572 2283 629 intervenire.
2317 572 2482 630 Unde
2526 571 2712 630 obiter
2737 572 3062 629 excluditur
3106 571 3270 645 Caje-
3294 589 3496 644 cmm.

1907 656 2076 706 tanus
2103 654 2164 706 in
2209 660 2490 708 comment.
2540 653 2616 708 ad
2660 652 2816 710 Rom.
2868 653 2921 718 3,
2955 666 3126 723 super
3161 653 3271 708 illa

1908 732 2085 790 verba
2116 754 2129 789 ε
2158 732 2460 806 Justificati
2481 737 2662 806 gyratis
2682 751 2782 808 per
2806 734 2984 806 fidem,
3023 741 3121 790 etc.
3168 732 3272 790 uhi

1907 821 2113 887 praeter
2134 822 2378 889 quatuor
2403 833 2578 890 supra
2618 818 2798 874 relata
2823 820 3128 873 enumerat
3142 815 3270 890 jus—

1906 896 2094 952 titiam
2122 897 2351 965 Christi,
2404 898 2564 971 cujus
2602 899 2818 955 virtute
2843 896 3226 971 justificamur
3253 917 3272 952 ι

1906 992 2043 1033 nam
2067 978 2280 1035 Christi
2302 979 2526 1053 justitia
2541 979 2862 1036 extrinseca
2882 983 2984 1044 est,
3011 983 3067 1035 et
3080 978 3269 1034 solum

1906 1075 2011 1116 nos
2037 1058 2353 1117 sanctificat
2376 1060 2633 1119 effective
2660 1061 2981 1128 moraliter,
3006 1066 3064 1116 ut
3090 1075 3270 1132 expo-

1903 1141 2127 1196 suimus
2146 1142 2289 1214 disp.
2326 1143 2382 1208 2,
2425 1141 2553 1199 dub.
2595 1145 2641 1208 1,
2673 1160 2830 1197 num.
2886 1142 2976 1197 35.
3010 1140 3270 1197 Tandem

1903 1228 1988 1279 est
2008 1221 2453 1288 observandum,
2479 1222 2628 1295 quod
2645 1237 2957 1296 processus,
2983 1223 3107 1278 sive
3127 1220 3270 1279 ordo

1906 1308 2165 1375 repertus
2192 1304 2344 1359 inter
2372 1303 2644 1375 requisita
2666 1303 2983 1359 intrinseca
3006 1301 3076 1359 ad
3103 1302 3269 1378 justi·

1904 1383 2249 1455 ficationem,
2284 1391 2463 1460 potest
2490 1385 2840 1444 considerari
2885 1387 2977 1443 vel
3006 1402 3077 1442 ex
3105 1389 3269 1457 parte

1905 1469 2144 1542 agentis,
2201 1470 2294 1526 vel
2346 1485 2418 1526 ex
2461 1474 2623 1541 parte
2675 1469 2845 1541 passi,
2897 1473 2954 1525 et
2992 1465 3143 1540 quod
3191 1468 3257 1522 D.

1904 1550 2107 1607 Thom.
2136 1552 2304 1608 illum
2344 1565 2414 1607 ex
2443 1557 2601 1622 parte
2630 1553 2851 1626 agentis
2894 1549 3217 1607 considerat
3248 1571 3263 1615 ς

1905 1647 2041 1689 nam
2071 1632 2207 1688 hinc
2241 1636 2349 1688 stat
2379 1632 2648 1704 prioritas
2680 1632 3023 1705 simpliciter
3060 1629 3269 1688 ordine

1904 1720 2148 1782 naturae,
2171 1720 2229 1772 et
2256 1714 2576 1789 dignitatis.
2957 1769 2961 1773 Α

1978 1796 2080 1851 His
2118 1796 2425 1869 suppositis
2472 1796 2637 1852 facile
2665 1795 3015 1872 intelligitur
3042 1794 3260 1852 discur-

1903 1893 1999 1933 sus
2021 1880 2087 1933 D.
2111 1879 2316 1936 Thom.
2360 1882 2418 1934 et
2466 1877 2588 1951 ejus
2618 1878 2793 1934 robur
2823 1902 2839 1946 ;
2872 1894 3008 1934 nam
3033 1877 3096 1934 in
3117 1892 3264 1950 quo-

1903 1975 2144 2032 cumque
2184 1964 2362 2028 motu,
2407 1959 2456 2015 si
2506 1959 2675 2015 illum
2718 1976 2787 2017 ex
2839 1965 3000 2032 parte
3047 1959 3269 2034 agentis

1903 2041 2350 2109 consideremus,
2376 2042 2489 2098 tria
2518 2042 2828 2100 intrinsece
2871 2044 3262 2116 reperiuntur,

1905 2141 2113 2198 nempe
2138 2126 2316 2183 motio
2343 2126 2646 2190 moventiS,
2677 2127 3018 2197 motusipse,
3045 2131 3102 2182 et
3129 2123 3267 2180 finis

1905 2214 2134 2266 motus:
2175 2224 2311 2283 ergo
2339 2210 2400 2264 in
2459 2208 2866 2282 justificatione
2917 2208 3107 2281 impii,
3138 2225 3264 2281 quaa

1904 2295 1988 2348 est
2014 2290 2248 2364 quidam
2290 2297 2495 2359 motus,
2528 2293 2640 2349 tria
2685 2293 2863 2349 etiam
2892 2291 3099 2349 debent
3127 2310 3264 2366 pro-

1908 2373 2366 2445 portionabiliter
2421 2377 2699 2448 reperiri,
2768 2374 3035 2432 videlicet
3086 2376 3268 2434 motio

1907 2454 2025 2524 Dei,
2045 2471 2171 2527 quae
2189 2463 2272 2513 est
2295 2457 2507 2513 infusio
2526 2458 2747 2532 gratiae;
2774 2464 2961 2514 motus
2983 2457 3261 2523 hominis,

1905 2535 2002 2608 qui
2031 2541 2092 2591 ut
2132 2536 2333 2594 accidit
2373 2537 2442 2595 ad
2470 2540 2791 2596 terminum
2821 2538 2892 2596 ad
2937 2554 3128 2611 quem,
3180 2545 3266 2596 est

1906 2632 2070 2673 amor
2108 2618 2417 2687 charitatis
2446 2625 2502 2676 et·
2530 2624 2592 2675 ut
2620 2618 2830 2676 recedit
2857 2634 2889 2674 a
2943 2619 3199 2676 termino
3226 2636 3262 2676 a

1904 2715 2035 2771 quo,
2060 2704 2145 2755 est
2172 2706 2325 2756 actus
2349 2700 2713 2757 contritionis
2745 2724 2758 2766 ;
2787 2705 2842 2756 et
2869 2700 3102 2756 tandem
3128 2698 3264 2756 finis

1906 2781 2080 2855 hujus
2105 2787 2312 2849 motus,
2337 2783 2434 2855 qui
2458 2789 2544 2840 est
2568 2782 2831 2839 remissio
2853 2783 3051 2854 culpae.
3301 2783 3313 2796 “

1989 2863 2109 2921 126.
2137 2861 2408 2920 Dubitant
2437 2869 2626 2921 autem
2652 2865 2717 2920 D.
2741 2864 2945 2921 Thom.
2973 2865 3268 2940 interpre-
3316 2871 3456 2932 Quam

1906 2948 2008 3012 teS,
2065 2944 2202 3018 quid
2249 2945 2605 3004 intellexerit
2657 2948 2894 3004 nomine
2953 2928 3470 3015 infusionisffigfiss

1906 3027 2122 3102 gratiae,
2178 3043 2351 3101 quam
2400 3030 2589 3102 primo
2626 3030 2746 3086 loco
2793 3030 3266 3089 constituitinter
3289 3020 3490 3115 {fflffls

1906 3127 1992 3178 ea,
2018 3126 2142 3183 quae
2171 3108 2240 3166 ad
2264 3110 2732 3183 justificationem
2753 3119 3122 3169 concurrunt.
3156 3112 3265 3170 Sed

1907 3189 2056 3263 quod
2082 3207 2149 3248 eo
2178 3193 2414 3249 nomine
2440 3191 2855 3266 significaverit
2880 3194 3129 3266 gratiam
3159 3195 3267 3251 ha-

1907 3270 2182 3329 bitualem
2234 3271 2701 3339 sanctificantem,
2756 3273 2894 3329 satis
2914 3316 2927 3341 ,
2985 3291 3271 3348 superque

1909 3361 2125 3412 constat
2138 3372 2208 3412 ex
2228 3355 2393 3412 dictis
2412 3356 2538 3411 dub.
2571 3357 2624 3424 3,
2643 3374 2740 3429 per
2763 3363 2934 3411 totum
2955 3375 2975 3424 ;
3001 3363 3057 3414 et
3085 3359 3265 3431 liquet

1908 3435 2213 3493 manifeste
2257 3452 2326 3492 ex
2357 3437 2728 3509 responsione
2779 3436 2849 3493 ad
2902 3444 3261 3513 argumenta,

1909 3535 2034 3593 quae
2061 3520 2116 3575 S.
2168 3521 2369 3575 Doctor
2414 3525 2610 3576 contra
2636 3536 2800 3575 suam
2853 3521 3264 3577 resolutionem

1909 3600 2147 3674 opponit
2178 3622 2190 3656 :
2235 3616 2371 3657 nam
2412 3600 2483 3657 ad
2523 3603 2576 3669 2,
2610 3599 2789 3657 dicit:
2826 3601 3028 3674 «quod
3068 3602 3267 3675 gratiae

1915 3702 1942 3735 α
1985 3680 2216 3749 infusio,
2231 3687 2289 3739 et
2314 3681 2577 3738 remissio
2601 3681 2783 3752 culpae
2810 3680 3260 3754 duplicitercon-

1916 3785 1942 3817 α
1981 3763 2225 3821 siderari
2266 3770 2515 3837 possunt.
2549 3765 2678 3820 Uno
2723 3762 2894 3820 modo
2943 3762 3255 3820 secundum

1916 3870 1942 3902 α
1986 3841 2167 3921 ipsam
2218 3848 2598 3905 substantiam
2645 3853 2845 3912 actus;
2888 3852 2944 3903 et
2982 3847 3065 3904 sic
3109 3847 3262 3903 idem

1916 3953 1941 3983 «
1982 3934 2155 3987 sunt:
2181 3930 2380 3988 eodem
2408 3931 2568 3987 enim
2609 3935 2734 3986 actu
2770 3931 2916 3985 Deus
2941 3934 2996 3985 et
3019 3930 3264 4002 largitur

1914 4032 1940 4063 α
1982 4012 2249 4086 gratiam,
2281 4016 2338 4068 et
2364 4011 2606 4067 remittit
2631 4010 2878 4082 culpam.
2923 4008 3054 4064 Alio
3097 4007 3269 4066 modo

1913 4114 1939 4146 α
1985 4097 2220 4166 possunt
2240 4092 2592 4151 considerari
2608 4107 2678 4148 ex
2703 4098 2861 4163 parte
2888 4088 3234 4161 objectorum
3244 4115 3260 4158 ;

1915 4196 1940 4227 α
1983 4179 2038 4230 et
2082 4174 2163 4231 sic
2213 4171 2827 4230 differuntsecundum
2870 4170 3265 4227 differentiam

1913 4278 1939 4309 α
1983 4258 2162 4329 culpae
2184 4272 2307 4329 quae
2332 4257 2573 4325 tollitur,
2618 4260 2674 4313 et
2699 4254 3033 4329 gratiaequae
3061 4253 3267 4308 infun·

1913 4358 1938 4391 α
1983 4337 2139 4394 ditur
2166 4358 2179 4394 ε
2203 4338 2347 4394 sicut
2373 4338 2435 4393 in
2458 4335 2820 4394 naturalibus
2858 4333 3171 4409 generatio,
3203 4338 3261 4390 et

1914 4441 1939 4472 α
1980 4420 2271 4492 corruptio
2310 4419 2612 4486 differunt,
2656 4417 2921 4492 quamvis
2966 4415 3270 4490 generatio

1911 4523 1937 4554 α
1982 4500 2156 4557 unius
2169 4502 2242 4557 sit
2263 4502 2551 4574 corruptio
2563 4498 3084 4559 alterius.»1nsusio
3099 4497 3261 4554 enim

1905 4584 2105 4659 gratiae
2136 4584 2490 4653 auxiliantiS,
2526 4590 2582 4641 et
2609 4584 2874 4641 remissio
2911 4582 3096 4653 culpae
3143 4594 3264 4636 non

1905 4671 2310 4739 comparantur
2323 4666 2474 4723 inter
2488 4665 3006 4740 seutgenerati0,et
3025 4677 3261 4735 corrup·

1906 4746 1985 4803 tio
2017 4770 2030 4813 ;
2062 4744 2346 4819 siquidem
2392 4747 2577 4821 gratia
2615 4746 2906 4802 auxilians
2946 4758 3047 4800 nec
3092 4740 3264 4798 habet

1905 4827 2188 4884 rationem
2206 4827 2426 4895 formae,
2454 4844 2559 4885 nec
2578 4826 2886 4901 opponitur
2901 4824 3115 4881 directe
3142 4837 3265 4894 pec·

1905 4913 2043 4977 cat0,
2075 4910 2223 4983 quod
2259 4909 2590 4967 destruitur.
2619 4909 2816 4965 Gratia
2834 4923 2969 4964 vero
2999 4902 3262 4962 sanctifi-

1902 5007 2038 5050 cans
2084 4991 2379 5065 praedictas
2417 4990 2772 5050 conditiones
2817 4988 3005 5055 habet,
3032 4993 3087 5045 et
3107 5000 3265 5117 εξειθ

3017 5077 3255 5121 mma.
