3647 5753
79 2203 284 2248 Confuta-

133 2258 218 2297 tur.

1459 393 1640 448 DISP.
1682 392 1751 461 11,
1797 392 1962 450 DUB.
2006 394 2073 450 V.

310 562 493 634 posita
535 562 633 618 tali
656 563 1047 622 satisfactione
1093 565 1155 620 in
1186 566 1366 622 Paulo
1404 569 1581 621 cessat
1610 549 1672 620 in

311 646 481 701 Petro
506 649 694 701 reatus
721 644 791 701 ad
834 647 1007 702 talem
1056 653 1363 720 peccatum.
1395 647 1684 712 Secundo„

307 724 455 781 facta
479 727 799 783 mutatione
839 728 903 783 in
951 732 1225 801 tempore,
1252 734 1314 785 ut
1339 730 1387 785 si
1427 731 1572 784 Deus
1599 725 1670 783 ab

304 813 521 867 aeterno
545 810 789 882 praeviso
815 815 1037 883 peccato
1065 812 1243 878 Petri,
1290 811 1558 868 decernat
1576 809 1669 865 di·-

307 893 549 949 missum
570 894 691 949 fore
719 897 1009 965 peccatum
1034 893 1180 954 illud
1211 900 1334 966 post
1358 910 1534 950 unam
1560 893 1669 949 ho-

298 990 457 1044 ram,
482 980 538 1030 et
568 977 802 1031 Petrum
830 973 1095 1048 deinceps
1124 982 1412 1048 acceptum
1450 977 1574 1032 fore
1596 973 1667 1030 ad

303 1054 572 1128 gloriam,
606 1054 744 1110 satis
769 1062 915 1111 esset
954 1054 1117 1111 finiri
1142 1056 1304 1112 illam
1335 1056 1559 1120 horam,
1604 1060 1667 1110 ut

303 1133 735 1190 statim-Petrus
780 1134 1091 1208 deponeret
1120 1142 1427 1208 peccatum,
1455 1141 1510 1193 et
1546 1150 1665 1191 non

303 1222 453 1273 esset
481 1217 730 1289 amplius
751 1216 960 1292 dignus
985 1216 1118 1274 odio
1163 1218 1287 1274 Dei.
1317 1219 1475 1275 Sicut
1518 1220 1664 1273 Deus

305 1296 580 1362 decrevit,
610 1304 669 1353 ut
690 1298 781 1355 lex
804 1305 966 1354 vetus
986 1297 1223 1355 duraret
1253 1314 1428 1371 usque
1456 1298 1525 1355 ad
1545 1313 1664 1355 cer-

304 1385 428 1435 tum
458 1383 699 1452 tempus
730 1396 841 1453 quo
878 1381 1092 1453 elapso,
1143 1381 1270 1437 sine
1309 1381 1424 1438 alia
1470 1385 1664 1436 muta-

305 1460 461 1517 tione
481 1460 721 1516 cessavit
766 1461 1038 1536 obligatio
1085 1461 1246 1534 legis,
1286 1461 1484 1529 Tertia,
1517 1461 1664 1517 facta

301 1543 635 1608 mutatione,
666 1557 784 1599 non
806 1543 1058 1617 physica,
1079 1543 1175 1600 sed
1200 1544 1430 1609 morali,
1459 1543 1662 1616 inipso

296 1631 584 1698 peccatore
597 1648 611 1690 ;
644 1640 780 1681 nam
828 1639 894 1681 eo
918 1625 1059 1698 ipso,
1086 1625 1238 1699 quod
1269 1629 1414 1682 Deus
1461 1625 1531 1682 ab
1566 1643 1663 1683 ex-

298 1707 541 1763 trinseco
594 1705 853 1762 dimittat
919 1713 1207 1779 peccatum
1234 1751 1248 1772 ‚
1316 1706 1661 1763 immutatur

297 1793 550 1862 peccator
596 1788 898 1844 moraliter
938 1787 1288 1845 sufficienter
1318 1805 1420 1861 pro
1466 1790 1661 1861 quali-

298 1872 410 1924 tate
431 1868 717 1927 materiae3
740 1868 913 1923 aliter
946 1867 1105 1924 enim
1134 1883 1194 1924 se
1245 1867 1414 1924 habet
1453 1884 1660 1925 secun-

299 1946 438 2002 dum
474 1948 814 2020 prudentem
864 1948 1327 2015 aestimationem,
1373 1948 1658 2021 siquidem

300 2047 429 2088 cum
460 2038 626 2088 antea
654 2031 997 2088 terminaret
1019 2031 1215 2088 odium
1240 2033 1528 2100 divinum,
1556 2032 1658 2091 de-

300 2111 442 2167 sinit
471 2111 614 2167 illud
644 2113 896 2185 amplius
923 2112 1262 2170 terminare.

373 2190 480 2247 Sed
526 2191 640 2249 haec
681 2192 975 2265 responsio
1002 2208 1208 2264 parum
1237 2192 1410 2250 distat
1449 2209 1480 2249 a
1510 2208 1658 2267 prae-

300 2271 630 2329 cedentibus
652 2274 923 2332 hactenus
951 2274 1322 2347 impugnatis,
1362 2280 1417 2332 et
1438 2274 1655 2332 eisdem

303 2353 537 2410 motivis
566 2353 869 2411 refellitur.
901 2356 1048 2410 Tum
1095 2353 1231 2427 quia
1274 2353 1330 2410 id
1358 2355 1507 2429 quod
1537 2372 1655 2413 non

302 2432 583 2506 dependet
631 2450 704 2490 ex
752 2434 1121 2508 dispositione
1167 2436 1481 2494 arbitraria
1528 2438 1650 2504 Dei,

304 2514 404 2570 sed
426 2514 681 2587 sequitur
708 2530 778 2571 ex
807 2522 1010 2575 natura
1031 2517 1115 2574 rei
1143 2517 1212 2574 ad
1237 2520 1491 2591 aliquam
1519 2535 1655 2575 cau-

303 2610 450 2660 sam,
485 2610 601 2651 non
647 2601 829 2668 potest
876 2611 946 2654 ex
988 2600 1108 2654 sola
1142 2597 1518 2672 dispositione
1549 2616 1655 2657 ex-

300 2677 549 2734 trinseca
574 2679 671 2735 Dei
700 2677 1016 2746 immutari,
1032 2685 1218 2738 stante
1231 2681 1430 2738 eadem
1453 2698 1650 2750 causa;

300 2773 453 2816 nam.
507 2762 567 2812 ut
612 2756 723 2814 dici
778 2759 954 2826 solet,
1007 2760 1165 2818 idem
1212 2777 1456 2818 manens
1498 2762 1652 2819 idem

292 2855 521 2913 semper
551 2839 683 2898 facit
728 2839 899 2899 idem.
937 2844 1059 2908 Qua
1099 2843 1323 2900 ratione
1369 2844 1505 2917 quia
1530 2860 1653 2902 esse

294 2928 587 2979 mortuum
615 2924 980 2996 consequitur
1003 2941 1071 2982 ex
1096 2931 1303 2982 natura
1327 2926 1410 2982 rei
1439 2926 1508 2983 ad
1538 2928 1654 3001 pri·

293 3006 584 3062 vationem
611 3007 762 3075 vitae,
808 3004 936 3062 fieri
965 3022 1083 3065 non
1113 3013 1311 3082 potest,
1341 3008 1490 3082 quod
1513 3010 1652 3066 sub-

287 3088 499 3161 jectum
527 3093 683 3144 stans
703 3087 810 3144 sub
839 3089 1164 3161 privatione
1211 3091 1360 3157 vitre,
1414 3107 1532 3148 non
1578 3092 1653 3148 sit

293 3173 604 3234 mortuum,
639 3185 741 3225 nec
769 3170 915 3225 Deus
929 3171 1083 3227 valet
1107 3172 1430 3244 oppositum
1451 3172 1653 3230 decer-

293 3262 447 3304 nere.
480 3249 553 3304 At
597 3248 895 3305 hominem
921 3265 1044 3308 esse
1072 3252 1445 3318 maculatum,
1481 3268 1652 3310 aver-

291 3346 419 3386 sum
442 3346 474 3386 a
496 3332 749 3396 De‘o‚etc.
771 3346 887 3387 non
902 3329 1180 3405 dependet
1196 3349 1266 3389 ex
1278 3333 1651 3407 dispositione

292 3409 603 3467 arbitraria
632 3411 752 3478 Dei,
790 3410 891 3469 sed
913 3414 1302 3486 consequitur
1329 3430 1400 3471 ex
1442 3422 1651 3472 natura

290 3507 395 3547 sua
416 3490 487 3547 ad
524 3495 716 3547 actum
750 3492 1215 3565 peccaminosum
1239 3510 1356 3550 non
1377 3500 1652 3552 retracta·-

295 3578 434 3642 tum‚
458 3574 581 3629 sive
609 3572 678 3629 ad
707 3573 1091 3647 privationem
1113 3576 1311 3649 gratiae
1332 3593 1433 3649 per
1460 3584 1648 3635 actum

291 3655 754 3727 peccaminosum
778 3654 1071 3712 inductam
1102 3676 1115 3712 ε
1140 3671 1277 3730 ergo
1319 3657 1649 3730 hujusmodi

289 3733 541 3800 effectus,
569 3738 625 3790 et
650 3732 1049 3792 denominatio
1076 3752 1294 3793 cessare
1323 3753 1439 3795 non
1469 3742 1651 3811 potest

290 3830 392 3887 per
425 3815 610 3872 solam
657 3814 1092 3887 dispositionem
1116 3817 1499 3875 extrinsecam
1522 3819 1643 3886 Dei,

291 3897 405 3953 nisi
434 3896 769 3953 auferantur
792 3897 1094 3971 principia.
1119 3898 1189 3955 ad
1209 3902 1649 3975 quae‘consequi-

291 3984 408 4045 tur;
434 3993 559 4050 qum
585 3982 780 4033 tamen
822 3977 1040 4035 auferri
1079 3996 1197 4037 non
1246 3987 1501 4054 possunt,
1532 3982 1646 4038 nisi

290 4058 463 4115 homo
501 4061 764 4114 retractet
816 4058 1113 4117 efficaciter
1141 4065 1328 4118 actum
1385 4064 1647 4135 praeteri-

290 4145 434 4205 tum,
468 4140 556 4196 vel
604 4139 851 4212 gratiam
881 4139 1234 4199 habitualem
1265 4144 1534 4216 recipiat,
1581 4146 1647 4201 in

287 4234 398 4292 qua
425 4218 751 4276 eminenter
791 4219 1152 4291 praehabetur
1178 4238 1246 4279 ea
1295 4223 1644 4281 retractatio.

285 4301 434 4355 Tum
464 4299 636 4355 etiam
678 4298 745 4355 ad
795 4300 1113 4367 hominem,
1164 4304 1299 4376 quia
1347 4303 1647 4377 praedictus

288 4379 495 4436 author
508 4378 801 4435 constituit
816 4381 1123 4437 essentiam
1147 4384 1355 4455 peccati
1379 4384 1647 4441 habitua-

288 4462 451 4518 lis—in
498 4460 752 4518 carentia
798 4462 1221 4521 conformitatis
1248 4464 1317 4521 ad
1348 4466 1550 4540 legem,
1584 4470 1648 4521 ut

284 4558 461 4615 supra
477 4541 730 4598 vidimus
751 4542 896 4616 disp.
935 4545 980 4611 l,
1014 4543 1140 4602 dub.
1182 4547 1200 4600 l
1235 4545 1369 4608 ;sed
1408 4547 1529 4605 haec
1549 4563 1646 4603 ca-

287 4623 476 4681 rentia
500 4622 703 4696 nequit
727 4623 936 4696 expelli
961 4639 1062 4697 per
1104 4626 1483 4683 mutationem
1526 4627 1646 4683 fac-

283 4710 402 4760 tam
425 4703 489 4759 in
513 4703 706 4775 aliquo
732 4703 1055 4762 extrinseco
1083 4705 1406 4779 ,siquidem
1443 4707 1646 4780 hujus-

282 4783 440 4841 modi
488 4783 731 4841 mutatio
772 4785 998 4841 nullam
1042 4786 1460 4858 oppositionem
1479 4830 1492 4853 ,
1549 4791 1646 4843 aut

284 4861 923 4936 incompossibilitatem
951 4863 1124 4922 habet
1149 4882 1278 4923 cum
1311 4867 1410 4923 tali
1438 4880 1646 4922 caren-

280 4943 362 5002 tia
383 4960 548 5019 :ergo
566 4944 832 5018 praedicta
853 4946 1096 5003 mutatio
1110 4952 1195 5005 est
1209 4946 1560 5004 insufficiens
1574 4945 1647 5003 ad

280 5023 698 5082 destruendum
728 5031 1016 5098 peccatum
1046 5026 1356 5085 habituale.
1391 5027 1571 5084 Plane
1595 5026 1645 5084 si

431 5104 723 5165 Salmant.
748 5106 913 5166 CurS.
945 5109 1169 5181 theoloy.
1195 5115 1326 5165 tom.
1359 5105 1431 5164 Χ.

3054 408 3165 462 409

1803 580 1929 637 quae
1957 566 2198 625 mutatio
2229 574 2411 641 posset
2438 570 2506 626 ad
2535 571 2640 628 hoc
2678 571 2988 640 deservire,
3021 581 3165 633 esset

1803 644 1907 701 illa
1934 663 2047 719 qua
2071 649 2218 704 Deus
2250 648 2551 725 abrogaret
2579 653 2779 726 legem,
2818 657 2904 712 vel
2948 657 3011 711 iu
3042 658 3163 729 lege

1801 744 1933 783 cum
1962 729 2198 786 homine
2238 730 2614 804 dispensaret.
2664 737 2791 791 Haec
2836 744 3031 794 tamen
3091 737 3161 794 ad

1802 807 1907 864 hoc
1958 813 2183 866 tantum
2212 809 2515 879 deserviet,
2559 817 2623 868 ut
2667 814 2840 873 homo
2893 817 3162 890 deinceps

1800 902 1919 944 non
1965 896 2148 962 peccet
2181 898 2381 949 contra
2428 894 2601 950 illam·
2646 895 2864 968 legem;
2914 899 3162 954 minime

1799 973 1993 1025 tamen
2016 969 2087 1025 ad
2114 972 2220 1028 hoc
2242 972 2513 1043 proderit,
2541 979 2598 1029 ut
2626 979 2825 1031 contra
2847 977 3012 1033 illam
3042 987 3161 1035 non

1799 1053 2140 1122 peccaverit,
2172 1058 2226 1109 et
2256 1059 2457 1110 utnon
2485 1063 2824 1127 permaneat
2850 1058 2912 1113 in
2943 1066 3163 1130 peccato

1796 1132 2103 1190 commisso
2117 1139 2315 1191 contra
2338 1135 2503 1192 illam
2528 1138 2732 1213 legem,
2766 1139 2994 1212 quando
3017 1140 3162 1197 obli-

1795 1213 1995 1288 gabat;
2033 1216 2179 1272 sicut
2203 1214 2275 1271 de
2305 1218 2630 1289 privatione
2647 1222 2849 1295 gratiae
2871 1228 3160 1279 contracta

1796 1295 2025 1368 quando
2056 1297 2243 1370 gratia
2270 1303 2394 1354 erat
2414 1297 2624 1370 debita,
2650 1317 2825 1374 supra
2846 1318 3156 1377 argumen-

1794 1378 2064 1435 tabamur
2088 1384 2288 1436 contra
2314 1381 2607 1438 Suarium.

1879 1461 1998 1516 159.
2047 1458 2264 1516 Deinde
2312 1461 2570 1534 rejicitur
2596 1464 2713 1522 haec
2742 1464 3038 1536 responsio
3061 1482 3155 1523 os-
3176 1473 3373 1531 Declara-

1795 1538 2098 1607 tendendo,
2148 1539 2561 1599 insufficientes
2587 1558 2706 1602 esse
2732 1544 2992 1618 singulos
3021 1563 3154 1602 mu·
3183 1528 3357 1615 'fflsssffif

1795 1620 2029 1677 tationis
2076 1622 2289 1686 modos,
2322 1623 2419 1695 qui
2450 1624 2820 1698 assignantur
2843 1643 2876 1681 a
2903 1627 3149 1685 Curiele.
3183 1620 3358 1666 cientia.

1794 1703 1864 1756 Et
1883 1703 2116 1774 quidem
2147 1704 2371 1775 primus
2399 1721 2516 1763 non
2559 1706 2796 1770 suflicit;
2837 1725 2975 1764 nam
3004 1710 3154 1782 quod

1793 1780 1864 1837 ad
1888 1783 2288 1840 remissionem
2314 1785 2521 1858 peccati
2557 1786 2868 1844 habitualis
2898 1790 3156 1862 requira-

1793 1869 1887 1919 tur
1915 1865 2108 1936 aliqua
2130 1866 2371 1922 mutatio
2397 1871 2560 1924 extra
2588 1870 2787 1935 Deum,
2817 1885 2935 1925 non
2960 1887 3156 1943 prove·

1793 1942 1881 1998 nit
1906 1958 1977 2000 ex
1998 1959 2078 2011 ρο,
2109 1944 2257 2016 quod
2289 1948 2401 2003 Deo
2422 1945 2568 2002 desit
2595 1947 2752 2004 intra
2778 1951 3154 2023 semetipsum

1791 2025 2073 2084 sufficiens
2096 2028 2378 2084 motivum
2397 2026 2466 2084 ad
2491 2031 2889 2088 remissionem
2917 2034 3153 2105 peccati;

1792 2114 1976 2182 posset
2012 2110 2224 2183 quippe
2260 2110 2329 2166 ad
2382 2111 2798 2170 ostendendum
2848 2116 2938 2170 vel
2979 2133 3150 2174 suam

1790 2191 2250 2248 misericordiam
2277 2234 2290 2257 ,
2338 2195 2430 2250 vel
2471 2210 2635 2251 suam
2680 2194 3024 2264 libertatem,
3060 2199 3153 2254 vel

1789 2289 1959 2328 suum
1998 2288 2336 2345 supremum
2376 2274 2704 2332 dominium
2752 2275 3072 2344 intendere,
3098 2283 3155 2335 et

1789 2354 2007 2410 efficere
2029 2354 2360 2425 praedictam
2377 2356 2848 2425 destructionem,
2878 2358 3155 2431 indepen-

1788 2434 1991 2491 denter
2013 2434 2084 2490 ab
2112 2436 2225 2492 alio
2272 2438 2487 2494 motivo
2521 2437 2859 2503 extrinseco,
2902 2444 2963 2493 ut
2989 2454 3061 2494 ex
3094 2455 3155 2498 se

1789 2518 1987 2590 liquet.
2016 2521 2163 2592 Ergo
2187 2519 2236 2574 si
2268 2519 2533 2592 praedicta
2555 2521 2798 2576 mutatio
2826 2521 3150 2592 requiritur
3167 2533 3334 2593 Primus

1788 2599 2172 2656 essentialiter
2200 2599 2270 2656 ad
2321 2600 2765 2658 destructionem
2813 2601 3042 2673 peccati,
3086 2589 3357 2676 utffisssmffij

1787 2682 2042 2738 concedit
2063 2682 2363 2755 praedictus
2385 2683 2609 2751 author,
2639 2699 2754 2740 non
2786 2688 2967 2756 potest
2995 2701 3145 2757 prae-
3160 2681 3367 2726 ‘¹⁰⁸³Cu·

1786 2763 1899 2818 cise
1919 2763 1987 2819 ad
2009 2778 2135 2818 eam
2158 2777 2500 2821 concurrere
2522 2764 2585 2820 in
2606 2779 2815 2838 genere
2830 2781 3012 2821 causae
3028 2731 3354 2829 me·{};⁰2}1‘2{¹1i³s

1788 2843 2020 2910 ritoriae,
2041 2845 2133 2901 vel
2150 2859 2251 2916 per
2280 2843 2513 2902 modum
2538 2843 2985 2918 impetrationis;
3009 2861 3147 2902 nam
3159 2829 3367 2926 effssjigssgs‘

1787 2925 1892 2981 hoc
1903 2929 2060 2998 pacto
2074 2925 2261 2982 solum
2276 2926 2549 2999 importat
2560 2926 2843 2984 motivum
2860 2927 3149 2985 sufficiens

1763 3004 1878 3062 'vel
1906 3022 2245 3080 congruum,
2280 3013 2341 3062 ut
2371 3009 2516 3064 Deus
2538 3007 2678 3063 velit
2705 3006 3000 3065 destruere
3028 3024 3149 3082 pec·

1784 3091 1993 3143 catum.
2020 3088 2189 3159 Atqui
2224 3103 2416 3160 preces
2444 3104 2476 3144 a
2505 3088 2676 3160 paulo
2702 3089 2893 3145 etl'usae
2932 3096 3152 3162 queunt

1787 3167 2020 3239 praecise
2041 3183 2384 3224 concurrere
2418 3166 2488 3223 ad
2515 3166 2928 3224 destruendum
2959 3185 3154 3241 pecca-

1785 3252 1909 3303 tum
1937 3248 2095 3304 Petri
2123 3249 2185 3304 in
2202 3263 2412 3322 genere
2460 3263 2641 3304 causae
2694 3250 3028 3315 meritoriae,
3062 3251 3155 3306 vel

1786 3344 1889 3401 per
1918 3329 2155 3386 modum
2185 3329 2647 3401 impetrationis;
2679 3346 2783 3387 nec
2801 3332 2961 3387 enim
2986 3347 3158 3405 appa·

1784 3413 1890 3475 ret,
1939 3425 2049 3481 quo
2096 3410 2212 3465 alio
2257 3408 2608 3465 causalitatis
2673 3425 2881 3482 genere
2920 3411 3155 3468 valeant

1783 3505 2146 3546 concurrere.
2204 3491 2352 3563 Ergo
2393 3489 2636 3546 mutatio
2668 3488 2813 3547 facta
2860 3491 2923 3549 iu
2971 3492 3152 3547 Paulo

1784 3585 1886 3642 per
1905 3570 2026 3643 ejus
2050 3585 2240 3643 preces
2269 3585 2385 3625 non
2429 3573 2512 3625 est
2547 3570 2808 3638 mutatio,
2844 3585 2968 3642 quae
2988 3571 3148 3626 suffi-

1781 3651 1873 3716 cit,
1893 3658 1949 3706 et
1968 3648 2327 3707 desideratur
2360 3648 2431 3706 ad
2460 3648 2910 3707 destructionem
2934 3653 3142 3723 peccati

1783 3731 1848 3787 in
1871 3733 2057 3788 Petro.
2498 3776 2503 3779 ,

1857 3812 2243 3872 confirmatur
2292 3812 2480 3885 primo
2503 3854 2516 3878 ,
2566 3812 2701 3885 quia
2744 3813 2848 3870 illa
2903 3814 3146 3872 mutatio
3159 3810 3358 3912 ffiffiiffgr

1781 3898 1943 3951 extra
1965 3897 2143 3950 Deum
2190 3890 2394 3948 sufficit
2422 3898 2478 3949 et
2526 3894 2843 3966 requiritur
2891 3893 2962 3950 ad
3013 3893 3144 3951 des·
3273 3897 3278 3902 “
3340 3893 3351 3903 “

1782 3974 2091 4032 truendum
2115 3979 2403 4046 peccatum
2427 3972 2736 4042 habituale,
2768 3989 2895 4047 quae
2923 3974 3144 4031 immu-

1781 4061 1862 4113 tat
1903 4056 2185 4130 principia
2210 4097 2222 4120 ‚
2269 4054 2338 4110 ad
2366 4070 2490 4127 quae
2532 4056 2899 4128 consequitur
2927 4072 3028 4128 per
3084 4075 3145 4115 se

1781 4140 2067 4208 peccatum
2082 4134 2447 4201 habituale,et
2464 4134 2526 4190 in
2541 4133 2748 4207 quibus
2760 4136 3146 4193 essentialiter

1781 4217 2059 4274 fundatur
2093 4238 2105 4273 ε
2137 4216 2292 4289 atqui
2315 4216 2558 4272 mutatio
2587 4216 2732 4273 sactu
2755 4217 2818 4272 in
2842 4218 3021 4274 Paulo
3045 4234 3146 4290 per

1779 4301 1901 4374 ejus
1928 4316 2138 4372 preces,
2173 4297 2440 4371 praedicta
2463 4297 2748 4370 principia
2780 4313 2897 4354 non
2923 4299 3146 4357 immu-

1781 4385 1862 4436 tat
1888 4401 1900 4435 :
1931 4394 2065 4453 ergo
2089 4378 2439 4434 insufficiens
2459 4382 2545 4434 est
2567 4377 2635 4433 ad
2659 4378 2867 4449 peccati
2884 4377 3145 4437 habitua-

1780 4462 1854 4516 lis
1875 4459 2340 4515 destructionem.
2385 4458 2571 4531 MaJ‘or
2613 4456 2842 4513 videtur
2881 4459 3140 4526 widem,

1777 4541 1914 4613 quia
1934 4538 2214 4596 stantibus
2235 4537 2635 4610 principii3,ad
2663 4552 2788 4610 quae
2810 4554 2911 4610 per
2929 4555 2991 4597 se
3009 4556 3143 4598 con·

1777 4623 2036 4696 sequitur
2064 4626 2355 4693 peccatum
2383 4618 2695 4685 habituale,
2722 4623 2778 4675 et
2828 4619 2892 4675 in
2933 4622 3145 4693 quibus

1778 4704 2164 4762 essentialiter
2190 4700 2485 4768 fundatur,
2520 4702 2717 4774 nequit
2764 4716 2881 4758 non
2904 4718 3145 4761 manere

1780 4789 2068 4860 peccatum
2113 4803 2126 4837 :
2166 4781 2310 4839 sicut
2361 4783 2425 4837 in
2471 4782 2814 4840 universum
2859 4782 3146 4839 stantibus

1779 4865 2083 4940 principiis
2123 4861 2532 4920 sufficientibus
2560 4862 2631 4919 ad
2658 4862 2915 4933 aliquam
2961 4861 3145 4921 deno-

1780 4945 2183 5011 minationem,
2200 4942 2398 5016 nequit
2427 4958 2546 4999 non
2569 4942 2873 5016 persistere
2900 4942 3035 4999 talis
3049 4942 3144 5000 de·

1779 5026 2106 5085 nominatio
2139 5047 2152 5082 :
2180 5040 2317 5101 ergo
2336 5023 2384 5080 si
2415 5022 2486 5080 ad
2533 5021 2981 5099 destructionem
3010 5039 3143 5097 pec-
