3647 5753
482 388 599 443 644
1194 391 1289 446 DE
1328 390 1770 455 QUIDDITATE
1806 390 2411 446 JUSTIFICATIONIS
2453 392 2661 447 IMPII.

264 573 459 620 ‚Primum
562 560 656 615 27.
687 560 963 634 Arguitur
993 560 1182 633 primo
1203 578 1274 618 ex
1303 563 1366 618 D.
1387 563 1672 619 Thom.in
1703 579 1857 635 prae-

275 635 638 719 mgfffgsnsenti
682 648 794 695 art.
849 645 904 707 7,
957 644 1016 696 in
1062 659 1201 713 resp.
1256 641 1330 696 ad
1364 644 1418 709 5,
1454 642 1549 699 ubi
1577 643 1856 716 explicuit

287 724 459 770 1).·1·h0.
491 717 879 778 differentiam
923 724 1076 779 inter
1103 730 1256 780 actus
1303 724 1642 792 intellectus,
1667 731 1723 782 et
1750 741 1855 782 vo-

496 800 735 856 luntatis
758 803 820 859 in
839 805 1092 877 Angeli5‚
1124 808 1181 860 et
1206 804 1433 869 eosdem
1464 811 1620 862 actus
1653 805 1717 860 in
1745 821 1855 863 no-

494 878 584 937 his
609 903 622 937 ε
651 888 706 938 et
735 890 1028 957 postquam
1058 885 1302 940 asseruit
1329 885 1768 952 intellectioneS,
1799 890 1857 942 et

490 961 798 1020 volitiones
859 964 1144 1039 angelicas
1209 981 1327 1022 non
1392 966 1854 1024 commensurari

487 1044 737 1116 tempori
782 1052 998 1114 nostro,
1031 1046 1228 1102 statim
1271 1046 1509 1118 loquens
1541 1046 1612 1104 de
1637 1046 1854 1104 eisdem

488 1123 726 1190 actibuS,
779 1133 949 1199 prout
995 1128 1060 1184 in
1102 1126 1268 1185 nobis
1321 1129 1713 1201 reperiuntur,
1766 1128 1857 1184 in·

485 1212 610 1285 quit
643 1233 655 1267 :
692 1234 717 1264 α
748 1212 911 1269 Mens
937 1217 1130 1269 autem
1166 1211 1444 1279 humana,
1492 1226 1618 1285 quae
1638 1209 1856 1284 justifi-

493 1314 519 1345 α
548 1296 725 1357 catur,
776 1292 1092 1349 secundum
1139 1310 1199 1351 se
1237 1294 1470 1368 quidem
1534 1298 1619 1349 est
1680 1308 1857 1365 supra

493 1396 518 1426 α
551 1377 794 1449 tempus,
828 1375 928 1431 sed
975 1391 1075 1448 per
1102 1376 1363 1433 accidens
1391 1374 1661 1431 subditur
1701 1379 1856 1430 tem-

498 1479 524 1510 «
556 1457 701 1531 pori,
747 1458 810 1514 in
857 1464 1136 1531 quantum
1183 1460 1398 1516 scilicet
1424 1457 1697 1531 intelligit
1723 1473 1854 1514 cum

499 1559 524 1590 (ι
555 1539 842 1605 continuo,
873 1545 928 1596 et
955 1545 1230 1613 tempore,
1250 1538 1566 1597 secundum
1590 1540 1857 1611 phantas-

501 1639 527 1670 α
557 1623 729 1682 mata,
757 1620 820 1675 in
845 1621 1051 1694 quibus
1071 1622 1283 1694 species
1299 1619 1695 1692 intelligibiles
1714 1636 1855 1678 con-

499 1722 524 1750 «
556 1699 788 1764 siderat‚
823 1707 882 1756 ut
929 1703 992 1758 in
1023 1703 1212 1775 primo
1260 1702 1474 1759 dictum
1503 1707 1614 1768 est;
1644 1707 1700 1757 et
1728 1701 1856 1759 ideo

498 1799 523 1830 (ι
550 1779 926 1854 J'udicandum
974 1788 1058 1838 est
1105 1782 1418 1840 secundum
1467 1781 1571 1838 hoc
1612 1780 1684 1838 de
1733 1782 1858 1854 ejus

500 1884 526 1915 α
555 1864 874 1921 mutatione
926 1864 1241 1924 secundum
1289 1865 1678 1923 conditionem
1727 1880 1857 1921 mo-

496 1963 521 1995 «
554 1947 717 1999 tuum
741 1947 1209 2018 temporalium.»
1231 1950 1315 2003 Ex
1334 1945 1540 2020 quibus
1560 1946 1640 2002 sic
1656 1945 1857 2020 argui-

493 2030 586 2081 tur
622 2029 742 2083 :De
795 2028 1044 2086 motibus
1090 2030 1361 2086 humanae
1406 2028 1636 2094 mentis,
1688 2032 1860 2101 prout

491 2108 686 2166 existit
713 2109 776 2165 in
802 2127 1056 2184 corpore,
1079 2111 1456 2185 judicandum
1485 2116 1570 2168 est
1615 2111 1759 2168 sicut
1787 2109 1858 2167 de

495 2190 626 2248 aliis
671 2192 920 2249 motibus
960 2194 1376 2268 temporalibus
1434 2216 1447 2250 ε
1497 2192 1596 2251 sed
1645 2193 1856 2266 reliqui

492 2279 681 2331 motus
727 2278 1070 2348 temporales
1120 2293 1239 2334 non
1285 2276 1575 2349 incipiunt
1602 2291 1701 2347 per
1732 2276 1859 2348 pri-

495 2370 658 2410 mum
698 2371 838 2421 esse,
864 2360 919 2412 et
964 2356 1028 2411 in
1051 2357 1287 2414 instanti
1302 2355 1439 2425 3sed
1461 2356 1749 2429 incipiunt
1794 2356 1859 2412 in

493 2440 770 2508 tempore,
820 2442 875 2492 et
915 2453 1016 2509 per
1044 2439 1318 2494 ultimum
1360 2454 1478 2495 non
1518 2453 1658 2504 esse,
1695 2439 1774 2494 ita
1796 2442 1860 2493 ut

492 2532 698 2573 verum
726 2518 800 2572 sit
832 2539 844 2573 ε
877 2518 1045 2573 Nunc
1069 2537 1179 2575 non
1213 2527 1291 2575 est
1328 2528 1526 2585 motus,
1567 2528 1619 2575 et
1663 2523 1861 2576 imme-

489 2597 638 2652 diate
675 2605 795 2668 post
820 2600 925 2653 erit
951 2616 970 2651 .·
995 2616 1132 2674 ergo
1160 2599 1312 2657 idem
1342 2598 1650 2657 dicendum
1678 2606 1762 2657 est
1789 2598 1859 2656 de

492 2677 744 2734 motibus
791 2679 1002 2736 animae
1055 2691 1295 2749 nostrae3
1339 2688 1392 2739 et
1443 2688 1858 2753 consequenter

492 2763 647 2814 actus
683 2757 1067 2826 contritioniS,
1100 2765 1156 2816 et
1193 2762 1490 2818 charitatis
1540 2777 1657 2818 non
1708 2762 1859 2819 inei-

493 2838 652 2912 pient
679 2837 741 2893 in
771 2837 1033 2906 instanti,
1077 2839 1177 2897 sed
1220 2841 1283 2897 in
1312 2845 1596 2916 tempore.
1622 2843 1860 2900 Constat

495 2924 705 2983 autem,
738 2918 887 2991 quod
906 2919 1242 2992 justificatio
1284 2922 1453 2996 impii
1481 2922 1545 2979 fit
1572 2923 1635 2979 in
1656 2921 1858 2981 eadem

493 2999 814 3066 duratione,
885 3001 950 3056 in
1000 3018 1111 3073 qua
1179 3003 1350 3060 homo
1396 3005 1753 3062 convertitur
1794 3006 1860 3063 in

495 3082 673 3137 Deum
705 3097 805 3153 per
833 3080 1132 3154 praedictos
1159 3088 1313 3140 actus
1335 3106 1347 3141 ι
1370 3101 1505 3160 ergo
1526 3085 1860 3160 justificatio

496 3160 663 3234 impii
708 3177 824 3218 non
864 3160 928 3217 fit
958 3163 1020 3218 in
1048 3164 1309 3231 instanti,
1339 3165 1439 3222 sed
1486 3166 1549 3221 in
1578 3172 1853 3240 tempore.

568 3240 972 3309 confirmatur,
998 3245 1133 3317 quia
1160 3246 1422 3313 mutatio,
1448 3262 1572 3319 quae
1600 3246 1663 3302 fit
1705 3247 1860 3304 inter

496 3322 774 3380 terminos
797 3325 1068 3396 positivos
1088 3327 1407 3385 contrarios
1429 3343 1545 3385 non
1572 3328 1773 3400 incipit
1796 3329 1860 3385 in

498 3405 757 3471 instanti,
778 3407 875 3464 sed
892 3409 954 3464 in
972 3415 1084 3465 tem
1093 3426 1251 3482 pore,
1271 3416 1333 3465 ut
1346 3412 1548 3467 asserit
1564 3413 1628 3467 D.
1650 3413 1854 3469 Thom.

496 3490 557 3544 in
584 3489 638 3555 3,
662 3490 789 3545 dist.
820 3492 911 3557 37,
938 3501 1119 3569 quaest.
1150 3495 1206 3560 4,
1231 3502 1337 3550 art.
1365 3495 1433 3561 33
1465 3492 1562 3551 sed
1579 3493 1861 3566 justifica-

495 3571 576 3627 tio
603 3570 769 3644 impii
811 3579 894 3630 est
917 3576 1156 3631 mutatio
1185 3576 1338 3632 inter
1354 3575 1637 3633 terminos
1667 3577 1861 3648 positi-

496 3667 597 3708 vos
621 3656 955 3718 contrarios,
988 3662 1049 3712 ut
1077 3656 1326 3713 affirmat
1365 3656 1519 3713 idem
1549 3659 1607 3715 S.
1654 3660 1859 3715 Doctor

494 3736 556 3790 in
599 3753 758 3808 praes.
809 3748 990 3815 quast.
1038 3747 1152 3795 art.
1209 3742 1255 3805 l,
1280 3744 1336 3796 et
1383 3740 1516 3796 aliis
1560 3740 1698 3796 locis
1724 3740 1853 3797 dub.

492 3819 714 3891 praeced.
744 3819 932 3887 citatis
964 3842 977 3875 :
1006 3836 1140 3896 ergo
1162 3820 1494 3894 justificatio
1540 3822 1710 3896 impii
1740 3838 1859 3880 non

498 3899 699 3972 incipit
728 3900 790 3956 in
814 3901 1073 3967 instanti,
1106 3901 1202 3959 sed
1232 3901 1295 3957 in
1317 3907 1592 3976 tempore.

280 4013 470 4058 omum,
570 3980 656 4036 Ad
680 3990 1084 4055 argumentum
1113 3982 1478 4055 desumptum
1506 4000 1578 4041 ex
1605 3983 1861 4042 authori-

285 4067 351 4109 tur
364 4073 482 4117 argu·
498 4066 611 4118 tate
638 4066 702 4119 D.
724 4064 927 4119 Thom.
947 4062 1341 4135 respondetur,
1370 4070 1623 4121 mentem
1652 4065 1706 4120 S.
1727 4066 1861 4121 Doc-

300 4119 461 4158 m⁰¹¹¹⁰'
496 4144 635 4200 toris
662 4159 784 4201 esse
822 4145 962 4200 satis
991 4145 1347 4217 perspicuam
1376 4169 1389 4210 ;
1416 4161 1551 4202 nam
1591 4150 1653 4201 ut
1690 4161 1861 4201 cons-

494 4232 576 4283 tat
588 4241 660 4283 ex
681 4224 873 4282 verbis
894 4226 1376 4296 antecedentibuS,
1396 4229 1585 4284 solum
1609 4228 1860 4285 intendit

496 4308 789 4382 assignare
854 4306 1243 4365 differentiam
1299 4309 1454 4365 inter
1509 4310 1861 4366 mutationes

495 4389 670 4446 factas
699 4391 760 4445 in
787 4389 1040 4464 Angelis,
1088 4395 1143 4446 et
1188 4390 1535 4447 mutationes
1573 4391 1748 4447 factas
1794 4393 1860 4448 in

495 4469 695 4537 nobis;
744 4486 983 4545 eamque
1032 4469 1426 4528 diversitatem
1468 4472 1769 4528 constituit
1795 4473 1860 4530 in

494 4566 580 4617 e0,
607 4550 756 4623 quod
778 4552 1123 4609 mutationes
1141 4552 1415 4627 angelicae
1444 4567 1561 4610 non
1583 4560 1718 4611 sunt
1738 4560 1861 4611 ter-

495 4630 645 4688 mini
669 4632 908 4706 aliqu'us
924 4638 1111 4690 motus
1128 4632 1536 4690 antecedentis,
1558 4633 1724 4692 Unde
1741 4651 1860 4693 non

495 4722 734 4790 oportet,
767 4715 916 4788 quod
944 4716 1097 4773 inter
1137 4733 1337 4784 unam,
1369 4723 1427 4774 et
1453 4718 1697 4775 alteram
1726 4734 1862 4774 mu-

492 4799 770 4858 tationem
812 4798 1025 4856 mediet
1075 4805 1281 4867 motus,
1327 4801 1420 4858 vel
1462 4806 1729 4873 tempus:
1760 4799 1862 4858 sed

492 4876 623 4937 fieri
653 4886 851 4952 potest,
878 4879 1027 4952 quod
1050 4896 1165 4937 una
1186 4882 1354 4939 alteri
1378 4880 1715 4939 immediate
1738 4898 1862 4938 suc-

493 4960 673 5028 cedat,
698 4967 754 5018 et
769 4961 1119 5018 constituant
1133 4967 1357 5035 tempus
1373 4960 1686 5018 discretum
1703 4979 1862 5020 cons-

494 5047 623 5099 tans
654 5058 726 5099 ex
773 5041 1036 5114 pluribus
1064 5043 1433 5100 xinstantibus
1477 5041 1855 5101 immediatis,

302 3242 464 3300 contir-

308 3297 452 3337 mano.

1985 562 2333 619 Mutationes
2387 566 2576 618 autem
2642 566 2856 618 nostrae
2916 566 3053 616 sunt
3113 560 3360 617 termini

1987 648 2248 700 motuum
2297 643 2796 708 antecedentium;
2851 648 2905 698 et
2969 641 3183 699 idcirco
3229 640 3360 697 fieri

1987 740 2105 781 non
2152 724 2324 790 valet,
2357 723 2506 796 quod
2549 740 2665 780 una
2706 722 2950 779 mutatio
2991 722 3362 780 instantanea

1986 803 2302 861 secundum
2342 804 2594 861 formam
2623 804 2940 876 oppositam
2967 803 3135 860 alteri
3165 807 3362 859 muta-

1987 886 2133 943 tioni
2160 885 2542 942 instantaneae
2569 883 2905 941 immediate
2932 884 3189 941 succedat
3214 907 3229 951 ;
3259 882 3361 941 sed

1987 982 2130 1039 opus
2151 971 2252 1035 est,
2284 966 2435 1040 quod
2463 967 2617 1022 inter
2641 971 2946 1037 utramque
2972 963 3187 1022 mediet
3205 970 3360 1020 tem-

1990 1064 2113 1121 pus,
2148 1048 2315 1107 Unde
2341 1065 2410 1106 ex
2431 1049 2844 1122 suppositione,
2883 1046 3034 1120 quod
3064 1052 3359 1120 peccatum

1986 1129 2153 1186 sitin
2181 1131 2421 1188 instanti
2451 1133 2517 1197 A,
2559 1129 2686 1188 fieri
2733 1130 2952 1202 nequit,
2984 1126 3133 1202 quod
3173 1127 3364 1202 gratia

1987 1208 2229 1286 incipiat
2269 1210 2606 1269 immediate
2648 1216 2771 1283 post
2813 1214 2881 1276 A,
2926 1210 3024 1266 sed
3053 1208 3220 1266 debet
3248 1207 3364 1265 ali-

1986 1293 2133 1365 quod
2176 1299 2400 1367 tempus
2446 1293 2704 1351 medium
2755 1291 3020 1357 influere,
3067 1294 3128 1346 ut
3172 1291 3363 1364 gratia

1987 1374 2228 1448 incipiat
2266 1377 2331 1432 in
2360 1375 2601 1432 instanti
2643 1376 2704 1430 Β.
2755 1376 2825 1429 Et
2869 1374 3005 1429 hinc
3042 1373 3263 1446 colligit
3296 1373 3355 1428 S.

1988 1458 2204 1526 nector,
2225 1462 2514 1531 peccatum
2545 1472 2661 1513 non
2681 1454 2946 1512 desinere
2969 1471 3070 1528 per
3099 1454 3361 1509 ultimum
3389 1448 3540 1491 ”³1¹¹ss

1987 1556 2115 1605 esse,
2146 1539 2226 1595 ita
2255 1547 2317 1596 ut
2344 1538 2671 1598 verificetur
2702 1559 2715 1594 ε
2746 1539 2913 1596 Nunc
2937 1544 3015 1593 est
3053 1545 3354 1609 peccatum,

1985 1626 2036 1674 et
2063 1621 2374 1677 immediate
2395 1628 2516 1695 post
2544 1638 2653 1676 non
2679 1623 2781 1675 erit
2797 1638 2815 1688 ;
2842 1618 2940 1676 sed
2967 1617 3233 1674 desinere
3256 1633 3359 1690 per

1980 1706 2231 1776 primum
2258 1723 2366 1760 non
2404 1721 2531 1765 esse.
2563 1704 2644 1760 ita
2686 1709 2747 1759 ut
2788 1701 3121 1759 verificetur
3150 1723 3163 1757 :
3194 1700 3361 1758 Nunc

1987 1802 2099 1840 non
2124 1794 2199 1841 est
2226 1793 2525 1859 peccatum,
2556 1792 2605 1840 et
2630 1786 2940 1840 immediate
2967 1791 3096 1838 ante
3118 1790 3255 1838 erat.
3289 1784 3361 1837 Et

1988 1866 2053 1922 in
2094 1866 2198 1923 hoc
2228 1867 2530 1939 posteriori
2559 1885 2707 1922 nune
2738 1866 2943 1937 incipit
2968 1865 3156 1938 gratia
3179 1863 3356 1938 justi-
3408 1926 3416 1932 .

1991 1946 2185 2016 ficans,
2218 1955 2273 2005 et
2300 1947 2629 2005 verificatur
2658 1971 2670 2005 ε
2715 1947 2884 2004 Nunc
2913 1956 2990 2003 est
3010 1949 3196 2015 ,qratia
3226 1947 3360 2017 jus-

1990 2032 2229 2103 tificam',
2261 2040 2311 2087 et
2354 2032 2665 2087 immediate
2686 2038 2849 2086 antea
2878 2048 2986 2085 non
3023 2036 3159 2085 erat.
3192 2027 3362 2086 Unde

1990 2112 2205 2183 optime
2242 2111 2547 2184 respondet
2581 2115 2941 2186 argumento,
2972 2107 3122 2182 quod
3162 2110 3360 2167 inten-

1990 2192 2159 2250 debat
2193 2193 2665 2268 justificationem
2694 2194 2862 2266 impii
2895 2192 3089 2266 perfici
3125 2195 3189 2249 in
3215 2191 3364 2250 duo-

1990 2272 2095 2329 bus
2117 2275 2487 2340 instantibuS,
2522 2276 2585 2332 in
2612 2291 2861 2347 quorum
2892 2290 3011 2330 uno
3032 2273 3366 2331 destruere·

1994 2361 2084 2411 tur
2111 2357 2278 2429 culpa
2308 2373 2407 2428 per
2450 2356 2709 2412 ultimum
2756 2359 2873 2427 ejus
2898 2372 3024 2422 esse,
3057 2361 3111 2410 et
3141 2355 3203 2411 in
3246 2356 3365 2413 alio

1992 2438 2272 2511 inciperet
2316 2438 2503 2511 gratia
2551 2453 2651 2510 per
2699 2440 2950 2510 primum
2993 2454 3120 2492 esse.
3178 2438 3361 2509 Negat

1990 2518 2172 2586 enim,
2205 2519 2354 2591 quod
2397 2519 2622 2574 instans
2647 2524 2771 2590 post
2813 2520 3036 2574 instans
3077 2516 3358 2583 succedat,

1992 2615 2254 2656 asserens
2294 2598 2442 2672 quod
2474 2604 2590 2656 toto
2619 2606 2875 2672 tempore
2905 2596 3247 2669 praecedenti
3294 2597 3361 2652 in

1989 2687 2075 2738 est
2113 2682 2297 2755 culpa,
2328 2687 2384 2738 et
2425 2681 2488 2737 in
2519 2682 2725 2738 ultimo
2766 2682 2887 2754 ejus
2917 2680 3156 2736 instanti
3185 2684 3367 2735 cessat

1994 2779 2094 2836 per
2123 2763 2379 2835 primum
2424 2781 2536 2819 non
2583 2781 2707 2828 esse,
2753 2768 2808 2819 et
2852 2761 3009 2818 adest
3033 2761 3219 2834 gratia
3261 2776 3362 2833 per

1984 2847 2232 2918 primum
2253 2862 2378 2902 esse.
2413 2844 2578 2902 Unde
2604 2843 2891 2901 concludit
2925 2863 2937 2899 ε
2968 2865 2993 2896 α
3020 2845 3087 2898 Et
3114 2841 3242 2899 ideo
3257 2841 3358 2915 ju-

1998 2948 2024 2979 «
2048 2923 2356 2981 dicandum
2378 2931 2463 2982 est
2501 2923 2816 2981 secundum
2846 2925 2948 2980 hoc
2978 2922 3047 2980 de
3074 2925 3195 2997 eJus
3223 2939 3357 2977 mu-

1997 3029 2022 3061 «
2055 3007 2271 3064 tatione
2315 3005 2630 3063 secundum
2673 3005 3061 3062 conditionem
3093 3009 3353 3060 motuum

1999 3087 2485 3160 «temporalium,
2536 3094 2597 3141 ut
2635 3087 2850 3143 scilicet
2894 3085 3173 3150 dicamuS,
3205 3082 3355 3157 quod

1998 3192 2024 3223 α
2054 3184 2170 3226 non
2209 3173 2293 3226 est
2334 3167 2472 3225 dare
2519 3169 2795 3224 ultimum
2842 3169 3087 3231 instan5‚
3137 3166 3200 3221 in
3240 3182 3350 3239 quo

1996 3272 2022 3303 α
2051 3250 2218 3322 culpa
2264 3248 2459 3317 infuit,
2504 3250 2603 3307 sed
2655 3251 2926 3305 ultimum
2973 3253 3234 3320 tempus;
3274 3250 3358 3303 est

1995 3353 2023 3385 α
2054 3336 2245 3387 autem
2275 3330 2413 3387 dare
2440 3330 2700 3403 primum
2728 3331 2970 3396 instanS,
3006 3329 3069 3384 in
3090 3345 3203 3400 quo
3222 3341 3353 3401 gra-

1997 3436 2022 3467 «
2054 3415 2134 3470 tia
2176 3415 2324 3471 inest
2352 3434 2364 3468 ε
2394 3413 2457 3469 in
2486 3420 2602 3470 toto
2630 3419 2819 3469 autem
2851 3418 3108 3484 tempore
3150 3427 3351 3484 praece-

1997 3518 2023 3549 α
2054 3496 2213 3552 denti
2243 3495 2433 3551 inerat
2472 3495 2656 3568 culpa.
2693 3515 2718 3545 1>

2066 3574 2408 3632 Addendum
2445 3582 2547 3646 est,
2581 3576 2727 3648 quod
2773 3578 2836 3631 D.
2862 3573 3352 3649 Thom.yloquitur

1992 3654 2062 3712 de
2091 3655 2342 3713 motibus
2375 3655 2827 3729 praecedentibus
2860 3653 3346 3728 justificationem,

1990 3741 2047 3792 et
2069 3737 2335 3793 ultimam
2365 3736 2801 3808 dispositionem
2829 3734 2900 3792 ad
2924 3736 3114 3799 illam,
3140 3734 3199 3790 in
3224 3733 3351 3806 qui-

1992 3819 2098 3876 bus
2150 3818 2400 3876 motibus
2449 3820 2594 3876 solet
2643 3818 2906 3875 consumi
2960 3823 3203 3891 tempuS,
3254 3815 3348 3872 vel

1992 3906 2225 3975 propter
2265 3900 2608 3965 discursum,
2643 3901 2734 3956 vel
2781 3898 2852 3957 ob
2894 3899 3352 3971 repraesentatio-

1992 3999 2126 4040 nem
2157 3983 2643 4055 phantasmatum.
2667 3980 2774 4037 Sed
2797 3982 2860 4036 in
2886 3981 3095 4038 ultimo
3117 3980 3352 4038 instanti

1992 4066 2161 4140 hujus
2190 4064 2466 4138 temporis
2504 4064 2567 4120 fit
2604 4062 2953 4140 justificatio,
2986 4065 3136 4120 sicut
3163 4064 3225 4121 in
3252 4080 3360 4120 na-

1991 4144 2275 4202 turalibus
2305 4152 2492 4202 motus
2514 4144 2873 4211 alterationis
2901 4143 2965 4199 fit
2992 4145 3052 4199 in
3078 4151 3354 4217 tempore,

1991 4234 2047 4285 et
2091 4227 2154 4284 in
2178 4228 2383 4284 ultimo
2408 4229 2529 4302 ejus
2558 4228 2800 4285 instanti
2834 4225 2897 4281 sit
2935 4228 3232 4301 generatio
3259 4247 3273 4283 z
3301 4232 3362 4283 et

1991 4310 2265 4366 similiter
2301 4324 2553 4366 accessus
2580 4308 2836 4381 corporis
2863 4306 3259 4364 illuminantis
3296 4307 3364 4364 fit

1993 4393 2057 4448 in
2104 4397 2383 4465 tempore,
2429 4397 2485 4448 et
2531 4396 2726 4448 tamen
2766 4391 2828 4446 in
2871 4390 3079 4447 ultimo
3119 4391 3360 4447 instanti

1996 4470 2250 4547 praedicti
2280 4477 2468 4529 motus
2505 4469 2569 4527 fit
2608 4470 2990 4528 illuminatio.
3014 4474 3197 4536 Quam
3225 4470 3366 4530 doc-

1995 4552 2211 4610 trinam
2234 4551 2411 4608 tradit
2441 4553 2504 4607 D.
2533 4552 2737 4609 Thom.
2768 4552 2948 4608 eodem
2975 4559 3085 4608 art.
3119 4555 3178 4607 in
3216 4570 3361 4626 resp.
3380 4574 3439 4617 ι),
3461 4575 3568 4618 m

1991 4635 2066 4691 ad
2097 4638 2143 4700 l,
2173 4634 2272 4690 his
2308 4631 2500 4689 verbis
2538 4654 2551 4689 ε
2579 4656 2604 4685 α
2633 4633 2969 4701 Dicendum,
2996 4632 3145 4707 quod
3175 4638 3367 4691 motus

1996 4737 2022 4771 «
2056 4716 2227 4774 liberi
2256 4714 2507 4782 arbitrii,
2538 4714 2637 4788 qui
2664 4715 2959 4773 concurrit
2987 4714 3058 4772 ad
3080 4714 3369 4789 Justifica-

1998 4821 2025 4852 α
2055 4799 2272 4857 tionem
2300 4796 2491 4869 impii,
2519 4803 2603 4854 est
2630 4813 2939 4854 consensus
2962 4796 3032 4854 ad
3073 4798 3370 4857 detestan-

2000 4901 2025 4933 α
2056 4878 2196 4935 dum
2249 4883 2560 4952 peccatum,
2617 4883 2674 4934 et
2741 4876 2811 4933 ad
2858 4876 3242 4936 accedendum
3294 4878 3370 4936 ad

2001 4983 2027 5016 α
2057 4964 2238 5018 Deum
2267 4981 2280 5016 ε
2322 4959 2420 5032 qui
2447 4958 2680 5033 quidem
2724 4973 3031 5015 consensus
3059 4960 3250 5018 subito
3278 4958 3367 5017 fit.

2001 5065 2029 5098 α
2060 5042 2358 5118 Contingit
2383 5047 2573 5099 autem
2601 5038 2959 5115 quandoque,
2982 5040 3131 5115 quod
3159 5058 3373 5173 prenge}

3325 5133 3345 5173 ι
