3647 5753
1411 436 1589 493 DISP.
1635 437 1754 505 vll,
1798 438 1965 495 DUB.
2011 436 2106 492 lv.
3045 423 3151 480 173

292 623 318 653 α
358 617 488 659 cere
528 602 898 675 possibilium
966 607 1301 679 pervenitur
1352 605 1424 664 ad
1465 623 1650 665 unum

295 707 321 734 ιι
361 682 659 754 effectum3
709 703 958 760 quarum
1000 705 1463 762 unamquamque
1505 691 1653 747 Deus

300 787 325 817 α
365 764 594 823 ordinat
621 765 691 823 ad
721 769 1227 841 consequutionem
1255 769 1504 835 effectus,
1531 771 1654 828 loco

305 871 330 901 ι(
368 848 486 923 ejus
504 865 630 922 quas
651 847 861 919 deficit,
918 852 1009 908 vel
1056 867 1129 909 ne
1176 853 1357 909 altera
1402 851 1646 911 deficiat.

305 950 329 981 <c
368 929 519 986 Sicut
543 928 832 998 videmus,
881 931 1028 1004 quod
1081 933 1282 990 omnia
1326 932 1653 1007 singularia

304 1035 328 1064 «
368 1011 536 1068 unius
550 1013 756 1085 speciei
773 1021 907 1070 sunt
927 1005 1361 1088 corruptibilia';
1387 1020 1651 1072 ettamen

301 1117 327 1146 «ι
368 1109 468 1167 per
490 1095 904 1152 successionem
947 1096 1118 1153 unius
1146 1097 1217 1154 ad
1264 1100 1514 1154 alterum
1559 1113 1653 1170 po-

304 1197 328 1225 a
367 1179 474 1230 test
517 1173 579 1230 in
616 1175 699 1232 eis
724 1175 1041 1233 secundum
1079 1193 1391 1234 numerum
1431 1177 1648 1234 salvari

301 1278 326 1306 «
355 1256 709 1328 perpetuitas
753 1258 982 1330 speciei,
1038 1258 1241 1315 divina
1288 1257 1649 1331 providentia

302 1359 327 1388 «
369 1335 558 1392 taliter
611 1335 992 1410 gubernante,
1045 1338 1194 1411 quod
1262 1355 1380 1395 non
1446 1338 1651 1396 omnia

301 1439 326 1467 «
368 1415 647 1483 deficiant,
671 1433 790 1474 uno
809 1417 1125 1476 deficiente.
1154 1421 1223 1474 Et
1245 1419 1349 1476 hoc
1371 1419 1540 1478 modo
1565 1424 1650 1476 est

302 1518 326 1548 (ι
368 1497 432 1553 in
455 1497 951 1570 praedestinatione
970 1521 984 1567 ;
1017 1499 1267 1556 liberum
1295 1499 1454 1557 enim
1487 1498 1651 1557 arbi-

300 1600 326 1628 «
370 1580 545 1634 trium
566 1576 805 1635 deficere
834 1583 1067 1652 potesta
1094 1582 1296 1646 salute,
1347 1586 1542 1637 tamen
1585 1580 1650 1636 in

301 1681 327 1710 α
367 1674 452 1726 ec,
481 1676 649 1732 quem
685 1662 834 1717 Deus
863 1659 1249 1733 praedestinat‚
1277 1667 1359 1720 tot
1400 1662 1516 1719 alia
1545 1660 1650 1718 ad-

301 1762 326 1792 «
368 1740 642 1797 minicula
672 1746 972 1814 praeparat,
1004 1740 1153 1813 quod
1180 1743 1272 1799 vel
1303 1758 1419 1799 non
1446 1742 1608 1801 cadat
1631 1765 1645 1810 ;

298 1842 325 1870 «
367 1820 458 1876 vel
482 1820 531 1875 si
553 1819 731 1888 cadat,
757 1820 907 1893 quod
938 1826 1198 1896 resurgat
1227 1821 1411 1878 :sicut
1435 1822 1650 1879 exhor-

300 1923 325 1951 «
368 1900 627 1965 tationeS,
659 1905 715 1957 et
741 1900 1019 1975 suffragia
1046 1902 1397 1968 orationum,
1431 1901 1648 1959 donum

298 2003 328 2032 α
366 1980 580 2055 gratiae,
611 1986 668 2037 et
705 1980 820 2037 alia
855 1980 1204 2054 hujusmodi,
1250 1982 1457 2054 quibus
1503 1984 1652 2040 Deus

302 2086 326 2115 a
369 2060 816 2118 adminiculatur
844 2061 1068 2118 homini
1106 2062 1176 2119 ad
1221 2063 1485 2119 salutem.
1521 2084 1546 2114 »
1591 2063 1650 2118 Si

293 2149 484 2202 autem
509 2144 571 2200 D.
603 2142 853 2200 Thomas
896 2143 1139 2201 sentiret
1182 2143 1309 2201 dari
1364 2145 1650 2201 auxilium

289 2243 363 2283 ex
387 2241 467 2292 se,
492 2229 548 2282 et
568 2223 638 2281 ab
660 2224 973 2283 intrinseco
993 2225 1206 2291 efficax,
1231 2242 1653 2299 supervacanee

293 2307 363 2364 ad
408 2307 559 2364 hunc
610 2305 951 2374 discursum,
1006 2313 1063 2365 et
1123 2307 1504 2380 multiplicata
1548 2308 1654 2365 ad-

295 2390 570 2446 minicula
594 2396 911 2447 recurreret
932 2414 946 2456 ;
979 2394 1165 2463 posset
1188 2391 1348 2447 enim
1371 2389 1654 2447 certitudo

295 2469 508 2526 divinae
533 2469 915 2527 ordinationis
941 2471 1157 2527 salvari
1181 2486 1282 2542 per
1308 2470 1493 2526 solam
1532 2471 1654 2527 col-

297 2550 572 2607 lationem
629 2551 834 2608 auxilii
887 2550 959 2608 ab
1018 2551 1333 2608 intrinseco
1390 2551 1647 2609 efficacis.

293 2629 581 2688 Sentiebat
604 2646 739 2704 ergo
760 2632 815 2687 S.
843 2630 1046 2688 Doctor
1069 2647 1186 2689 non
1207 2630 1332 2688 dari
1365 2632 1653 2689 auxilium

293 2729 362 2769 ex
386 2729 445 2770 se
469 2712 683 2778 efficax,
707 2711 808 2769 sed
827 2716 1030 2768 cuncta
1056 2729 1177 2769 esse
1218 2712 1288 2768 ab
1339 2712 1655 2771 intrinseco

296 2792 672 2850 frustrabilia.

368 2876 500 2931 250.
545 2874 671 2931 Haec
699 2879 893 2931 tamen
923 2873 1144 2931 leviora
1170 2880 1323 2941 sunt,
1356 2881 1419 2932 ut
1442 2881 1657 2949 queant

301 2955 536 3012 reddere
562 2952 796 3010 dubiam
839 2960 1092 3012 mentem
1137 2958 1199 3012 D.
1232 2957 1436 3012 Thom.
1482 2972 1654 3029 quam

297 3052 365 3092 cx
390 3034 555 3090 dictis
576 3038 608 3104 ἕ
629 3036 664 3090 2
686 3034 824 3091 satis
865 3040 1215 3107 perspectam
1245 3034 1525 3092 habemus
1559 3057 1572 3091 ι
1599 3040 1657 3092 et

298 3112 529 3171 aliunde
551 3112 719 3171 facile
738 3114 1119 3187 explicantur.
1147 3112 1231 3168 Ad
1252 3116 1503 3187 primum
1524 3130 1657 3172 mo-

298 3197 479 3252 tivum
521 3194 952 3269 respondemuS,
1004 3196 1067 3248 D.
1121 3193 1405 3250 Thomam
1447 3195 1656 3253 merito

296 3294 559 3344 asserere,
578 3276 650 3335 de
667 3276 889 3334 ratione
910 3274 1081 3332 liberi
1098 3274 1324 3332 arbitrii
1341 3291 1481 3343 esse,
1506 3276 1656 3351 quod

295 3376 354 3419 se
371 3360 738 3424 determinet,
763 3365 818 3416 et
841 3365 968 3434 agat
988 3374 1119 3416 cum
1149 3361 1421 3430 potestate
1449 3358 1519 3414 ad
1548 3375 1658 3432 op-

298 3442 578 3514 positum:
605 3439 705 3498 sed
753 3438 889 3495 hinc
916 3439 1162 3494 minime
1209 3436 1479 3504 infertur,
1504 3437 1655 3510 quod

297 3527 428 3579 ante
471 3521 1016 3580 determinationem
1058 3520 1365 3578 formalem
1412 3537 1444 3577 a
1471 3519 1657 3578 libero

298 3601 537 3658 arbitrio
555 3602 806 3659 elicitam
838 3617 954 3658 non
982 3600 1149 3657 detur
1171 3601 1286 3657 alia
1307 3599 1656 3657 determina-

98 2902 281 2952 Respon-

108 2951 171 3006 sio
182 2951 237 2993 ad

75 3010 264 3049 primum,

297 3685 376 3741 tio
397 3686 637 3741 causalis
659 3700 692 3740 a
713 3687 826 3741 Deo
854 3684 1150 3756 impressa,
1184 3681 1476 3739 mediante
1497 3682 1656 3739 auxi·

79 3783 261 3824 nrm.
301 3765 375 3823 lio
394 3765 464 3822 ab
487 3766 801 3822 intrinseco
827 3762 1056 3830 efficaci,
1084 3769 1145 3819 ut
1187 3762 1345 3819 docet
1369 3764 1426 3818 S.
1453 3764 1656 3820 Doctor

307 3849 323 3901 l
355 3853 503 3918 part.
539 3852 718 3919 quw-st.
752 3846 843 3910 83.
867 3846 1030 3901 artic.
1072 3846 1091 3901 l
1124 3845 1199 3899 ad
1222 3845 1257 3898 3
1280 3843 1371 3898 his
1410 3842 1604 3901 verbis
1638 3864 1650 3899 ε

306 3950 332 3977 ιι
377 3926 686 3984 Dicendum
731 3923 881 3999 quod
927 3925 1177 3982 liberum
1226 3922 1539 3981 arbitrium
1572 3930 1656 3982 est

308 4031 330 4060 (ι
371 4024 537 4065 causa
562 4007 651 4063 sui
673 4013 881 4074 motus,
919 4007 1052 4079 quia
1079 4006 1252 4063 homo
1274 4022 1374 4079 per
1403 4007 1655 4065 liberum

305 4110 329 4137 «ι
371 4088 681 4145 arbitrium
698 4103 758 4144 se
779 4093 969 4144 movet
990 4086 1059 4144 ad
1080 4085 1392 4160 agendum.
1414 4089 1543 4145 Non
1565 4093 1656 4143 ta-

305 4192 329 4223 «
369 4185 503 4227 men
525 4170 632 4227 hoc
650 4169 818 4226 est-de
832 4168 1181 4235 necessitate,
1206 4169 1356 4241 quod
1367 4169 1442 4225 sit
1464 4169 1655 4242 prima

303 4274 326 4301 a
367 4267 532 4307 causa
558 4250 648 4306 sui
666 4249 740 4313 id,
771 4249 920 4323 quod
955 4248 1203 4306 liberum
1226 4254 1312 4306 est
1343 4271 1357 4305 :
1386 4250 1655 4307 sicutne-

302 4352 326 4380 «
365 4346 473 4402 que
493 4330 565 4387 ad
587 4329 864 4402 hoc-,quod
890 4328 1103 4403 aliquid
1120 4330 1193 4385 sit
1212 4346 1378 4386 causa
1394 4329 1649 4396 alterius,

301 4436 326 4463 «ι
368 4413 703 4486 requiritur,
735 4412 885 4484 quod
929 4412 1002 4468 sit
1052 4411 1241 4484 prima
1293 4428 1460 4468 causa
1509 4412 1648 4486 ejus,

301 4516 325 4542 τι
368 4494 513 4549 Deus
541 4493 722 4568 igitur
748 4496 832 4548 est
874 4491 1062 4563 prima
1098 4508 1269 4548 causa
1316 4507 1556 4548 movens
1599 4495 1656 4548 et

301 4596 326 4625 a
367 4574 660 4631 naturales
685 4587 905 4635 causas,
931 4575 988 4628 et
1012 4570 1370 4628 voluntarias
1392 4590 1405 4627 ε
1429 4577 1484 4626 et
1509 4570 1656 4627 sicut

300 4676 326 4705 <s
366 4653 732 4712 naturalibus
780 4654 983 4718 causiS,
1041 4651 1324 4708 movendo
1368 4668 1483 4718 eaS,
1537 4666 1653 4708 non

303 4758 326 4785 ιι
366 4735 553 4793 aufert
573 4735 722 4809 quin
751 4736 912 4789 actus
931 4748 1131 4788 earum
1172 4733 1290 4789 sint
1315 4733 1651 4789 naturales:

296 4840 318 4867 a
362 4816 437 4874 ita
464 4813 762 4873 movendo
783 4828 979 4869 causas
1005 4812 1380 4877 voluntarias,
1407 4827 1523 4869 non
1549 4826 1656 4869 au-

289 4922 314 4948 a
355 4896 484 4965 fert,
515 4898 665 4971 quin
695 4894 954 4951 actiones
973 4907 1171 4949 earum
1192 4894 1309 4949 sint
1338 4893 1650 4959 naturales,

285 5004 312 5035 a
347 4981 445 5039 sed
474 4981 669 5055 potius
699 4976 892 5033 hocin
918 4973 1000 5030 eis
1017 4975 1145 5031 facit
1170 5000 1183 5043 ;
1206 4980 1476 5048 operatur
1496 4974 1654 5032 enim

279 5088 304 5115 a
349 5063 409 5119 in
442 5069 803 5133 unoquoque
845 5053 1153 5110 secundum
1192 5055 1313 5129 ejus
1334 5055 1655 5128 proprieta—

1792 629 1819 662 α
1859 613 1995 667 tem.
2023 630 2049 660 ι)
2084 610 2153 664 Et
2178 608 2281 665 hoc
2301 609 2526 662 tantum
2568 599 2817 659 intendit
2868 600 2918 653 S.
2946 598 3151 654 Doctor

1786 691 1850 747 in
1878 695 2116 762 utroque
2158 685 2503 752 testimonio,
2534 680 2801 756 quamvis
2852 680 2915 735 in
2958 678 3152 751 primo

1784 770 1960 828 simul
1981 770 2137 828 docet
2162 766 2477 825 discrimen
2525 763 2678 820 inter
2707 761 3023 818 motionem
3046 756 3147 812 Dei

1785 851 1849 909 in
1875 851 2079 910 ordine
2129 849 2201 925 ad
2254 848 2511 922 primum
2558 849 2748 901 actum
2800 840 3139 905 voluntatis,

1782 933 2139 1009 quoattingit
2183 930 2379 997 finem,
2424 945 2525 986 seu
2575 926 2792 985 bonum
2833 928 2896 980 ut
2942 923 3149 988 sic3et

1783 1016 2101 1074 motionem
2147 1011 2217 1070 ad
2255 1014 2553 1084 sequentes
2606 1012 2762 1064 actus
2805 1000 3140 1066 voluntatis,

1782 1097 1991 1171 quibus
2017 1095 2247 1170 attingit
2293 1091 2502 1157 media,
2526 1106 2625 1147 seu
2653 1088 2803 1146 bona
2831 1085 3146 1161 particula-

1784 1179 1874 1237 ria
1900 1200 1913 1235 ε
1938 1195 2075 1235 nam
2096 1176 2364 1233 voluntas
2383 1173 2448 1229 in
2471 1172 2662 1245 primo
2681 1174 2805 1226 actu
2831 1165 3150 1240 applicatur

1782 1259 2071 1333 adaequate
2118 1273 2151 1314 a
2206 1258 2340 1321 De0,
2379 1259 2435 1313 et
2478 1254 2602 1326 ipsa
2652 1251 2840 1308 solum
2891 1244 3146 1304 elicitive

1783 1339 2015 1415 physice
2055 1337 2344 1396 concurrit
2398 1356 2412 1391 :
2463 1333 2535 1392 ad
2588 1333 2731 1390 alios
2794 1333 2986 1386 autem
3033 1325 3157 1399 ipse

1781 1420 1957 1478 homo
2005 1435 2066 1477 se
2109 1418 2283 1476 etiam
2323 1414 2588 1489 applicat,
2621 1429 2738 1470 non
2784 1417 2846 1467 ut
2900 1407 3155 1482 primum

1782 1497 2195 1563 determinans,
2247 1494 2346 1554 sed
2416 1498 2478 1549 ut
2545 1505 2718 1567 agens
2786 1488 2892 1546 sub
2962 1486 3156 1543 deter-

1781 1580 2104 1638 minatione
2154 1577 2372 1644 divina,
2399 1581 2459 1632 ut
2504 1573 2887 1647 explicuimus
2936 1567 3149 1641 disp.5,

1779 1662 2280 1799 dugg'sgcilindum
2309 1753 2603 1813 negamuS,
2649 1733 2802 1808 quod
2844 1735 2908 1789 D.
2941 1731 3147 1824 ΤΙιριιις
3168 1737 3349 1832 efflas-m

1782 1824 1978 1882 doceat
2022 1822 2319 1880 hominem
2374 1835 2533 1893 posse
2582 1817 2847 1873 resistere
2895 1819 3147 1871 motioni

1781 1903 2010 1970 efficaci,
2031 1901 2357 1959 resistentia
2386 1898 2614 1973 proprie
2635 1896 2805 1963 dicta,
2823 1896 2960 1952 etin
2984 1909 3157 1951 sensu

1783 1982 2096 2056 composito
2143 1980 2289 2039 :sed
2332 1983 2569 2037 tantum
2625 1979 2711 2035 eis
2751 1975 2889 2034 locis
2933 1973 3153 2038 asserit,

1782 2064 1936 2139 quod
1952 2059 2124 2120 homo
2141 2062 2316 2136 possit
2337 2063 2452 2117 Deo
2479 2056 2741 2116 moventi
2760 2056 3044 2119 resistere,
3064 2053 3158 2111 vel

1786 2144 2265 2220 impedimentum
2315 2156 2620 2216 apponere.
2653 2139 2739 2195 Ad
2765 2136 2916 2213 quod
2956 2133 3160 2193 verifi-

1785 2227 2033 2285 candum
2060 2223 2281 2292 sufficit,
2312 2221 2462 2298 quod
2490 2221 2666 2294 possit
2690 2219 2955 2275 resistere
2977 2216 3157 2274 resis-

1786 2309 1966 2366 tentia
1992 2303 2390 2380 conjungenda
2429 2319 2560 2359 cum
2588 2301 2778 2375 gratia
2812 2297 3153 2363 vocationiS,

1784 2397 1842 2450 et
1866 2391 1930 2447 in
1956 2404 2124 2447 sensu
2153 2386 2341 2443 diviso
2361 2386 2433 2442 ab
2471 2382 2692 2440 auxilio
2719 2379 2951 2441 efficaci.
2992 2382 3055 2433 ut
3094 2392 3156 2434 se

1787 2473 2017 2529 tenente
2059 2484 2132 2525 ex
2183 2469 2345 2539 parte
2379 2463 2641 2528 termini,
2694 2462 2784 2518 vel
2828 2457 3054 2531 obJ'ecti,
3086 2461 3148 2512 ut

1786 2559 1817 2626 5
1881 2555 1917 2608 8
1967 2548 2372 2623 explicuimus.
2432 2549 2502 2601 Et
2561 2544 2818 2618 primum
2881 2540 3150 2596 testimo-

1788 2637 1974 2701 nium,
1998 2631 2149 2707 quod
2171 2630 2410 2688 Suarius
2433 2647 2584 2685 num.
2618 2628 2652 2682 8
2677 2625 2871 2690 refert,
2910 2637 3030 2678 non
3054 2636 3152 2677 re-

1791 2719 2046 2793 perimus
2073 2713 2279 2771 inloco
2322 2711 2544 2784 abipso
2587 2710 2779 2766 citato,
2811 2704 3142 2764 Secundum

1789 2794 2230 2872 intelligendum
2258 2798 2343 2852 est
2371 2791 2540 2850 modo
2568 2805 2753 2864 nuper
2775 2787 3058 2861 explicato
3077 2786 3155 2855 (et

1788 2881 1853 2938 in
1872 2896 1938 2937 eo
1966 2895 2083 2935 non
2127 2875 2264 2935 dicit
2287 2880 2353 2931 D.
2378 2873 2582 2930 Thom.
2633 2870 2753 2926 licet
2788 2867 2934 2926 Deus
2953 2867 3153 2941 faciat,

1787 2968 1893 3021 etc.
1918 2965 1980 3018 ut
2018 2962 2226 3017 Suarez
2269 2975 2423 3014 num.
2465 2956 2528 3010 14
2557 2953 2767 3019 refert;
2796 2949 2979 3007 sedin
3007 2948 3160 3004 hunc

1787 3042 2024 3102 modum
2048 3042 2171 3101 :Sic
2190 3058 2312 3111 erqo
2343 3039 2445 3095 illa
2467 3053 2654 3103 causa,
2674 3051 2788 3113 quar
2805 3033 2944 3106 facit
2969 3031 3161 3086 volun-

1788 3136 1954 3184 tatem
1981 3125 2194 3197 aliquid
2220 3125 2375 3180 velle.
2404 3125 2531 3178 Nec
2560 3120 2623 3176 in
2662 3134 2728 3174 ea
2768 3113 3156 3188 responsione,

1788 3209 1882 3267 vel
1903 3207 1965 3264 in
1994 3209 2354 3279 argumento,
2396 3202 2490 3271 cui
2537 3199 2797 3265 occurrit,
2837 3196 3020 3252 utitur
3057 3193 3162 3250 bac

1788 3304 1925 3349 voce
1953 3285 2140 3357 Deus).
2187 3288 2373 3342 Immo
2425 3298 2543 3340 non
2568 3284 2654 3338 est
2691 3276 3154 3340 fundamentum,

1787 3374 1852 3426 ut
1877 3367 2268 3441 intelligamus
2296 3366 2352 3419 S.
2387 3365 2687 3419 Doctorem
2728 3357 2883 3432 loqui
2937 3355 3151 3412 ibidem
3166 3383 3370 3429 arbom.

1788 3451 1859 3509 de
1878 3448 2098 3507 auxilio
2117 3446 2343 3510 efficaci,
2393 3460 2523 3501 cum
2553 3446 2746 3515 aperte
2790 3437 3072 3513 significet
3093 3451 3157 3493 se

1788 3531 1944 3605 loqui
1964 3529 2035 3587 de
2054 3544 2226 3585 causa
2251 3524 2550 3583 sufficienti
2574 3523 2644 3579 ad
2667 3517 3052 3583 movendum;
3075 3515 3157 3572 sic

1785 3612 1944 3669 enim
1998 3608 2228 3665 inchoat
2278 3603 2707 3677 responsionem
2763 3620 2776 3655 :
2824 3595 3152 3661 Dicendum,

1786 3690 1928 3763 quod
1958 3704 2065 3743 non
2086 3686 2266 3741 omnis
2288 3700 2458 3739 causa
2479 3698 2550 3737 ea:
2597 3679 2909 3736 necessitate
2936 3674 3153 3731 inducit

1785 3771 2050 3842 effectum,
2074 3766 2292 3821 etiamsi
2307 3765 2383 3818 sit
2411 3779 2577 3818 causa
2599 3760 2892 3833 sufficiens.
2925 3758 2993 3811 In
3031 3759 3157 3810 ter-

1788 3850 1868 3906 tio
1918 3845 2245 3905 testimonio
2291 3859 2409 3899 non
2455 3842 2711 3914 loquitur
2736 3839 2791 3894 S.
2823 3841 3030 3894 Doctor
3075 3831 3147 3890 de

1786 3929 1970 4006 gratia
1991 3927 2310 3985 auxiliante
2330 3923 2632 3981 efficaciter
2646 3924 2935 3985 movente,
2961 3914 3060 3973 sed
3072 3914 3151 4005 'de

1785 4008 1971 4084 gratia
1998 4005 2279 4064 habituali
2316 4026 2329 4061 ε
2358 4004 2429 4061 de
2462 4018 2578 4075 qua
2600 4017 2718 4058 non
2744 3998 2946 4056 eadem
2976 3998 3146 4083 ratio,

1787 4104 1850 4146 ac
1876 4087 1946 4145 de
1974 4087 2077 4143 illa
2117 4084 2381 4143 habenda
2407 4087 2511 4149 est,
2535 4080 2635 4139 sed
2675 4080 2790 4136 alia
2841 4077 3009 4151 longe
3054 4072 3150 4128 dl-

1788 4185 1973 4235 versa,
2006 4173 2067 4224 ut
2085 4183 2157 4225 ex
2181 4183 2242 4224 se
2270 4167 2467 4239 liquet.

1860 4248 1946 4305 Ad
1968 4251 2191 4304 tertium
2210 4244 2573 4305 concedimus
2599 4237 3147 4299 determinationem
3193 4235 3275 4329 ⁸132
3279 4239 3377 4329 utne*

1786 4329 1859 4387 ad
1900 4344 2083 4385 unum
2114 4343 2213 4401 per
2240 4324 2477 4383 modum
2526 4323 2749 4387 formas,
2802 4323 2861 4376 et
2904 4321 3145 4383 naturae,
3321 4317 3333 4328 ·

1787 4412 1880 4469 vel
1918 4426 2149 4484 prorsus
2201 4405 2649 4470 immutabilem,
2708 4407 2826 4458 tam
2873 4400 2936 4456 in
2976 4413 3151 4455 sensu

1787 4490 2116 4563 composito,
2144 4503 2318 4561 quam
2346 4486 2409 4542 in
2435 4500 2606 4542 sensu
2635 4481 2840 4546 diviso,
2872 4494 2995 4536 esse
3012 4492 3153 4535 con·

1787 4576 1879 4627 tra
1898 4570 2241 4635 libertatem,
2277 4571 2339 4622 ut
2361 4568 2423 4622 D.
2455 4565 2660 4622 Thom.
2692 4559 2893 4618 asserit
2921 4559 2986 4615 in
3012 4557 3152 4615 locis

1785 4666 1911 4724 quas
1936 4648 2302 4724 objiciuntur.
2334 4647 2462 4702 Non
2491 4649 2683 4702 tamen
2710 4645 2795 4698 est
2820 4644 3020 4697 contra
3048 4652 3151 4694 ra-

1787 4733 2006 4790 tionem
2034 4726 2254 4803 agentis
2279 4725 2514 4784 secundi
2562 4722 2730 4781 liberi
2759 4719 3149 4778 determinari

1788 4829 1822 4870 a
1848 4815 1961 4868 Deo
1987 4808 2239 4866 motione
2267 4805 2592 4880 pertinente
2618 4802 2689 4859 ad
2738 4807 2927 4859 actum
2952 4814 3152 4857 secun-

1787 4892 1945 4955 dum,
1969 4895 2026 4947 et
2048 4888 2469 4960 relinquentem
2500 4887 2834 4958 potestatem
2880 4880 2950 4937 ad
2978 4896 3153 4954 oppo-

1787 4972 1962 5028 situm
1985 4969 2046 5026 in
2066 4982 2236 5026 sensu
2265 4966 2481 5033 diviso,
2510 4969 2675 5038 atque
2727 4962 2856 5019 ideo
2885 4977 3003 5018 non
3051 4961 3153 5017 in-

1787 5050 2029 5109 ducente
2081 5046 2610 5105 immutabilitatem
2661 5043 2982 5101 absolutam
3012 5085 3026 5109 ,
3086 5045 3149 5096 ut
