3647 5753
1225 397 1404 453 DISP.
1449 400 1568 467 VII,
1613 402 1777 459 DUB.
1822 407 1921 463 IV.
2362 434 2369 439 ·
2864 411 2954 465 101

118 572 325 624 amore,
346 559 446 616 sed
468 559 727 630 divisim,
761 573 819 621 et
844 568 1156 625 secundum
1183 586 1244 626 se
1279 595 1293 637 ;
1317 569 1470 626 idem

114 637 413 695 dicendum
460 649 546 696 est
588 642 658 700 de
706 649 926 705 auxilio
965 667 1035 705 ex
1063 667 1122 708 se
1166 651 1373 708 efficaci
1401 650 1471 707 ad

118 734 367 775 amorem
391 741 404 775 ε
427 728 484 777 et
505 730 789 794 quantum
818 728 888 784 ad
911 730 1014 786 hoc
1035 747 1152 788 non
1174 731 1344 788 datur
1360 730 1473 787 dis-

116 799 330 854 crimen
396 800 553 857 inter
599 806 888 863 auxilium
940 826 1010 865 ex
1055 827 1115 867 se
1158 811 1353 868 efficax
1400 811 1470 868 ad

115 894 384 943 amorem,
416 887 473 935 et
527 881 719 953 ipsum
767 903 1044 945 amorem.
1083 890 1247 947 Unde
1275 892 1470 965 nequit

119 956 440 1029 praedictum
455 963 747 1019 auxilium
772 969 954 1042 magis
974 969 1268 1027 destruere
1291 971 1471 1028 liber-

117 1042 301 1104 tatem,
344 1054 520 1110 quam
550 1041 798 1101 destruit
824 1050 1134 1119 potentiam
1175 1050 1246 1107 ad
1268 1068 1470 1108 caren-

117 1116 249 1173 tiam
277 1121 491 1176 amoris
512 1124 831 1181 secundum
852 1144 934 1184 se.

191 1199 455 1267 Secundo,
507 1204 643 1276 quia
697 1223 814 1263 non
855 1226 921 1265 ea
970 1215 1191 1268 tantum
1248 1214 1471 1271 ratione

119 1295 272 1334 amor
310 1284 487 1337 semel
515 1285 747 1341 elicitus
791 1305 909 1345 non
937 1289 1182 1356 destruit
1230 1293 1471 1351 liberta-

95 1365 246 1429 stem,
276 1361 406 1432 quia
452 1363 797 1436 impotentia
836 1385 906 1425 ex
935 1386 1002 1426 ea
1028 1382 1372 1446 consequuta
1397 1375 1471 1431 sit

122 1440 292 1498 libera
311 1446 620 1513 voluntati,
665 1452 755 1506 vel
781 1453 917 1523 quia
946 1453 1215 1512 fundetur
1243 1457 1305 1513 in
1332 1475 1471 1530 sup-

125 1523 387 1606 positione
415 1525 620 1590 libera,
636 1537 693 1584 ut
716 1531 834 1587 haec
858 1536 1151 1605 responsio
1173 1537 1317 1594 falso
1341 1555 1472 1611 sup·

124 1605 270 1673 ponit
300 1630 312 1671 3
350 1606 448 1662 sed
494 1610 636 1681 quia
679 1628 881 1669 revera
911 1614 972 1670 in
1000 1616 1200 1673 eodem
1229 1619 1469 1676 instanti

123 1682 261 1739 adest
291 1691 541 1758 potentia
564 1690 640 1745 ad
680 1695 997 1751 carentiam
1027 1700 1243 1755 amoris
1264 1716 1471 1757 secun-

123 1765 244 1822 dum
269 1784 325 1823 se
350 1790 364 1823 :
393 1771 537 1826 alias
566 1789 736 1830 amor
765 1792 881 1845 non
910 1786 1056 1836 esset
1083 1781 1146 1837 in
1167 1797 1227 1837 se
1251 1782 1470 1840 forma-

123 1847 240 1901 liter
261 1846 399 1904 liber
423 1867 526 1922 pro
574 1868 646 1909 eo
668 1860 944 1927 tempore,
981 1859 1044 1915 in
1091 1878 1202 1934 quo
1249 1861 1419 1920 durat
1452 1887 1467 1930 ;

126 1924 209 1980 sed
230 1931 440 1983 tantum
463 1939 616 1987 esset
647 1932 795 1989 liber
815 1941 1304 2011 praesuppositive,
1326 1951 1380 1999 et
1408 1944 1469 1998 in

128 2022 291 2072 causa,
323 2024 526 2083 nempe
549 2014 616 2068 in
648 2015 839 2085 prima
863 2019 1176 2080 voluntatis
1191 2022 1471 2079 determi—

133 2087 359 2144 natione:
381 2090 530 2161 quod
555 2098 643 2147 est
665 2093 1000 2154 absurdum.
1027 2102 1253 2162 Constat
1280 2109 1469 2159 autem

133 2182 192 2221 ex
214 2184 374 2240 supra
417 2169 606 2239 dictis,
643 2176 929 2233 auxilium
956 2195 1028 2235 ex
1066 2197 1127 2237 se
1159 2183 1354 2240 efficax
1377 2200 1471 2241 re-

136 2248 369 2321 linquere
394 2252 456 2306 in
497 2255 803 2313 voluntate
830 2260 1071 2317 eandem
1114 2269 1465 2334 potestatem,

135 2345 282 2398 quam
310 2348 466 2388 amor
497 2335 780 2409 relinquit
808 2359 820 2393 ε
850 2355 984 2414 ergo
1005 2343 1251 2400 minime
1273 2347 1472 2419 praeju·

135 2408 264 2463 dicat
285 2404 545 2472 libertati.

92 2508 112 2549 t·
205 2489 386 2559 Tertio,
413 2496 548 2566 quia
575 2498 688 2553 hoc
728 2499 868 2571 ipse,
899 2503 1050 2573 quod
1079 2507 1224 2562 Deus
1249 2507 1322 2562 sit
1344 2523 1472 2563 om-

93 2570 113 2597 ²‘
141 2571 393 2642 inpotens,
413 2575 580 2634 debet
610 2581 912 2638 continere
927 2583 1471 2645 determinationem

139 2653 417 2710 voluntatis
459 2664 685 2725 creatae‚
718 2668 774 2717 et
818 2680 941 2735 quae
981 2665 1050 2722 ad
1088 2666 1474 2726 illaniconse-

141 2742 380 2804 quuntur,
437 2755 552 2796 non
583 2742 789 2798 minus
830 2745 1097 2818 perfecte,
1131 2765 1192 2804 ac
1220 2750 1343 2822 ipsa
1367 2767 1473 2807 vo-

93 2830 117 2863 t·
145 2816 325 2884 luntas,
354 2825 410 2875 ut
428 2819 622 2880 docuit
671 2827 738 2882 D.
770 2829 1003 2900 August.
1038 2828 1130 2886 tib.
1162 2831 1225 2887 tle
1240 2840 1470 2906 corrept.

141 2905 179 2951 et
205 2903 391 2968 qratia,
417 2921 535 2976 cap.
571 2908 661 2972 14,
689 2908 811 2963 illis
833 2910 1025 2969 verbis
1052 2936 1066 2969 :
1098 2914 1281 2984 Μαρίε
1318 2915 1473 2970 habet

147 2978 267 3033 Deus
306 2983 361 3036 in
378 2993 644 3054 potestate
682 3006 787 3044 sua
813 2991 1098 3049 hominum
1144 2996 1469 3062 voluntate-9,

143 3077 283 3134 quam
303 3063 400 3134 ipsi
418 3081 549 3120 suas
575 3086 594 3119 .·
623 3083 762 3141 ergo
783 3070 830 3124 si
860 3073 1127 3130 voluntas
1155 3081 1344 3132 creata
1371 3091 1475 3148 po-

147 3146 234 3194 test
249 3143 317 3198 ita
333 3161 390 3201 se
409 3145 804 3206 determinare
830 3152 900 3208 ad
930 3163 1278 3222 amorem,ut
1297 3158 1475 3213 simul

151 3222 358 3278 retineat
383 3233 715 3297 potestatem
764 3230 833 3286 ad
882 3236 1096 3291 amoris
1131 3239 1469 3304 camnstam,

153 3307 199 3353 ut
218 3304 520 3372 possibilem
535 3309 856 3366 secundum
872 3330 934 3369 se
955 3315 1155 3372 haberi
1185 3318 1248 3374 in
1274 3318 1475 3376 eodem

153 3382 374 3452 instanti,
405 3404 513 3458 qua
555 3390 783 3448 ratione
812 3395 1077 3452 voluntas
1119 3404 1242 3453 actu
1273 3415 1476 3456 amans

155 3460 304 3520 libere
347 3475 525 3525 amat:
559 3471 688 3541 pari
720 3475 942 3532 ratione
990 3480 1199 3549 poterit
1222 3481 1368 3537 Deus
1397 3482 1475 3537 ita

152 3541 501 3604 determinare
545 3552 906 3611 voluntatem
936 3566 1184 3615 creatam
1213 3559 1282 3617 ad
1312 3578 1476 3619 amo-

157 3637 275 3689 rem,
304 3633 357 3681 ut
379 3629 548 3685 simul
598 3633 664 3688 in
702 3650 769 3690 ea
824 3638 1109 3711 relinquat
1144 3647 1474 3714 potestatem

159 3705 214 3791 ad
235 3712 523 3768 carentiam
567 3717 787 3773 amoris
827 3721 1140 3778 secundum
1177 3741 1276 3781 se:
1309 3732 1476 3798 atque

162 3783 264 3842 ideo
289 3805 392 3846 non
411 3800 630 3851 evertet
658 3796 1004 3866 libertatem,
1036 3803 1130 3859 sed
1162 3804 1349 3877 potius
1378 3808 1476 3862 in-

165 3864 280 3922 seret
304 3870 681 3933 infallibiliter
720 3882 837 3934 tam
865 3880 1243 3939 substantiam
1271 3901 1476 3960 opera-

165 3946 322 4014 tioniS‚
350 3968 510 4022 quam
540 3956 777 4014 modum
814 3960 1112 4019 libertatis.

95 4049 150 4085 tr.
188 4106 197 4114 η
230 4030 334 4085 151.
372 4034 435 4088 Et
461 4043 696 4111 urgetur
719 4041 849 4109 hoc;
877 4059 1013 4100 nam
1036 4045 1164 4104 ideo
1185 4047 1477 4120 impoten-

168 4112 229 4161 tia
270 4125 595 4187 consequens
660 4119 729 4175 ad
784 4124 1106 4194 ponendam
1159 4130 1475 4185 carentiam

169 4190 345 4275 autoris
369 4192 428 4248 in
453 4195 649 4263 eodem
678 4198 938 4267 instanti,
967 4203 1028 4259 in
1049 4220 1160 4276 quo
1185 4213 1269 4263 est
1289 4225 1471 4277 amor,

168 4270 326 4356 sivead
335 4275 485 4347 conju
496 4280 776 4352 ngendam
788 4286 1103 4342 carentiam
1118 4290 1331 4345 amoris
1345 4307 1475 4347 cum

171 4358 530 4441 circunstantia
575 4362 926 4432 accidentali,
976 4368 1125 4441 quod
1155 4375 1287 4427 tunc
1314 4389 1478 4430 amor

171 4441 469 4521 existat,non
487 4442 810 4516 praejudicat
837 4447 1107 4520 libertati,
1133 4454 1267 4526 quia
1287 4471 1479 4512 conse·

173 4517 332 4579 quitur
355 4517 667 4580 libertatem
692 4527 1005 4585 voluntatis
1033 4540 1250 4603 creatae,
1282 4541 1337 4592 et
1357 4536 1478 4610 ejus

175 4589 683 4672 determinationem,
709 4613 772 4662 ut
792 4609 1123 4670 Adversarii
1140 4615 1474 4689 loquuntur:

179 4678 301 4747 atqui
341 4681 664 4755 impotentia
701 4706 1047 4765 consequens
1097 4698 1381 4757 auxilium
1408 4717 1480 4758 ex

179 4769 223 4808 se
242 4756 428 4827 efficax,
459 4766 630 4822 etiam
663 4774 1026 4845 consequitur
1049 4775 1389 4846 libertatem,
1422 4786 1480 4837 et

181 4830 669 4925 determinationem
729 4852 1043 4910 voluntatis
1081 4863 1303 4926 creatae‚
1361 4875 1480 4917 non

183 4916 372 4985 quidem
411 4927 705 4988 athabitas
744 4934 808 4990 in
848 4951 908 4991 se
930 4936 1269 5006 formaliter,
1294 4940 1393 4998 sed
1421 4948 1481 4997 ut

189 5007 548 5065 praecontentas
595 5010 656 5066 in
696 5015 1113 5088 omnipotentia
1176 5020 1397 5092 divina,
1448 5040 1482 5080 a

1603 590 1713 646 qua
1735 575 2033 635 derivatur
2055 581 2341 636 auxilium
2363 580 2575 644 efficax,
2591 585 2647 635 et
2669 579 2826 653 qu‘us
2849 579 2964 634 vir-

1605 661 1782 713 tutem
1807 660 2126 732 participat.
2151 664 2380 718 Certum
2403 661 2612 734 quippe
2632 668 2734 728 est,
2766 661 2963 717 omni-

1603 740 1918 806 potentiam
1943 741 2040 796 Dei
2070 743 2365 798 continere
2404 743 2730 798 eminenter
2751 741 2963 797 volun-

1602 823 1775 875 tatem
1798 826 2068 887 creatam,
2113 829 2167 878 et
2212 839 2443 879 omnem
2467 824 2586 896 ejus
2607 821 2962 879 determina-

1603 899 1817 955 tionem
1845 922 1858 956 :
1908 902 2004 973 qui
2075 903 2445 958 continentias
2497 902 2699 958 modus
2746 900 2965 958 excedit

1606 979 2011 1050 perfectionem
2053 981 2228 1046 modi,
2261 999 2372 1053 quo
2397 983 2659 1038 voluntas
2695 987 2883 1038 creata
2904 996 2964 1036 se

1602 1057 2039 1126 determinat,ut
2061 1076 2245 1133 nuper
2262 1061 2515 1118 vidimus
2527 1078 2597 1118 ex
2621 1062 2958 1135 Angustiae,

1601 1145 1657 1196 et
1685 1147 1904 1197 constat
1924 1158 1992 1198 ex
2015 1143 2362 1198 testimoniis
2407 1147 2471 1200 D.
2498 1143 2778 1211 Anselmi,
2811 1147 2868 1199 et
2893 1144 2957 1198 D.

1602 1222 1836 1279 Thomae
1855 1241 2029 1296 supra
2053 1224 2264 1292 relatiS,
2292 1232 2348 1281 et
2373 1225 2521 1298 quod
2559 1225 2746 1297 pluris
2766 1229 2868 1288 est,
2892 1240 2965 1281 ex

1603 1303 1900 1360 Caelestino
1954 1306 2106 1377 Papa
2152 1306 2216 1361 in
2259 1306 2532 1377 rescripto
2580 1305 2649 1362 ad
2688 1304 2962 1378 quosdam
2981 1321 3164 1365 cretosa.

1603 1383 1923 1439 Galliarum
1991 1385 2312 1458 EpiscopOS,
2360 1385 2457 1441 ubi
2506 1386 2585 1442 ait
2610 1408 2623 1442 :
2669 1387 2762 1442 lta
2821 1385 2964 1442 Deus
3016 1371 3137 1423 Papa.

1595 1467 1846 1536 paternis
1879 1466 2334 1538 inspirationibus
2385 1471 2561 1537 tanyit
2601 1468 2764 1523 corda
2796 1467 2962 1524 Fide-

1604 1546 1761 1612 lium,
1792 1554 1853 1602 ut
1875 1566 1999 1602 cum
2038 1548 2254 1626 aliquid
2296 1550 2422 1604 boni
2448 1552 2683 1620 aqimus,
2723 1568 2817 1605 nec
2843 1568 2962 1607 nos·

1604 1637 1750 1684 trum
1796 1631 1968 1685 deesse
1994 1634 2294 1686 sentiamus
2314 1633 2629 1698 arbitrium,
2660 1641 2709 1687 et
2732 1635 2791 1688 in
2813 1633 2965 1689 bonis

1603 1709 1901 1786 quibusque
1928 1711 2231 1766 voluntatis
2257 1713 2509 1767 humanat
2533 1714 2770 1784 singulis
2794 1717 2964 1769 moti-

1602 1790 1700 1846 bus
1727 1792 1905 1860 mayt's
1934 1791 2088 1846 illius
2114 1794 2292 1847 valere
2321 1810 2429 1847 uon
2457 1793 2761 1849 dubitemus
2787 1797 2962 1849 auaei-
2979 1829 3182 1873 vemens

1604 1871 1760 1925 lium.
1782 1871 1940 1935 Quod
1962 1871 2169 1928 falsum
2186 1873 2505 1929 essetsiDei
2523 1875 2958 1947 omnipotentia,
2979 1884 3166 1970 offigiest·

1603 1956 1659 2007 et
1698 1952 1984 2007 auxilium
2016 1968 2130 2009 non
2158 1953 2521 2009 continerent
2550 1954 2793 2027 perfecte
2816 1955 2963 2013 libe-
2979 1938 3179 2028 oemaeffl

1605 2034 1731 2088 ram
1773 2034 2087 2090 voluntatis
2134 2040 2335 2091 creatoe
2393 2035 2958 2095 determinationem.
3006 2031 3141 2078 ¹³⁰oe⁵²

1605 2116 1752 2188 Ergo
1781 2115 2138 2187 impotentia,
2171 2132 2296 2189 quae
2319 2115 2387 2171 ad
2416 2117 2963 2175 determinationem
3016 2077 3149 2169 ῗίιὶἶὲῗ

1605 2197 1726 2263 Dei,
1759 2202 1814 2252 et
1835 2196 1906 2252 ad
1928 2198 2213 2253 auxilium
2243 2214 2312 2254 ex
2350 2215 2408 2255 se
2431 2199 2626 2256 efficax
2664 2201 2966 2273 consequi·
2997 2184 3182 2270 ξ’·ξῗέὲᾞ

1604 2283 1717 2343 tur,
1751 2293 1869 2334 non
1892 2278 2219 2351 praejudicat
2242 2277 2514 2335 libertati.
2544 2282 2612 2335 Et
2639 2282 2721 2337 sic
2752 2285 2966 2354 perstat
2981 2272 3181 2367 θξὲξῧῑῃξῑ·

1606 2357 1751 2413 ratio
1777 2358 2042 2429 superius
2083 2359 2246 2423 facta,
2281 2375 2489 2432 nempe
2537 2363 2627 2417 vel
2680 2365 2860 2419 Deum
2902 2363 2965 2418 in
3150 2354 3158 2364 ’

1604 2457 1706 2495 sua
1732 2440 2152 2512 omnipotentia
2178 2457 2294 2497 non
2311 2444 2605 2499 continere
2628 2445 2964 2502 vetitionem

1605 2524 1874 2587 creatam,
1928 2528 2045 2577 tam
2096 2521 2280 2593 quoad
2335 2523 2736 2591 substantiam,
2793 2541 2965 2598 quam

1605 2602 1789 2675 quoad
1817 2602 2053 2659 modum
2082 2628 2095 2670 ;
2120 2604 2268 2676 quod
2300 2612 2384 2661 est
2424 2606 2791 2665 intolerabile
2817 2630 2830 2665 :
2874 2608 2968 2665 vel

1607 2699 1768 2754 posse
1820 2699 1921 2756 per
1962 2685 2245 2746 auxilium
2301 2685 2371 2741 ab
2412 2686 2728 2744 intrinseco
2774 2688 2968 2745 efficax

1605 2777 1857 2829 causare,
1888 2768 1943 2819 et
1980 2762 2371 2821 infallibiliter
2396 2765 2619 2821 inferre
2661 2766 2726 2821 in
2755 2767 2967 2823 volun-

1607 2846 1720 2899 tate
1740 2848 1928 2899 creata
1952 2843 2194 2900 liberam
2215 2845 2581 2913 volitionem;
2606 2845 2754 2920 quod
2774 2847 2971 2905 inten-

1606 2923 1816 2981 dimuS.
1852 2926 2051 2998 Liquet
2074 2928 2269 2994 etiam,
2298 2928 2642 3000 positionem
2671 2930 2877 2986 auxilii
2900 2946 2971 2987 ex

1606 3020 1667 3061 se
1692 3005 1929 3061 efficacis
1956 3023 2077 3063 esse
2104 3008 2337 3081 quidem
2383 3010 2837 3082 suppositionem
2862 3026 2969 3067 an·

1609 3085 1957 3144 tecedentem
1991 3114 2005 3156 ;
2056 3096 2389 3152 nontamen
2439 3092 2832 3149 necessitatem
2863 3109 2971 3149 an-

1609 3165 1976 3235 tecedentem,
2009 3177 2072 3225 ut
2098 3170 2240 3226 salso
2264 3171 2556 3243 responsio
2595 3172 2963 3231 Adversario-

1609 3262 1739 3302 rum
1761 3250 2052 3320 supponit;
2074 3252 2589 3324 namconsequitur
2610 3250 2970 3311 determina-

1610 3326 1825 3382 tionem
1854 3334 2111 3385 nostram
2143 3337 2201 3384 ut
2229 3331 2553 3387 eminenter
2590 3333 2969 3404 praehabitam

1608 3407 1671 3462 in
1698 3409 2117 3482 omnipotentia
2139 3410 2356 3468 divina.
2378 3412 2652 3469 Videatur
2675 3417 2741 3470 D.
2759 3415 2965 3472 Thom.

1607 3495 1789 3565 quaest.
1847 3493 1937 3557 22,
1972 3492 2034 3546 de
2099 3491 2350 3558 Veritate,
2406 3502 2516 3551 art.
2563 3495 2616 3561 8,
2675 3495 2774 3551 ubi
2815 3496 2968 3552 inter

1608 3568 1741 3635 alia,
1793 3586 1920 3641 quae
1974 3572 2107 3629 huic
2133 3571 2417 3629 discursui
2467 3574 2682 3640 favent,
2731 3576 2965 3649 inquit:

1614 3676 1639 3706 α
1681 3657 1828 3710 Deus
1857 3655 2211 3710 voluntatem
2242 3657 2510 3712 immutat
2558 3658 2685 3714 sine
2706 3673 2792 3724 e0,
2821 3656 2972 3731 quod
3003 3659 3017 3671 '

1615 3756 1640 3786 «
1683 3733 2049 3790 voluntatem.
2063 3740 2238 3807 cogat.
2269 3737 2457 3792 Potest
2478 3743 2671 3793 autem
2693 3740 2841 3794 Deus
2869 3754 2973 3795 vo-

1615 3835 1640 3866 «
1684 3814 1966 3869 luntatem
2008 3814 2320 3870 immutare
2341 3831 2412 3871 ex
2433 3815 2557 3881 hoc,
2589 3816 2738 3889 quod
2759 3818 2882 3889 ipse
2909 3819 2973 3875 in

1615 3916 1641 3946 «
1683 3891 1979 3950 voluntate
2046 3900 2352 3966 operatur,
2409 3897 2555 3952 sicut
2598 3898 2662 3953 in
2722 3904 2970 3956 natura.

1615 3997 1641 4027 α
1683 3973 1850 4030 Unde
1899 3974 2041 4029 sicut
2095 3976 2285 4030 omnis
2339 3978 2481 4034 actio
2511 3979 2793 4034 naturalis
2819 3985 2904 4036 est
2943 3996 2977 4036 a

1615 4078 1641 4107 «
1683 4057 1816 4122 Dee,
1845 4055 1925 4111 ita
1951 4056 2141 4112 omnis
2162 4057 2304 4114 actio
2337 4059 2663 4125 voluntatiS,
2692 4061 2754 4116 in
2788 4077 2977 4134 quan-

1617 4161 1641 4192 «
1684 4142 1807 4193 tum
1837 4144 1922 4194 est
1943 4138 2104 4205 actio,
2134 4155 2252 4195 non
2291 4142 2481 4197 solum
2504 4148 2589 4198 est
2628 4161 2661 4199 a
2682 4145 2977 4202 voluntate

1616 4241 1641 4272 α
1687 4224 1748 4274 ut
1768 4218 2105 4276 immediate
2128 4226 2361 4294 agente;
2391 4221 2489 4278 sed
2513 4239 2545 4278 a
2568 4226 2681 4280 Deo
2702 4229 2765 4280 ut
2787 4225 2977 4298 primo

1616 4321 1641 4352 α
1684 4304 1905 4372 agente,
1927 4300 2027 4372 qui
2049 4300 2451 4358 vehementius
2472 4302 2779 4376 imprimit.
2815 4305 2980 4363 Unde

1616 4401 1642 4433 α
1683 4379 1831 4435 sicut
1877 4381 2146 4438 voluntas
2194 4388 2374 4454 potest
2434 4383 2748 4442 immutare
2788 4392 2975 4443 actum

1617 4482 1642 4512 α
1683 4475 1856 4514 suum
1884 4459 1947 4515 in
1970 4460 2152 4529 aliud,
2183 4462 2329 4519 sicut
2376 4479 2448 4519 ex
2474 4462 2644 4519 dictis
2668 4470 2823 4537 patet
2851 4490 2866 4534 ;
2897 4468 2979 4523 ita

1617 4562 1643 4593 t(
1685 4543 1740 4595 et
1766 4541 1952 4597 multo
1978 4542 2229 4614 amplius
2254 4545 2420 4599 Deus,
2458 4564 2484 4593 ι)

1693 4622 1813 4677 152.
1859 4620 2016 4678 Adde
2063 4623 2271 4695 primo,
2319 4629 2588 4680 naturam
2631 4624 3093 4720 int'erioremL.be
3119 4681 3130 4718 ι

1609 4701 1900 4773 superiori
1960 4702 2630 4776 agentisubordinatam
2677 4721 2745 4763 eo
2791 4710 2975 4784 magis
3012 4687 3181 4785 &caruis

1612 4780 1827 4856 perfici,
1857 4798 1968 4855 quo
1988 4783 2172 4858 magis
2192 4782 2302 4856 ipsi
2328 4782 2821 4857 subordinatur,et
2842 4805 2974 4848 con·
3003 4778 3168 4878 33¹&ss

1606 4865 1887 4940 jungitur,
1945 4870 2006 4919 ut
2045 4866 2297 4921 sumitur
2336 4880 2406 4922 ex
2456 4869 2519 4924 D.
2561 4869 2763 4928 Thom.
2815 4874 2870 4941 2,
2913 4876 2969 4943 2,
3009 4876 3142 4935 emea-

1614 4954 1796 5022 quaest.
1817 4948 1873 5014 2,
1904 4953 2014 5003 art.
2040 4947 2095 5014 3,
2120 4951 2175 5003 et
2203 4945 2494 5006 inductive
2516 4956 2695 5023 potest
2714 4954 2937 5011 ostendi
2957 4933 3194 5017 :miiff'nfm'

1615 5024 1716 5084 sed
1737 5027 2008 5085 voluntas
2033 5032 2222 5084 creata
2247 5026 2423 5084 etiam
2449 5029 2512 5085 in
2538 5031 2759 5090 ratione
2781 5033 2976 5093 liberae

3007 3452 3164 3494 Dfrno.
