3647 5753
273 1600 440 1643 Nonum

289 1658 411 1700 argu·

254 1703 451 1742 mentum.

292 4278 452 4337 Coptlr·

271 4332 397 4371 mane
417 4332 449 4370 1.

462 446 563 502 194

450 614 747 689 impediat.
785 617 1084 688 Potestque
1109 615 1370 674 doctrina
1395 616 1668 673 hactenus
1692 621 1815 673 tra-

452 696 575 753 dita
595 696 846 768 amplius
872 695 1170 763 elucidari,
1190 702 1245 753 et
1270 695 1529 754 roborari
1551 698 1818 769 exemplo

452 778 773 843 virtutum;
823 793 962 833 nam
1007 778 1199 835 omnis
1243 779 1428 834 virtus
1475 778 1709 851 ponitur
1745 774 1819 834 ad

456 856 804 916 vincendam
831 857 1221 916 difficultatem
1245 863 1530 932 repertam
1561 859 1623 915 in
1649 871 1821 931 opere

455 940 730 1006 virtuoso,
763 946 824 997 ut
867 940 1121 997 diximus
1168 942 1226 996 in
1253 947 1414 997 tract.
1455 942 1536 1006 12,
1586 939 1728 1012 disp.
1767 940 1815 1006 1,

456 1020 582 1077 dub.
626 1023 667 1088 1,
697 1027 754 1079 et
780 1027 975 1079 tamen
1002 1021 1245 1078 virtutes
1273 1036 1390 1077 non
1416 1021 1648 1083 tollunt,
1677 1019 1820 1092 quin

457 1100 739 1158 eliciendo
764 1117 936 1174 opera
976 1101 1213 1158 honesta
1237 1100 1540 1157 vincamus
1567 1098 1817 1155 difficul-

459 1186 629 1249 tates;
653 1196 759 1239 nec
781 1181 992 1254 aliquis
1024 1196 1179 1237 sanae
1215 1181 1427 1238 mentis
1463 1180 1613 1237 dicet
1630 1181 1822 1237 virtu-

460 1267 562 1328 tes,
609 1277 711 1335 per
737 1279 876 1335 quas
903 1261 969 1318 fit
1002 1262 1175 1320 homo
1204 1260 1456 1318 habilior
1482 1261 1552 1318 ad
1580 1262 1823 1318 vincen-

460 1342 621 1409 dum,
671 1341 970 1415 impedire,
1021 1344 1114 1400 vel
1148 1342 1500 1399 imminuere
1544 1341 1821 1399 meritum

464 1420 722 1496 praedicti
761 1423 968 1496 operis.
1002 1422 1157 1480 Idem
1187 1438 1323 1497 ergo
1347 1421 1419 1479 de
1462 1422 1667 1496 gratia,
1699 1422 1825 1478 sive

465 1503 789 1569 sufficienti,
815 1504 940 1561 sive
963 1503 1171 1561 efficaci
1197 1502 1502 1560 dicendum
1530 1509 1633 1561 est.

541 1585 673 1642 273.
697 1584 974 1658 Arguitur
1000 1600 1154 1642 nono
1198 1587 1510 1657 :quoniam
1537 1585 1619 1640 ita
1637 1599 1699 1640 se
1719 1583 1826 1640 ha-

468 1663 562 1722 bet
587 1680 770 1721 unum
792 1665 1076 1721 auxilium
1115 1664 1310 1722 efficax
1336 1663 1406 1721 ad
1435 1665 1666 1722 unicam
1687 1679 1829 1737 ope-

469 1745 923 1813 rationem,sicut
940 1744 1223 1801 auxilium
1240 1744 1433 1803 efficax
1449 1760 1828 1818 perseveran—

469 1826 564 1883 tiae
591 1826 662 1882 ad
682 1824 1185 1897 consequutionem
1212 1826 1414 1882 salutis
1439 1847 1452 1882 ε
1477 1825 1575 1882 sed
1597 1825 1647 1881 si
1669 1824 1831 1881 auxi-

468 1907 616 1963 lium
637 1907 831 1963 efficax
861 1907 1295 1978 perseverantias
1319 1912 1501 1964 estex
1526 1923 1587 1964 se
1613 1905 1826 1974 efficax,

467 1992 523 2044 et
547 1986 981 2061 superadditum
1003 1986 1274 2043 omnibus
1293 1988 1529 2044 auxiliis
1543 1986 1831 2043 sufficien-

467 2067 619 2124 tibus
651 2093 664 2135 ;
693 2069 951 2141 sequitur
977 2068 1127 2141 quod
1174 2069 1365 2134 homo,
1398 2069 1495 2141 qui
1526 2068 1697 2124 habet
1724 2083 1831 2124 au-

468 2152 614 2209 xilia
656 2150 1011 2216 sufficientia,
1062 2156 1119 2207 et
1161 2157 1314 2208 caret
1359 2151 1577 2207 auxilio
1622 2148 1831 2206 efficaci

468 2234 928 2309 perseverantiae,
982 2248 1096 2290 non
1146 2234 1317 2306 possit
1361 2231 1626 2305 consequi
1674 2232 1835 2287 salu-

466 2320 584 2372 tem
616 2335 629 2371 :
660 2330 795 2387 ergo
833 2313 882 2368 si
930 2315 1213 2370 auxilium
1243 2313 1313 2370 ad
1363 2313 1592 2370 unicam
1636 2326 1837 2384 opera-

470 2396 689 2454 tionem
716 2400 801 2452 est
825 2409 896 2451 ex
935 2410 996 2451 se
1021 2395 1232 2463 efficax,
1263 2395 1521 2467 sequitur
1545 2392 1697 2468 quod
1734 2392 1836 2465 qui

471 2480 624 2532 caret
654 2474 919 2547 praedicto
946 2476 1183 2544 auxilio,
1217 2492 1333 2533 non
1380 2476 1555 2548 possit
1596 2473 1837 2548 praedic-

472 2563 589 2614 tam
620 2557 1012 2630 operationem
1038 2560 1274 2626 elicere;
1324 2566 1490 2633 atque
1532 2559 1660 2617 ideo
1686 2557 1836 2632 quod

472 2638 600 2694 sine
646 2635 915 2709 praedicto
962 2639 1179 2695 auxilio
1235 2656 1350 2697 non
1397 2642 1654 2697 salvetur
1698 2654 1838 2697 vera

473 2717 827 2775 sufficientia.
863 2721 1077 2776 Caetera
1117 2727 1395 2789 constant,
1426 2726 1483 2779 et
1526 2722 1741 2789 minor,
1773 2721 1838 2776 in

473 2816 584 2875 qua
601 2804 688 2857 est
706 2799 1022 2866 difficultaS,
1055 2803 1373 2861 ostenditur
1405 2825 1419 2861 ι
1448 2804 1723 2879 quoniam
1752 2818 1840 2859 re-

476 2881 706 2948 velatio,
731 2881 854 2938 sive
879 2883 1269 2942 manifestatio
1289 2889 1483 2953 statuS,
1506 2886 1568 2941 in
1588 2900 1699 2959 quo
1711 2883 1840 2958 quis

478 2961 689 3027 existit,
720 2961 813 3017 vel
851 2977 1052 3019 eorum
1080 2980 1205 3037 quae
1230 2965 1300 3022 ad
1327 2966 1448 3040 ejus
1473 2970 1684 3023 statum
1714 2980 1841 3037 per-

481 3042 687 3109 tinent,
714 3041 864 3098 nihil
885 3042 1091 3099 adimit
1109 3042 1179 3101 de
1202 3046 1472 3117 potentia,
1494 3062 1593 3103 seu
1624 3046 1841 3102 virtute

476 3139 650 3198 quam
696 3122 898 3193 habet;
928 3123 1026 3182 sed
1052 3127 1269 3193 omnia,
1323 3131 1492 3200 prout
1518 3127 1843 3199 praeexiste-

477 3202 634 3270 bant,
663 3204 956 3277 relinquit,
989 3210 1051 3260 ut
1076 3207 1214 3262 satis
1239 3223 1309 3263 ex
1332 3223 1392 3264 se
1415 3207 1592 3280 liquet
1623 3228 1635 3263 ι
1663 3207 1761 3264 sed
1789 3206 1840 3262 si

478 3288 627 3343 Deus
653 3286 878 3343 homini
927 3288 1225 3354 revelaret,
1276 3303 1338 3345 se
1377 3288 1693 3345 decrevisse
1722 3303 1840 3345 non

478 3367 741 3425 conferre
758 3368 846 3424 illi
870 3371 1152 3426 auxilium
1171 3370 1365 3428 efficax
1395 3371 1841 3444 perseverantiae

479 3447 691 3515 finaliS,
718 3465 837 3505 non
851 3456 1035 3521 posset
1055 3452 1225 3508 homo
1252 3452 1353 3509 ille
1377 3452 1643 3525 consequi
1677 3452 1841 3508 salu-

478 3535 634 3596 tem;
681 3530 962 3603 siquidem
990 3547 1057 3588 eo
1101 3532 1225 3603 ipso
1254 3548 1371 3589 non
1418 3537 1602 3606 posset
1630 3531 1842 3588 habere

481 3613 667 3666 actum
715 3610 843 3683 Spei
884 3611 1254 3685 Theologicae,
1304 3629 1429 3685 quae
1454 3618 1538 3669 est
1582 3611 1841 3668 medium

480 3690 866 3746 necessarium
895 3690 966 3747 ad
986 3692 1228 3748 salutem
1256 3714 1269 3748 ε
1298 3708 1435 3767 ergo
1474 3693 1705 3767 signum
1733 3696 1837 3759 est,

479 3770 629 3845 quod
658 3777 791 3829 ante
818 3773 1227 3831 revelationem
1257 3775 1429 3832 homo
1448 3781 1572 3832 erat
1610 3774 1843 3848 simpli-

480 3851 622 3908 citer
650 3851 936 3925 impotens
962 3854 1226 3927 consequi
1252 3856 1527 3922 salutem;
1550 3860 1607 3912 et
1646 3860 1843 3911 tamen

481 3932 670 3990 solum
715 3932 943 3989 carebat
982 3934 1201 3990 auxilio
1240 3933 1447 3991 efficaci
1478 3934 1547 3991 ad
1578 3949 1845 4007 perseve-

484 4012 766 4069 randum:
790 4029 927 4088 ergo
956 4014 1124 4088 hujus
1144 4014 1349 4071 auxilii
1376 4016 1632 4074 carentia
1665 4014 1846 4071 infert

483 4094 802 4151 absolutam
842 4094 1245 4167 impotentiam
1272 4094 1655 4169 consequendi
1683 4096 1845 4151 salu-

479 4179 616 4231 tem.

557 4252 948 4311 confirmatur
994 4254 1230 4325 primo:
1276 4269 1411 4310 nam
1462 4254 1589 4312 ideo
1631 4253 1846 4311 asseri-

484 4350 631 4401 mus,
675 4335 991 4392 carentiam
1020 4335 1225 4391 auxilii
1253 4351 1323 4391 ex
1361 4350 1422 4392 se
1448 4334 1684 4392 efficacis
1726 4351 1844 4393 non

485 4416 704 4473 inferre
750 4414 1068 4474 absolutam
1111 4417 1510 4488 impotentiam
1539 4417 1839 4491 operandi,

482 4497 617 4569 quia
645 4497 977 4569 praedictum
1025 4497 1309 4552 auxilium
1352 4513 1471 4554 non
1499 4499 1748 4570 pertinet
1774 4496 1846 4553 ad

484 4578 815 4649 potentiam,
864 4593 962 4635 seu
1011 4582 1198 4635 actum
1249 4579 1524 4650 primum,
1556 4579 1654 4637 sed
1696 4593 1840 4652 prae·

482 4658 596 4714 eise
617 4657 688 4715 ad
708 4658 1067 4724 exercitium,
1099 4658 1224 4716 sive
1256 4664 1445 4716 actum
1472 4660 1788 4717 secundum
1825 4679 1839 4715 t

484 4738 639 4811 atqui
686 4740 940 4796 carentia
990 4740 1113 4814 ejus
1155 4738 1306 4811 quod
1353 4755 1470 4797 non
1526 4740 1847 4814 requiritur

485 4819 555 4875 ad
599 4826 787 4877 actum
833 4822 1110 4895 primum,
1141 4822 1239 4880 sed
1286 4821 1356 4879 ad
1405 4828 1592 4880 actum
1637 4838 1847 4880 secun-

485 4898 642 4964 dum,
682 4901 857 4958 infert
899 4901 1216 4960 absolutam
1268 4904 1669 4976 impotentiam
1707 4918 1847 4976 ope·

489 4979 656 5034 randi
696 5001 710 5036 2
745 4995 880 5055 ergo
918 4983 1084 5040 illam
1125 4983 1302 5045 infert
1340 4984 1596 5042 carentia
1636 4983 1845 5040 auxilii

485 5057 559 5114 ab
606 5060 917 5120 intrinseco
966 5064 1226 5122 efficacis.
1275 5066 1559 5124 Probatur
1606 5065 1803 5124 minor
1828 5106 1842 5131 ,

1481 444 1575 499 DE
1614 443 1887 499 GRATIA
1926 443 2267 498 EFFICACI.

1946 615 2083 690 quia
2121 612 2480 672 breviarium
2510 629 2565 669 v.
2596 629 2649 685 g.
2697 625 2814 667 non
2844 609 3090 683 pertinet
3117 607 3189 665 ad
3215 623 3311 665 ac·-

1948 703 2072 754 tum
2101 696 2377 769 primum,
2408 694 2532 750 sive
2563 693 2635 750 ad
2664 692 2978 765 potentiam
3006 690 3310 756 recitandi;

1949 782 2067 839 haec
2090 781 2249 837 enim
2276 779 2533 835 salvatur
2554 777 2682 833 sine
2709 774 3002 833 breviario
3033 796 3048 839 ;
3070 771 3171 829 sed
3192 775 3313 827 tan-

1950 868 2072 919 tum
2094 860 2164 938 ad
2186 860 2523 918 exercitium
2552 857 2852 922 recitandi,
2882 856 3006 912 sive
3027 853 3098 910 ad
3121 858 3314 910 actua-

1952 944 2066 1000 lem
2108 939 2503 999 recitationem
2533 960 2545 995 :
2575 945 2632 996 et
2655 945 2851 995 tamen
2877 936 2978 1009 qui
3003 939 3161 991 caret
3182 932 3313 990 bre-

1952 1023 2161 1092 viario,
2184 1028 2270 1080 est
2292 1022 2634 1095 simpliciter
2654 1021 2941 1092 impotens
2963 1016 3205 1074 recitare
3218 1039 3232 1082 ;
3259 1020 3316 1072 et

1953 1105 2084 1163 ideo
2124 1104 2379 1161 carentia
2425 1103 2779 1160 recitationis
2831 1115 2950 1157 non
2997 1097 3319 1170 imputatur

1954 1184 2064 1260 ipsi
2086 1183 2156 1241 ad
2174 1184 2404 1257 culpam
2426 1204 2439 1239 ε
2461 1199 2596 1257 ergo
2615 1180 2870 1238 carentia
2888 1180 3013 1253 eius
3032 1174 3312 1249 requisiti,

1953 1265 2103 1340 quod
2146 1264 2395 1339 pertinet
2433 1262 2503 1321 ad
2531 1269 2721 1320 actum
2747 1260 3083 1325 secundum,
3118 1256 3313 1320 infert,

1953 1353 2011 1406 et
2068 1347 2343 1419 importat
2387 1342 2789 1417 impotentiam
2853 1340 3195 1398 absolutam.
3252 1337 3321 1391 Et

1956 1431 2366 1499 consequenter
2395 1427 2493 1498 qui
2514 1429 2669 1482 caret
2697 1422 2917 1481 auxilio
2935 1437 3009 1478 ex
3032 1435 3093 1476 se
3112 1416 3318 1475 efficaci

1956 1510 2029 1567 ad
2074 1508 2431 1582 operandum
2458 1552 2470 1573 ,
2514 1512 2600 1564 est
2642 1505 2987 1578 simpliciter
3037 1502 3321 1574 impotens

1957 1591 2204 1664 operari,
2235 1596 2291 1647 et
2320 1606 2437 1646 non
2461 1588 2726 1662 peccabit,
2757 1585 3024 1660 quamvis
3045 1598 3163 1641 non
3183 1596 3322 1655 ope—

1960 1677 2136 1736 retur,
2162 1676 2226 1727 ut
2243 1670 2508 1743 exemplo
2536 1668 2798 1742 proxime
2828 1665 3058 1724 inducto
3077 1662 3322 1722 convin-

1959 1754 2125 1810 citur.

2034 1833 2420 1892 confirmatur
2438 1831 2701 1899 secundo,
2718 1831 2852 1905 quia
2874 1828 3182 1887 existentia
3204 1841 3319 1884 non
3331 1851 3518 1896 secunda.

1960 1914 2253 1972 constituit
2278 1919 2466 1970 actum
2509 1913 2768 1985 primum
2803 1911 3187 1984 operativum,
3220 1922 3323 1964 nec

1962 2000 2025 2051 ut
2050 2013 2171 2070 quo,
2217 2010 2399 2067 neque
2420 1998 2482 2049 ut
2506 1995 2678 2071 quod,·
2716 2008 2846 2049 cum
2874 1991 3163 2064 adaequate
3201 1987 3321 2045 sal-

1962 2080 2128 2134 vetur
2143 2076 2205 2132 in
2225 2076 2514 2148 supposito
2536 2075 2881 2131 coalescente
2908 2088 2980 2130 ex
3005 2070 3325 2129 substantia

1963 2162 2019 2214 et
2047 2161 2266 2221 natura,
2298 2160 2360 2210 ut
2384 2154 2586 2211 docent
2625 2157 2696 2208 N.
2729 2153 3161 2225 complutenses
3206 2149 3321 2206 Ab·
3338 2165 3523 2214 ncomp.

1965 2235 2209 2294 breviati
2231 2235 2401 2293 inlib.
2432 2237 2496 2290 de
2512 2241 2753 2307 qenai-at.
2771 2234 2912 2305 disp.
2948 2234 3032 2298 15,
3058 2239 3240 2309 quaest.
3263 2232 3320 2296 6,

1965 2318 2063 2376 sed
2108 2321 2329 2374 tantum
2373 2318 2688 2390 requiritur
2715 2331 2817 2388 per
2843 2313 3079 2371 modum
3125 2313 3327 2372 condi-

1967 2398 2141 2454 tionis
2187 2398 2257 2454 ad
2304 2403 2493 2455 actum
2539 2395 2855 2453 secundum
2908 2401 3005 2452 :et
3033 2399 3247 2458 tamen,
3277 2393 3325 2448 si

1967 2479 2280 2554 existentia,
2322 2477 2524 2535 divina
2587 2476 3113 2535 communicaretur
3158 2475 3330 2532 alicui
3366 2491 3373 2500 ·

1967 2559 2258 2632 supposito
2282 2564 2491 2626 creato,
2521 2557 2784 2615 redderet
2823 2556 2969 2612 illud
2989 2556 3333 2629 simpliciter

1970 2639 2254 2712 impotens
2300 2638 2371 2695 ad
2413 2638 2794 2711 peccandum,
2851 2641 2913 2693 ut
2958 2638 3211 2693 sumitur
3262 2650 3333 2692 ex

1968 2720 2263 2777 communi
2321 2717 2583 2776 doctrina
2635 2718 3068 2776 Thomistarum
3102 2717 3138 2771 3
3176 2723 3330 2788 part.

1969 2807 2149 2870 quaest.
2190 2801 2288 2867 15;
2318 2815 2452 2873 ergo
2475 2799 2533 2856 id
2554 2799 2704 2873 quod
2731 2814 2850 2856 non
2878 2797 3126 2872 pertinet
3148 2796 3217 2853 ad
3239 2812 3336 2852 ac-

1969 2886 2094 2937 tum
2142 2880 2419 2953 primum,
2463 2881 2561 2938 sed
2608 2879 2679 2937 ad
2722 2879 3059 2947 secundum,
3115 2876 3338 2935 inducit

1971 2961 2369 3035 impotentiam
2391 2960 2461 3018 ad
2488 2967 2674 3018 actum
2696 2962 3019 3034 oppositum
3047 2981 3060 3016 ι
3083 2975 3221 3033 ergo
3243 2973 3341 3015 au·

1971 3046 2181 3102 xitium
2206 3061 2279 3102 ex
2320 3060 2382 3103 se
2426 3044 2622 3101 efficax
2670 3044 2997 3118 praedictam
3045 3044 3338 3117 impoten—

1971 3127 2113 3183 tiam
2157 3126 2393 3193 inducit,
2439 3131 2497 3183 et
2524 3142 2642 3183 non
2685 3126 2963 3199 relinquit
3004 3128 3339 3198 potestatem

1972 3207 2041 3264 ad
2087 3208 2430 3280 oppositum.
2465 3205 2749 3263 Probatur
2778 3208 2897 3264 haec
2923 3204 3171 3263 secunda
3198 3220 3339 3262 con—

1971 3292 2267 3366 sequentia
2287 3315 2302 3359 ;
2333 3307 2470 3348 nam
2504 3289 2631 3346 ideo
2646 3289 2952 3346 existentia
2967 3288 3169 3344 divina
3187 3302 3339 3344 com-

1972 3373 2265 3430 municata
2289 3372 2582 3446 supposito
2626 3376 2815 3427 creato
2859 3369 3106 3426 inferret
3145 3368 3337 3439 impo-

1973 3453 2213 3511 tentiam
2242 3452 2524 3526 peccandi‚
2568 3450 2703 3523 qnia
2734 3449 2866 3506 licet
2892 3465 3008 3505 non
3055 3448 3339 3521 pertineat

1973 3535 2042 3592 ad
2066 3539 2252 3591 actum
2271 3534 2546 3605 primum,
2574 3531 2890 3605 requiritur
2905 3530 2975 3587 ad
2996 3527 3332 3593 secundum,

1972 3620 2030 3673 et
2073 3619 2157 3671 est
2203 3612 2707 3688 inconjungibilis»,
2758 3617 2814 3667 et
2869 3608 3337 3682 incomponibilis

1972 3712 2103 3753 cum
2141 3700 2360 3768 peccato
2411 3714 2424 3749 t
2465 3692 2563 3750 sed
2591 3692 2878 3748 auxilium
2918 3708 2988 3748 ex
3014 3706 3075 3747 se
3117 3689 3332 3753 efficax,

1974 3781 2107 3837 licet
2133 3794 2250 3835 non
2293 3776 2574 3850 pertineat
2600 3774 2671 3832 ad
2718 3780 2905 3831 actum
2935 3775 3214 3847 primum,
3241 3789 3339 3830 re-

1973 3861 2225 3936 quiritur
2253 3858 2324 3916 ad
2362 3857 2695 3924 secundum,
2719 3864 2777 3913 et
2801 3862 2886 3912 est
2907 3853 3339 3930 inconjungibi-

1976 3943 2048 3998 lis
2092 3956 2222 3997 cum
2269 3943 2392 3995 actu
2439 3936 2713 4009 opposit0,
2764 3937 2856 3992 vel
2902 3951 3032 3992 cum
3083 3935 3341 3993 carentia

1975 4026 2129 4079 actus
2156 4019 2225 4076 ad
2252 4033 2420 4091 quem
2444 4016 2612 4073 datur
2638 4031 2811 4090 :ergo
2834 4015 3117 4072 auxilium
3138 4014 3336 4072 efficax

1975 4099 2046 4157 ad
2068 4115 2250 4156 unum
2267 4104 2452 4154 actum
2478 4097 2657 4153 infert
2675 4096 2989 4169 potentiam
3011 4095 3332 4153 absolutam

1976 4179 2046 4236 ad
2067 4178 2409 4252 oppositum.

2053 4263 2178 4317 274.
2207 4257 2599 4331 Respondetur
2621 4261 2962 4331 argumento
2981 4253 3342 4313 concedendo
3356 4257 3533 4302 Solvitur

1977 4342 2274 4416 majorem,
2318 4343 2374 4395 et
2401 4337 2659 4413 negando
2710 4337 3018 4394 minorem.
3050 4334 3137 4390 Ad
3183 4335 3344 4410 cujus
3359 4317 3548 4403 maffi-

1978 4421 2372 4496 probationem
2401 4417 2704 4475 dicendum
2726 4422 2829 4483 est,
2847 4418 2997 4490 quod
3022 4419 3152 4475 licet
3173 4432 3341 4475 reve-

1977 4502 2135 4567 latio,
2155 4500 2247 4557 vel
2260 4499 2509 4574 cognitio
2533 4514 2604 4555 ex
2622 4513 2834 4572 genere
2852 4513 2975 4560 suo.
3000 4503 3057 4555 et
3075 4512 3339 4556 commu-

1978 4582 2131 4640 niter
2160 4579 2462 4655 loquendo,
2497 4594 2599 4635 nec
2618 4579 2729 4641 det.
2760 4594 2861 4635 nec
2888 4579 3112 4636 auferat
3135 4584 3341 4652 poten-—

1977 4663 2118 4719 tiam
2137 4660 2205 4719 ad
2220 4659 2526 4727 actum,sed
2542 4675 2663 4716 rem
2678 4659 2739 4715 in
2750 4674 2853 4716 suo
2866 4663 3013 4716 statu
3027 4659 3339 4731 relinquat;

1978 4742 2363 4799 nihilominus
2410 4741 2473 4797 in
2519 4755 2650 4796 casu
2688 4741 3015 4813 argumenti
3063 4737 3343 4797 revelatio

1976 4821 2181 4879 divina
2199 4827 2354 4879 certo
2371 4821 2595 4895 cognita
2612 4819 2929 4887 induceret,
2948 4820 3155 4876 saltem
3179 4816 3342 4875 indi-

1979 4909 2147 4971 recte,
2181 4903 2582 4976 impotentiam
2619 4901 2690 4957 ad
2717 4906 2908 4959 actum
2934 4902 3067 4974 Spei
3091 4901 3345 4959 Theolo-

1976 4984 2252 5060 gicae,quo
2264 4998 2563 5055 speramus
2581 4982 2848 5038 salutem.
2874 4982 2942 5036 Et
2962 4980 3111 5047 ideo,
3129 4982 3180 5037 si
3201 4996 3343 5055 prae-

1978 5063 2162 5122 dictus
2189 5068 2345 5121 actus
2370 5061 2436 5118 in
2456 5061 2758 5135 hypothesi
2787 5060 3115 5134 argumenti
3144 5060 3342 5133 requi·

3114 5145 3345 5197 reretur
