3647 5753
1462 392 1641 448 DISP.
1687 393 1782 460 1v,
1828 393 1995 449 DUB.
2037 394 2106 450 11.

281 588 305 620 α
351 566 609 639 tionem).
635 566 742 624 Sed
782 567 1120 640 quandoque
1165 567 1363 624 statim
1393 563 1639 639 perfecte

279 672 304 703 α
348 657 541 708 movet
568 651 757 723 ipsum
800 650 871 707 ad
917 649 1156 718 bonum,
1181 657 1238 708 et
1281 648 1470 707 subito
1503 663 1639 723 gra-

282 753 307 785 «
350 732 491 787 tiam
517 731 690 787 homo
711 730 929 804 accipit,
956 730 1268 787 secundum
1298 727 1445 785 illud
1467 730 1634 784 Joan.

282 836 308 867 α
350 815 425 869 6:
455 813 657 868 Omnis
684 813 783 885 qui
826 812 987 870 audit
1015 829 1047 869 a
1094 816 1273 885 patre,
1306 814 1361 868 et
1413 808 1634 874 didicit,

280 918 305 949 α
350 896 512 952 venit
537 893 607 951 ad
633 909 743 951 me.
770 895 838 949 Et
862 895 937 951 ita
960 893 1239 970 contingit
1276 893 1474 959 Paulo,
1504 889 1638 963 quia

283 1001 309 1032 α
350 975 556 1042 subit0,
599 992 728 1032 cum
780 981 928 1034 esset
975 976 1039 1032 in
1070 990 1369 1051 progressu
1406 967 1636 1046 p'eccati,

283 1081 309 1113 α
352 1056 597 1131 perfecte
624 1062 845 1114 motum
891 1062 975 1114 est
1016 1073 1114 1114 cor
1141 1057 1262 1130 ejus
1309 1071 1342 1111 a
1369 1056 1501 1118 Deo,
1533 1068 1641 1108 au-

284 1162 310 1194 «
352 1138 582 1205 diend0,
631 1144 688 1195 et
734 1137 1083 1204 adducend0,
1136 1144 1191 1195 et
1230 1133 1551 1195 veniendo:
1586 1136 1641 1190 et

284 1241 309 1273 α
351 1218 480 1277 ideo
518 1218 707 1276 subito
750 1225 837 1276 est
878 1219 1126 1294 gratiam
1175 1219 1572 1290 consequutus,
1607 1232 1634 1264 »

60 1302 246 1394 {l'ffigffl}
277 1303 394 1358 Hoc
417 1300 709 1373 supposito
734 1291 908 1357 'circa
944 1301 1346 1374 dispositiones
1393 1300 1641 1356 remotas

96 1399 210 1444 tatis.
276 1380 347 1438 ad
363 1380 668 1455 J'ustitiam,
702 1381 764 1437 in
790 1396 900 1453 quo
924 1380 1089 1438 facile
1115 1379 1472 1439 conveniunt
1494 1379 1641 1432 Doc-

275 1469 444 1531 tores,
467 1461 784 1520 videndum
806 1469 909 1531 est,
941 1480 1016 1520 an
1039 1480 1105 1521 ea
1126 1479 1251 1537 quae
1272 1458 1554 1536 proxime,
1585 1459 1642 1513 et

278 1561 381 1618 per
406 1560 467 1601 se
507 1543 578 1601 ad
594 1543 1062 1619 justificationem
1102 1548 1471 1609 concurrunt,
1505 1553 1642 1612 per-

276 1625 543 1684 ficiantur
570 1627 634 1683 in
663 1626 901 1684 instanti
925 1652 939 1696 3
968 1628 1109 1690 sive,
1136 1628 1276 1683 etin
1308 1624 1461 1681 idem
1489 1619 1639 1679 reci-

276 1706 379 1775 dit,
405 1714 600 1764 utrum
624 1708 952 1782 justificatio
973 1709 1140 1783 impii
1182 1705 1499 1763 secundum
1543 1718 1633 1759 es-

277 1790 522 1847 sentiam
544 1789 901 1849 considerata
920 1793 994 1849 sit
1009 1798 1198 1850 motus
1221 1790 1639 1852 instantaneuS,

279 1887 354 1928 an
380 1873 747 1929 successivus.

895 2093 1009 2161 51.

296 2268 431 2326 Vera
468 2270 736 2325 sententia
777 2268 991 2325 duabus
1029 2268 1423 2327 assertionibus
1463 2267 1647 2341 expli-

884 2359 1061 2408 catur.

91 2524 235 2568 mma
368 2513 450 2569 18.
497 2513 811 2570 Dicendum
835 2519 919 2570 est
949 2514 1643 2588 primo‚justificationem

80 2574 249 2668 ‘Z'fgfu'
286 2595 451 2668 impii
478 2596 791 2653 secundum
817 2596 1198 2653 substantiam
1229 2597 1648 2654 consideratam

281 2677 409 2734 fieri
439 2676 502 2732 in
543 2677 804 2742 instanti,
832 2681 887 2734 et
915 2684 1325 2749 consequenter
1366 2694 1483 2734 non
1528 2692 1650 2733 esse

282 2762 666 2818 mutationem
738 2762 1115 2818 successivam
1142 2806 1154 2826 ,
1204 2760 1303 2817 sed
1363 2762 1648 2817 instanta-

283 2857 471 2900 neam.
538 2845 698 2901 Hanc
736 2842 1160 2900 conclusionem
1189 2840 1350 2899 docet
1381 2856 1648 2915 expresse

61 2935 248 2981 D.·1·ho.
284 2926 346 2981 D.
397 2925 601 2982 Thom.
630 2924 692 2979 in
728 2924 1013 2996 praesenti,
1058 2935 1170 2979 art.
1199 2927 1234 2980 7
1263 2925 1396 2980 etin
1423 2926 1477 2990 4,
1511 2925 1641 2979 dist.

290 3009 373 3073 17,
406 3014 589 3081 quoest.
630 3007 675 3070 1,
707 3013 816 3061 art.
846 3007 899 3069 5,
932 3012 1111 3082 φησει.
1138 3006 1173 3061 3
1199 3011 1249 3060 ct
1276 3013 1458 3083 qutcst.
1491 3007 1561 3061 28
1583 3007 1646 3059 dc

78 3082 252 3176 anqffi
298 3088 463 3147 Vera.
495 3096 604 3145 art.
632 3089 808 3145 ult.et
829 3087 969 3144 alibi
998 3104 1145 3160 saepe
1172 3113 1184 3154 ;
1210 3105 1378 3161 quem
1401 3104 1646 3161 sequun-

55 3144 270 3243 fflvffamho·
285 3175 378 3225 tur
405 3169 791 3228 communiter
819 3184 935 3225 non
957 3168 1143 3223 solum
1185 3169 1515 3233 Thomistae,
1548 3168 1646 3225 sed

85 3237 230 3278 nme·
283 3251 455 3309 etiam
481 3252 582 3307 alii
616 3253 896 3307 Doctores.
932 3252 1000 3304 Et
1021 3254 1201 3320 potest
1223 3249 1453 3322 probari
1483 3250 1646 3307 testi-

280 3332 496 3390 moniis
512 3331 834 3403 Scripturas,
867 3330 1277 3396 conciliorum,
1303 3336 1359 3386 et
1375 3332 1648 3388 Summo-

282 3431 413 3472 rum
438 3411 801 3477 Pontificum,
836 3414 900 3468 in
944 3413 1153 3485 quibus
1199 3411 1350 3468 haud
1404 3412 1644 3469 obscure

281 3496 402 3552 haec
422 3495 634 3550 veritas
662 3492 1020 3567 significatur
1039 3517 1053 3559 3
1101 3510 1236 3548 nam
1267 3491 1392 3548 Act.
1424 3495 1459 3546 2
1500 3491 1645 3549 dici-

282 3574 430 3630 citur
464 3593 477 3627 t
501 3571 736 3628 Factum
761 3579 838 3626 est
859 3579 1070 3643 repente
1105 3573 1168 3626 de.
1193 3573 1317 3627 coelo
1344 3588 1511 3627 sonus
1539 3572 1645 3627 ad-

281 3655 549 3708 venientis
599 3653 833 3726 spiritus
882 3653 1223 3708 vehementis,
1282 3651 1394 3708 Ubi
1448 3653 1645 3709 Glossa

279 3737 579 3810 desumpta
604 3751 673 3791 ex
702 3734 1005 3792 Ambrosio
1028 3735 1248 3808 inquit:
1272 3734 1458 3791 Nescit
1480 3735 1643 3791 tarda

278 3820 567 3875 molimina
595 3817 848 3891 Spiritus
891 3819 1076 3872 sancti
1125 3818 1335 3886 qratia.
1381 3818 1447 3870 Et
1490 3816 1642 3872 idem

88 3912 245 3959 mech.
279 3898 634 3973 significatur
659 3898 858 3955 Ezech.
899 3899 960 3953 18
988 3903 1043 3954 et
1071 3900 1142 3954 33
1171 3920 1183 3953 ε
1210 3897 1282 3954 In
1302 3915 1642 3975 quacumque

280 3983 416 4037 liora
440 3982 759 4051 inycmuerit
794 3987 1061 4052 peccator,
1103 3988 1200 4035 etc.
1232 4002 1246 4045 ;
1280 3995 1414 4035 nam
1438 3994 1642 4035 secun·

281 4063 418 4120 dum
444 4079 607 4119 usum
636 4064 949 4136 Scripturae
977 4061 1129 4118 idem
1156 4064 1396 4128 valet,ac
1422 4063 1482 4117 in
1497 4078 1642 4134 quo-

75 4161 241 4223 cqncu.
282 4162 524 4218 cumque
551 4152 863 4203 momento.
890 4147 959 4201 Et
980 4145 1192 4202 Concil.
1221 4144 1480 4201 Trident.
1507 4162 1638 4200 sess.

59 4213 256 4259 ”¹⁰⁸¹st
281 4231 335 4297 6,
371 4233 665 4301 postquam
688 4231 852 4302 cap.5
871 4233 1061 4302 egerat
1081 4227 1150 4283 de
1169 4226 1640 4300 dispositionibus

282 4310 518 4368 remotis
571 4309 642 4366 ad
681 4308 1151 4383 justificationem
1199 4309 1386 4381 impii,
1431 4308 1641 4366 deinde

280 4409 399 4465 cap.
431 4392 467 4447 6
494 4407 666 4465 agens
692 4390 762 4447 de
788 4390 911 4462 ipsa
948 4388 1373 4462 justificatione,
1406 4386 1597 4463 inquit
1623 4412 1636 4447 ε

287 4498 312 4529 α
342 4472 507 4529 Unde
556 4473 619 4528 in
642 4472 764 4545 ipsa
807 4462 1211 4546 justificatione
1256 4489 1384 4528 cum
1434 4474 1641 4529 remis·

285 4579 311 4611 α
342 4558 503 4615 sione
526 4562 879 4630 peccatorum
935 4556 1052 4611 haec
1103 4556 1300 4612 omnia
1325 4557 1501 4613 simul
1543 4558 1640 4613 in-

288 4664 313 4695 «
344 4640 470 4697 fusa
511 4637 907 4711 accipithomo
952 4652 1053 4709 per
1091 4639 1286 4693 Jesum
1323 4638 1634 4709 Christum,

289 4747 314 4778 α
343 4724 435 4781 cui
460 4722 756 4788 inseritur,
788 4718 981 4784 fidem,
1012 4735 1193 4792 spem,
1218 4721 1577 4781 charitatem.
1610 4747 1636 4777 ι»

111 4828 207 4869 1,oe
284 4809 353 4863 Et
380 4809 491 4863 Leo
536 4808 691 4878 Papa
729 4807 884 4876 epist.
916 4805 980 4858 91
1016 4802 1086 4859 ad
1133 4803 1538 4874 Theodosium,
1587 4812 1643 4864 et

91 4878 225 4929 ΡΨ·
287 4887 537 4946 refertur
562 4886 625 4941 de
643 4888 831 4959 poenit.
858 4885 983 4941 dist.
1015 4886 1059 4950 1,
1087 4902 1206 4958 cap.
1250 4886 1295 4954 l,
1322 4886 1404 4942 ait
1438 4886 1643 4960 :Apud

290 4968 460 5026 Deum
488 4968 672 5025 nullas
708 4969 924 5041 patitur
952 4983 1137 5022 moras
1168 4982 1298 5021 vera
1341 4968 1636 5023 conversio,

74 5073 251 5121 coelaet
285 5051 551 5124 Idemque
595 5049 921 5127 significant
960 5048 1520 5124 Coelestinuslepist.
1569 5050 1645 5105 ad

59 3506 155 3547 Aet.
175 3503 215 3545 2.

3022 396 3136 451 639

1772 563 2071 638 Episcopus
2118 564 2329 632 Gallie,
2361 571 2417 623 et
2465 566 2654 623 Julius
2694 568 2716 622 1
2773 566 2835 622 in
2882 562 3127 633 decreto,
3172 579 3328 624 Julius.

1771 645 1920 719 quod
1950 646 2191 704 habetur
2220 655 2346 704 tom.
2389 650 2406 703 l
2434 647 2641 706 Concil.
2661 655 2779 721 post
2801 649 3133 720 epistolam3

1771 727 2008 799 ejusdem
2028 725 2189 785 Julii.
2221 727 2496 786 Videatur
2529 730 2702 786 etiam
2748 732 2809 785 D.
2837 729 3350 804 Chrysost.1).chr5s.

1772 808 1916 864 hom.
1937 809 2011 863 25
2037 809 2098 862 in
2118 806 2281 865 Joan.
2316 808 2414 865 ubi
2461 810 2711 885 assignat
2738 810 3130 868 differentiam

1773 888 1927 945 inter
1967 891 2326 948 nativitatem
2372 907 2442 948 ex
2468 908 2662 959 carne,
2693 897 2749 950 et
2791 908 2862 950 ex
2892 895 3004 950 Deo
3034 907 3135 964 per

1772 971 2041 1045 gratiam,
2092 971 2242 1045 quod
2289 973 2393 1030 illa
2432 972 2651 1048 indiget
2690 977 2965 1047 tempore,
3018 973 3136 1030 haec

1775 1058 1966 1114 autem
1996 1053 2288 1127 perficitur
2314 1055 2377 1110 in
2400 1060 2716 1112 momento.

1857 1138 1939 1193 19.
1966 1136 2182 1194 Deinde
2204 1137 2479 1211 probatur
2507 1138 2729 1195 ratione
2743 1137 3043 1210 desumpta
3063 1153 3134 1195 ex
3175 1153 3317 1198 natio.

1762 1220 1843 1274 Ἰ).
1872 1220 2074 1276 Thom.
2105 1220 2242 1276 locis
2267 1236 2442 1293 supra
2463 1220 2670 1286 citatis,
2695 1236 2820 1292 quae
2847 1224 3028 1293 potest
3055 1220 3137 1276 ita

1776 1301 2018 1358 formari
2048 1322 2059 1356 :
2083 1302 2357 1374 quoniam
2381 1303 2543 1359 nulla
2568 1306 2653 1358 est
2675 1302 2840 1366 ratio,
2868 1301 2940 1359 ob
2961 1318 3135 1375 quam

1769 1383 2100 1457 justificatio
2165 1384 2330 1457 impii
2395 1383 2708 1441 secundum
2754 1383 3138 1441 substantiam

1775 1464 2133 1523 considerata
2154 1467 2382 1538 (nempe
2409 1469 2470 1521 ut
2490 1465 2765 1538 importat
2779 1465 3138 1523 infusionem

1775 1547 1974 1622 gratia)
2024 1545 2464 1615 sanctificantis,
2496 1554 2552 1604 et
2580 1548 2982 1605 remissionem
3013 1549 3139 1604 cul-

1778 1632 1883 1702 pae)
1902 1627 2102 1685 debeat
2123 1627 2250 1685 fieri
2280 1628 2343 1684 in
2372 1634 2628 1701 tempore
2665 1651 2676 1685 :
2700 1645 2835 1703 ergo
2857 1628 3140 1701 justifica-

1777 1711 1858 1768 tio
1886 1711 2050 1784 impii
2082 1726 2198 1766 non
2242 1710 2304 1766 fit
2345 1711 2408 1766 in
2454 1718 2730 1783 tempore,
2781 1708 2879 1765 sed
2923 1709 2983 1765 in
3013 1709 3140 1764 ins-

1779 1793 1943 1850 tanti.
2003 1793 2417 1865 Consequentia
2470 1797 2641 1865 patet.
2685 1793 2755 1846 Et
2801 1789 3139 1847 antecedens

1777 1874 1964 1947 quoad
1996 1871 2301 1929 secundam
2334 1879 2575 1945 partem,
2604 1888 2809 1945 nempe
2834 1870 3017 1943 quoad
3043 1886 3138 1927 re·

1780 1957 2117 2013 missionem
2168 1956 2364 2029 culpae.
2398 1960 2616 2012 constat
2641 1971 2710 2011 ex
2740 1954 2928 2026 prima
2962 1969 3137 2010 :nam

1782 2038 2046 2095 remissio
2081 2037 2261 2110 culpae
2289 2040 2373 2092 est
2399 2036 2627 2092 effectus
2654 2035 2916 2091 formalis
2943 2033 3140 2107 gratim

1781 2118 1924 2176 adeo
1957 2118 2164 2174 intime
2191 2117 2280 2173 illi
2310 2132 2589 2182 annexuS,
2623 2121 2683 2171 ut
2711 2116 2968 2188 implicet
3015 2131 3143 2188 gra-

1780 2203 1921 2258 tiam
1966 2199 2434 2263 sanctificantem,
2484 2205 2536 2256 et
2581 2202 2868 2271 peccatum
2898 2196 3143 2254 mortale

1782 2284 1844 2339 in
1871 2280 2069 2339 eodem
2118 2281 2356 2337 instanti
2409 2280 2738 2342 coexistere,
2772 2283 2833 2334 ut
2884 2276 3142 2335 ostendi-

1779 2380 1909 2420 mus
1936 2364 2078 2434 disp.
2109 2365 2163 2426 2,
2195 2361 2321 2417 dub.
2354 2363 2388 2416 4
2415 2385 2429 2428 ;
2460 2377 2594 2436 ergo
2621 2361 2669 2416 si
2703 2359 2917 2416 infusio
2943 2357 3143 2431 gratiae

1779 2442 2188 2500 sanctificantis
2230 2440 2292 2497 fit
2319 2442 2381 2497 in
2411 2441 2670 2505 instanti,
2700 2440 2762 2495 in
2785 2439 2984 2495 eodem
3016 2438 3141 2492 ins-

1784 2526 1926 2582 tanti
1970 2524 2134 2581 debet
2180 2523 2306 2581 fleri
2358 2523 2620 2581 remissio
2663 2522 2890 2595 peccati.
2943 2519 3141 2575 Prima

1782 2624 1920 2664 vero
1933 2605 2314 2662 antecedentis
2332 2622 2462 2678 pars
2477 2604 2818 2669 ostenditur;
2840 2619 2973 2658 nam
2992 2601 3141 2673 quod

1781 2690 1910 2745 aliae
1957 2688 2159 2744 formae
2191 2691 2474 2758 nequeant
2501 2685 2691 2741 subito
2717 2683 3135 2741 communicari

1781 2769 2051 2835 materiae,
2085 2768 2454 2840 provenitvel
2484 2767 2696 2840 quiain
2721 2766 2962 2822 materia
2994 2781 3144 2836 prae·

1779 2850 1974 2908 existit
2001 2850 2194 2922 aliqua
2240 2846 2604 2921 indispositio
2633 2846 2903 2902 resistens
2950 2844 3140 2902 intro-

1778 2931 2031 2988 ductioni
2065 2930 2263 2986 formae
2312 2928 2589 3000 paulatim
2631 2924 2990 2999 expellenda,
3049 2925 3141 2981 vel

1777 3014 1909 3085 quia
1940 3013 2159 3087 agentis
2213 3010 2400 3065 virtus
2451 3016 2534 3066 est
2573 3007 2798 3071 debilis,
2843 3011 2900 3063 et
2945 3007 3144 3077 nequit

1779 3097 2030 3152 formam
2061 3094 2423 3155 instantanee
2453 3090 2835 3151 introducere,
2868 3086 2964 3142 sed
2999 3103 3141 3158 pau-

1779 3176 1941 3231 latim
1972 3173 2225 3229 devincit
2255 3171 2636 3227 resistentiam
2663 3168 2919 3225 materiai
2946 3189 2958 3223 :
2985 3167 3140 3238 atqui

1778 3258 1938 3313 nulla
1969 3272 2039 3312 cx
2068 3255 2141 3308 iis
2169 3251 2489 3309 rationibus
2518 3252 2729 3306 militat
2759 3251 2818 3305 in
2843 3248 3142 3304 introduc-

1779 3338 1935 3392 tione
1998 3332 2197 3409 gratiae
2254 3330 2680 3387 sanctificantis.
2732 3333 2859 3385 Non
2906 3327 3138 3400 quidem

1782 3418 1990 3491 prima,
2024 3414 2160 3488 quia
2180 3418 2359 3469 status
2400 3411 2607 3485 peccati
2649 3410 2889 3467 moralis
2919 3426 3034 3465 non
3055 3415 3140 3465 est

1780 3497 1996 3571 aliquid
2038 3496 2278 3571 positive
2325 3508 2648 3568 repugnans
2677 3493 2955 3548 infusioni
3003 3509 3140 3567 gra-

1778 3582 1899 3647 tiae;
1931 3585 1987 3636 et
2015 3595 2131 3634 non
2185 3577 2338 3633 valet
2380 3591 2478 3649 per
2526 3581 2733 3648 partes,
2788 3581 2885 3631 aut
2929 3576 3140 3649 gradus

1775 3661 2011 3727 destrui,
2040 3657 2137 3715 sed
2161 3658 2250 3713 vel
2274 3661 2424 3713 totus
2444 3660 2659 3721 manet,
2693 3656 2781 3712 vel
2805 3661 2953 3714 totus
2976 3656 3141 3711 dissi-

1779 3749 1965 3817 patur.
2019 3744 2130 3796 Nec
2156 3739 2333 3796 etiam
2373 3737 2637 3802 secunda,
2670 3739 2806 3811 quia
2851 3741 2999 3794 Deus
3045 3738 3140 3793 in-

1779 3823 2028 3881 fundens
2054 3821 2301 3895 gratiam
2323 3826 2407 3877 est
2429 3837 2600 3893 agens
2624 3819 2866 3876 infinitas
2883 3818 3133 3883 virtuti5‚

1776 3909 1873 3982 qui
1926 3900 2114 3962 subit'o
2168 3908 2348 3976 potest
2390 3902 2708 3977 quamlibet
2748 3902 3136 3959 resistentiam

1774 4002 2083 4060 superare,
2133 3992 2189 4042 et
2228 3985 2476 4041 formam
2525 3983 2887 4040 introducere
2941 4004 2952 4038 :
3001 3998 3137 4056 ergo

1776 4070 1939 4127 nulla
1966 4072 2050 4124 est
2079 4066 2244 4134 rati0,
2272 4064 2343 4122 ob
2363 4081 2535 4137 quam
2577 4064 2908 4139 justificatio
2935 4062 3131 4120 debeat

1775 4159 1839 4213 in
1869 4161 2124 4227 tempore
2151 4152 2301 4209 fieri.

1849 4239 1940 4294 20.
1986 4240 2099 4293 Nec
2129 4234 2323 4300 refert,
2354 4234 2401 4289 si
2429 4232 2768 4305 respondeas
2792 4232 3001 4304 primo,
3033 4250 3133 4289 su-
3148 4250 3330 4295 Primum

1775 4336 1997 4395 peresse
2020 4318 2174 4376 aliud
2217 4321 2401 4390 caput,
2435 4321 2665 4388 propter
2691 4314 2839 4388 quod
2861 4316 3131 4389 justifica-
3168 4301 3296 4402 «ἓξὲξ

1773 4406 1853 4461 tio
1895 4404 2060 4476 impii
2108 4400 2311 4458 debeat
2352 4416 2467 4456 non
2510 4399 2571 4454 in
2613 4399 2870 4461 instanti,
2929 4399 3026 4455 sed
3068 4401 3132 4457 in

1774 4490 2030 4558 tempore
2058 4483 2219 4550 fieri;
2250 4481 2385 4555 quia
2431 4480 2714 4536 nimirum
2759 4481 2971 4553 impius
3013 4497 3130 4539 non

1768 4563 2113 4641 justificatur
2136 4563 2247 4619 nisi
2290 4559 2675 4633 dependenter
2697 4578 2728 4617 a
2757 4562 3008 4635 propriis
3035 4578 3129 4619 ac·-

1776 4646 1944 4713 tibus,
1976 4644 2182 4719 quibus
2204 4643 2273 4699 ad
2300 4643 2546 4717 gratiam
2600 4640 2942 4715 disponitur,
2987 4659 3128 4715 quos

1775 4735 1930 4786 actus
1970 4726 2166 4799 nequit
2190 4726 2549 4781 instantanee
2568 4725 2774 4781 elicere
2801 4746 2813 4781 ε
2845 4731 2964 4781 tum
2993 4726 3129 4798 quia

1775 4813 1895 4884 ipse
1937 4816 2022 4867 est
2073 4825 2245 4883 agens
2291 4808 2518 4864 virtutis
2571 4806 2940 4864 finitaeztum
2994 4808 3129 4881 quia

1777 4890 2028 4966 praedicti
2059 4895 2213 4945 actus
2242 4894 2530 4962 nequeunt
2559 4888 2726 4944 unico
2755 4893 2980 4945 tantum
3007 4890 3130 4944 ins-

1776 4973 1918 5028 tanti
1971 4970 2183 5027 durare
2205 5016 2218 5038 ,
2269 4970 2367 5027 sed
2405 4968 2614 5026 debent
2667 4970 2921 5043 aliquam
2977 4973 3128 5024 tem-

1776 5052 1931 5126 poris
1953 5067 2179 5108 moram
2207 5065 2562 5119 consumere,
2603 5053 2664 5105 ut
2689 5048 2894 5108 docent
2913 5051 3129 5122 Grego-
