3647 5753
44 931 233 1023 Df'rlm.

68 2910 224 2956 Aliud

1396 381 1574 435 DISP.
1620 381 1689 446 11,
1737 380 1903 435 DUB.
1946 382 2011 435 V.

275 572 406 612 mus
430 557 559 612 dub.
585 557 809 628 prate-ed.
841 574 997 611 num.
1036 557 1156 622 123,
1186 560 1353 628 atque
1376 553 1503 612 ideo
1525 568 1641 610 non

275 638 428 693 valet
453 653 588 693 eum
616 636 877 710 diligere,
912 637 1025 693 nisi
1074 637 1246 693 homo
1272 643 1459 692 actum
1512 650 1641 707 pec-

273 718 633 773 caminosum
683 716 1026 784 formaliter,
1054 722 1150 773 aut
1194 716 1518 772 eminenter
1548 729 1641 771 re-

275 801 494 864 tractet,
520 802 577 855 et
606 814 637 854 a
663 802 813 853 statu
839 797 1045 870 peccati
1082 795 1303 853 recedat
1336 816 1350 851 z
1377 794 1545 868 quod,
1579 800 1642 850 ut

277 877 551 942 vidimuS,
573 877 702 934 fieri
732 895 850 934 non
881 880 1032 935 valet
1057 878 1269 950 absque
1288 879 1409 952 ejus
1433 876 1640 932 intrin-

273 973 402 1015 seca
429 957 767 1015 mutatione.
802 961 936 1022 Quae
955 963 1039 1014 est
1057 957 1316 1014 doctriua
1344 959 1402 1012 D.
1430 955 1632 1010 Thom.

275 1041 314 1094 3
331 1047 482 1112 parc.
510 1048 694 1119 quoest.
718 1042 809 1106 86,
836 1048 946 1096 ert.
980 1043 1033 1108 2,
1065 1043 1122 1095 in
1144 1056 1381 1112 corpore,
1411 1036 1509 1093 ubi
1542 1037 1639 1093 in-

274 1120 398 1192 quit
425 1141 438 1175 :
473 1143 499 1172 «
532 1120 759 1177 Offensa
804 1120 1018 1177 directe
1058 1121 1366 1193 opponitur
1392 1117 1590 1192 gratiae
1620 1140 1635 1184 3

283 1223 308 1252 α
350 1214 420 1256 ex
459 1199 565 1256 hoc
608 1199 764 1256 enim
811 1200 1022 1256 dicitur
1067 1199 1277 1272 aliquis
1323 1196 1489 1254 alteri
1517 1212 1640 1253 esse

282 1303 307 1332 a
352 1281 602 1337 offensus
619 1325 632 1348 ,
657 1281 805 1354 quod
836 1283 1064 1354 repellit
1085 1298 1218 1338 eum
1241 1298 1274 1337 a
1298 1280 1485 1355 gratia
1509 1295 1634 1334 sua.

284 1385 309 1414 «
355 1365 471 1419 Hoc
492 1369 679 1419 autem
710 1364 947 1420 interest
977 1364 1127 1420 inter
1152 1364 1400 1437 gratiam
1431 1362 1550 1428 Dei,
1582 1365 1639 1418 et

284 1467 309 1495 «
353 1444 625 1509 hominis,
657 1444 805 1516 quod
844 1446 1031 1518 gratia
1071 1445 1327 1501 hominis
1356 1460 1473 1501 non
1500 1459 1638 1499 cau-

284 1545 310 1575 «
349 1529 455 1588 sat,
488 1522 584 1579 secl
623 1524 1010 1596 praesupponit
1056 1524 1370 1581 bonitatem
1409 1539 1631 1591 veram,

283 1628 309 1659 α
352 1606 444 1662 vel
486 1611 857 1677 apparentem
905 1607 969 1662 in
1015 1606 1253 1663 homine
1278 1613 1477 1681 grat0.
1527 1607 1636 1662 Sed

281 1708 306 1739 «
349 1687 534 1760 gratia
576 1686 677 1742 Dei
724 1693 914 1742 causat
967 1686 1280 1744 bonitatem
1309 1688 1371 1742 in
1402 1687 1637 1744 homine

282 1786 307 1816 α
350 1772 512 1840 grato
537 1809 551 1834 ,
594 1782 662 1823 eo
707 1765 856 1839 quod
885 1766 1036 1823 bona
1070 1768 1334 1823 voluntas
1363 1767 1480 1833 Dei,
1508 1783 1636 1840 quae

279 1866 304 1897 ι(
352 1847 587 1903 nomine
606 1848 805 1921 gratiae
829 1846 1193 1920 intelligitur,
1219 1853 1302 1904 est
1329 1863 1496 1903 causa
1516 1863 1636 1903 om·

277 1948 302 1978 ιι
347 1927 439 1983 nis
465 1926 600 1985 boni
629 1929 826 1985 creati.
862 1928 1023 1985 Unde
1056 1933 1237 2002 potest
1279 1928 1629 2002 contingere,

279 2030 305 2060 α
345 2008 493 2080 quod
539 2010 712 2067 homo
758 2010 1012 2067 remittat
1062 2010 1359 2076 offensam,
1407 2026 1519 2082 qua
1544 2009 1634 2066 of-

278 2109 305 2141 «
346 2089 542 2145 sensus
567 2091 870 2158 est,alicui,
898 2089 1107 2163 absque
1134 2091 1328 2163 aliqua
1356 2089 1635 2145 immuta-

281 2193 307 2223 α
351 2172 505 2230 tione
532 2174 844 2229 voluntatis
865 2174 1005 2247 ejus.
1033 2177 1158 2231 Non
1186 2178 1376 2229 autem
1404 2173 1635 2229 contin-

280 2272 306 2303 «
346 2268 481 2325 gere
502 2259 700 2326 potest,
724 2255 872 2327 quod
901 2258 1048 2311 Deus
1078 2255 1330 2310 remittat
1356 2254 1633 2310 offensam

278 2356 305 2385 «
348 2336 522 2392 alicui
590 2335 798 2408 absque
850 2338 1256 2394 immutatione
1321 2336 1634 2393 voluntatis

281 2439 307 2466 «
349 2433 493 2491 ejus,
539 2439 564 2468 n

869 2559 899 2625 ἕ
939 2557 1030 2612 IV.

483 2714 839 2772 Praecluditur
864 2716 982 2772 alia
1009 2716 1212 2803 Suarii
1236 2719 1439 2773 evasio,

362 2876 480 2933 153.
527 2879 719 2936 Tertio
739 2881 986 2938 occurrit
1014 2882 1224 2938 rationi
1254 2886 1463 2937 nostrae
1484 2882 1630 2939 Sua-

12 2961 244 3014 effugium
275 2955 398 3013 rius
423 2965 549 3015 tom.
575 2961 629 3026 3,
660 2960 722 3014 de
743 2965 949 3031 qratia,
980 2981 1103 3036 cap.
1131 2965 1204 3018 22
1229 2970 1278 3018 et
1306 2963 1398 3027 23,
1426 2977 1631 3018 conce-

12 3018 222 3056 suarez.

271 3038 478 3104 dendo,
501 3042 589 3096 vel
610 3043 795 3113 potius
816 3044 1218 3116 permittendo,
1243 3042 1390 3117 quod
1404 3044 1631 3100 macula

270 3120 480 3193 peccati
524 3120 849 3191 habitualis
891 3141 924 3180 a
943 3141 1053 3197 qua
1082 3125 1254 3182 homo
1283 3124 1629 3182 denomina-

267 3208 365 3257 tur
380 3205 715 3271 maculatus,
748 3221 982 3262 aversus
1009 3223 1042 3262 a
1071 3208 1204 3274 Dee,
1229 3206 1440 3281 dignus
1461 3225 1629 3280 poena

267 3287 505 3350 aeterna,
537 3289 644 3340 etc.
675 3285 946 3358 importet
972 3286 1042 3343 de
1067 3287 1214 3344 facto
1241 3288 1626 3361 privationem

267 3363 663 3420 voluntariam
690 3366 889 3438 gratiae
927 3367 1369 3433 sanctificantis:
1408 3374 1464 3424 et
1488 3385 1627 3426 con-

264 3450 590 3516 sequenter,
622 3444 772 3517 quod
794 3454 1037 3521 nequeat
1074 3447 1291 3505 destrui
1339 3454 1626 3521 peccatum

263 3525 578 3592 habituale,
610 3529 753 3599 quin
780 3529 954 3587 homo
978 3536 1149 3587 exuat
1195 3531 1490 3604 praedictas
1533 3531 1627 3588 de-

265 3607 720 3675 nominationes,
751 3615 807 3669 et
832 3612 1119 3668 maculam
1148 3612 1314 3668 illam
1356 3612 1621 3686 deponat.

259 3686 354 3742 Ad
397 3687 454 3743 id
501 3694 691 3745 autem
719 3691 922 3746 asserit
951 3708 1069 3748 non
1095 3708 1217 3748 esse
1244 3694 1625 3750 necessariam

260 3768 621 3826 infusionem
660 3771 898 3846 alicujus
941 3771 1098 3839 boni,
1131 3766 1625 3831 velintrinsecam

259 3850 731 3909 immutationem
760 3854 1084 3925 peccatone,
1124 3854 1223 3911 sed
1249 3855 1503 3913 sufficere
1522 3873 1626 3913 ex-

261 3930 577 3988 trinsecam
606 3933 1007 3991 mutationem.
1040 3936 1198 4000 Quod
1218 3936 1301 3993 sic
1325 3935 1578 3993 declarat
1607 3959 1621 3994 ε

259 4013 483 4070 etenim
505 4017 758 4073 carentia
783 4017 981 4091 gratiae
1010 4034 1127 4074 non
1149 4018 1321 4076 habet
1342 4021 1624 4077 rationem

260 4096 524 4165 maculae,
570 4103 667 4153 aut
694 4098 834 4154 mali
877 4099 1153 4167 moraliS,
1206 4101 1320 4157 nisi
1346 4106 1626 4175 quatenus

261 4176 520 4249 privatio
539 4185 650 4246 est;
674 4179 779 4235 suh
807 4186 1074 4254 conceptu
1102 4182 1312 4256 quippe
1341 4199 1497 4256 purae
1518 4197 1624 4239 ne-

257 4257 514 4331 gationis
573 4260 797 4317 nullam
856 4261 1130 4335 importat
1180 4264 1468 4320 malitiam
1492 4307 1506 4331 ,
1563 4267 1625 4318 ut

257 4343 484 4396 constat
509 4340 573 4396 in
593 4348 742 4399 statu
772 4361 1070 4418 purorum.
1116 4348 1296 4403 Porro
1333 4351 1393 4401 ut
1419 4345 1625 4403 habeat

260 4421 551 4479 rationem
575 4426 935 4496 privationis»,
962 4443 1103 4500 opus
1135 4432 1237 4494 est,
1264 4427 1413 4500 quod
1438 4429 1624 4503 gratia

255 4505 339 4561 sit
371 4503 562 4563 debita
583 4508 843 4574 homini;
874 4526 1011 4566 nam
1037 4509 1261 4567 sublato
1289 4510 1499 4580 debite,
1526 4528 1623 4568 ca-

259 4585 456 4643 rentia
483 4586 686 4644 formae
725 4604 842 4646 non
881 4594 964 4646 est
1011 4591 1278 4663 privatio,
1322 4592 1421 4650 sed
1460 4608 1623 4650 mera

257 4666 509 4740 negatio,
537 4673 599 4722 ut
624 4674 774 4741 patet
799 4670 863 4725 in
888 4669 1089 4728 eodem
1124 4688 1401 4744 purorum
1445 4678 1617 4730 statu.

254 4747 530 4804 Debitum
574 4755 766 4807 autem
789 4751 1037 4809 habendi
1064 4754 1311 4827 gratiam
1334 4770 1450 4812 non
1472 4754 1623 4811 inest

255 4827 491 4885 homini
520 4845 593 4885 ex
621 4835 832 4888 natura
854 4832 958 4897 rei,
984 4833 1083 4889 sed
1117 4835 1303 4891 solum
1330 4850 1402 4891 ex
1426 4833 1623 4907 dispo-

254 4908 470 4967 sitione
492 4908 698 4968 divina
725 4912 987 4969 elevante
1009 4914 1308 4971 hominem
1336 4913 1407 4972 ad
1445 4912 1622 4972 finem

254 4992 768 5064 supernaturalem
798 4991 988 5051 :unde
1025 4994 1249 5053 sublata
1292 4994 1623 5071 hujusmodi

3021 387 3137 442 405

1774 552 2140 612 ordinatione
2164 600 2175 622 ,
2208 557 2395 630 gratia
2423 558 2667 614 minime
2693 557 2995 614 deberetur
3023 557 3130 614 ho-

1774 633 1944 700 mini,
1991 640 2053 689 ut
2081 636 2256 708 liquet
2290 638 2464 698 etiam
2489 639 2550 694 in
2578 638 2840 710 exemplo
2868 637 3133 711 proxime

1775 712 2034 772 adducto.
2068 717 2136 771 Et
2164 717 2293 773 licet
2312 717 2382 773 de
2409 718 2555 774 facto
2587 722 2733 776 Deus
2759 717 3122 790 disposuerit,

1773 794 2102 869 hujusmodi
2127 799 2508 857 elevationem
2535 844 2548 866 ,
2601 805 2660 855 et
2706 800 3127 872 promotionem

1773 873 1845 929 ad
1875 883 2374 950 supernaturalem
2397 879 2573 936 finem
2602 880 2723 935 sore
2750 886 3081 952 perpetuam
3107 901 3122 945 ;
3225 915 3235 924 ·

1772 957 1981 1031 absque
2009 957 2182 1017 dubio
2206 966 2397 1018 tamen
2421 961 2601 1035 potuit
2623 962 2788 1017 illam
2811 960 2880 1017 ad
2906 967 3130 1017 certum

1772 1042 1996 1111 tempus
2022 1039 2413 1099 determinare
2438 1087 2450 1108 ,
2498 1059 2610 1114 quo
2638 1041 2881 1115 proinde
2912 1044 3124 1115 elapso,

1769 1120 1955 1192 gratia
1983 1136 2100 1177 non
2122 1127 2266 1178 esset
2290 1122 2496 1188 debita,
2514 1128 2570 1179 et
2587 1128 2995 1196 consequenter
3008 1124 3133 1196 ejus

1771 1200 2027 1257 carentia
2073 1217 2190 1258 non
2240 1207 2386 1258 esset
2433 1203 2701 1275 privatio,
2754 1219 2856 1260 nec
2902 1204 3129 1260 macula

1771 1281 1999 1353 peccati,
2024 1281 2123 1337 sed
2150 1298 2312 1339 mera
2338 1283 2583 1357 negatio.
2617 1286 2732 1340 Hoc
2759 1284 2937 1358 igitur
2958 1282 3134 1340 modo

1770 1367 1959 1418 censet
1985 1363 2239 1430 SuariuS,
2268 1370 2555 1436 peecatum
2586 1382 2685 1438 per
2718 1365 2981 1422 divinam
3022 1380 3128 1437 po·

1768 1443 2010 1499 tentiam
2036 1444 2253 1500 remitti
2276 1460 2436 1517 posse
2457 1444 2666 1518 absque
2683 1445 2972 1502 infusione
2986 1444 3125 1502 doni

1770 1521 2047 1596 alicujus,
2078 1529 2133 1580 et
2176 1524 2301 1580 sine
2350 1527 2655 1597 peccatoris
2697 1523 3121 1584 immutatidne.

1769 1603 1829 1659 Si
1867 1604 2027 1660 euim
2069 1608 2215 1662 Deus
2246 1605 2595 1671 decerneret,
2621 1605 2772 1679 quod
2797 1609 2983 1681 gratia
3024 1623 3129 1679 per

1768 1689 2012 1757 quatuor
2039 1690 2262 1741 tantum
2286 1702 2468 1743 annos
2498 1687 2817 1753 deberetur,
2842 1693 2897 1744 et
2924 1689 3129 1744 Petrus

1769 1767 1927 1822 intra
1968 1767 2100 1824 illos
2140 1772 2427 1841 peccaret;
2457 1769 2711 1825 carentia
2734 1770 2836 1825 illa
2865 1770 3021 1827 intra
3048 1770 3126 1825 il-

1769 1845 1870 1902 lud
1894 1846 2145 1920 spatium
2184 1854 2331 1906 esset
2358 1848 2626 1921 privatio,
2670 1855 2726 1906 et
2756 1852 2998 1916 macula,
3031 1852 3124 1923 ip-

1766 1945 2010 2002 sumque
2034 1930 2436 1987 denominaret
2462 1947 2729 1988 aversum
2753 1931 3124 1988 habitualiter

1768 2009 1841 2066 ab
1887 2011 2092 2068 ultimo
2135 2011 2288 2080 fine,
2339 2015 2394 2069 et
2421 2011 2662 2086 dignum
2713 2030 2878 2086 poena
2906 2018 3122 2069 aeterna

1767 2093 2112 2150 consistente
2152 2093 2216 2148 in
2257 2094 2581 2165 privatione
2619 2094 2864 2155 visionis
2904 2095 3002 2150 Dei
3057 2094 3121 2150 in

1766 2172 1953 2244 seipso
1984 2193 1997 2227 z
2029 2176 2084 2228 at
2110 2172 2303 2245 elapso
2329 2188 2396 2230 eo
2424 2179 2698 2245 tempore,
2721 2175 2841 2246 jam
2865 2190 2981 2230 non
3005 2189 3123 2229 ma-

1768 2256 1931 2308 neret
1957 2252 2210 2308 carentia
2234 2254 2433 2326 gratiae
2457 2252 2561 2308 sub
2586 2253 2807 2310 ratione
2843 2254 3122 2326 privatio-

1768 2333 1880 2400 niS,
1905 2332 2005 2389 sed
2024 2338 2169 2390 esset
2192 2350 2337 2406 pura
2360 2334 2607 2407 negati03
2638 2339 2695 2390 et
2714 2339 3123 2407 consequenter

1768 2415 2037 2489 praedicta
2079 2415 2327 2489 privatio
2353 2421 2598 2474 cessaret
2630 2416 2693 2471 in
2721 2417 2946 2473 ratione
2992 2433 3123 2489 pec-

1766 2496 1877 2553 cati
1917 2496 2245 2563 habitualis,
2279 2497 2411 2553 licet
2446 2498 2610 2553 nulla
2631 2494 2852 2554 adesset
2878 2498 3122 2555 mutatio

1767 2578 1943 2636 realis
1961 2593 2033 2635 ex
2054 2583 2215 2651 parte
2252 2576 2507 2651 subjecti.
2543 2579 2712 2635 Posse
2740 2582 2930 2633 autem
2953 2576 3013 2633 id
3042 2578 3121 2634 ita

1765 2660 2125 2731 contingere,
2171 2656 2445 2729 probatur
2471 2662 2594 2712 tum
2622 2674 2692 2713 ex
2720 2657 2978 2713 discursu
3009 2674 3121 2714 nu-

1765 2756 1869 2812 per
1895 2739 2064 2806 iact0,
2094 2741 2217 2792 tum
2238 2737 2537 2810 exemplis
2564 2740 2717 2809 Nam
2747 2737 2810 2793 in
2846 2740 3124 2795 naturali·

1764 2819 1871 2876 bus
1899 2823 2079 2894 potest
2099 2819 2355 2875 carentia
2382 2818 2633 2875 transire
2671 2818 2745 2874 ab
2782 2824 2929 2875 statu
2960 2835 3127 2895 nega·

1763 2901 1939 2958 tionis
1978 2901 2043 2957 in
2109 2906 2323 2957 statum
2366 2900 2714 2972 privationis
2738 2944 2751 2967 ,
2799 2917 2901 2974 per
2938 2903 3124 2958 solam

1763 2982 2144 3038 mutationem
2174 2981 2472 3055 temporis,
2498 2986 2553 3036 et
2575 2979 2784 3054 absque
2806 2982 3125 3039 mutatione

1761 3062 2016 3136 subjecti,
2046 3067 2104 3116 ut
2146 3066 2297 3135 patet
2337 3062 2399 3117 in
2427 3077 2584 3127 cane,
2616 3062 2716 3134 qui
2744 3066 2875 3118 ante
2903 3077 3124 3117 nonum

1761 3144 1916 3200 diem
1939 3143 2149 3201 dicitur
2177 3159 2355 3200 caeeus
2398 3144 2681 3217 negative,
2707 3148 2764 3200 et
2786 3149 2977 3216 postea
3011 3143 3127 3214 pri-

1762 3224 1954 3280 vative
1985 3245 1999 3280 z
2030 3240 2165 3298 ergo
2187 3223 2405 3296 pariter
2433 3228 2615 3296 potest
2633 3223 2889 3278 carentia
2910 3238 2982 3278 ex
3000 3222 3124 3278 sola

1761 3306 2080 3364 mutatione
2125 3306 2404 3378 temporis
2449 3305 2700 3361 transire
2726 3303 2797 3360 ab
2821 3308 2971 3360 statu
3000 3303 3126 3377 pri-

1760 3388 2014 3444 vationis
2063 3385 2134 3443 ad
2195 3391 2408 3442 statum
2448 3385 2731 3457 simplicis
2778 3384 3120 3458 negationis.

1761 3466 1980 3524 Deinde
2000 3467 2065 3521 in
2081 3465 2401 3524 moralibus
2420 3464 2879 3538 potestobligatio
2890 3465 3006 3521 voti
3023 3464 3124 3518 du-

1763 3563 1894 3604 rare
1919 3561 2097 3618 usque
2123 3546 2195 3601 ad
2210 3544 2661 3601 determinatum
2691 3549 2934 3615 tempus,
2961 3543 3039 3599 ita
3063 3547 3125 3599 ut

1760 3628 1884 3702 ejus
1911 3624 2293 3699 transgressio
2313 3624 2471 3679 intra
2492 3622 2639 3679 illud
2662 3627 2888 3696 tempus
2913 3622 2988 3678 sit
3012 3623 3125 3696 pri-

1759 3708 1932 3775 vati0,
1964 3711 2019 3764 et
2048 3711 2172 3780 post
2200 3705 2348 3761 illud
2377 3711 2603 3778 tempus
2632 3710 2809 3762 cesset
2851 3704 3125 3778 obligatio

1759 3790 1879 3848 voti
1910 3833 1923 3858 ,
1974 3795 2030 3846 et
2080 3788 2339 3846 carentia
2393 3785 2827 3861 adimpletionis
2875 3786 2996 3859 ejus
3049 3787 3122 3842 sit

1759 3885 1924 3927 mera
1964 3870 2191 3944 negatio
2209 3894 2224 3937 ;
2258 3874 2318 3924 ut
2369 3869 2417 3923 si
2448 3870 2595 3925 Deus
2616 3885 2648 3924 a
2677 3867 2963 3941 principio
2991 3871 3119 3922 tan·

1759 3956 1884 4006 tum
1906 3954 2221 4022 acceptaret
2250 3954 2448 4006 votum
2474 3964 2649 4021 usque
2670 3946 2741 4004 ad
2766 3947 3122 4006 determina-

1758 4035 1883 4086 tum
1934 4034 2161 4103 tempus
2189 4074 2204 4099 ,
2257 4030 2352 4086 vel
2396 4029 2447 4084 si
2499 4034 2623 4101 post
2671 4027 3121 4086 determinatum

1758 4119 1984 4186 tempus
2010 4113 2073 4169 in
2100 4117 2231 4170 voto
2257 4111 2635 4184 dispensaret.

1840 4196 1962 4251 154.
2004 4197 2284 4253 Caeterum
2327 4193 2445 4248 haec
2488 4193 2784 4265 responsio
2823 4191 3012 4248 deficit
3058 4192 3121 4247 in
3151 4209 3315 4252 averu-

1758 4274 2042 4347 pluribuS.
2081 4275 2292 4342 Primo,
2324 4273 2462 4347 quia
2508 4274 2696 4330 variat
2739 4278 2950 4329 statum
2973 4259 3316 4359 prat-“{fpfflss

1755 4354 1935 4412 sentis
1986 4354 2358 4415 difficultatis3
2398 4354 2777 4425 supponimus
2819 4352 2980 4408 enim
3015 4353 3125 4410 ho-
3201 4362 3278 4401 ter.

1757 4435 1980 4491 minem
2011 4449 2249 4490 manere
2280 4434 2569 4489 elevatum
2600 4431 2670 4488 ad
2709 4430 2888 4488 finem
2916 4448 3122 4505 super-

1757 4515 2086 4571 naturalem
2146 4511 2422 4578 absolute,
2478 4515 2536 4567 et
2579 4511 2708 4568 sine
2762 4512 3123 4570 restrictione

1756 4594 1829 4652 ad
1855 4594 2308 4652 determinatum
2355 4599 2618 4664 tempus;
2660 4598 2718 4651 et
2765 4594 3119 4667 inquirimus

1757 4681 1954 4733 utrum
1975 4681 2162 4732 stante
2182 4676 2287 4731 hac
2306 4674 2687 4744 ordinatione,
2721 4675 2896 4749 possit
2922 4691 3119 4748 pecca-

1757 4762 1881 4814 tum
1909 4758 1974 4814 in
2002 4757 2104 4814 tali
2156 4760 2307 4812 statu
2339 4756 2712 4812 commissum
2743 4755 2957 4813 remitti
2986 4755 3111 4814 abs-

1756 4853 1867 4912 que
1920 4837 2239 4893 intrinseca
2291 4834 2551 4893 hominis
2601 4838 2919 4894 mutatione
2940 4838 2968 4893 P
3015 4836 3119 4892 Cui

1755 4918 2078 4977 difficultati
2102 4917 2299 4990 nequit
2319 4916 2510 4973 Suarii
2531 4916 2792 4975 doctrina
2807 4934 3119 4977 accommo-

1756 4998 1908 5070 dari,
1952 4997 2052 5057 sed
2096 5014 2227 5057 eam
2281 4997 2559 5070 relinquit
2590 4997 2883 5070 intactam,
2944 5003 3001 5057 et
3043 4999 3115 5056 ad
