3647 5753
27 2732 80 2774 ia
100 2741 192 2773 res-

27 2782 167 2839 ους-ίῳ

26 2831 179 2884 spent·

26 2887 115 2924 tur.

35 2929 190 2984 palda.

26 4945 153 5000 titera

27 4999 154 5038 vaslo

26 5047 163 5087 atrita·

26 5099 107 5138 int·-

1337 433 1512 490 DISP.
1562 432 1658 501 VI,
1709 431 1876 488 DUB.
1926 431 1996 487 11.

219 616 356 672 bere
378 614 636 671 valorem
666 612 944 683 aequalem
967 608 1220 666 termino
1245 607 1308 663 in
1327 620 1582 678 exequu-

217 696 375 753 tione
425 694 729 768 primario,
760 697 1040 765 quatenus
1085 691 1332 746 alterum
1379 686 1574 751 infert,

214 781 336 833 esto
351 774 586 831 haberet
607 775 868 830 valorem
889 772 1164 845 aequalem
1182 768 1433 825 termino
1456 768 1579 840 pri-

215 858 406 914 mario
431 856 789 914 considerato
804 853 1115 911 secundum
1130 868 1212 909 se.
1225 853 1374 907 Tum
1400 851 1576 906 etiam

214 941 280 996 in
333 938 857 1005 moralibus;nam
898 936 997 1009 qui
1041 934 1275 991 haberet
1302 932 1578 988 meritum

215 1020 551 1077 sufficientis
589 1020 808 1077 valoris
855 1018 925 1075 ad
953 1015 1295 1075 merendum
1339 1012 1409 1070 de
1439 1029 1579 1071 con-

217 1101 393 1175 digno
421 1115 679 1157 amorem
695 1098 1080 1163 charitatis‚v.
1105 1112 1161 1169 g.
1181 1100 1240 1150 ut
1261 1099 1342 1150 est
1372 1094 1578 1150 ultima

216 1182 514 1256 dispositio
541 1181 613 1238 ad
639 1182 907 1256 gratiam,
939 1193 1179 1251 eamque
1215 1174 1577 1250 inseparabi-

216 1264 351 1321 liter
373 1264 570 1327 infert‚
591 1278 709 1319 non
740 1266 919 1335 potest
942 1276 1058 1317 non
1077 1258 1287 1316 habere
1318 1258 1575 1313 valorem

212 1346 491 1417 aequalem
522 1343 591 1400 ad
619 1342 971 1400 causandum
997 1341 1179 1414 ipsam
1202 1339 1451 1413 gratiam
1482 1360 1496 1403 ;
1521 1340 1577 1391 et

212 1425 414 1483 eodem
444 1425 639 1482 meriti
692 1423 913 1480 influxu
935 1466 950 1490 ,
974 1439 1086 1495 quo
1129 1424 1389 1478 causaret
1432 1417 1576 1473 ulti-

214 1521 372 1561 mam
402 1504 835 1579 dispositionem
859 1502 930 1561 ad
970 1504 1239 1577 gratiam,
1273 1499 1490 1573 pariter
1515 1512 1577 1555 se

212 1584 546 1642 extenderet
573 1584 642 1641 ad
672 1585 853 1658 ipsius
890 1583 1091 1658 gratiae
1120 1579 1569 1653 productionem.

214 1667 285 1721 Et
311 1664 465 1722 idem
492 1665 867 1738 contingeret,
900 1665 947 1719 si
971 1664 1206 1720 daretur
1245 1661 1438 1733 aliqua
1482 1658 1576 1714 ul-

212 1748 359 1804 tima
414 1747 713 1821 dispositio
770 1746 1089 1803 necessario
1134 1758 1393 1801 connexa
1443 1757 1574 1799 cum

214 1828 432 1885 unione
454 1828 839 1902 hypostatica;
872 1843 1007 1883 nam
1034 1826 1132 1897 qui
1179 1822 1249 1879 de
1292 1821 1574 1895 condigno

214 1916 537 1966 mereretur
564 1908 895 1981 praedictam
917 1908 1372 1980 dispositionem,
1400 1904 1573 1960 unio-

215 2007 351 2048 nem
394 1992 571 2047 etiam
614 1991 685 2047 de
732 1989 1013 2065 condigno
1041 1994 1375 2046 mereretur.
1413 1985 1573 2051 Quod

210 2087 441 2144 semper
469 2070 799 2128 verificatur
827 2072 1047 2143 quoties
1072 2071 1226 2126 inter
1253 2069 1571 2125 terminum

215 2151 587 2224 primarium,
613 2157 671 2207 et
708 2150 1117 2209 secundarium
1148 2150 1309 2205 nulla
1359 2146 1573 2204 mediat

213 2233 361 2290 actio
390 2232 607 2299 libera;
638 2238 771 2289 tunc
791 2235 1002 2307 quippe
1043 2232 1238 2288 efficax
1266 2230 1485 2295 volitio,
1516 2236 1575 2287 et

210 2313 517 2370 causalitas
541 2314 694 2370 circa
716 2315 1035 2370 terminum
1079 2312 1427 2384 primarium
1467 2326 1571 2366 ex-

214 2393 470 2451 tenditur
493 2394 681 2466 reipsa
702 2393 771 2448 ad
787 2393 1212 2450 secundarium.
1244 2394 1311 2447 Et
1332 2392 1411 2447 ita
1431 2407 1569 2447 con-

210 2474 461 2547 tingeret
488 2473 550 2528 in
580 2479 775 2530 nostro
798 2490 959 2541 casu;
990 2489 1123 2528 nam
1169 2473 1347 2544 posita
1385 2472 1572 2545 gratia

210 2570 331 2611 non
354 2555 670 2626 requiritur
694 2556 841 2611 actio
864 2570 1011 2610 nova
1032 2552 1102 2608 ad
1123 2554 1569 2610 destructionem

210 2635 460 2693 offensas.

283 2717 376 2771 42.
403 2718 486 2771 Ex
504 2717 939 2791 impugnatione
966 2718 1134 2791 huJus
1157 2716 1563 2788 responsionis,

208 2812 334 2869 quae
365 2797 742 2870 principalior
789 2797 1050 2865 videtur,
1098 2804 1375 2858 corruunt
1414 2798 1562 2866 aliae,

207 2894 332 2950 quae
378 2876 629 2934 minoris
675 2879 956 2937 momenti
996 2884 1149 2952 sunt.
1196 2881 1266 2933 Et
1308 2879 1561 2951 quidem,

207 2959 358 3032 quod
378 2959 624 3018 secundo
654 2964 956 3035 respondet
978 2961 1221 3035 Ripalda
1261 2962 1371 3018 loco
1399 2980 1566 3036 supra

205 3047 300 3100 cil.
331 3051 455 3098 sect.
490 3045 525 3098 3
572 3063 608 3100 a
653 3064 804 3103 num.
845 3049 914 3101 34
962 3048 1228 3103 videlicet
1280 3046 1566 3103 rationem

207 3134 464 3184 nostram
518 3127 587 3183 ad
634 3146 930 3185 summum
995 3130 1335 3185 convincere
1360 3169 1374 3192 ,
1417 3127 1567 3200 quod

199 3210 384 3281 justus
414 3210 611 3283 nequit
635 3211 849 3267 mereri
875 3209 1148 3281 peccatori
1171 3208 1419 3281 gratiam
1441 3209 1566 3281 jus-

204 3286 574 3354 tificationis,
629 3288 904 3347 merendo
950 3287 1125 3344 etiam
1164 3287 1565 3344 remissionem

202 3369 459 3436 offensae;
494 3370 744 3426 minime
770 3384 909 3425 vero
956 3368 1216 3431 suadere,
1260 3366 1411 3439 quod
1456 3383 1567 3424 ne·
1622 3427 1625 3428 a

202 3454 371 3520 queat
417 3449 633 3505 mereri
678 3449 927 3523 gratiam
985 3446 1236 3503 dandam
1291 3448 1566 3520 peccatori

202 3526 328 3583 sine
358 3528 696 3585 remissione
736 3528 985 3600 peccati,
1044 3532 1101 3583 et
1145 3527 1391 3591 offensas,
1437 3543 1565 3599 quae

201 3607 498 3664 existimat
526 3608 628 3664 ille
657 3623 817 3681 posse
854 3623 985 3663 cum
1028 3613 1249 3679 peccato
1275 3608 1558 3680 componi.

206 3688 338 3749 Hoc,
367 3689 623 3760 inquam,
659 3688 937 3745 facillime
958 3687 1270 3749 refellitur;
1296 3689 1431 3761 quia
1458 3690 1564 3745 im-

203 3769 389 3840 plicat,
421 3768 570 3841 quod
609 3771 797 3843 gratia
837 3768 1161 3843 justificans
1209 3775 1456 3842 ponatur
1500 3770 1563 3827 in

202 3853 574 3920 peccatore,et
592 3848 743 3921 quod
764 3865 881 3906 non
903 3848 1231 3905 destruatur
1250 3855 1557 3922 peccatum,

201 3934 257 3985 et
277 3927 511 3995 offensa,
532 3935 593 3985 ut
622 3931 734 3987 late
756 3935 953 3988 contra
982 3930 1319 4002 praedictum
1342 3930 1562 3988 Antho-

204 4023 326 4065 rem
356 4051 369 4074 ,
426 4014 484 4065 et
534 4010 678 4068 alios
724 4009 1082 4068 ostendimus
1133 4018 1296 4066 tract.
1333 4011 1555 4084 praeced.

201 4089 342 4163 disp.
375 4091 429 4156 2,
458 4089 590 4146 dub.
618 4093 653 4146 4
678 4114 690 4159 ;
719 4106 854 4166 ergo
908 4090 1263 4164 impossibile
1277 4096 1380 4155 est,
1411 4091 1560 4164 quod

201 4173 348 4228 Deus
376 4170 645 4228 infundat
673 4174 947 4245 peccatori
962 4172 1210 4247 gratiam
1234 4172 1560 4247 justifican-

201 4259 333 4319 tem,
359 4252 583 4325 etquod
610 4254 663 4309 ei
714 4269 830 4310 non
874 4255 1130 4312 remittat
1174 4253 1473 4321 offensam,
1503 4261 1559 4312 et

195 4340 607 4408 consequenter
629 4342 925 4410 repugnat,
940 4336 1090 4408 quod
1105 4338 1410 4393 causalitas
1431 4353 1558 4396 me-

195 4415 292 4471 riti
320 4415 391 4473 de
416 4415 698 4490 condigno
721 4418 1073 4474 terminetur
1108 4416 1180 4473 ad
1220 4418 1470 4492 gratiam
1495 4425 1558 4476 ut

193 4496 443 4555 dandam
466 4499 762 4571 peccatori,
790 4500 931 4571 quin
964 4515 1026 4556 se
1059 4501 1234 4557 etiam
1282 4502 1555 4560 extendat

195 4576 264 4633 ad
291 4580 691 4637 remissionem
720 4579 967 4647 offensae,
1001 4585 1063 4637 ut
1114 4597 1291 4654 supra
1336 4582 1555 4655 ponde-

199 4660 475 4718 ravimus.
508 4663 622 4719 Nec
648 4667 873 4735 oportet
910 4663 971 4718 in
1001 4662 1397 4736 impugnando
1415 4679 1554 4720 con-

198 4742 446 4798 trarium
475 4745 643 4817 hujus
670 4745 946 4801 Authoris
974 4743 1418 4801 fundamentum
1461 4746 1554 4803 hic

199 4821 523 4880 immorari.
549 4826 898 4883 Recolantur
918 4825 1067 4881 dicta
1090 4825 1210 4882 loco
1229 4825 1421 4881 citato.

268 4906 360 4962 43.
431 4907 625 4964 Tertia
677 4908 1160 4965 Adversariorum
1230 4907 1545 4981 responsio,

195 5002 368 5058 quam
390 4988 755 5059 prosequitur
782 4997 906 5046 sect.
926 4991 980 5053 4t
1013 4990 1303 5062 supponit,
1330 4988 1399 5045 ad
1424 5004 1550 5045 me-

199 5068 375 5123 ritum
402 5067 472 5126 de
496 5068 779 5144 condigno
827 5086 944 5128 non
999 5071 1216 5143 requiri
1257 5069 1551 5144 condigni-

2963 429 3080 486 819

1710 609 1888 661 tatem
1918 604 2366 671 arithmeticam,
2397 604 2521 660 sive
2573 602 2957 676 aequalitatem
2987 596 3074 656 rei

1711 686 1782 743 ad
1810 703 1934 744 rem
1978 688 2133 745 inter
2177 687 2472 752 meritum,
2504 689 2561 741 et
2607 683 2944 756 praemium3
2972 680 3072 738 sed

1709 767 1968 826 sufficere
1990 768 2439 844 condignitatem
2484 765 2916 841 geometricam,
2947 762 3080 821 sive

1713 851 2143 922 proportionem
2183 852 2385 908 meriti
2415 848 2488 906 ad
2517 848 2842 921 praemium.
2877 849 2944 902 Et
2991 845 3070 902 ita

1708 929 2139 1004 concedit,quod
2161 932 2182 1005 j
2192 935 2349 987 ustus
2367 931 2467 1003 qui
2490 934 2748 986 meretur
2773 927 2843 984 de
2870 925 3071 985 condi-

1708 1027 1821 1085 gno
1833 1013 2079 1086 gratiam
2094 1011 2545 1070 sanctificantem
2574 1018 2635 1068 ut
2661 1007 3070 1068 conferendam

1710 1093 2010 1164 peccatori,
2044 1091 2220 1165 possit
2247 1094 2423 1151 etiam
2460 1092 2530 1150 de
2551 1091 2835 1166 condigno
2856 1087 3069 1145 mereri

1710 1173 2113 1230 remissionem
2142 1172 2406 1240 offensae3
2431 1173 2567 1246 quia
2589 1172 2720 1229 licet
2740 1173 2895 1227 inter
2916 1169 3072 1225 valo-

1711 1271 1833 1313 rem
1857 1257 2073 1322 meriti,
2120 1261 2177 1313 et
2225 1256 2736 1314 aestimabilitatem
2792 1251 3081 1326 praedictas

1709 1335 2070 1393 remissionis
2092 1351 2209 1393 non
2248 1336 2417 1393 detur
2442 1335 2740 1411 aequalitas
2786 1332 3070 1389 arithme-

1706 1416 1837 1485 tica,
1861 1423 1934 1476 et..
1947 1417 2028 1474 rei
2055 1416 2124 1474 ad
2155 1433 2277 1475 rem
2304 1440 2318 1485 ;
2348 1416 2518 1474 datur
2545 1422 2743 1472 tamen
2774 1411 3072 1486 aequalitas

1704 1499 2084 1572 geometrica,
2141 1515 2241 1557 seu
2294 1499 2588 1573 proportio
2626 1520 2639 1553 :
2684 1500 2865 1569 potest
2906 1494 3068 1552 enim

1700 1580 1840 1653 justi
1870 1581 2145 1637 meritum
2170 1579 2382 1638 habere
2420 1578 2795 1636 sufficientem
2826 1592 3068 1649 propor-

1706 1662 1944 1728 tionem,
1969 1667 2029 1718 ut
2055 1665 2203 1719 Deus
2229 1662 2351 1736 ejus
2378 1661 2593 1717 intuitu
2625 1656 3070 1716 remittatoffen·

1703 1761 1853 1802 sam.

1717 1831 1721 1834 ’
1778 1826 1887 1884 Sed
1917 1828 2034 1884 haec
2057 1827 2235 1885 etiam
2278 1826 2573 1898 responsio
2602 1822 2822 1880 nullius
2844 1819 3078 1878 roboris

1703 1913 1789 1965 est
1835 1929 1848 1964 ε
1879 1913 2001 1964 tum
2053 1908 2190 1980 quia
2237 1907 2299 1963 in
2346 1905 2613 1979 praesenti
2660 1902 3059 1977 supponimuS,

1703 1989 1850 2064 quod
1880 1989 1951 2047 ad
1979 1991 2255 2048 meritum
2306 1989 2376 2046 de
2426 1987 2711 2063 condigno
2743 1984 3064 2059 requiritur

1705 2071 1998 2143 aequalitas
2046 2072 2129 2129 rei
2175 2069 2244 2126 ad
2286 2084 2407 2126 rem
2449 2070 2604 2126 inter
2649 2067 2924 2125 meritum
2945 2106 2958 2131 ,
3007 2071 3066 2121 et

1704 2152 2009 2224 praemium
2052 2153 2116 2208 in
2154 2166 2277 2208 esse
2317 2151 2552 2216 talium,
2586 2166 2701 2207 non
2727 2146 2958 2222 quidem
2997 2145 3063 2201 in

1702 2249 1823 2290 esse
1852 2233 2105 2306 physico,
2136 2237 2192 2289 et
2215 2231 2422 2289 secund
2434 2249 2530 2288 um
2552 2231 2798 2304 speciem
2822 2242 3017 2285 rerum
3043 2250 3058 2292 ς

1701 2313 1799 2370 sed
1822 2314 1886 2370 in
1906 2330 2028 2372 esse
2050 2315 2280 2380 morali,
2301 2320 2357 2371 et
2373 2311 2688 2370 secundum
2713 2308 3061 2384 prudentum

1696 2394 2002 2468 judicium,
2036 2397 2115 2453 ita
2144 2400 2205 2451 ut
2242 2396 2406 2451 valor
2436 2394 2632 2451 meriti
2673 2392 2820 2448 tanti
2850 2388 3063 2446 habea-

1703 2483 1815 2543 tur,
1849 2479 2050 2551 quanti
2082 2477 2324 2534 habetur
2351 2477 2790 2540 aestimabiiitas,
2820 2479 2877 2532 et
2902 2489 3070 2530 com—

1703 2558 1938 2615 modum
1987 2558 2209 2632 praemii
2239 2581 2251 2614 :
2276 2557 2424 2630 quod
2458 2558 2595 2613 satis
2622 2561 2841 2613 constat
2865 2569 2937 2610 ex
2960 2570 3061 2610 su-

1702 2656 1805 2711 pra
1831 2638 1997 2697 dictis
2014 2640 2155 2713 disp.
2179 2640 2234 2704 2,
2266 2638 2392 2694 dub.
2416 2641 2562 2694 unic.
2591 2643 2643 2693 et
2673 2638 2733 2692 in
2757 2636 2860 2690 hac
2879 2634 3064 2707 hypo-

1701 2720 1847 2776 thesi
1902 2720 2158 2794 procedit
2210 2734 2458 2794 praesens
2510 2717 2816 2773 difficultas
2841 2759 2854 2784 ,
2911 2713 3076 2772 unde*

1701 2803 1901 2874 nequit
1926 2804 1978 2860 ei
2002 2804 2278 2878 applicari
2298 2803 2565 2879 praedicta
2594 2798 3060 2873 responsi0.Tum

1698 2884 1895 2948 etiam,
1921 2886 2055 2959 quia
2098 2886 2145 2942 si
2189 2886 2306 2942 haec
2336 2888 2547 2944 solutio
2568 2899 2772 2941 verum
2798 2880 3069 2938 contine-

1701 2970 1805 3029 ret,
1848 2964 2013 3023 fieret
2040 2983 2250 3039 purum
2293 2967 2590 3025 hominem
2621 2978 2783 3036 posse
2808 2961 2878 3017 de
2922 2976 3061 3017 con-

1696 3045 1876 3120 digno
1903 3049 2116 3104 mereri
2148 3050 2630 3110 Incarnationem,
2650 3051 2706 3102 et
2733 3039 2891 3097 aliud
2920 3057 3062 3112 prae-

1698 3129 1886 3183 mium
1907 3127 2251 3199 simpliciter
2279 3127 2576 3183 infinitum
2605 3147 2617 3181 ε
2641 3122 2916 3196 quoniam
2945 3137 3063 3177 me·

1700 3208 1880 3264 ritum
1909 3211 2040 3282 puri
2069 3210 2326 3266 hominis
2348 3214 2527 3282 potest
2555 3205 2765 3263 habere
2806 3203 3061 3276 aliquam

1699 3290 2133 3361 proportionem
2194 3289 2265 3346 ad
2326 3289 2663 3362 praedictum
2731 3284 3056 3357 praemium,

1698 3370 1913 3442 alioqui
1945 3386 2048 3428 nec
2067 3370 2137 3427 de
2157 3383 2407 3444 congruo
2435 3375 2617 3443 posset
2641 3366 2789 3424 illud
2817 3367 3052 3432 mereri,

1696 3449 1858 3524 cuius
1890 3452 2216 3524 oppositum
2244 3456 2462 3507 constat
2509 3451 2573 3505 in
2604 3447 2871 3504 Patribus
2897 3451 3062 3503 vete—

1698 3532 1780 3587 ris
1834 3532 2004 3605 legis,
2037 3534 2134 3605 qui
2176 3533 2246 3589 de
2286 3546 2535 3606 congruo
2590 3529 3053 3587 Incarnationem

1697 3619 2037 3668 meruerunt
2062 3657 2074 3679 ,
2126 3619 2188 3669 ut
2220 3618 2374 3670 tenet
2421 3610 2789 3668 communior
2835 3609 3051 3682 opinio.

1696 3694 1845 3750 Tum
1869 3694 2133 3772 denique,
2152 3692 2581 3768 quia-praedicta
2604 3691 2899 3763 responsio
2920 3708 3060 3749 con-

1696 3772 1892 3830 fundit
1912 3775 2174 3848 proprias
2199 3776 2448 3832 rationes
2469 3772 2664 3830 meriti
2685 3771 2756 3828 de
2774 3771 3057 3847 condigno

1695 3859 1751 3911 et
1771 3856 1967 3912 meriti
1994 3854 2066 3913 de
2091 3869 2340 3929 congruo
2373 3876 2387 3911 ι
2417 3869 2553 3911 nam
2579 3853 2629 3907 si
2653 3851 2722 3907 ad
2748 3858 3064 3926 utrumque

1694 3935 1899 3991 sufficit
1923 3937 2045 3993 sola
2085 3938 2377 4010 proportio
2404 3935 2614 4007 absque
2638 3933 2959 4005 aequalitate
2981 3932 3050 3989 ad

1695 4016 2021 4090 praemium,
2052 4017 2240 4074 solum
2269 4015 2538 4073 different
2565 4016 2718 4071 inter
2769 4030 2830 4070 se
2878 4029 3052 4087 penes

1693 4098 1990 4171 majorem,
2022 4104 2078 4154 et
2118 4097 2407 4154 minorem
2434 4097 2863 4171 proportionem
2882 4118 2895 4160 ;
2928 4111 3054 4167 quae

1691 4186 1887 4238 tamen
1908 4179 2237 4238 differentia
2258 4180 2435 4237 etiam
2467 4178 2760 4252 reperitur
2786 4179 2942 4234 intra
2962 4176 3052 4232 la-

1692 4260 1999 4318 titudinem
2028 4261 2224 4318 meriti
2269 4259 2339 4317 de
2367 4276 2638 4335 congru0,
2683 4257 2840 4314 aliud
2891 4257 3052 4314 enim

1689 4349 1776 4400 est
1800 4342 1984 4417 magis
2010 4342 2527 4416 proportionatum,
2570 4346 2626 4398 et
2670 4340 2828 4398 aliud
2856 4340 3058 4397 minus

1691 4424 2188 4497 proportionatum
2231 4429 2486 4496 respectu
2510 4423 2757 4496 praemii.
2791 4424 2864 4478 Ut
2912 4437 3054 4496 ergo

1689 4507 1965 4563 meritum
2005 4506 2207 4564 evadat
2233 4508 2519 4580 sphaeram
2560 4506 2757 4563 meriti
2809 4505 2878 4563 de
2904 4521 3044 4562 con-

1685 4602 1832 4661 gruo
1857 4630 1870 4653 ,
1925 4586 2091 4645 debet
2133 4603 2309 4661 supra
2356 4588 2787 4661 proportionem
2833 4585 3043 4644 addere

1685 4670 2069 4743 aequalitatem
2093 4672 2309 4728 valoris
2328 4686 2459 4727 cum
2489 4671 2715 4743 praemii
2738 4667 3044 4727 aestimabi·

1687 4752 1848 4810 litate
1880 4773 1894 4808 ε
1922 4758 1979 4810 et
2005 4753 2282 4826 quamdiu
2322 4753 2469 4826 hanc
2495 4754 2884 4826 aequalitatem
2925 4766 3045 4808 non

1685 4832 1871 4899 affert,
1904 4833 2062 4891 intra
2090 4834 2455 4891 latitudinem
2483 4836 2679 4893 meriti
2701 4834 2771 4891 de
2795 4847 3053 4906 congruo

1685 4915 2083 4989 reponendum
2105 4923 2209 4974 est.
2710 4942 2716 4949 ·
