3647 5753
1423 446 1604 504 DISP.
1645 444 1739 512 1v,
1786 442 1953 499 DUB.
2003 445 2101 501 111.
3053 440 3166 495 735

306 625 429 682 tiva
471 624 660 681 eidem
701 624 915 681 animae
958 620 1440 696 superadderetur
1473 640 1486 675 :
1516 616 1670 674 unde

309 725 427 767 non
456 710 770 783 incongrue
796 707 908 764 dici
939 713 1118 780 potest
1148 708 1360 763 additio
1384 704 1663 761 virtualis.

310 788 635 846 Rarefactio
658 787 951 852 similiter,
978 787 1069 845 vel
1098 788 1324 853 raritas,
1355 791 1443 843 est
1474 798 1670 840 neces-

307 871 463 928 saria
489 869 760 937 conditio,
795 875 857 926 ut
881 870 1171 943 quantitas
1209 868 1451 940 explicet
1492 869 1669 921 totam

307 952 447 1021 vim,
478 966 649 1025 quam
674 950 845 1008 habet
867 951 1258 1024 occupativam
1287 948 1429 1014 loci;
1459 953 1514 1004 et
1544 946 1672 1003 ideo

309 1049 377 1092 ea
400 1034 579 1092 semel
608 1033 811 1106 posita,
841 1033 1042 1091 crescit
1072 1031 1402 1089 virtualiter
1434 1029 1671 1103 quanti-

310 1123 415 1183 tas,
446 1120 504 1173 et
528 1116 609 1172 sic
629 1122 818 1174 causat
840 1116 1119 1188 majorem
1142 1113 1505 1187 praesentiam
1530 1113 1672 1169 loca-

310 1201 447 1256 lem.
498 1201 613 1255 Nec
663 1213 767 1256 nos
828 1199 891 1253 in
952 1198 1263 1255 assertione
1314 1200 1510 1252 nostra
1567 1195 1673 1251 hoc

310 1280 694 1340 determinate
719 1280 1094 1346 intendimus,
1119 1277 1268 1352 quod
1295 1279 1542 1336 charitas
1579 1277 1672 1333 de·

311 1362 440 1420 beat
459 1376 686 1435 semper
713 1361 1035 1419 formaliter
1063 1361 1280 1435 augeri,
1313 1365 1376 1415 ut
1395 1360 1670 1416 meritum

312 1451 587 1521 augeatur
604 1469 619 1512 ;
661 1444 899 1502 sufficiet
922 1445 1082 1503 enim
1112 1442 1439 1516 aliquando,
1471 1442 1520 1497 si
1567 1458 1672 1499 au-

308 1534 510 1603 geatur
548 1527 918 1583 virtualiter:
947 1525 1019 1583 ad
1062 1525 1213 1599 quod
1252 1521 1673 1581 insinuandum

310 1610 377 1666 in
428 1610 626 1667 eadem
674 1609 986 1665 assertione
1035 1624 1167 1665 cum
1215 1607 1406 1665 addito
1452 1604 1672 1678 loquuti

309 1705 526 1756 sumus,
554 1690 665 1744 nisi
690 1695 847 1743 actus
884 1687 1073 1765 aliquo
1111 1688 1268 1744 modo
1308 1688 1370 1741 in
1407 1685 1676 1741 charitate

310 1777 515 1827 crescat
534 1788 556 1838 ‚·
593 1785 731 1825 nam
774 1784 843 1826 eo
894 1769 1017 1842 ipso
1056 1773 1430 1843 augmentum
1479 1765 1674 1822 meriti

314 1857 513 1925 potest,
542 1855 600 1907 et
636 1847 803 1906 debet
830 1850 893 1906 in
920 1851 1258 1907 charitatem
1288 1847 1500 1916 reduci,
1532 1847 1677 1902 sicut

318 1934 382 1990 in
411 1933 693 1990 rationem
715 1931 1019 1989 formalem
1041 1933 1175 1988 talis
1195 1929 1507 2005 augmenti,
1533 1929 1677 1984 sicut

317 2014 516 2072 videre
540 2019 625 2071 est
653 2014 715 2069 in
756 2015 1035 2086 exemplis
1080 2013 1336 2070 adductis
1369 2034 1381 2068 :
1412 2011 1677 2084 quamvis

314 2098 489 2155 etiam
534 2099 608 2154 sit
649 2097 788 2153 satis
832 2096 1149 2169 probabile,
1191 2094 1263 2153 ad
1302 2099 1677 2168 augmentum

312 2181 508 2238 meriti
536 2179 733 2253 augeri
760 2194 990 2251 semper
1027 2179 1368 2236 charitatem
1409 2176 1677 2233 formali-

310 2266 418 2330 ter,
445 2267 505 2317 ut
529 2279 683 2317 num.
715 2262 788 2316 49
816 2258 1235 2333 explicabitur.'

929 2481 961 2547 g
1001 2478 1067 2533 11.

324 2641 601 2700 Posterior
624 2644 853 2696 assertio
872 2640 1130 2696 doctrinar
1168 2640 1239 2696 D.
1274 2638 1484 2697 Tkomae
1522 2638 1680 2694 valde

876 2739 1137 2779 consona.

86 2896 296 2943 secunda
394 2881 485 2937 33.
530 2879 843 2937 Dicendum
894 2884 980 2937 est
1023 2878 1313 2943 secundo,
1364 2874 1680 2950 quamlibet

111 2946 291 3040 ⁰233*
319 2963 633 3025 bonitatem
685 2963 985 3029 moralem,
1036 2977 1210 3034 quam
1264 2958 1475 3016 habent
1524 2965 1680 3016 actus

321 3044 502 3100 nostri
555 3060 626 3101 ex
676 3042 808 3099 aliis
854 3042 1155 3116 principiis
1215 3045 1594 3114 praeterquam
1647 3056 1681 3096 a

319 3125 613 3191 charitate,
645 3140 852 3199 augere
878 3125 1153 3182 meritum
1177 3128 1430 3196 respectu
1454 3122 1679 3195 praemii

318 3205 660 3272 essentialis,
688 3222 807 3263 non
832 3206 897 3262 in
923 3222 1133 3281 genere
1173 3221 1354 3261 causae
1392 3202 1675 3268 formaliS,

318 3288 464 3344 sicut
502 3293 669 3362 auget
708 3288 976 3355 charita5‚
1006 3286 1105 3344 sed
1147 3286 1330 3361 magis
1369 3285 1433 3340 in
1470 3299 1681 3357 genere

318 3386 498 3427 causas
524 3370 842 3427 materialis
873 3393 886 3428 ι
911 3371 991 3428 ita
1016 3369 1273 3443 quidem,-
1305 3373 1367 3424 ut
1394 3367 1457 3423 in
1491 3367 1681 3438 quoli-

320 3451 415 3509 bet
453 3458 577 3508 actu
620 3452 917 3510 meritorio
955 3457 1038 3509 tot
1074 3452 1194 3508 sint
1230 3449 1444 3526 gradus
1485 3448 1681 3504 meriti

323 3539 575 3607 respectu
636 3535 858 3606 praemii
903 3534 1246 3599 essentialis,
1290 3537 1427 3607 quot
1477 3530 1682 3588 habeat

320 3615 531 3690 gradus
556 3615 825 3672 bonitatis
852 3616 1112 3685 moraliS,
1142 3615 1538 3688 undecumque
1563 3614 1684 3671 haec

323 3696 548 3755 bonitas
590 3699 920 3770 proveniat,
964 3701 1087 3756 sive
1126 3699 1198 3755 ab
1227 3697 1454 3775 objecto
1493 3702 1678 3763 actus,

321 3780 444 3837 sive
473 3795 505 3835 a
529 3779 972 3837 circumstantiis
1008 3781 1140 3850 loci,
1173 3781 1468 3853 temporiS,
1502 3777 1678 3844 modi,

320 3858 476 3925 finis,
500 3864 602 3916 etc.
638 3861 764 3916 Haec
788 3859 1093 3926 conclusio,
1124 3876 1250 3933 quae
1290 3858 1679 3933 praecedentis,

320 3947 379 4000 et
400 3944 484 4014 (ut
510 3940 817 4014 credimus)
849 3943 1212 4000 Thomisticae
1238 3942 1512 4000 doctrinae
1539 3941 1685 4016 legi-

111 4021 294 4117 Fgffl'ffi
325 4025 526 4097 timam
552 4024 804 4082 continet
821 4025 1285 4100 intelligentiam,
1307 4026 1605 4100 colligitur=
1616 4041 1686 4082 ex

93 4085 310 4177 ffxserip-
322 4125 483 4166 sacra
508 4107 800 4180 Scriptura
820 4133 835 4177 ;
862 4123 979 4164 non
999 4108 1159 4164 enim
1182 4109 1263 4166 ita
1285 4107 1509 4166 assidue
1534 4109 1599 4165 in
1618 4124 1688 4165 ea

152 4177 258 4216 ¹⁰¹²·
324 4188 770 4246 admoneremur
790 4203 1056 4247 exercere
1082 4194 1236 4245 actus
1264 4190 1532 4247 omnium
1559 4188 1687 4245 vir-

322 4275 508 4328 tutum
534 4271 640 4328 sub
660 4288 780 4346 spe,
811 4277 867 4328 et
896 4271 1277 4344 promissione
1303 4277 1531 4329 aeternae
1549 4270 1689 4328 bea-

129 4365 281 4412 muh.
322 4352 602 4420 titudinis,
636 4358 696 4408 ut
740 4350 805 4408 fit
849 4353 1052 4409 Matth.
1094 4355 1193 4408 15:
1224 4352 1389 4411 Beati
1416 4368 1688 4427 pauperes

178 4417 261 4459 ¹⁵·‘
322 4435 544 4506 spiritu,
571 4434 832 4511 quoniam
872 4435 1121 4506 ipsopum
1158 4441 1236 4489 est
1260 4450 1489 4504 requam
1528 4433 1690 4489 coelo-

132 4533 161 4574 2
197 4530 274 4574 co·
321 4531 468 4570 rum.
500 4516 554 4581 2,
598 4514 669 4572 ad
712 4514 973 4571 Corinth.
1003 4515 1075 4569 9:
1106 4512 1218 4586 Qui
1238 4532 1405 4588 parce
1430 4516 1684 4580 seminat,

100 4579 240 4627 num·
260 4580 300 4624 ⁹·
321 4612 483 4667 parce
501 4602 552 4651 et
576 4602 751 4662 metet,
775 4602 874 4651 etc.
902 4600 958 4652 et
984 4593 1124 4651 alibi
1152 4611 1318 4670 saepe,
1349 4596 1399 4652 si
1420 4612 1492 4652 ex
1519 4594 1691 4652 boni-

324 4678 439 4731 tate
479 4679 706 4733 actuum
748 4675 1011 4740 istorum,
1055 4676 1261 4733 saltem
1314 4681 1376 4733 ut
1413 4691 1486 4733 ex
1525 4690 1690 4732 causa

326 4758 639 4826 materiali,
669 4756 947 4814 meritum
977 4757 1352 4815 beatitudinis
1380 4773 1496 4815 non
1537 4773 1693 4814 cres-

323 4845 496 4907 ceret,
538 4841 617 4897 ita
667 4844 728 4895 ut
768 4857 882 4913 quo
927 4842 1113 4914 plura,
1172 4842 1266 4898 vel
1311 4840 1551 4914 majora,
1599 4844 1694 4896 aut

326 4921 722 4994 praestantiora
747 4922 1032 4979 virtutum
1059 4938 1231 4995 opera
1269 4922 1456 4995 justus
1479 4920 1689 4989 fecerit,

324 5017 393 5060 eo
413 5002 696 5076 majorem
723 5002 1146 5061 beatitudinem
1176 5005 1487 5059 mereatur.
1515 5000 1695 5057 Colli-

328 5083 485 5159 gitur
523 5084 700 5141 etiam
738 5101 813 5144 ex
853 5084 1109 5142 Concilio
1160 5082 1418 5140 Trident.
1463 5097 1593 5138 sess.
1634 5084 1691 5150 6,

1800 632 1920 688 cap.
1950 617 2032 682 10,
2059 615 2152 673 ubi
2173 616 2243 674 de
2257 614 2580 688 justificatis
2601 615 2828 682 dicitur,
2849 611 2999 685 quod
3021 630 3164 678 mor·
3193 620 3355 664 conen.

1802 697 2061 766 tificando
2100 698 2339 758 membra
2365 700 2551 753 carnis
2575 713 2700 760 suar,
2731 703 2828 752 etc.
2855 713 2955 768 per
2980 694 3161 750 obser·
3175 670 3367 717 Trident.

1801 780 2077 835 vationem
2117 780 2504 848 mandatorum
2543 779 2666 847 Dei,
2707 784 2756 833 et
2795 777 3069 843 Ecclesia,
3104 778 3165 833 in

1802 859 1926 931 ipsa
1960 860 2190 931 justitia
2226 879 2327 934 per
2375 862 2587 919 Christi
2621 860 2868 928 qratiam
2919 864 3159 930 accepta,

1801 949 2116 1014 cooperante
2141 943 2243 1015 fide
2263 944 2416 999 bonis
2436 942 2685 1016 operibus
2710 949 2973 1007 crescunt,
3005 947 3169 1018 atque

1802 1024 1981 1094 mayis
1995 1023 2381 1095 justificantur
2403 1044 2420 1078 .·
2449 1041 2549 1098 per
2571 1022 2632 1078 id
2655 1027 2865 1090 autem,
2895 1038 2993 1095 per
3018 1020 3168 1096 quod

1803 1102 1977 1161 homo
1998 1105 2062 1160 in
2088 1106 2273 1179 gratia
2297 1106 2517 1172 crescit,
2543 1105 2744 1162 crescit
2766 1104 2941 1160 etiam
2966 1106 3030 1158 in
3053 1118 3169 1159 me·

1806 1185 1919 1243 rito
1945 1186 2336 1244 beatitudinis,
2371 1186 2703 1261 Inducitque
2738 1185 2808 1242 ad
2831 1186 2937 1242 hoc
2963 1184 3168 1242 Conci-

1804 1267 1951 1323 lium
1974 1266 2120 1323 illud
2143 1271 2208 1323 D.
2225 1267 2420 1325 Jacobi
2440 1284 2565 1341 cap.
2582 1272 2617 1323 2
2639 1291 2651 1325 :
2687 1268 2888 1325 Videtis
2906 1268 3168 1344 quoniam
3199 1274 3350 1319 σηοω

1802 1366 1875 1405 em
1899 1350 2152 1422 operibus
2185 1351 2529 1421 justificatur
2565 1351 2723 1406 homo
2750 1349 2937 1421 (idest,
2970 1349 3170 1405 crescit
3254 1326 3296 1368 ²⁸

1804 1429 1869 1485 in
1891 1428 2131 1501 justitia,
2165 1435 2220 1485 et
2244 1429 2452 1504 gratia)
2471 1437 2520 1484 et
2547 1447 2656 1486 non
2694 1447 2764 1485 ea:
2799 1430 2901 1501 fide
2928 1436 3165 1486 tantam.

1805 1510 2033 1566 Similia
2055 1509 2226 1567 habet
2244 1528 2369 1567 can.
2401 1512 2494 1567 24.
2527 1514 2655 1568 Non
2682 1526 2818 1585 ergo
2843 1511 2966 1568 sola
2987 1510 3172 1568 chari·

1806 1596 1910 1657 tas,
1953 1589 2053 1648 sed
2092 1591 2269 1649 etiam
2318 1589 2545 1648 bonitas
2592 1593 2844 1648 aliarum
2886 1592 3171 1648 virtutum

1805 1671 2088 1738 conducit,
2137 1675 2340 1730 saltem
2388 1679 2458 1730 ut·
2495 1690 2662 1731 causa
2711 1674 3047 1740 materialis,
3099 1674 3169 1730 ad

1807 1761 2179 1828 augmentum
2208 1757 2425 1813 meriti.

1883 1827 2140 1886 Eandem
2182 1831 2555 1887 assertionem
2596 1829 2797 1888 docere
2840 1829 3066 1887 videtur
3101 1831 3388 1890 D.‘1'⁰.⁵¹i¹¹¹0·

1807 1910 2013 1967 Thom.
2053 1913 2113 1965 in
2139 1913 2193 1976 2,
2225 1913 2353 1968 disi.
2397 1914 2488 1978 29,
2520 1920 2703 1989 quast.
2753 1915 2797 1978 1,
2830 1920 2939 1970 art.
2971 1915 3026 1977 4,
3075 1882 3373 1976 ubiffimnas.

1806 2006 1938 2046 cum
1967 1990 2220 2056 dixisset,
2254 1994 2398 2068 quod
2417 2000 2622 2068 quanto
2647 1996 2853 2065 majori
2879 1995 3167 2060 charitate,

1807 2079 1857 2126 et
1878 2074 2065 2142 ,qratia
2106 2080 2264 2129 actus
2304 2075 2661 2147 informatur,
2696 2082 2848 2130 tanto
2885 2078 3060 2145 maqis
3097 2085 3176 2131 est

1808 2155 2142 2222 meritorias,
2171 2153 2366 2210 subdit
2393 2179 2407 2212 ι
2437 2154 2713 2212 Similiter
2750 2165 2955 2234 quanto
2999 2160 3177 2227 mayis

1808 2239 1886 2287 est
1906 2235 2276 2301 voluntarius,
2300 2236 2430 2307 plus
2454 2235 2610 2290 habet
2632 2237 2695 2291 de
2721 2241 2933 2294 ratione
2959 2239 3146 2293 meriti
3158 2255 3178 2302 ‚·

1808 2316 2068 2372 similiter
2087 2319 2255 2373 etiam
2276 2325 2481 2394 quanto
2500 2321 2682 2389 mayis
2706 2321 2966 2392 objectum
2987 2327 3063 2375 est
3084 2338 3178 2375 ar·

1809 2399 2000 2464 duum,
2027 2407 2181 2455 tanto
2205 2401 2380 2470 maqis
2406 2407 2564 2455 actas
2583 2409 2660 2457 est
2681 2405 3012 2459 meritorius.
3035 2404 3177 2458 Cum

1810 2482 1989 2556 igitur
2027 2480 2150 2536 sola
2178 2481 2280 2536 illa
2310 2479 2552 2547 bonitaS,
2583 2498 2707 2555 quae
2735 2489 2820 2539 est
2858 2500 2927 2540 ex
2966 2484 3173 2558 gratia,

1810 2569 1866 2619 et
1906 2561 2205 2626 charitate,
2250 2565 2453 2634 augeat
2492 2563 2766 2619 meritum
2798 2580 2897 2636 per
2943 2563 3179 2621 modum

1814 2641 2057 2699 rationis
2095 2641 2381 2708 formaliS,
2423 2641 2569 2697 sicut
2610 2643 2912 2715 probatum
2952 2651 3067 2712 est;
3117 2643 3182 2700 fit

1811 2739 2181 2796 consequenS,
2205 2728 2265 2779 ut
2285 2724 2334 2779 si
2357 2722 2580 2780 bonitas
2601 2742 2724 2797 quae
2745 2731 2828 2782 est
2849 2742 2918 2782 ex
2940 2726 3177 2801 objecto,

1810 2819 1882 2861 ex
1909 2803 2258 2871 difficultate,
2291 2809 2347 2862 et
2374 2805 2700 2863 intensione
2729 2813 2884 2863 actus
2911 2813 3077 2883 auget
3105 2808 3182 2863 il-

1812 2884 1932 2953 lud,
1961 2890 2022 2940 ut
2050 2887 2115 2940 D.
2140 2886 2345 2944 Thom.
2381 2889 2602 2953 asserit,
2650 2894 2851 2962 augeat
2889 2892 3076 2946 solum
3118 2889 3182 2944 in

1809 2984 2021 3043 genere
2050 2984 2231 3024 causae
2256 2970 2597 3026 materialis,
2626 2971 2695 3025 Et
2723 2972 2827 3026 hoc
2870 2972 3052 3044 magis
3078 2987 3183 3028 ex-

1813 3048 2016 3121 plicuit
2060 3046 2216 3103 idem
2261 3052 2406 3122 Ang.
2455 3052 2657 3106 Doctor
2704 3052 2766 3105 in
2808 3052 2863 3115 4,
2908 3051 3036 3107 dist.
3082 3053 3176 3117 49,

1811 3134 1997 3205 quaest.
2037 3129 2083 3195 l,
2128 3134 2237 3182 art.
2265 3128 2321 3191 4,
2351 3131 2664 3204 ᾳυῖεεείυηο.
2696 3130 2730 3182 4
2759 3129 2834 3183 ad
2880 3131 2925 3196 l,
2955 3127 3053 3185 ubi
3082 3130 3177 3198 ait,

1812 3210 1954 3286 quod
1990 3211 2172 3263 virtus
2215 3216 2433 3280 sumpta
2472 3227 2575 3282 pro
2615 3218 2830 3277 conatu,
2861 3212 2975 3265 sive
3011 3212 3184 3284 (quod

1813 3290 1969 3347 idem
2009 3293 2115 3361 est)
2149 3306 2252 3362 pro
2285 3297 2414 3345 actu
2439 3291 2725 3346 moraliter
2744 3292 2897 3361 bono,
2923 3301 2998 3349 est
3021 3298 3184 3371 quasi

1811 3370 2124 3427 materialis
2147 3370 2432 3444 dispositio
2459 3371 2534 3425 ad
2559 3389 2873 3429 mensuram
2900 3378 3105 3444 qratiae,
3129 3384 3181 3432 et

1809 3454 1995 3524 qlorioe
2013 3469 2114 3525 per
2135 3454 2392 3508 meritum
2417 3454 2768 3526 percipienda
2788 3474 2805 3508 .·
2825 3457 2916 3512 sed
2935 3459 3182 3515 charitas

1814 3533 2043 3607 (inquit)
2081 3542 2158 3590 est
2196 3535 2507 3607 formaliter
2534 3538 2803 3609 complens
2832 3543 3088 3597 meritum
3109 3542 3183 3596 ad

1813 3617 2093 3688 ylariam;
2129 3622 2179 3670 et
2206 3615 2323 3670 ideo
2362 3614 2641 3672 distinctio
2659 3621 2869 3688 yradus
2889 3623 2951 3675 in
2968 3623 3174 3690 qloria,

1814 3698 2087 3770 accipitur
2104 3714 2264 3770 penes
2279 3697 2488 3767 yradus
2508 3700 2802 3756 charitatis
2814 3704 2996 3775 potius
3015 3721 3185 3781 quam

1809 3795 1972 3854 penes
2013 3779 2223 3848 yradus
2273 3780 2501 3835 virtutis
2536 3781 2820 3852 predictae.
2871 3786 2935 3839 l'n
2976 3783 3186 3856 quibus

1816 3860 2028 3926 verbiS,
2061 3866 2124 3915 ut
2149 3859 2326 3929 videS,
2351 3866 2468 3917 tam
2501 3862 2710 3934 prima,
2736 3880 2908 3935 quam
2936 3866 3185 3923 secunda

1817 3941 2056 3998 assertio
2095 3947 2292 3998 nostra
2337 3943 2684 4000 continetur.
2740 3946 2833 4000 Est
2880 3953 3071 4004 autem
3121 3948 3186 4004 in

1821 4021 2236 4097 posterioribus
2263 4023 2736 4095 perpendendum
2777 4026 2923 4081 illud
2962 4031 3185 4100 potius,-

1817 4106 1954 4180 quia
1982 4119 2100 4162 non
2131 4110 2299 4179 negat
2326 4108 2469 4180 Ang.
2503 4109 2725 4176 Doctor,
2751 4108 2962 4182 gradus
2990 4111 3186 4166 meriti

1821 4193 2078 4261 respectu
2110 4186 2483 4245 beatitudinis
2509 4188 2733 4245 desumi
2765 4207 2926 4263 posse
2951 4208 3024 4248 ex
3051 4209 3188 4267 gra-

1818 4269 1988 4326 dibus
2025 4268 2299 4326 bonitatis
2327 4271 2577 4327 aliarum
2608 4272 2925 4339 virtutum;
2969 4274 3067 4331 sed
3108 4276 3190 4331 ait

1819 4351 1880 4408 id
1908 4351 2098 4425 potius
2124 4350 2415 4420 charitati,
2447 4370 2620 4426 quam
2654 4355 2774 4410 illis
2814 4354 3186 4413 tribuendum

1819 4448 1961 4499 esse,
1977 4434 2113 4505 quia
2127 4433 2395 4489 charitati
2411 4436 2679 4507 competit
2695 4435 3037 4505 formaliter,
3055 4439 3190 4495 aliis

1822 4532 1961 4574 vero
1985 4514 2300 4573 virtutibus
2328 4518 2729 4585 materialiter,
2765 4525 2825 4574 ut
2844 4520 3059 4577 dictum
3081 4527 3186 4579 est.

1822 4600 2091 4653 Nostram
2114 4597 2289 4653 etiam
2312 4598 2688 4655 assertionem
2708 4606 2941 4658 tuentur
2955 4603 3191 4661 Medina
3202 4604 3391 4649 medina.

1822 4678 1889 4735 in
1935 4678 2221 4750 praesenti,
2265 4685 2378 4735 art.
2423 4681 2478 4747 8,
2522 4681 2832 4738 Montesin.
2882 4689 2938 4740 et
2983 4657 3384 4748 Suarezfffflffzff'

1823 4761 1954 4823 locis
1982 4779 2137 4816 num.
2166 4763 2239 4816 22
2265 4764 2472 4827 citatis,
2504 4767 2562 4817 et
2589 4763 2691 4818 alii
2736 4779 2808 4820 ex
2854 4766 3187 4824 ThomistiS.

1898 4842 1993 4897 34.
2021 4839 2305 4897 Probatur
2329 4840 2536 4898 deinde
2566 4844 2810 4901 ratione.
2832 4848 3042 4905 Omnes
3067 4863 3196 4922 gra·
3235 4850 3373 4895 Ratio.

1825 4921 1931 4977 dus
1959 4920 2235 4978 bonitatis
2261 4922 2522 4988 moraliS,
2548 4923 2645 4995 qui
2672 4930 2809 4981 sunt
2836 4925 2903 4981 in
2940 4926 3198 4999 quolibet

1829 5008 1952 5059 actu
1985 5001 2312 5067 meritorio,
2339 5001 2736 5059 informantur
2754 5004 2961 5079 gratia,
2994 5012 3047 5060 ot
3074 5007 3202 5063 cha-

1835 5083 2006 5142 ritate
2031 5103 2045 5137 :
2074 5097 2210 5157 ergo
2235 5081 2550 5138 secundum
2572 5098 2771 5140 omnes
2794 5084 2926 5141 illos
2949 5092 3206 5142 meretur
