3647 5753
314 601 474 645 conflr-

325 656 458 694 matio

297 698 494 744 diluitur.

286 3364 457 3406 Sextum

302 3422 424 3464 argu-

275 3468 470 3506 mentum.

263 4176 466 4223 Solvitur.

507 411 620 469 620

511 579 700 655 gando
726 581 1037 655 maiorem;
1069 599 1205 639 nam
1253 599 1384 640 cum
1430 581 1878 654 unumquodque

514 661 828 739 recipiatur
858 662 928 719 ad
955 663 1192 721 modum
1222 664 1570 737 recipientis,
1602 662 1732 720 fieri
1770 679 1874 736 po-

510 749 636 810 test,
672 749 734 799 ut
760 745 890 801 licet
917 745 1106 803 forma
1127 747 1204 802 sit
1222 746 1440 810 eadem,
1487 751 1639 818 petat
1680 751 1875 801 tamen

508 823 769 882 diversas
794 826 1217 900 dispositiones,
1246 832 1308 883 ut
1334 826 1581 883 diversis
1608 824 1875 898 subJ‘ectis

509 907 769 964 uniatur.
826 910 944 965 Hac
1006 907 1077 966 de
1143 925 1310 966 causa
1358 910 1559 965 anima
1598 907 1875 964 animalis

508 991 745 1064 perfecti
766 996 851 1048 est
871 990 1072 1048 eadem
1096 993 1159 1048 in
1184 989 1457 1048 omnibus
1472 991 1728 1063 corporis
1745 1006 1874 1062 par-

506 1070 688 1139 tibus;
716 1078 771 1129 et
800 1072 1187 1130 nihilominus
1215 1073 1279 1129 in
1320 1071 1580 1145 partibus
1624 1070 1873 1129 diversis

503 1152 914 1225 petitdiversas
925 1152 1327 1226 dispositiones
1353 1175 1366 1209 ε
1386 1153 1449 1209 in
1471 1152 1693 1210 ossibus
1709 1151 1870 1209 enim

503 1235 756 1306 exposcit
818 1235 1150 1301 siccitatem,
1217 1241 1273 1291 et
1332 1233 1747 1309 frigiditatem3
1805 1233 1870 1289 in

501 1317 785 1390 sanguine
813 1323 1003 1374 autem
1046 1316 1471 1381 humiditatem,
1515 1320 1571 1372 et
1592 1316 1863 1382 calorem,

502 1402 557 1453 et
583 1398 665 1453 sic
697 1397 769 1455 de
796 1398 946 1456 aliis,
975 1398 1035 1455 ld
1063 1414 1201 1455 vero
1237 1413 1271 1454 a
1298 1397 1527 1455 fortiori
1556 1395 1868 1453 verifican-

502 1476 639 1552 dum
682 1484 766 1535 est
802 1479 865 1535 in
917 1479 1122 1536 formis
1164 1477 1628 1545 accidentalibus,
1678 1478 1866 1549 qualis

500 1563 584 1615 est
610 1559 797 1633 gratia
819 1583 833 1627 ;
859 1576 995 1616 nam
1013 1562 1198 1618 multo
1220 1560 1500 1634 majorem
1515 1560 1867 1617 determina·

500 1638 744 1705 tionem,
764 1646 820 1696 et
840 1642 1178 1699 varietatem
1200 1647 1534 1714 supponunt
1550 1641 1612 1696 in
1639 1639 1865 1714 subjec-

499 1720 587 1787 tis,
605 1720 816 1792 quibus
830 1724 1357 1779 communicantur.
1385 1721 1550 1778 Unde
1571 1718 1857 1788 videmus,

497 1799 648 1872 quod
693 1801 883 1875 gratia
922 1803 985 1858 in
1039 1801 1287 1859 diversis
1331 1802 1599 1877 subjectis
1645 1799 1863 1857 radicat

495 1881 794 1941 distinctas
833 1885 1093 1951 virtuteS,
1139 1891 1195 1942 et
1246 1885 1655 1957 proprietates;
1704 1899 1864 1956 quae-

493 1962 629 2019 dam
657 1964 819 2021 enim
848 1965 1088 2022 virtutes
1116 1970 1251 2022 sunt
1274 1966 1337 2022 in
1359 1964 1716 2031 hominibus,
1737 1980 1861 2036 quae

495 2059 610 2101 non
670 2051 805 2102 sunt
864 2047 926 2103 in
965 2048 1232 2121 Angelis;
1278 2046 1537 2118 quaedam
1588 2047 1651 2102 in
1697 2060 1861 2101 com-

494 2126 962 2199 prehensoribus,
987 2144 1110 2202 quae
1132 2145 1250 2186 non
1277 2135 1412 2185 sunt
1434 2129 1495 2185 in
1515 2126 1854 2194 viatoribuS,

491 2213 546 2264 et
572 2225 604 2265 e
636 2227 943 2278 converso;
986 2211 1246 2285 quaedam
1278 2210 1510 2268 tandem
1537 2209 1601 2265 in
1630 2209 1859 2265 Christo

491 2290 756 2358 Domino,
790 2309 916 2365 quae
959 2309 1077 2351 non
1104 2292 1457 2350 conveniunt
1496 2307 1656 2366 purae
1696 2307 1859 2348 crea-

491 2376 653 2428 turae.
685 2375 820 2436 Quae
841 2375 1089 2431 varietas
1118 2390 1236 2432 non
1266 2380 1563 2431 revocatur
1590 2373 1659 2430 ad
1707 2388 1857 2446 prae-

488 2452 687 2519 cisam,
714 2459 771 2509 et
813 2455 1199 2511 extrinsecam
1248 2456 1348 2513 Dei
1377 2454 1803 2514 ordinationem
1837 2477 1851 2521 ς

489 2531 588 2588 sed
619 2532 689 2588 ad
712 2535 1006 2606 propriam
1034 2535 1443 2601 conditionem,
1477 2541 1593 2592 tam
1630 2535 1849 2609 gratiae,

489 2627 665 2683 quam
689 2611 1091 2686 subjectorum,
1124 2614 1328 2688 quibus
1350 2616 1500 2671 inest
1526 2638 1539 2680 ς
1564 2615 1707 2685 quin
1731 2630 1856 2685 pos·

487 2692 566 2747 sit
588 2693 820 2770 inferri,
846 2697 1093 2768 gratiam
1123 2712 1239 2753 non
1275 2713 1397 2754 esse
1427 2695 1678 2753 radicem
1703 2696 1854 2770 phy-

485 2775 667 2831 sicam
694 2775 1096 2848 praedictarum
1125 2779 1428 2845 virtutum,
1461 2785 1524 2833 ut
1560 2779 1729 2834 latius
1756 2793 1853 2833 os—

488 2856 781 2914 tendimus
808 2866 969 2915 tract.
1001 2861 1222 2933 praeced.
1241 2861 1387 2935 disp.
1413 2861 1448 2916 3
1474 2860 1601 2917 dub.
1627 2863 1667 2916 4
1693 2859 1851 2917 Idem

487 2954 625 3012 ergo
673 2941 1243 3013 proportionabiliter
1295 2942 1602 2999 dicendum
1649 2947 1732 2999 est
1782 2941 1852 3000 de

487 3019 979 3094 dispositionibus
1021 3024 1144 3079 sive
1170 3024 1490 3080 actualibus
1530 3024 1653 3080 sive
1681 3022 1852 3080 habi-

490 3103 763 3170 tualibuS,
791 3121 915 3177 quae
940 3105 1142 3179 gratim
1171 3105 1452 3163 infusioni
1480 3105 1845 3171 deserviunt;

480 3183 688 3242 'eadem
736 3188 947 3261 quippe
994 3187 1140 3243 ratio
1191 3187 1426 3253 militat,
1477 3194 1539 3243 ut
1584 3185 1848 3245 conside-

491 3268 643 3324 ranti
671 3268 968 3326 constabit.

572 3351 695 3405 122.
736 3351 1017 3424 Arguitur
1052 3356 1228 3415 sexto,
1275 3351 1407 3424 quia
1440 3355 1746 3408 retractare
1788 3366 1842 3406 v.
1878 3424 1900 3442 ι

486 3445 543 3502 g.
575 3436 883 3502 peccatum,
928 3432 1256 3488 consentire
1300 3431 1583 3489 infusioni
1623 3430 1841 3505 gratiae,

486 3510 827 3566 contrahere
855 3511 1171 3568 amicitiam
1199 3528 1327 3568 cum
1352 3514 1480 3578 De0‚
1512 3517 1568 3568 et
1594 3512 1705 3567 alia
1734 3510 1847 3565 hu-

482 3590 758 3663 jusmodi,
792 3597 929 3646 sunt
973 3591 1491 3660 denominationes,
1527 3597 1582 3649 et
1616 3592 1846 3649 effectas

485 3672 755 3737 morales,
784 3676 845 3726 ut
882 3673 1021 3728 satis
1051 3674 1230 3747 liquet
1255 3674 1318 3734 in
1353 3673 1445 3728 his
1480 3673 1676 3739 etiam,
1720 3688 1847 3746 quae

484 3753 643 3809 inter
666 3753 930 3811 homines
948 3757 1290 3831 contingunt
1316 3778 1329 3812 ε
1358 3755 1456 3812 sed
1479 3762 1633 3813 actus
1661 3756 1844 3811 nostri

482 3835 554 3891 ad
601 3834 1071 3910 justificationem
1115 3843 1515 3911 praeparanteS,
1564 3837 1845 3911 praecipue

479 3914 834 3982 deserviunt,
888 3922 946 3973 ut
992 3918 1165 3974 homo
1226 3923 1488 3974 retractet
1529 3922 1838 3990 peccatum,

481 3998 801 4053 consentiat
824 3997 1106 4053 infusioni
1133 3999 1349 4071 gratiae,
1402 4003 1505 4055 etc.
1550 4013 1685 4072 ergo
1724 4014 1842 4055 non

480 4083 618 4133 sunt
638 4077 1040 4151 dispositiones
1068 4078 1332 4152 physicae‚
1365 4077 1463 4135 sed
1492 4080 1760 4135 morales.

558 4159 952 4232 Respondetur
1000 4159 1105 4215 hoc
1147 4165 1553 4233 argumentum
1598 4162 1841 4216 convul-

479 4254 609 4295 sum
638 4256 876 4297 manere
905 4256 1005 4312 per
1045 4255 1130 4304 ea,
1162 4256 1291 4312 quae
1318 4241 1380 4297 in
1424 4240 1629 4295 limine
1672 4240 1842 4315 hujus

480 4320 643 4377 dubii
689 4320 1170 4388 observavimus;
1231 4337 1366 4378 nam
1414 4322 1563 4394 quod
1618 4320 1838 4396 aliquid

475 4411 667 4461 causet
696 4405 943 4479 physice,
969 4406 1060 4462 vel
1090 4404 1409 4470 moraliter,
1443 4421 1560 4463 non
1606 4408 1839 4481 regula-

476 4493 572 4542 tur
596 4502 765 4559 penes
792 4487 1091 4545 entitatem
1120 4502 1322 4555 causae,
1367 4488 1467 4545 sed
1496 4505 1669 4562 penes
1704 4505 1838 4547 mo-

475 4568 614 4624 dum
655 4567 930 4626 causandi
982 4590 995 4625 :
1043 4568 1171 4626 fieri
1212 4570 1373 4626 enim
1427 4575 1627 4642 potest,
1684 4571 1835 4643 quod

473 4653 684 4708 entitas
721 4651 954 4725 physica
981 4657 1171 4707 causet
1210 4651 1532 4718 moraliter,
1583 4658 1638 4710 et
1684 4653 1835 4725 quod

467 4734 679 4790 entitas
701 4733 939 4789 moralis
960 4738 1150 4790 causet
1179 4733 1429 4808 physice,
1462 4733 1585 4789 sive
1610 4749 1681 4791 ex
1724 4749 1834 4790 na-

470 4824 600 4872 tura
639 4832 740 4871 sua
779 4839 793 4881 ;
836 4819 891 4872 et
937 4822 1365 4889 consequenter,
1430 4815 1590 4889 quod·
1621 4817 1833 4873 entitas

468 4899 703 4973 physica
732 4897 954 4954 dicatur
986 4913 1152 4954 causa
1193 4897 1475 4956 moralis:
1522 4903 1577 4955 et
1620 4900 1832 4955 entitas

472 4981 714 5038 moralis
744 4986 973 5038 vocetur
1019 4996 1186 5036 causa
1217 4980 1470 5054 physica,
1502 4986 1566 5037 ut
1609 4980 1829 5037 ibidem

460 5062 872 5137 explicuimus.
924 5062 1250 5134 Praecipuus
1292 5069 1482 5121 autem
1529 5068 1831 5136 conceptus

1180 413 1272 466 DE
1312 409 1871 466 DISOSITIONIBUS
1906 410 2005 464 AD
2042 408 2708 466 JUSTIFICATIONEM.

2008 581 2360 638 causalitatis
2381 583 2626 657 physicae
2651 587 2736 638 est
2756 596 2988 638 causare
3008 579 3367 644 immediate,

2006 669 2064 720 et
2073 679 2173 736 per
2194 679 2256 722 se
2275 662 2557 728 effectum,
2584 669 2640 719 et
2668 678 2785 718 non
2809 662 3037 734 praecise
3058 660 3373 719 alliciendo

2007 746 2184 802 aliam
2206 762 2454 811 causam,
2488 751 2550 801 ut
2576 745 2838 802 effectum
2868 742 3158 817 producat.
3202 742 3371 800 Unde

2007 825 2138 883 licet
2166 832 2492 892 retractare,
2537 824 2880 890 consentire,
2911 830 2968 881 et
3013 825 3128 880 alia
3163 824 3367 897 hujus-

2006 905 2162 964 modi
2191 913 2381 965 essent
2395 908 2625 980 praecise
2645 906 2892 972 effectus,
2908 921 3006 963 seu
3027 905 3366 962 denomina-

2006 988 2190 1045 tiones
2217 990 2464 1045 morales
2492 1010 2505 1045 ε
2537 988 2927 1044 nihilominus
2956 986 3089 1043 inde
3116 1002 3232 1044 non
3271 1002 3365 1042 se-

2003 1071 2219 1142 quitur,
2245 1069 2393 1144 quod
2421 1076 2575 1126 actus
2593 1070 2776 1126 nostri
2801 1068 3097 1143 praedictos
3136 1066 3366 1124 effectus

2001 1157 2237 1210 causent
2271 1154 2504 1225 praecise
2525 1153 2864 1218 moraliter;
2894 1152 3029 1225 quia
3067 1151 3201 1206 illos
3225 1165 3363 1206 cau-

2000 1241 2130 1291 sant
2143 1252 2213 1293 ex
2236 1242 2444 1292 natura
2460 1252 2581 1302 sua,
2606 1241 2663 1292 et
2677 1234 3076 1292 antecedenter
3091 1232 3160 1289 ad
3183 1234 3360 1289 aliam

1999 1319 2403 1385 extrinsecam,
2437 1324 2493 1375 et
2518 1318 2960 1375 accidentariam
2978 1316 3077 1373 Dei
3108 1321 3359 1388 accepta-

1999 1398 2235 1468 tionem,
2267 1405 2324 1456 et
2361 1400 2772 1456 causalitatem.
2822 1398 2881 1453 Si
2919 1397 3081 1454 enim
3111 1396 3354 1464 bonitaS,

1997 1484 2053 1536 et
2078 1480 2306 1536 malitia
2348 1483 2484 1535 sunt
2527 1479 2793 1535 entitates
2836 1477 3105 1542 morales,
3135 1480 3193 1532 et
3222 1491 3359 1531 cau-

1996 1565 2127 1616 sant
2149 1555 2399 1618 morales
2421 1560 2669 1626 effectus,
2689 1576 2829 1633 quos
2849 1564 3044 1615 tamen
3068 1558 3358 1614 multoties

1997 1658 2116 1700 non
2144 1647 2379 1700 causant
2400 1642 2700 1700 moraliter
2729 1639 3036 1698 alliciendo
3064 1642 3262 1706 Deum,
3293 1647 3358 1695 ut

1995 1740 2090 1782 eos
2118 1729 2309 1781 causet
2331 1747 2343 1789 ;
2364 1723 2461 1781 sed
2484 1724 2616 1781 illos
2638 1723 2898 1780 inferunt
2918 1737 2989 1778 ex
3011 1727 3218 1777 natura
3246 1722 3350 1786 rei,

1995 1813 2164 1879 atque
2191 1806 2318 1864 ideo
2340 1807 2590 1881 physice.
2619 1803 2962 1862 Addendum
3016 1812 3211 1861 tamen
3249 1807 3348 1868 est,

1995 1894 2149 1943 actus
2176 1888 2542 1961 disponentes
2564 1886 2634 1944 ad
2652 1883 3119 1960 justificationem
3142 1900 3354 1956 praepa·

1995 1983 2126 2025 rare
2153 1968 2223 2025 ad
2245 1968 2656 2043 gratiam,quia
2676 1972 2809 2023 sunt
2829 1965 3083 2040 ejusdem
3106 1963 3350 2030 ordinis,

1992 2050 2127 2121 quia
2150 2049 2220 2105 ad
2247 2066 2375 2106 eam
2404 2048 2768 2116 ordinantur,
2801 2047 2936 2120 quia
2964 2044 3034 2102 ab
3061 2062 3130 2103 ea
3156 2061 3356 2118 proce-

1992 2129 2137 2185 dunt
2165 2151 2176 2185 ε
2199 2131 2297 2202 qui
2319 2134 2618 2203 conceptus
2641 2127 2860 2204 physici
2882 2132 3037 2195 sunt,
3066 2132 3122 2183 et
3141 2124 3354 2182 actibus

1989 2209 2529 2283 supernaturalibus
2542 2226 2612 2267 ex
2626 2215 2833 2265 natura
2851 2224 2953 2263 sua
2975 2206 3346 2270 conveniunt,

1989 2300 2053 2350 ut
2072 2295 2255 2351 fusius
2281 2311 2455 2368 supra
2475 2293 2874 2367 explicuimus.

2071 2377 2194 2432 123.
2236 2375 2515 2449 Arguitur
2578 2373 2842 2446 septimo,
2899 2370 3034 2443 quia
3095 2370 3145 2426 si
3191 2373 3349 2426 actus
3394 2391 3519 2483 Ἐξ

1988 2538 2128 2594 tiam
2177 2537 2603 2612 justificantem,
2643 2533 2973 2610 justificatio
3019 2547 3136 2589 non
3181 2499 3538 2589 fieretmssfiffi

1989 2459 2172 2514 nostri
2200 2463 2391 2514 essent
2416 2455 2819 2527 dispositiones
2847 2452 3092 2526 physicae
3118 2449 3188 2507 ad
3208 2467 3348 2525 gra-

1984 2619 2164 2692 gratis
2206 2637 2218 2671 ε
2265 2632 2613 2690 consequens
2657 2621 2742 2672 est
2775 2612 3090 2670 absurdum

1987 2699 2243 2773 praedicti
2273 2705 2426 2755 actus
2456 2714 2572 2756 non
2598 2703 2733 2754 sunt
2765 2695 3166 2769 dispositiones
3194 2695 3345 2769 phy-

1984 2783 2129 2848 sicas,
2159 2782 2257 2839 sed
2285 2784 2550 2840 morales.
2579 2780 2816 2854 Sequela
2841 2776 3184 2844 ostenditur,
3208 2778 3347 2849 quia

1985 2863 2283 2938 dispositio
2332 2863 2567 2939 physica
2612 2862 2969 2920 connectitur
3014 2876 3085 2917 ex
3137 2865 3346 2917 natura

1985 2946 2069 3002 rei
2104 2963 2235 3003 cum
2271 2946 2478 3013 forma,
2513 2944 2583 3002 ad
2624 2960 2796 3018 quam
2850 2942 3104 3014 disponit
3136 2963 3149 2997 z
3179 2946 3346 3013 atque

1983 3026 2111 3084 ideo
2140 3029 2322 3100 posita
2346 3029 2447 3084 tali
2476 3027 2867 3101 dispositione,
2916 3040 3209 3081 necessum
3259 3027 3348 3078 est

1982 3107 2232 3165 formam
2259 3109 2676 3165 communicari
2701 3125 2713 3160 ε
2746 3123 2883 3180 ergo
2907 3105 2957 3160 si
2985 3110 3140 3161 actus
3161 3102 3343 3160 nostri

1980 3205 2052 3246 ex
2088 3196 2298 3248 natura
2335 3208 2438 3248 sua
2472 3191 2540 3248 ad
2569 3192 2815 3266 gratiam
2844 3192 3190 3262 praeparant,
3217 3188 3342 3261 jus-

1979 3271 2214 3331 tificatio
2244 3290 2360 3331 non
2386 3273 2485 3331 fiet
2505 3274 2700 3349 gratis,
2732 3271 2829 3328 sed
2852 3270 3191 3328 necessario.

2053 3358 2449 3431 Respondetur
2492 3356 2750 3432 negando
2795 3355 3088 3427 sequelam
3140 3374 3154 3410 ε

3150 2633 3163 2669 :
3208 2627 3347 2688 ergo

1978 3526 2246 3599 gratiam,
2275 3525 2659 3582 nihilominus
2689 3523 2776 3578 illi
2799 3523 2897 3594 qui
2920 3521 3188 3577 dicuntur
3214 3518 3338 3574 dis-

1981 3606 2291 3678 positiones
2315 3611 2692 3671 remotae,non
2722 3603 2936 3659 habent
2955 3602 3336 3658 necessariam

1978 3687 2398 3743 connexionem
2446 3703 2577 3742 cum
2643 3686 2748 3742 illa
2781 3708 2794 3751 ;
2838 3692 3001 3755 atque
3037 3681 3165 3738 ideo
3214 3697 3338 3738 non

1977 3769 2212 3835 tollunt,
2239 3767 2388 3841 quod
2408 3769 2606 3842 gratiae
2626 3766 2845 3823 infusio
2870 3763 2968 3820 fiat
2993 3762 3338 3835 simpliciter

1976 3852 2156 3925 gratis
2191 3873 2203 3906 :
2252 3853 2348 3925 qui
2384 3857 2574 3908 autem
2623 3853 2901 3907 vocantur
2935 3844 3341 3917 dispositiones

1982 3932 2281 4003 proximae,
2313 3938 2368 3989 et
2391 3933 2628 3995 ultimas,
2648 3934 2982 4000 supponunt
2993 3925 3335 3997 simpliciter

1973 4012 2244 4084 gratiam,
2270 4019 2326 4068 et
2350 4012 2419 4068 ab
2445 4028 2511 4069 ea
2540 4009 2885 4085 procedunt;
2910 4013 2966 4064 et
2992 4020 3338 4079 consequen-

1976 4098 2062 4149 ter
2104 4109 2222 4150 non
2248 4093 2519 4158 efficiunt,
2552 4091 2700 4165 quod
2726 4090 2925 4165 gratiae
2953 4087 3168 4143 infusio
3213 4101 3337 4142 non

1974 4177 2149 4233 fuerit
2171 4176 2515 4248 simpliciter
2533 4174 2800 4249 gratiosa.
2826 4173 2972 4226 Tum
2996 4167 3337 4240 etiam,quia

1973 4261 2088 4312 tota
2109 4257 2408 4321 connexio,
2439 4272 2563 4329 quae
2582 4254 2864 4327 reperitur
2890 4252 3045 4308 inter
3084 4248 3335 4321 disposi-

1974 4335 2173 4404 tiones,
2205 4341 2261 4394 et
2285 4337 2536 4412 gratiam
2558 4333 3028 4396 sanctificantem,
3057 4328 3337 4386 fundatur

1972 4417 2034 4473 in
2063 4421 2456 4493 suppositione
2478 4419 2819 4492 simpliciter
2833 4415 3103 4492 gratiosa,
3134 4419 3190 4469 et
3219 4414 3340 4469 Deo

1971 4499 2175 4567 libera,
2242 4502 2390 4574 quod
2430 4500 2692 4558 videlicet
2738 4495 3069 4571 praestiterit
3113 4493 3340 4550 auxilia

1973 4597 2207 4653 prorsus
2236 4582 2491 4639 indebita
2519 4581 2762 4648 homini,
2795 4578 3002 4652 quibus
3030 4581 3185 4632 actus
3231 4589 3339 4630 su-

1970 4667 2370 4736 pernaturales
2389 4665 2600 4729 eliciat,
2616 4670 2670 4719 et
2691 4679 2752 4720 se
2773 4662 2844 4719 ad
2861 4658 3338 4735 justificationem

1968 4744 2231 4819 disponat
2258 4767 2279 4811 :¹
2301 4744 2456 4802 unde
2478 4744 2748 4818 praedicta
2768 4742 3049 4800 connexio
3070 4753 3188 4796 non
3213 4738 3339 4794 im-

1968 4825 2140 4899 pedit,
2172 4825 2322 4900 quod
2363 4831 2478 4884 tota
2500 4824 2829 4900 justificatio
2856 4822 2954 4878 fiat
2987 4820 3339 4893 simpliciter

1963 4911 2163 4984 gratis,
2191 4910 2373 4984 Magis
2413 4916 2603 4966 autem
2635 4905 3031 4980 impediretur,
3076 4903 3125 4959 si
3172 4908 3340 4959 actus

1967 4991 2159 5048 nostri·
2185 4991 2557 5064 disponerent
2594 4990 2895 5046 moraliter
2925 4986 2993 5043 ad
3015 4984 3331 5059 justitiam,

1963 5077 2025 5127 ut
2052 5071 2249 5129 dicunt
2273 5070 2606 5129 Adversarii
2627 5095 2642 5141 3
2674 5086 2809 5129 nam
2832 5068 2932 5126 vix
2953 5071 3132 5142 potest
3148 5065 3337 5213 inte&

3311 5157 3335 5197 ι

3214 3359 3336 3409 tum
3355 3370 3539 3425 Respon.

1979 3442 2113 3513 quia
2142 3442 2272 3497 licet
2298 3446 2452 3497 actus
2468 3440 2649 3498 nostri
2677 3437 2989 3511 disponant
3010 3436 3239 3510 physice
3264 3433 3337 3491 ad
3407 3428 3488 3461 ⁸¹⁰·
