3647 5753
295 2673 478 2762 itus-(pon-

320 2731 359 2762 ιο
401 2732 424 2762 a

293 2727 472 2822 're-pugn}

307 2823 472 2872 D.Aug.

516 376 616 430 104

513 568 538 598 «
571 548 718 601 Deus
759 548 950 600 autem
979 544 1172 598 noster
1213 538 1275 594 in
1315 536 1476 602 coelo,
1520 537 1576 591 et
1622 532 1869 589 interra

512 649 537 678 «
569 625 766 683 omnia
811 636 1184 696 quaecumqne
1234 618 1439 684 voluit,
1495 614 1646 672 fecit.
1707 609 1868 678 Quod

512 729 535 757 «
567 706 761 778 utique
808 719 927 761 non
967 708 1052 759 est
1077 716 1304 766 verum,
1357 699 1407 755 si
1436 697 1630 769 aliqua
1658 692 1862 759 voluit,

514 809 537 838 «
568 792 622 842 et
651 801 765 841 non
795 784 942 840 fecit.
977 784 1045 837 Et
1085 779 1235 855 quod
1274 784 1359 835 est
1386 777 1705 851 indigniuS,
1740 773 1869 832 ideo

515 890 538 917 «
570 881 688 922 non
709 865 859 931 fecit,
890 863 1164 936 quoniam
1188 877 1262 918 ne
1288 859 1452 916 fieret
1471 857 1619 929 quod
1641 854 1870 914 volebat

513 972 538 1002 «
568 947 954 1020 omnipotens,
971 946 1240 1003 voluntas
1264 941 1522 1000 hominis
1537 938 1864 1011 impedivit.

513 1056 536 1082 «
567 1034 694 1088 Non
740 1045 876 1112 ergo
921 1027 986 1083 fit
1025 1025 1273 1111 aliquid,
1332 1024 1446 1079 nisi
1500 1021 1868 1106 omnipotens

514 1128 538 1158 «
568 1104 695 1161 fieri
721 1105 876 1168 velit,
911 1102 999 1158 vel
1027 1099 1272 1157 sinendo
1293 1105 1353 1154 ut
1375 1097 1492 1162 fiat,
1517 1097 1610 1152 vel
1635 1112 1758 1168 ipse
1779 1095 1868 1151 fa-

513 1210 538 1238 «
569 1183 828 1241 ciend0.«
854 1182 932 1239 Et
956 1199 1076 1254 cap.
1109 1183 1200 1247 97,
1230 1179 1531 1252 subjunyit:
1554 1197 1578 1228 ι)
1615 1178 1680 1232 ln
1701 1177 1864 1241 coelo,

513 1289 538 1319 «
567 1271 623 1322 et
649 1266 711 1320 in
739 1271 894 1321 terra
935 1278 1053 1318 non
1081 1261 1339 1334 quaedam
1376 1259 1578 1323 voluit,
1611 1263 1666 1313 et
1694 1257 1826 1312 fecit
1852 1279 1865 1322 ;

513 1370 537 1399 «
566 1345 826 1419 quaedam
875 1360 1011 1402 vero
1056 1343 1259 1410 voluit,
1291 1346 1346 1398 et
1387 1355 1502 1396 non
1550 1337 1682 1395 fecit
1715 1358 1727 1393 :
1770 1335 1869 1392 sed

512 1449 536 1479 «
579 1427 779 1485 omnia
828 1440 1198 1498 quaecumque
1248 1421 1469 1487 voluit,
1522 1419 1677 1476 fecit.
1730 1417 1870 1483 Quis

511 1532 535 1561 «
567 1525 738 1582 porro
766 1514 885 1564 tam
919 1508 1097 1579 impie
1131 1504 1393 1576 desipiat,
1422 1508 1480 1558 ut
1508 1500 1655 1557 dicat
1684 1501 1868 1556 Deum

510 1613 536 1643 «
566 1588 1084 1657 malashominum
1113 1586 1463 1650 voluntates;
1490 1599 1630 1654 quas
1665 1581 1871 1644 volue-

511 1692 534 1721 «
567 1670 661 1733 rit,
694 1667 924 1742 quando
973 1667 1239 1731 voluerit,
1273 1661 1555 1737 quomodo
1595 1660 1863 1727 voluerit,

512 1773 536 1801 «
567 1749 665 1805 ubi
715 1749 980 1813 voluerit,
1014 1748 1077 1803 in
1104 1745 1320 1802 bonum
1371 1759 1487 1801 non
1529 1757 1690 1815 posse
1728 1756 1870 1797 con-

511 1850 536 1880 «
566 1831 835 1885 vertere?
863 1849 887 1878 »
921 1827 1052 1893 Ubi,
1085 1831 1148 1880 ut
1173 1823 1352 1891 videS,
1385 1826 1442 1879 S.
1474 1825 1678 1879 Doctor
1700 1820 1870 1876 attri-

507 1908 630 1964 buit
657 1911 772 1964 Deo
791 1906 1121 1963 dominium
1146 1903 1285 1961 adeo
1310 1918 1648 1975 supremum
1679 1899 1749 1957 ad
1772 1900 1870 1956 in·-

507 1988 847 2046 flectendum
872 1989 1229 2044 voluntatem
1246 1989 1517 2051 creatam,
1537 1988 1600 2038 ut
1615 1979 1863 2054 quando,

505 2070 807 2144 quomodO,
841 2075 898 2128 et
923 2070 1020 2125 ubi
1043 2068 1310 2133 voluerit,
1344 2068 1508 2123 illam
1533 2063 1870 2122 infallibili·

506 2159 590 2208 ter
616 2156 860 2218 moveat,
879 2150 1020 2223 quin
1045 2152 1156 2205 Deo
1179 2148 1392 2206 volenti
1417 2148 1604 2203 ullum
1622 2145 1864 2209 resistat,

506 2236 597 2291 vel
622 2234 900 2307 impediat
920 2232 1233 2289 arbitrium
1260 2254 1272 2288 :
1298 2229 1445 2305 quod
1467 2229 1797 2286 dominium
1818 2225 1868 2282 si

507 2333 623 2373 non
650 2322 734 2372 est
756 2316 1100 2382 absolutum,
1137 2319 1193 2370 et
1215 2314 1515 2386 plusquam
1545 2310 1864 2384 politicum,

507 2396 794 2452 nescimus
815 2395 962 2470 quod
992 2394 1322 2452 dominium
1351 2391 1676 2449 absolutum
1698 2406 1868 2446 exco-

506 2478 701 2551 gitari,
734 2478 826 2534 vel
873 2477 1014 2551 fingi
1045 2476 1236 2548 possit,
1268 2491 1398 2531 cum
1445 2474 1631 2547 majus
1677 2470 1869 2528 domi-

512 2559 676 2613 nium
718 2573 891 2630 supra
939 2563 1091 2613 actus
1134 2555 1345 2612 liberos
1393 2558 1636 2626 nequeat
1662 2566 1870 2624 appre-

509 2637 705 2694 hendi.
760 2639 828 2693 Et
857 2636 1287 2705 inconveniens,
1338 2633 1487 2707 quod
1529 2632 1757 2690 Bastida
1804 2632 1869 2688 in

479 2717 778 2812 tpraedicta
837 2718 1208 2790 responsione
1253 2714 1607 2779 causabatur,
1660 2727 1869 2784 nempe

506 2799 831 2856 absolutum
874 2798 972 2854 Dei
1013 2797 1342 2854 dominium
1381 2811 1554 2868 supra
1597 2796 1870 2851 volunta-

504 2888 620 2938 tem
669 2884 918 2937 creatam
966 2876 1261 2935 destruere
1307 2876 1631 2933 libertatem
1680 2874 1865 2941 istius,

508 2961 796 3018 refellitur
841 2961 1017 3017 etiam
1045 2976 1078 3015 a
1104 2960 1159 3015 S.
1193 2963 1445 3027 Doctore,
1478 2958 1576 3032 qui
1606 2973 1736 3013 cum
1764 2955 1869 3012 illo

503 3057 793 3114 suprem0‚
838 3045 893 3097 et
939 3040 1196 3098 absoluto
1241 3039 1341 3095 Dei
1389 3038 1649 3096 dominio
1693 3051 1869 3108 supra

505 3124 864 3180 voluntatem
894 3127 1150 3177 nostram
1178 3120 1355 3175 simul
1383 3117 1675 3191 componit
1704 3117 1869 3171 istius

507 3203 851 3268 libertatem,
902 3207 957 3257 et
976 3201 1124 3274 quod
1154 3200 1336 3257 libere
1362 3199 1588 3257 obediat
1615 3197 1712 3254 Dei
1751 3197 1869 3252 im·-

505 3284 684 3356 perio,
717 3289 884 3356 atque
926 3281 1188 3339 motioni.
1225 3279 1389 3337 Unde
1416 3282 1476 3335 in
1527 3280 1622 3336 lib.
1652 3279 1716 3333 de
1743 3297 1869 3334 cor-

505 3371 638 3435 rept.
670 3370 720 3419 ct
743 3364 950 3434 qratia,
983 3380 1103 3435 cap.
1163 3362 1244 3425 14,
1291 3360 1480 3432 inquit
1520 3381 1533 3416 ε
1570 3382 1595 3412 «
1626 3359 1734 3423 Qui
1763 3359 1871 3415 hoc

511 3467 536 3496 «
570 3460 686 3501 non
709 3444 859 3510 fecit,
895 3461 1079 3517 nempe
1105 3442 1248 3521 quod
1274 3443 1409 3509 vult,
1443 3441 1556 3497 nisi
1586 3458 1685 3513 per
1711 3442 1868 3513 ipso-

511 3548 534 3578 «
566 3541 695 3581 rum
745 3524 1050 3582 hominum
1093 3525 1434 3589 voluntateS‚
1481 3521 1697 3578 habens
1741 3522 1870 3577 sine

510 3630 532 3659 α
559 3606 732 3664 dubio
750 3608 1139 3663 humanorum
1161 3605 1420 3662 cordium
1437 3621 1547 3677 quo
1571 3605 1865 3677 placuerit,

510 3687 1038 3745 «inclinandorum
1087 3686 1711 3761 omnipotentissimam
1764 3703 1869 3759 po-

510 3794 534 3819 «
563 3776 886 3843 testatem.»
909 3768 1092 3825 Etlib.
1121 3772 1165 3835 l,
1191 3775 1393 3826 contra
1412 3766 1553 3824 duas
1576 3768 1739 3840 epist.
1767 3770 1869 3823 Pe-

508 3851 786 3924 lagianor.
837 3867 959 3921 cap.
1001 3851 1094 3913 20,
1141 3854 1391 3906 tractans
1429 3848 1680 3921 qualiter
1721 3851 1868 3904 Deus

504 3928 852 3985 converterit
877 3927 1176 3985 efficaciter
1215 3945 1312 3986 cor
1341 3928 1489 4002 regis
1535 3927 1767 3983 Assueri
1797 3925 1869 3982 ab

506 4008 904 4083 indignatione
923 4009 987 4063 in
1010 4009 1397 4076 clementiam,
1425 4007 1649 4079 inquit:
1673 4030 1697 4059 «
1711 4010 1871 4062 Nun-

510 4112 534 4141 «
562 4087 699 4162 quid
728 4088 992 4145 homines
1039 4088 1159 4154 Dei,
1192 4089 1288 4161 qui
1336 4090 1452 4144 haec
1491 4088 1863 4160 scripserunt,

509 4194 534 4223 «
565 4171 684 4228 imo
732 4170 852 4242 ipse
896 4170 1144 4242 Spiritus
1186 4171 1306 4236 Dei,
1337 4187 1448 4243 quo
1484 4170 1723 4225 authore
1752 4170 1869 4226 haec

509 4253 776 4326 «scripta
822 4257 976 4319 sunt,
1027 4253 1380 4327 oppugnavit
1428 4249 1678 4306 liberum
1706 4251 1869 4307 arbi-

511 4359 536 4388 «
563 4337 745 4392 trium
764 4338 791 4391 P
813 4334 993 4391 Absit.
1021 4333 1127 4391 Sed
1150 4334 1563 4406 omnipotentis
1586 4335 1649 4390 in
1671 4335 1867 4391 omni-

511 4442 535 4471 «
566 4418 670 4474 bus
695 4424 750 4475 et
766 4417 1048 4491 judicium
1067 4417 1473 4490 justissimum,
1499 4421 1556 4473 et
1578 4417 1867 4474 auxilium

512 4523 538 4554 «
582 4499 1192 4557 misericordissimum
1230 4500 1672 4558 commendavit.
1715 4521 1741 4553 ι)
1782 4502 1870 4557 Ex

293 4608 484 4651 clemens
505 4582 729 4656 quibus,
778 4589 834 4639 et
878 4582 1009 4638 aliis
1058 4586 1121 4639 D.
1172 4582 1475 4656 Augustini
1525 4583 1868 4640 testimoniis

334 4658 448 4698 VIII.

325 4932 350 4943 ο

508 4664 654 4721 hanc
689 4665 991 4722 veritatem
1038 4665 1264 4740 collegit
1303 4667 1574 4722 Summus
1601 4668 1869 4725 Pontifex

509 4744 772 4800 Clemens
794 4745 937 4812 VIIl,
969 4746 1032 4801 in
1052 4748 1323 4820 opusculo
1348 4747 1498 4821 quod
1525 4752 1588 4803 ut
1615 4748 1869 4821 particu-

510 4824 650 4912 laris
682 4827 878 4883 Doctor
899 4829 1282 4898 concinnavit,
1310 4835 1369 4885 ut
1391 4836 1582 4904 postea
1601 4828 1670 4886 ad
1687 4828 1871 4888 deter-

511 4905 907 4975 minationem·
945 4909 1212 4966 ultimam
1241 4910 1305 4966 in
1332 4927 1500 4968 causa
1536 4911 1608 4969 de
1634 4910 1871 4967 auxiliis

509 5002 704 5044 coram
728 4989 851 5061 ipso
878 4989 1084 5065 agitata
1110 4990 1434 5065 procederet
1460 5015 1473 5051 ε
1499 5010 1635 5051 nam
1662 5011 1782 5068 cap.
1808 4995 1864 5061 5,

1515 362 1608 416 DE
1648 333 1921 415 GRATIA
1962 318 2303 411 EFF1oAci.

1997 526 2221 584 dicebat
2248 548 2261 582 ε
2299 551 2323 579 «
2354 526 2551 582 Gratia
2579 524 2749 582 habet
2768 540 2933 580 suam
2961 523 3268 580 efficaciam
3291 522 3364 578 ab

2006 631 2032 661 α
2061 607 2484 681 omnipotentia
2508 606 2625 672 Dei,
2652 613 2706 662 et
2729 622 2761 661 a
2781 604 3061 671 dominio,
3088 603 3237 677 quod
3257 620 3364 660 sua

2008 713 2032 743 α
2062 688 2266 746 divina
2311 691 2574 764 Maiestas
2601 688 2771 745 habet
2817 688 2879 743 in
2906 689 3227 744 voluntates
3254 686 3363 742 ho-

2007 794 2032 825 «
2063 773 2315 840 minum,
2347 772 2492 827 sicut
2534 776 2590 827 et
2633 771 2697 827 in
2742 775 2943 827 caetera
2988 769 3204 833 omnia,
3237 782 3363 840 quae

2008 876 2031 906 α
2061 852 2168 908 sub
2218 853 2359 909 coelo
2403 857 2569 919 sunt,
2620 849 2933 907 secundum
2982 851 3035 905 S.
3086 848 3363 922 Augusti-

2008 957 2033 987 «
2064 950 2224 990 num.
2260 954 2285 985 n
2338 932 2498 998 Quod
2546 932 2717 988 latius
2761 930 3141 1004 expendimus
3185 927 3363 984 dubio

2002 1015 2361 1089 praecedenti,
2393 1016 2499 1085 §4-

2085 1093 2205 1146 156.
2258 1090 2452 1155 Tertio,
2502 1093 2557 1144 et
2605 1087 2809 1145 ultimo
2835 1087 3164 1143 confutatur
3210 1100 3360 1158 prae-
3387 1106 3560 1151 neroni-

2001 1171 2151 1228 dicta
2201 1171 2540 1245 responsio:
2584 1169 2860 1242 quoniam
2910 1168 3240 1225 dominium
3267 1168 3358 1225 cui

2004 1255 2193 1312 resisti
2224 1270 2343 1311 non
2372 1258 2568 1326 potest,
2596 1257 2680 1308 est
2700 1251 3024 1307 absolutum
3053 1272 3065 1307 ε
3095 1251 3190 1307 sed
3213 1254 3363 1308 Deus

2002 1333 2171 1391 habet
2202 1335 2331 1399 tale,
2365 1350 2429 1390 ac
2452 1338 2674 1389 tantum
2702 1330 3027 1387 dominium
3054 1347 3227 1402 supra
3256 1347 3365 1389 vo·

2002 1416 2284 1471 luntatem
2307 1419 2584 1479 nostram,
2614 1418 2673 1468 ut
2694 1412 2812 1468 haec
2838 1415 2951 1469 Deo
2979 1411 3232 1469 absolute
3269 1412 3365 1468 in-

2001 1495 2259 1552 tendenti
2279 1508 2619 1551 consensum
2645 1496 2907 1547 nostrum
2933 1490 3180 1547 liberum
3202 1492 3367 1548 resis-

2002 1585 2122 1636 tere
2151 1582 2392 1651 nequeat
2426 1599 2438 1633 ε
2468 1593 2603 1651 ergo
2644 1577 2789 1630 Deus
2831 1574 3002 1632 habet
3041 1574 3367 1631 absolutum

2002 1661 2335 1718 dominium
2355 1676 2530 1732 supra
2553 1664 2809 1715 nostram
2832 1659 3210 1714 voluntatem.
3231 1657 3369 1714 Pro·

2003 1742 2172 1798 batur
2206 1743 2400 1798 minor
2441 1763 2454 1797 ε
2499 1746 2621 1796 tum
2662 1738 2932 1797 omnibus
2968 1755 3140 1796 sacrae
3173 1738 3368 1811 Scrip-

2003 1832 2146 1882 turae
2181 1824 2541 1889 testimoniis,
2581 1841 2704 1896 quae
2744 1838 2919 1895 supra
2958 1821 3280 1890 dedimusg
3317 1822 3361 1877 1.

2002 1910 2150 1964 Tum
2191 1908 2366 1964 etiam
2404 1906 2624 1962 ratione
2658 1905 2972 1978 :quoniam
3020 1904 3067 1959 si
3098 1903 3368 1959 voluntas

2004 1993 2189 2063 posset
2242 1988 2505 2044 resistere
2558 1989 2671 2044 Deo
2725 1985 3049 2042 intendenti
3110 1983 3369 2042 absolute

2004 2087 2343 2129 consensum
2374 2074 2635 2126 nostrum
2676 2068 2947 2133 liberum,
3000 2068 3091 2123 vel
3139 2068 3244 2123 illa
3273 2082 3369 2124 re·

2003 2154 2265 2210 sistentia
2293 2157 2437 2209 esset
2463 2169 2534 2209 ex
2564 2151 2786 2207 influxu
2836 2151 2955 2219 Dei,
3004 2151 3096 2206 vel
3125 2151 3282 2206 non?
3308 2148 3366 2204 Si

2006 2235 2262 2308 primum
2296 2259 2309 2291 ι
2339 2250 2474 2307 ergo
2503 2234 2606 2290 illa
2652 2232 2974 2289 resistentia
3019 2236 3163 2287 esset
3188 2230 3367 2287 etiam

2003 2332 2074 2373 ex
2100 2316 2395 2372 voluntate
2423 2314 2557 2381 Dei;
2605 2330 2742 2369 narn
2775 2315 2923 2369 Deus
2970 2312 3119 2368 nihil
3149 2315 3361 2376 causat,

2006 2398 2118 2454 nisi
2160 2414 2232 2454 ex
2260 2396 2442 2452 libera
2486 2411 2603 2451 suae
2646 2395 2960 2452 voluntatis
3005 2393 3365 2450 determina-

2005 2481 2188 2539 tione:
2224 2485 2279 2535 et
2306 2481 2719 2550 consequenter
2742 2478 2863 2552 jam
2894 2476 3216 2533 resistentia
3246 2489 3364 2531 non

2003 2567 2145 2619 esset
2174 2560 2518 2624 resistentia,
2544 2557 2643 2615 sed
2674 2560 2858 2631 potius
2886 2557 3049 2615 fieret
3064 2560 3228 2632 juxta
3262 2556 3364 2613 Dei

2003 2644 2380 2699 voluntatem.
2412 2640 2472 2695 Si
2499 2644 2689 2696 autem
2726 2640 2972 2713 eligatur
2999 2638 3315 2695 secundum
3353 2659 3366 2692 ε

2002 2740 2138 2798 ergo
2164 2728 2247 2780 est
2270 2722 2539 2796 possibile
2562 2720 2779 2795 aliquid
2803 2722 2974 2786 reale,
3007 2726 3062 2777 et
3082 2727 3359 2786 creatum,

2004 2803 2152 2878 quod
2176 2804 2498 2876 ponaturin
2523 2819 2718 2858 rerum
2744 2807 2949 2858 natura
2966 2798 3362 2872 independen-

2003 2890 2091 2941 ter
2135 2884 2204 2940 ab
2232 2883 2454 2939 influxu
2502 2884 2621 2949 Dei,
2653 2888 2709 2939 et
2752 2882 2901 2955 quod
2948 2884 3062 2939 Deo
3108 2880 3368 2937 absolute

2007 2967 2291 3023 renitente
2317 2967 2587 3022 consistat
2613 2966 2675 3019 in
2703 2963 2954 3030 mundo;
2985 2962 3133 3036 quod
3160 2977 3365 3020 conce-

2003 3049 2139 3106 dere
2181 3054 2328 3105 esset
2372 3049 2637 3120 impietas
2684 3045 3084 3104 intolerabilis.
3130 3047 3365 3102 Tenen-

2003 3128 2141 3186 dum
2189 3130 2365 3204 igitur
2389 3137 2492 3196 est,
2524 3128 2673 3203 quod
2720 3132 2834 3185 Deo
2862 3127 3117 3185 absolute
3162 3128 3363 3183 inten-

2003 3209 2159 3267 denti
2185 3210 2433 3267 liberum
2459 3215 2718 3267 nostrum
2749 3225 3087 3266 consensum
3116 3212 3364 3280 nequeat

2004 3296 2268 3350 voluntas
2293 3293 2572 3357 resistere,
2603 3293 2855 3365 potentia
2877 3291 3141 3348 videlicet
3161 3307 3365 3348 conse-

2001 3375 2218 3447 quenti,
2251 3378 2307 3430 et
2326 3389 2449 3446 qum
2469 3390 2598 3429 cum
2628 3373 2732 3429 illa
2754 3372 3009 3429 absoluta
3037 3373 3139 3428 Dei
3161 3371 3367 3429 volun·

2004 3463 2117 3513 tate
2142 3456 2465 3530 conjungat,
2505 3455 2596 3511 vel
2626 3455 2972 3528 conjungere
3019 3454 3194 3526 possit
3239 3453 3365 3510 dis-

2001 3554 2233 3596 sensum
2254 3562 2269 3605 ;
2292 3531 2556 3610 quamvis
2579 3537 2751 3609 possit
2778 3535 3083 3592 dissentire
3104 3537 3168 3592 in
3190 3552 3364 3593 sensu

2003 3620 2207 3685 diviso,
2255 3619 2610 3693 respiciendo
2650 3618 2916 3675 videlicet
2943 3618 3265 3674 dissensum
3301 3624 3366 3674 ut

2005 3699 2331 3774 ponendum
2359 3699 2745 3773 dependenter
2774 3698 2843 3755 ab
2871 3700 2986 3755 alia
3013 3700 3111 3755 Dei
3148 3700 3363 3756 volun-

2002 3786 2135 3846 tate,
2174 3797 2298 3852 quae
2343 3782 2533 3853 ipsum
2581 3779 2904 3836 dissensum
2932 3781 3135 3835 saltem
3176 3779 3364 3852 quoad

2004 3861 2304 3917 materiale
2324 3859 2677 3925 decernerem
2695 3857 2843 3931 quod
2865 3858 3067 3914 sufficit
3083 3857 3151 3914 ad
3177 3857 3361 3915 libere

2003 3942 2495 4009 consentiendum,
2546 3948 2608 3997 ut
2655 3941 2809 3996 infra
2850 3940 3031 4014 magis
3058 3939 3359 3997 constabit.

2004 4026 2118 4080 Nec
2145 4022 2372 4096 prodest
2398 4022 2605 4090 dicere,
2649 4024 2828 4078 Deum
2860 4037 2975 4078 non
3005 4035 3163 4094 posse
3190 4019 3361 4077 abso-

2004 4104 2123 4158 lute
2164 4103 2464 4160 intendere
2490 4118 2828 4159 consensum
2872 4101 3120 4158 liberum
3147 4101 3363 4158 volun—

2003 4184 2153 4250 tatis,
2186 4183 2297 4239 nisi
2326 4183 2616 4255 supposita
2661 4182 3016 4254 praescientia
3054 4196 3366 4238 consensus

2001 4263 2388 4321 conditionate
2410 4264 2624 4328 futuri3
2652 4279 2786 4320 nam
2808 4263 2857 4317 si
2878 4263 3054 4319 semel
3077 4263 3365 4319 voluntati

2005 4344 2104 4401 Dei
2135 4344 2392 4402 absolute
2416 4343 2731 4401 secundum
2759 4360 2819 4400 se
2844 4348 3080 4414 acceptae
3114 4359 3231 4401 non
3258 4360 3365 4416 po-

2003 4430 2111 4482 test
2149 4424 2458 4481 arbitrium
2485 4430 2740 4481 creatum
2771 4424 3051 4489 resistere,
3100 4429 3197 4479 aut
3242 4425 3365 4498 ejus

3393 1166 3460 1202 tur
3472 1161 3555 1201 ler-

3425 1205 3497 1248 tio.

2003 4507 2306 4564 efficaciam
2354 4508 2603 4573 vincere,
2634 4506 2859 4562 etiamsi
2908 4508 3055 4561 Deus
3102 4505 3366 4563 intendat
3446 4512 3459 4520 ·

2005 4594 2135 4645 ante
2153 4587 2573 4661 praevisionem,
2602 4587 2810 4644 inferet
2825 4585 3219 4644 infallibiliter
3233 4604 3365 4645 con-

2003 4687 2235 4727 sensum
2253 4670 2525 4738 liberum,
2545 4676 2708 4743 atque
2732 4668 2857 4725 ideo
2872 4668 3087 4726 frustra
3104 4668 3174 4725 ad
3196 4670 3364 4727 illam

2005 4752 2420 4825 praescientiam
2449 4751 2788 4808 recurritur.

2086 4832 2208 4889 157.
2242 4834 2562 4889 Occurrunt
2580 4828 2826 4888 secundo
2853 4830 2954 4886 alii
2977 4846 3049 4887 ex
3074 4828 3365 4888 Adversa·
3391 4860 3586 4906 Ariorum

2006 4912 2111 4968 riis
2139 4913 2347 4971 rationi
2375 4928 2551 4986 supra
2591 4912 2749 4968 factae
2792 4909 3171 4978 concedendO,
3212 4911 3363 4984 quod
3398 4922 3573 4965 respon-

2004 4994 2151 5052 Deus
2191 4992 2392 5052 habeat
2435 5009 2790 5066 supremum,
2824 4998 2880 5050 et
2903 4991 3365 5086 absolutum-do-

3107 5090 3363 5132 mimum

3436 4964 3520 5007 sto.
