3647 5753
59 3884 245 3939 Melior

39 3936 240 3978 solutio.

1411 372 1585 429 DISP.
1634 374 1702 439 11,
1747 376 1912 431 DUB.
1958 378 2051 433 111.
3011 387 3110 437 :361

266 549 478 622 peccati
526 545 804 620 praecedat
849 546 1098 620 gratiam
1129 547 1190 601 in
1218 560 1426 618 genere
1446 560 1626 601 causae

261 632 643 705 dispositivae3
674 634 759 685 est
778 629 938 684 enim
967 627 1282 700 dispositi0,
1317 629 1408 684 vel
1436 627 1625 684 condi-

261 714 343 770 tio
369 712 707 779 desiderata,
739 716 803 766 ut
844 712 1031 784 gratia
1082 715 1249 783 queat
1286 709 1539 775 infundi,
1571 713 1626 765 et

263 796 475 851 animae
501 793 807 850 inhaerere.
833 794 902 846 Et
930 790 1232 863 utrobique
1256 789 1458 846 eadem
1491 805 1626 863 pro—

266 878 453 949 portio
500 874 746 946 reperiri
796 872 1041 929 videtur.
1094 872 1179 926 Ad
1227 870 1625 944 probationem

266 963 456 1013 autem
479 957 542 1011 in
556 955 915 1010 contrarium
935 951 1195 1026 neganda
1209 958 1354 1009 esset
1372 952 1620 1024 sequela,

261 1036 537 1109 quoniam
583 1035 838 1091 carentia
883 1033 1082 1107 gratim
1127 1038 1307 1105 potest
1352 1029 1624 1087 bifariam

263 1115 619 1175 considerari
651 1135 667 1169 ε
697 1131 814 1172 uno
853 1114 1025 1171 modo
1055 1119 1225 1187 prout
1252 1111 1422 1169 babet
1446 1111 1624 1167 ratio-

267 1216 403 1257 nem
426 1198 631 1271 peccati
676 1197 989 1253 habitualis
1019 1218 1033 1262 ;
1064 1201 1120 1252 et
1141 1195 1246 1251 hoc
1274 1198 1434 1267 pacto
1463 1195 1625 1251 nullo

267 1281 441 1338 modo
473 1284 559 1337 est
586 1296 618 1335 a
639 1281 770 1346 Deo,
819 1277 917 1334 sed
940 1282 1165 1333 tantum
1213 1291 1246 1331 a
1292 1281 1581 1348 peccatore
1605 1299 1620 1342 ;

269 1361 536 1433 implicat
554 1358 710 1416 enim
738 1361 917 1414 Deum
934 1353 1403 1428 causare-aliquid
1418 1370 1625 1411 secun-

268 1440 411 1496 dum
438 1439 583 1513 quod
634 1438 911 1511 exprimit
956 1437 1266 1494 malitiam.
1299 1436 1430 1492 Alio
1455 1434 1625 1493 modo

268 1522 331 1576 in
354 1525 636 1593 quantum
659 1533 778 1575 non
820 1517 1077 1590 implicat
1106 1515 1386 1572 rationem
1417 1514 1623 1587 peccati

267 1600 599 1664 habitualis,
630 1598 728 1657 sed
755 1595 980 1654 tantum
1004 1597 1288 1653 rationem
1315 1611 1531 1667 poenae3
1570 1599 1626 1651 et

264 1682 368 1738 hoc
398 1685 556 1753 pacto
585 1694 701 1735 non
740 1683 826 1735 est
851 1693 885 1733 a
928 1681 1233 1748 peccatore,
1257 1674 1354 1732 sed
1384 1692 1417 1730 a
1465 1676 1577 1731 Deo
1607 1698 1621 1740 ;

264 1765 411 1818 Deus
429 1761 590 1817 enim
618 1758 836 1829 est,qui
862 1759 922 1813 in
940 1773 1167 1830 poenam
1199 1756 1407 1828 peccati
1437 1756 1626 1813 aufert

264 1840 336 1897 ab
374 1841 610 1898 homine
654 1838 904 1912 gratiam
930 1836 1404 1903 sanctificantem,
1452 1852 1624 1910 quam

266 1921 427 1993 prius
473 1923 535 1977 in
575 1936 643 1977 eo
687 1917 1088 1975 conservabat.
1133 1921 1202 1973 Et
1227 1918 1363 1991 quia
1404 1919 1623 1994 malum

265 2003 445 2072 culpae
489 2006 573 2056 est
612 2000 793 2071 priuS,
823 2014 996 2072 quam
1025 1999 1248 2054 malum
1280 2011 1477 2069 poenae,
1533 1996 1624 2052 id-

266 2084 418 2139 circo
443 2083 505 2137 in
527 2083 781 2138 carentia
799 2079 999 2154 gratiae
1034 2080 1192 2153 prior
1218 2084 1302 2136 est
1328 2084 1628 2150 conceptus

267 2165 466 2235 culpae,
495 2178 668 2235 quam
697 2178 880 2235 poenae
901 2162 1070 2219 ratio.
1102 2164 1170 2217 Et
1189 2163 1269 2219 sic
1300 2162 1471 2218 homo
1494 2177 1627 2234 pec-

267 2259 405 2301 cans
427 2243 583 2315 prius
604 2243 817 2300 deserit
842 2246 1023 2300 Deum
1055 2258 1153 2316 per
1176 2247 1486 2315 peccatum,
1506 2249 1627 2298 tum

268 2323 509 2390 actuale,
541 2328 664 2379 tum
693 2323 1004 2389 habituale,
1051 2338 1223 2395 quam
1253 2321 1327 2377 ab
1365 2324 1490 2395 ipso
1516 2325 1629 2379 Deo

267 2406 567 2462 deseratur
597 2421 696 2477 per
719 2405 1067 2462 ablationem
1090 2405 1290 2479 gratiae
1315 2403 1629 2462 secundum

271 2486 559 2542 rationem
590 2500 783 2557 poenae.
813 2487 1077 2544 carentia
1099 2492 1289 2543 autem
1311 2486 1511 2560 gratiae
1537 2500 1630 2542 se-
1684 2554 1688 2558 ,

270 2563 530 2621 cundum
558 2564 704 2636 quod
727 2565 983 2638 praecedit
1013 2571 1303 2639 peccatum
1332 2566 1550 2623 actuale
1568 2565 1630 2620 in

273 2662 492 2721 genere
530 2663 707 2703 causae
749 2647 1112 2720 dispositivae,
1159 2663 1275 2704 non
1302 2653 1386 2705 est
1432 2662 1626 2719 poena,

279 2744 390 2785 nec
415 2734 676 2784 causatur
702 2744 734 2784 a
759 2731 874 2786 Deo
897 2753 911 2795 ;
945 2734 1225 2802 repugnat
1265 2729 1422 2784 enim
1451 2730 1631 2783 Deum

274 2825 514 2865 causare
529 2808 958 2883 dispositionem
981 2809 1050 2865 ad
1069 2810 1632 2882 peccatum,inquan-

281 2896 408 2945 tum
435 2892 562 2947 tale.
593 2889 700 2946 Sed
721 2894 806 2947 est
828 2889 1086 2962 quaedam
1131 2890 1398 2962 privatio,
1424 2894 1479 2945 et
1506 2904 1632 2945 ma-

277 2970 583 3043 lum,quod
606 2971 767 3037 alias,
795 2975 856 3026 ut
874 2970 1421 3039 diximu5,causatur
1443 2987 1475 3026 a
1503 2985 1633 3043 pec-

270 3056 466 3107 catore
494 3050 557 3104 in
583 3065 793 3124 genere
836 3065 1024 3107 causae
1052 3050 1348 3108 efficientis
1375 3074 1388 3115 3
1421 3049 1551 3105 licet
1570 3049 1633 3104 in

272 3130 378 3185 illo
413 3130 612 3201 priori,
647 3131 709 3186 in
749 3145 860 3202 quo
904 3127 1175 3202 disponit,
1223 3145 1340 3187 non
1391 3129 1636 3201 explicet

273 3210 442 3266 illam
461 3209 922 3283 dependentium.
945 3210 1329 3274 Quamobrem
1362 3209 1493 3264 licet
1506 3222 1636 3264 con·

270 3291 507 3348 cedatur
552 3291 937 3364 privationem
979 3290 1180 3366 gratiae
1222 3288 1539 3363 praecedere
1573 3288 1637 3344 in

271 3386 487 3445 genere
512 3387 693 3428 causae
713 3371 1063 3445 dispositivae
1084 3376 1369 3444 peccatum
1395 3369 1631 3435 actuale,

277 3451 527 3508 minime
555 3452 824 3520 infertur,
870 3451 1019 3525 quod
1055 3451 1215 3525 prius
1243 3453 1391 3507 Deus
1416 3449 1638 3506 deserat

277 3533 601 3600 hominem,
618 3549 791 3606 quam
807 3532 878 3590 ab
899 3533 1022 3606 ipso
1038 3532 1354 3599 deseratur,
1374 3530 1467 3586 vel
1488 3526 1638 3601 quod

279 3620 588 3686 utrumque
638 3615 825 3671 valeat
869 3613 940 3670 de
972 3612 1096 3668 illis
1122 3628 1251 3668 cum
1274 3610 1473 3669 eadem
1503 3624 1638 3682 pro-

279 3696 524 3769 prietate
544 3696 860 3753 enuntiari.
886 3698 1021 3761 Quae
1049 3693 1343 3767 responsio
1356 3696 1442 3749 est
1469 3705 1639 3747 vero-

278 3794 306 3832 s
322 3777 526 3844 imilis,
550 3782 606 3835 et
628 3775 1029 3850 probabilitate
1057 3790 1174 3832 non
1201 3779 1372 3830 caret.

358 3864 466 3922 Sed
495 3864 768 3932 absolute,
782 3870 840 3922 et
859 3865 1068 3922 melius
1089 3862 1464 3936 respondetur
1475 3860 1642 3917 omit·

278 3946 455 4004 tendo
512 3946 867 4013 antecedenS,
918 3953 975 4004 et
1014 3943 1274 4018 negando
1341 3948 1642 4014 utramque

278 4028 770 4098 consequentiam,
813 4031 1007 4099 utpote
1052 4038 1177 4096 quac
1222 4038 1525 4096 perperam
1571 4036 1643 4077 ex

283 4107 643 4164 antecedenti
669 4108 935 4165 infertur.
970 4110 1117 4163 Nam
1139 4105 1357 4178 optime
1378 4104 1637 4167 cohaeret,

285 4186 522 4259 aliquod
566 4204 688 4245 esse
714 4188 874 4261 prius
918 4187 1263 4260 simpliciter
1310 4185 1442 4250 aliu,
1477 4187 1644 4255 atque

283 4266 361 4323 ab
379 4282 448 4324 eo
469 4267 532 4322 in
558 4268 720 4324 nullo
746 4281 926 4325 causae
949 4282 1160 4342 genere
1185 4262 1515 4336 dependere
1544 4286 1559 4329 ;
1589 4266 1646 4319 et

281 4347 436 4421 quod
465 4348 850 4405 nihilominus
875 4349 938 4405 in
963 4348 1128 4405 nullo
1154 4344 1394 4403 instanti
1420 4344 1495 4401 sit
1519 4343 1645 4399 sine

289 4431 416 4498 illo,
462 4432 553 4487 vel
603 4430 753 4503 quod
780 4429 984 4487 habeat
1022 4431 1145 4504 ejus
1171 4428 1516 4501 oppositum.
1556 4424 1645 4481 Sic

282 4511 449 4569 enim
477 4510 573 4567 Sol
615 4516 702 4568 est
751 4512 912 4584 prior
954 4526 1059 4567 sua
1106 4507 1538 4566 illuminatione
1583 4505 1646 4560 in

280 4608 498 4669 genere
530 4607 712 4649 causae
749 4591 1063 4659 efficientis,
1119 4596 1176 4650 et
1213 4589 1284 4646 ab
1328 4605 1395 4646 ea
1441 4589 1504 4644 in
1533 4587 1647 4645 alio

281 4689 500 4750 genere
548 4688 667 4729 non
693 4671 1013 4745 dependet;
1056 4676 1114 4729 et
1135 4676 1329 4727 tamen
1359 4669 1421 4724 in
1447 4666 1647 4725 eodem

287 4755 554 4820 instanti,
581 4754 646 4809 in
667 4768 778 4825 quo
803 4757 889 4810 est
913 4753 1027 4820 Sol,
1060 4757 1146 4809 est
1170 4751 1347 4808 etiam
1369 4748 1492 4822 ejus
1519 4748 1650 4804 illu-

285 4836 559 4902 minatio,
603 4834 745 4907 quin
771 4849 843 4891 ex
887 4832 1146 4890 absoluta
1174 4831 1322 4889 Solis
1350 4828 1651 4904 prioritate

286 4918 503 4977 inferri
550 4917 761 4983 valeat,
790 4915 939 4989 quod
966 4916 1062 4971 Sol
1088 4914 1151 4970 in
1178 4913 1371 4986 aliquo
1410 4910 1652 4968 instanti

287 5005 488 5059 careat
509 4996 962 5062 illuminatione,
979 4995 1074 5052 vel
1103 4992 1309 5051 habeat
1328 4991 1486 5050 aliud
1513 5006 1652 5064 prae-

441 5086 735 5147 Salmant.
769 5082 935 5142 Cur-8.
966 5083 1190 5155 theoloy.
1222 5088 1352 5138 tom.
1382 5079 1451 5139 X.

1758 545 2008 604 dicatum
2033 550 2449 608 illuminationi
2474 554 2816 625 oppositum.
2838 554 2927 609 sic
2944 555 3117 611 etiam

1759 628 2118 706 interpositio
2163 633 2419 704 corporis
2474 633 2632 706 opaci
2661 641 2743 689 est
2773 634 3119 706 simpliciter

1759 709 1937 781 prior,
1991 727 2163 783 quam
2213 712 2420 769 umbra
2467 714 2532 769 in
2558 722 2767 787 genere
2803 716 2964 787 quasi
2995 707 3117 771 esli-

1758 788 1979 855 cientis,
2010 790 2104 847 vel
2132 791 2415 859 formaliS,
2445 798 2499 849 et
2553 809 2586 848 a
2610 793 2875 866 praedicta
2913 795 3116 850 umbra

1758 868 1821 924 in
1851 870 2013 926 nullo
2053 871 2169 927 alio
2188 888 2399 946 genere
2439 872 2718 944 dependet
2751 891 2859 940 3ex
2887 891 2998 946 quo
3030 881 3117 930 ta-

1757 963 1894 1005 men
1916 965 2032 1006 non
2052 953 2327 1023 sequitur,
2353 952 2501 1024 quod
2527 953 2589 1009 in
2614 953 2874 1019 instanti,
2905 956 2966 1008 in
3006 971 3118 1025 quo

1757 1044 1961 1101 corpus
1999 1031 2410 1104 interponitur,
2456 1049 2574 1090 non
2619 1034 2694 1089 sit
2742 1034 2947 1089 umbra
2981 1058 2994 1090 ι
3025 1035 3116 1089 vel

1756 1108 1907 1182 quod
1935 1109 1996 1165 in
2026 1111 2129 1167 illo
2154 1112 2354 1183 priori,
2390 1114 2453 1168 in
2494 1130 2607 1186 quo
2648 1130 2853 1186 corpus
2874 1129 3112 1186 opacum

1759 1190 2026 1247 umbram
2068 1193 2344 1265 praeccdit,
2378 1195 2497 1250 sint
2534 1195 2709 1252 simul
2758 1196 3117 1268 interpositio

1756 1274 2030 1347 corporis,
2062 1281 2118 1332 et
2139 1276 2256 1332 lux.
2305 1278 2421 1334 Hoc
2438 1292 2573 1351 ergo
2616 1284 2794 1350 pacto,
2849 1279 3116 1350 quamvis

1760 1358 2045 1425 peccatum
2095 1356 2314 1412 actuale
2339 1356 2414 1411 sit
2451 1356 2794 1430 simpliciter
2818 1358 2979 1429 prius
3005 1373 3109 1414 ex-

1759 1435 2022 1506 pulsione
2047 1436 2263 1510 gratiae,
2294 1443 2352 1493 et
2393 1439 2454 1493 in
2504 1439 2667 1495 nullo
2705 1455 2885 1495 causae
2911 1454 3121 1513 genere

1759 1515 1829 1572 ab
1873 1531 1939 1572 ea
1998 1515 2330 1589 dependeat,
2406 1521 2740 1592 neutiquam
2801 1519 3111 1594 colligitur,

1757 1595 1906 1667 quod
1928 1596 1992 1652 in
2031 1597 2134 1653 illo
2156 1596 2415 1667 instanti,
2450 1600 2514 1656 in
2553 1616 2665 1672 quo
2681 1607 3119 1657 consummatur

1760 1682 2048 1748 peccatum
2090 1679 2321 1744 actuale,
2361 1696 2478 1737 non
2514 1680 2588 1735 sit
2619 1681 2866 1753 privatio
2893 1684 3113 1754 gratiae,

1761 1759 1852 1814 vel
1891 1759 2038 1831 quod
2087 1760 2291 1833 gratia,
2339 1766 2396 1817 et
2436 1767 2724 1833 peccatum
2796 1763 2857 1818 in
2920 1765 3115 1836 aliquo

1760 1836 2019 1906 instanti,
2052 1843 2108 1894 et
2132 1839 2298 1912 signo
2319 1841 2381 1894 in
2405 1858 2509 1917 quo
2536 1841 2713 1895 simul
2742 1843 2883 1898 sint.
2928 1845 2993 1897 Et
3024 1861 3119 1899 ra-

1761 1916 1841 1974 tio
1880 1918 2121 1975 habetur
2170 1934 2239 1975 ex
2280 1935 2454 1991 supra
2481 1920 2667 1987 dictis,
2694 1922 2827 1992 quia
2858 1922 3121 1980 videlicet

1761 1999 2033 2070 prioritas
2058 2017 2094 2055 a
2140 2019 2264 2078 quo,
2294 2006 2350 2058 et
2400 2001 2750 2057 causalitatis
2778 2003 2996 2074 optime
3019 2022 3113 2061 co—

1761 2080 1939 2137 haeret
1974 2098 2102 2137 cum
2155 2083 2450 2139 simultate
2500 2085 2560 2138 in
2614 2103 2718 2161 quo
2766 2084 3112 2152 durationiS,

1761 2162 2170 2228 coexistentiae,
2201 2168 2257 2218 et
2298 2163 2712 2237 intelligentiae.
2747 2164 3023 2221 Videatur
3053 2169 3118 2219 D.
3216 2211 3225 2224 .

1762 2241 1973 2299 Thom.
2027 2246 2044 2298 l
2087 2250 2239 2316 part.
2290 2252 2470 2321 quarst.
2497 2246 2590 2308 63,
2621 2251 2730 2300 art.
2764 2247 2817 2309 5,
2855 2245 2948 2301 ubi
2974 2261 3120 2318 prae·
3156 2269 3312 2310 pyrni„

1763 2322 1978 2379 dictum
2007 2325 2198 2381 Lorcae
2226 2323 2669 2381 fundamentum
2691 2327 2919 2382 evertit.

1839 2405 1929 2459 90.
1951 2405 2226 2479 Arguitur
2254 2404 2501 2462 secundo
2529 2427 2542 2461 ε
2570 2407 2845 2478 quoniam
2876 2407 3125 2479 privatio
3161 2420 3314 2458 seeun-

1762 2485 1961 2561 gratiae
2005 2492 2370 2560 comparatur
2419 2486 2487 2542 ad
2531 2494 2817 2559 peccatum
2868 2468 3323 2568 actualefsspu'ssffssq's.

1710 2624 1713 2629 .
1765 2567 1911 2623 sicut
1946 2583 2112 2640 poena
2135 2567 2204 2624 ad
2231 2569 2491 2641 culpam;
2540 2571 2687 2625 Deus
2713 2571 2872 2626 enirn
2926 2569 3127 2625 videns
3191 2572 3289 2607 ¹¹¹⁰*-

1766 2647 2064 2704 hominem
2083 2663 2331 2721 peccare,
2358 2648 2547 2706 aufert
2567 2649 2637 2705 ab
2654 2650 2777 2722 ipso
2798 2667 2914 2705 sum
2930 2650 3127 2724 gratiae

1766 2727 1982 2785 donum
2010 2750 2023 2785 :
2089 2729 2188 2786 sed
2232 2745 2401 2802 pccna
2452 2732 2725 2803 supponit
2778 2731 3121 2804 simpliciter

1765 2811 2025 2883 culpam,
2052 2815 2109 2867 et
2135 2826 2279 2883 opus
2305 2825 2422 2866 non
2449 2817 2551 2878 est,
2575 2811 2724 2884 quod
2751 2810 2820 2866 de
2861 2812 3005 2868 sacto
3036 2813 3129 2866 in-

1767 2891 1998 2965 fligatur
2044 2892 2107 2947 in
2154 2891 2353 2950 eodem
2401 2892 2661 2961 instanti,
2710 2893 2771 2948 iu
2800 2910 2911 2966 quo
2963 2895 3129 2964 culpa

1766 2974 2150 3031 committitur
2177 2995 2190 3028 ε
2215 2989 2351 3047 ergo
2371 2974 2618 3045 privatio
2639 2975 2837 3048 gratim
2864 2976 3131 3047 supponit

1768 3054 2112 3126 simpliciter
2136 3059 2426 3126 peccatum
2472 3056 2710 3121 actuale,
2739 3061 2794 3109 et
2834 3072 2975 3127 opus
3014 3072 3132 3111 non

1768 3138 1871 3199 est,
1926 3133 2073 3205 quod
2101 3132 2171 3189 de
2199 3133 2345 3190 facto
2374 3138 2620 3206 ponatur
2649 3134 2752 3190 illa
2800 3134 3047 3206 privat-io
3074 3136 3129 3189 in

1770 3214 2028 3279 instanti,
2063 3214 2125 3268 in
2145 3230 2256 3286 quo
2278 3213 2451 3270 homo
2479 3218 2665 3285 peccat
2691 3229 2863 3288 :ergo
2885 3214 2955 3271 de
2985 3215 3090 3270 fact
3105 3234 3137 3269 o

1772 3296 1835 3350 in
1876 3296 1981 3351 illo
2002 3295 2243 3350 instanti
2285 3295 2605 3351 coexistunt
2629 3295 2836 3367 gratia,
2862 3302 2917 3351 et
2942 3312 3131 3367 pecca-

1771 3381 1897 3432 tum
1923 3375 2162 3432 actuale.

1848 3457 1990 3513 Huic
2036 3461 2375 3530 argumento
2403 3457 2543 3511 satis
2568 3460 2785 3511 constat
2827 3472 2895 3511 ex
2925 3456 3091 3511 dictis
3118 3481 3130 3521 3
3155 3467 3331 3525 υιιμῑιιη

1774 3554 1911 3596 nam
1932 3538 2038 3595 etsi
2069 3537 2316 3611 privatio
2341 3537 2542 3611 gratiae
2578 3542 2806 3592 tantum
2836 3553 3135 3609 compar-a-
3173 3528 3315 3568 pruno.

1774 3626 1937 3678 retur
1958 3619 2028 3676 ad
2052 3624 2341 3692 peccatum
2375 3619 2596 3674 aetuale
2625 3633 2728 3690 per
2749 3619 2983 3675 modum
3016 3636 3135 3691 ρω-

1774 3708 1881 3768 nae,
1907 3706 1964 3758 et
1992 3702 2055 3756 in
2081 3714 2292 3774 genere
2318 3714 2501 3755 causae
2548 3698 2851 3754 efficientis
2877 3701 3132 3755 moralis.

1774 3788 1944 3854 atque
1972 3781 2035 3837 in
2064 3780 2168 3837 hoc
2191 3793 2401 3854 genere
2457 3778 2600 3834 illud
2628 3779 2970 3852 simpliciter
3003 3798 3139 3853 sup·

1777 3867 2038 3936 poneret;
2071 3861 2460 3918 nihilominus
2480 3860 2616 3916 hinc
2644 3875 2759 3917 non
2785 3868 2932 3918 recte
2956 3862 3139 3919 infer-

1777 3950 1954 4014 retur,
2003 3942 2212 4000 debere
2258 3942 2644 4014 privationem
2690 3944 2888 4016 gratia?
2916 3946 3049 4015 poni
3082 3945 3142 3998 iu

1777 4023 2021 4084 instanti
2048 4023 2279 4080 diverso
2300 4022 2372 4078 ab
2405 4037 2492 4089 e0,
2526 4024 2589 4078 in
2636 4038 2745 4094 quo
2774 4038 3141 4081 consumma-

1776 4112 1874 4162 tur
1897 4107 2207 4177 peccatum,
2249 4107 2305 4158 et
2329 4102 2411 4158 sic
2457 4100 2527 4158 de
2556 4101 2699 4159 tacto
2735 4102 3145 4158 universaliter

1777 4186 2130 4259 contingere,
2165 4188 2227 4238 ut
2249 4183 2423 4240 Lorca
2453 4182 2723 4239 intendit.
2755 4185 2899 4237 Nam
2928 4184 3143 4255 optime

1778 4269 2039 4332 cohaeret,
2073 4278 2325 4340 poenam,
2356 4272 2414 4322 et
2433 4266 2660 4337 culpam
2704 4267 2767 4321 in
2790 4264 2988 4321 eodem
3021 4268 3143 4321 ins-

1780 4350 1926 4407 tanti
1974 4347 2313 4412 coincidere,
2372 4347 2504 4403 licet
2549 4346 2752 4403 ordine
2808 4352 3050 4414 natum,
3094 4356 3142 4403 et

1779 4429 2131 4487 causalitatis
2168 4428 2409 4485 moralis
2438 4441 2603 4500 poena
2632 4434 2755 4499 post
2799 4428 3025 4500 culpam
3054 4447 3143 4486 se—

1781 4514 1990 4584 quatur
2023 4530 2037 4566 :
2065 4509 2210 4565 sicut
2239 4511 2387 4564 recte
2426 4507 2808 4579 componitur,
2840 4508 2989 4579 quod
3038 4511 3148 4565 ali-

1781 4589 1921 4663 quid
1967 4591 2332 4660 comparetur
2359 4587 2430 4643 ad
2481 4585 2640 4642 aliud
2670 4593 2943 4659 tanquam
3000 4605 3146 4660 prae—

1784 4672 1973 4729 mium
2020 4669 2091 4727 ad
2139 4668 2436 4732 meritum,
2486 4673 2543 4724 et
2586 4667 2735 4739 quod
2790 4674 2913 4741 post
2962 4669 3150 4742 ipsum

1783 4752 2047 4811 succedat
2066 4752 2131 4807 in
2151 4764 2362 4825 genere
2383 4764 2564 4806 causae
2588 4749 2860 4807 effectivae
2888 4754 3151 4821 moralis;

1787 4839 1846 4893 et
1871 4831 2021 4907 quod
2068 4828 2458 4888 nihilominus
2506 4834 2814 4900 utrumque
2863 4830 2925 4885 in
2953 4833 3155 4891 eodem

1788 4912 2031 4971 instanti
2076 4909 2371 4968 coexistat.
2410 4909 2470 4965 Si
2509 4909 2763 4965 enimin
2788 4909 2989 4967 eodem
3035 4914 3157 4969 ins-

1791 4994 1959 5063 tanti,
2012 4992 2075 5049 in
2102 5007 2214 5065 quo
2237 4990 2427 5064 justus
2474 4994 2731 5047 meretur
2785 4999 3159 5065 augmentum
