3647 5753
1407 411 1583 468 DISP.
1629 411 1699 477 11,
1743 410 1912 466 DUB.
1953 411 2102 467 VIII.
3083 413 3188 467 527

333 580 701 639 contritionis
739 583 1025 641 detestans
1052 585 1394 655 formaliter,
1438 593 1536 644 aut
1573 586 1700 643 vir-

336 662 571 718 tualiter
598 664 873 722 venialia.

130 752 295 845 coan-
409 741 795 801 confirmatur
845 744 1064 819 primo;
1095 764 1231 804 nam
1274 750 1402 821 plus
1447 753 1533 806 est
1573 764 1700 804 me-

137 812 292 905 ffimug,
334 822 451 880 reri
479 830 852 899 augmentum
898 829 1120 901 gratias,
1153 833 1209 885 et
1254 828 1475 902 gloriae,
1524 845 1698 902 quam

332 905 623 964 destruere
656 909 913 967 venialia
941 912 1075 969 :sed
1109 927 1310 969 omnes
1333 915 1487 967 actus
1508 911 1699 967 virtu-

331 992 456 1044 tum
481 990 848 1061 procedentes
890 1009 923 1050 a
966 995 1152 1069 justo,
1205 998 1262 1051 et
1308 993 1543 1051 formati
1597 1008 1700 1065 per

335 1070 570 1129 modum
591 1072 907 1140 charitatiS,
940 1079 1076 1130 sunt
1101 1073 1443 1130 sufficientes
1477 1073 1549 1130 ad
1572 1089 1699 1130 me-

336 1151 583 1208 rendum
611 1158 985 1227 augmentum
1011 1155 1228 1229 gratiae,
1279 1158 1342 1210 ut
1380 1156 1500 1211 loco
1529 1154 1699 1210 citato

271 1295 273 1299 ¹
336 1233 665 1291 videbimus
687 1256 699 1291 ε
724 1253 860 1310 ergo
878 1236 1170 1293 sufficiunt
1191 1235 1262 1293 ad
1283 1234 1697 1293 destruendum

337 1321 559 1390 peccata
579 1317 855 1374 venialia.
1182 1326 1191 1333 ’

136 1391 279 1485 ωῆξᾶο
411 1395 798 1455 confirmatur
824 1398 1104 1466 secundo,
1130 1399 1265 1472 quia
1308 1398 1500 1455 omnis
1544 1403 1700 1455 actus

282 1473 293 1485 ⁰
335 1477 627 1535 virtuosus
647 1479 900 1536 hominis
916 1480 1052 1553 Justi
1074 1479 1351 1537 satisfacit
1373 1495 1476 1552 pro
1500 1495 1697 1552 poena:

335 1574 472 1634 ergo
506 1561 670 1618 illam
717 1563 870 1619 tollit
900 1561 1034 1618 :sed
1074 1561 1251 1618 etiam
1308 1561 1536 1619 auferre
1581 1562 1698 1620 non

333 1643 506 1710 valet,
540 1643 652 1698 nisi
678 1643 837 1715 prius
859 1643 1082 1699 auferat
1115 1644 1347 1716 culpam
1372 1665 1384 1699 :
1409 1659 1544 1717 ergo
1570 1659 1699 1700 om-

336 1721 429 1779 nis
455 1727 609 1778 actus
634 1723 921 1780 virtuosus
945 1723 1197 1780 hominis
1215 1723 1352 1797 justi
1379 1723 1565 1780 aufert
1585 1725 1701 1779 cul-

334 1822 466 1879 pam
488 1806 832 1863 venialium.
865 1807 1211 1872 Praesertim,
1240 1812 1300 1862 ut
1324 1806 1480 1862 addit
1505 1808 1701 1863 Scotus

330 1903 493 1943 suam
540 1887 802 1943 limitans
846 1887 1214 1954 sententiam,
1263 1887 1493 1959 quando
1526 1888 1699 1944 ’actus

333 1968 566 2025 virtutis
599 1974 826 2025 tantum
858 1968 1038 2040 placet
1077 1970 1210 2035 De0,
1257 1974 1538 2041 quantum
1586 1968 1698 2042 ipsi

334 2047 701 2121 displicuerat
720 2052 1009 2120 peccatum
1037 2049 1285 2105 veniale.

121 2129 315 2175 occurri·
410 2127 495 2182 Ad
523 2130 930 2201 argumentum
978 2127 1380 2200 respondetur,
1441 2144 1697 2186 amorem

151 2185 274 2283 ‚1335-
339 2209 631 2267 charitatis
653 2225 771 2265 non
816 2225 885 2266 ea
931 2210 1164 2282 proecise
1219 2212 1441 2267 ratione
1471 2210 1699 2268 auferre

147 2284 303 2325 mento.
343 2296 559 2364 peccata
583 2290 855 2358 venialia,
887 2292 1022 2364 quia
1045 2291 1230 2357 fertur
1257 2291 1319 2346 in
1342 2294 1521 2347 Deum
1558 2292 1700 2347 ulti-

340 2387 503 2427 mum
555 2369 768 2435 finem;
813 2371 1072 2443 alioquin
1116 2370 1359 2444 quilibet
1403 2371 1700 2428 charitatis

344 2468 506 2509 amor
545 2453 649 2508 illa
688 2451 1021 2517 destrueret,
1053 2453 1203 2526 quod
1230 2458 1314 2509 est
1365 2452 1695 2521 absurdum,

343 2550 473 2591 cum
497 2537 668 2607 possit
707 2534 1004 2607 praedictus
1050 2552 1213 2593 amor
1258 2552 1330 2592 ex
1368 2536 1551 2608 specie
1597 2553 1700 2593 sua

340 2618 604 2689 componi
651 2633 779 2673 cum
820 2616 1162 2682 venialibus,
1193 2621 1310 2672 tam
1359 2616 1693 2686 actualibuS,

335 2715 505 2772 quam
536 2698 943 2756 habitualibuS.
976 2699 1255 2756 Convenit
1276 2713 1410 2772 ergo
1435 2698 1700 2770 praedicto

337 2779 522 2835 amori
545 2780 631 2835 vis
652 2779 979 2852 expellendi
1027 2780 1302 2845 venialia,
1338 2781 1429 2836 vel
1468 2780 1605 2851 quia
1632 2796 1699 2836 ea

335 2858 660 2917 formaliter
696 2860 925 2927 refutat,
972 2861 1067 2918 vel
1093 2861 1228 2933 quia
1266 2866 1350 2917 est
1378 2859 1517 2918 adeo
1564 2878 1699 2934 per-

332 2941 507 2999 fectus
535 2943 844 3008 intensive,
871 2948 967 2998 aut
994 2944 1288 2999 extensive
1308 2958 1378 2999 ex
1407 2947 1567 3015 parte
1592 2943 1699 3000 ob-

328 3024 478 3098 jecti,
505 3023 655 3095 quod
678 3023 954 3096 importat
982 3023 1292 3080 virtualem
1332 3040 1535 3080 eorum
1577 3024 1699 3080 dis-

332 3105 682 3178 plicentiam,
721 3103 891 3160 modo
930 3105 1195 3177 superius
1241 3105 1542 3177 explicato.
1577 3105 1698 3160 Ali-

334 3187 484 3245 unde
511 3193 702 3245 autem
729 3188 848 3244 haec
891 3187 1257 3260 displicentia
1288 3188 1599 3261 procedens
1625 3204 1697 3245 ex

334 3271 566 3343 proprio
592 3270 813 3327 motivo
838 3269 1135 3326 charitatis
1162 3270 1476 3327 detestatur
1498 3269 1699 3325 venia-

332 3351 414 3408 lia
433 3368 504 3409 ex
531 3352 749 3409 motivo
766 3349 1058 3423 adaequate
1084 3351 1386 3408 sufficienti
1409 3350 1479 3407 ad
1494 3366 1694 3407 eorum

336 3435 793 3508 retractationem
819 3476 832 3500 ,
889 3432 1155 3491 videlicet
1200 3434 1335 3507 quia
1375 3435 1556 3490 Deum
1595 3432 1696 3488 ali·

335 3514 580 3588 qualiter
596 3513 912 3572 offendunt.
931 3517 998 3570 Et
1020 3517 1083 3573 in
1111 3516 1217 3573 hoc
1239 3530 1409 3571 sensu
1434 3529 1696 3570 concessa

332 3595 560 3669 maiori,
601 3610 874 3669 negamus
902 3595 1211 3653 minorem.
1244 3594 1330 3650 Ad
1368 3594 1528 3667 cujus
1559 3609 1695 3666 pro-

334 3673 623 3732 bationem
649 3673 956 3731 dicendum
977 3681 1079 3742 est,
1113 3675 1477 3732 attritionem
1499 3690 1695 3747 super·

332 3757 657 3813 naturalem
685 3771 717 3811 a
739 3757 925 3829 gratia
966 3756 1355 3813 sanctificante
1378 3755 1695 3828 proceden-

331 3844 448 3896 tem
476 3854 592 3895 non
620 3836 829 3894 habere
847 3853 927 3898 ‚ex
947 3840 1006 3894 vi
1028 3839 1198 3913 hujus
1219 3855 1347 3895 eam
1378 3839 1696 3911 proportio-

332 3919 607 3978 nabiliter
634 3921 754 3976 vim
779 3920 1125 3977 retractandi
1156 3921 1430 3990 venialia,
1474 3937 1601 3993 quae
1630 3921 1693 3977 in

332 4006 456 4060 actu
484 4001 777 4058 charitatis
795 4004 958 4077 juxta
986 4003 1224 4059 modum
1256 4019 1442 4076 nuper
1464 4002 1695 4074 exposi-

332 4089 456 4140 tum
480 4083 781 4156 reperitur.
809 4085 955 4139 Nam
1003 4084 1224 4141 attritio
1249 4099 1319 4141 ex
1360 4101 1465 4140 sua
1509 4083 1694 4157 specie

332 4181 452 4223 non
472 4163 781 4220 detestatur
819 4165 1097 4234 venialia,
1131 4164 1268 4238 quia
1311 4168 1492 4222 Deum
1520 4165 1693 4222 offen-

331 4244 495 4311 dunt,
523 4246 617 4302 vel
638 4244 710 4301 ab
730 4261 796 4301 eo
829 4245 1125 4302 divertunt
1138 4269 1154 4312 ;
1198 4244 1297 4302 sed
1338 4245 1473 4318 quia
1515 4263 1693 4305 nocu-

332 4332 593 4384 mentum
623 4328 875 4400 peccanti
892 4326 1161 4393 afferunt,
1189 4334 1286 4384 aut
1316 4345 1546 4402 poenam
1577 4346 1694 4388 me-

335 4411 538 4465 rentur
564 4429 577 4463 :
609 4406 761 4463 unde
783 4407 832 4462 si
855 4407 961 4463 hoc
986 4407 1269 4480 posterius
1288 4409 1573 4466 motivum
1599 4410 1693 4468 de-

330 4486 541 4556 ficeret,
574 4504 646 4545 ex
677 4489 737 4545 vi
766 4485 1079 4545 attritionis
1127 4505 1244 4547 non
1297 4489 1686 4564 displicerent.

327 4568 530 4626 Modus
549 4574 741 4627 autem
766 4569 1079 4642 ille3quem
1126 4570 1347 4627 attritio
1389 4574 1694 4648 participat

329 4667 362 4709 a
382 4651 681 4717 charitate,
712 4655 768 4707 et
788 4665 891 4723 per
936 4666 1105 4724 quem
1136 4650 1385 4709 refertur
1412 4652 1484 4710 ad
1510 4658 1692 4713 Deum

327 4732 604 4789 ultimum
627 4729 824 4797 finem,
840 4735 925 4787 est
943 4732 1131 4788 solum
1154 4732 1359 4790 modus
1382 4736 1686 4809 generalis,

326 4818 385 4871 et
409 4813 674 4871 charitati
694 4812 1010 4870 secundum
1031 4815 1278 4888 speciem
1304 4816 1690 4887 conveniens;

328 4898 384 4952 et
401 4909 525 4951 non.
539 4893 840 4951 derivatur
866 4893 937 4951 ab
958 4912 1025 4953 ea
1064 4894 1311 4952 fervoris
1331 4897 1687 4966 excellentia,

324 4974 642 5033 secundum
663 4991 1026 5047 quamamor
1066 4976 1360 5035 charitatis
1384 4977 1693 5035 detestatur

323 5055 660 5115 virtualiter
688 5056 961 5115 venialia.
994 5057 1161 5115 Unde
1193 5057 1339 5116 sicut
1364 5074 1528 5117 amor
1552 5060 1694 5117 cha-

1837 585 2026 643 ritatis
2050 602 2123 643 ex
2144 586 2329 659 specie
2355 601 2459 643 sua
2491 585 2787 659 praecisive
2815 590 3034 658 accepta
3081 602 3196 644 non

1838 670 2121 731 retractat,
2179 681 2282 722 nec
2332 666 2519 722 aufert
2564 665 2820 722 venialia
2858 664 3196 722 efficaciter:

1835 747 1917 802 ita
1940 745 2143 804 modus
2172 746 2602 819 participativus
2648 744 2904 819 praedicti
2958 745 3193 813 amoriS,
3265 754 3282 760 ‘

1835 833 1891 884 et
1915 827 2211 885 derivatus
2233 828 2303 884 ad
2326 827 2704 892 attritionem,
2733 826 3200 899 nequitsufficere

1836 908 1906 966 ad
1947 926 2148 967 eorum
2175 910 2582 967 exclusionem.
2615 909 2673 965 Si
2704 913 2894 965 autem
2947 908 3200 965 charitas

1833 1007 1904 1049 ex
1926 991 2179 1059 formali,
2213 997 2309 1048 aut
2334 992 2573 1049 virtuali
2616 991 2934 1048 venialium
2988 990 3198 1064 displi-

1836 1073 2023 1129 centia
2061 1073 2374 1145 imperaret
2416 1087 2618 1128 eorum
2665 1070 3045 1138 attritionem,
3097 1076 3196 1126 aut

1834 1158 1989 1209 actus
2016 1153 2265 1209 aliarum
2292 1152 2593 1220 virtutum,
2638 1151 2886 1209 libenter
2930 1150 3195 1207 concedi-

1835 1251 1964 1290 mus
1985 1234 2241 1290 venialia
2269 1232 2614 1291 destruenda
2642 1232 2785 1298 fore,
2832 1238 2954 1287 tum
2984 1231 3056 1288 ob
3083 1231 3196 1287 dis·

1835 1317 2168 1391 plicentiam
2197 1314 2453 1375 habitam
2495 1317 2558 1372 in
2598 1320 2723 1372 actu
2750 1314 3047 1370 charitatis
3089 1315 3198 1371 im-

1835 1405 2091 1473 perante,
2112 1403 2236 1454 tum
2277 1397 2348 1455 ob
2368 1398 2674 1470 specialem
2721 1396 3016 1453 charitatis
3068 1413 3196 1454 mo-

1835 1481 1995 1553 dum,
2027 1496 2202 1552 quem
2230 1480 2447 1536 attritio
2465 1495 2536 1536 ex
2563 1480 2667 1551 illo
2689 1477 2921 1552 speciali
2945 1477 3192 1550 imperio

1836 1563 2220 1637 participaret.

1909 1643 1995 1699 Ad
2016 1642 2269 1715 primam
2308 1639 2826 1705 confirmationem,
2877 1639 3194 1697 omittendo
3208 1661 3393 1718 Respon-

1838 1724 2183 1798 praemissas,
2238 1737 2512 1797 negamus
2553 1720 3035 1793 consequentiam,
3068 1738 3192 1794 quae
3233 1710 3366 1755 ⁵¹⁰²‘1

1831 1822 1953 1863 non
1978 1810 2125 1861 recte
2146 1805 2396 1861 infertur
2422 1820 2494 1861 ex
2519 1803 2658 1859 illis.
2690 1805 2837 1858 Nam
2859 1803 2991 1859 licet
3014 1803 3074 1859 in
3092 1819 3192 1876 per
3208 1770 3381 1852 ρῖῗῖῗῗιῗῖ

1835 1904 1894 1945 se
1921 1885 2309 1944 subordinatis
2336 1888 2432 1960 qui
2469 1892 2648 1959 potest
2693 1887 2897 1960 maju5‚
2933 1887 3108 1959 possit
3135 1890 3192 1943 et
3232 1863 3377 1952 ”fiffiff‘

1836 1971 2030 2026 minus
2065 1992 2077 2026 :
2109 1975 2164 2026 at
2193 1970 2255 2026 in
2296 1970 2378 2026 eis
2405 1987 2529 2043 quaa
2557 1986 2673 2027 non
2711 1969 3187 2037 subordinantur,

1835 2052 1932 2110 sed
1953 2053 2241 2126 disparata
2265 2069 2325 2109 se
2367 2053 2594 2122 habent,
2623 2069 2741 2109 non
2769 2052 3100 2109 verificatur
3127 2067 3196 2108 ea

1837 2135 2052 2209 regula.
2081 2135 2150 2188 Et
2177 2134 2258 2189 ita
2284 2133 2486 2191 accidit
2503 2134 2576 2199 in
2601 2134 2886 2207 praesenti,
2919 2134 3055 2206 quia
3081 2148 3197 2189 me·

1837 2218 2015 2274 ritum
2032 2217 2166 2274 vitae
2195 2221 2441 2282 aeternas,
2469 2223 2524 2275 et
2544 2216 2851 2273 destructio
2873 2215 3195 2271 venialium

1837 2316 1954 2356 non
1996 2298 2212 2355 habent
2239 2297 2774 2354 subordinationem
2798 2296 2951 2352 inter
2977 2311 3064 2361 se;
3096 2293 3194 2351 sed

1836 2383 2016 2452 potest
2038 2379 2310 2435 meritum
2334 2396 2463 2435 cum
2485 2377 2789 2434 existentia
2837 2375 3048 2448 peccati
3094 2390 3198 2432 ve·

1836 2459 2010 2515 nialis
2033 2465 2087 2515 et
2115 2459 2370 2523 actualis,
2402 2464 2458 2515 et
2481 2457 2791 2514 habitualis
2811 2455 3098 2537 componi,
3132 2459 3196 2509 ut

1834 2557 1905 2597 ex
1925 2557 1986 2597 se
2013 2540 2416 2613 liquet-Unde
2464 2541 2526 2596 in
2574 2538 2934 2595 adversarios
2980 2536 3198 2593 confir-

1835 2622 2014 2678 matio
2044 2623 2362 2696 retorqueri
2391 2620 2558 2678 debet
2590 2620 2694 2676 sub
2729 2619 2929 2677 eadem
2971 2619 3160 2675 forma
3178 2643 3193 2685 ;

1835 2719 1971 2759 nam
2014 2704 2198 2777 majus
2261 2702 2398 2776 quid
2455 2707 2538 2758 est
2609 2700 2917 2758 destructio
2986 2699 3194 2772 peccati

1834 2782 2117 2849 mortaliS‚
2149 2799 2321 2855 quam
2373 2781 2684 2839 destructio
2725 2781 2975 2837 venialis
3026 2800 3040 2835 ε
3092 2778 3190 2835 sed

1832 2864 2101 2939 quaelibet
2120 2864 2393 2922 contritio
2430 2865 2634 2923 sufficit
2660 2864 2729 2922 ad
2777 2861 3193 2921 destruendum

1834 2948 2032 3003 omnia
2072 2947 2383 3011 mortalia,
2421 2953 2476 3003 et
2517 2949 2705 3003 nulla*
2733 2945 3003 3004 contritio
3035 2959 3184 3001 com·

1834 3027 2066 3099 ponitur
2111 3043 2241 3083 cum
2290 3027 2411 3083 illis
2444 3043 2622 3101 :ergo
2662 3026 2932 3098 quaelibet
2972 3022 3194 3079 contri-

1833 3110 1912 3166 tio
1963 3109 2167 3165 susficit
2219 3108 2289 3165 ad
2335 3108 2746 3164 destruendum
2798 3105 3086 3169 venialia,
3137 3108 3195 3160 et

1832 3190 1995 3245 nulla
2054 3204 2183 3245 cum
2249 3189 2387 3260 ipsis
2427 3189 2634 3260 poterit
2683 3186 2978 3259 conjungi.
3036 3182 3196 3247 Quod

1832 3274 2027 3325 tamen
2048 3272 2267 3324 constat
2292 3284 2414 3325 esse
2453 3268 2664 3323 falsum
2695 3288 2706 3322 ε
2737 3272 2860 3322 tum
2912 3263 3047 3337 quia
3095 3278 3198 3335 po-

1831 3352 1938 3406 test
1965 3349 2172 3420 aliquis
2219 3348 2430 3405 habere
2481 3348 2890 3404 contritionem
2942 3343 3011 3400 de
3058 3343 3198 3400 solis

1832 3427 2194 3496 mortalibus,
2226 3430 2366 3501 quin
2405 3428 2635 3501 aliquod
2660 3427 2890 3483 veniale
2933 3425 3198 3482 remitta-

1831 3516 1926 3566 tur
1952 3532 1965 3566 :
1991 3515 2113 3565 tum
2142 3509 2276 3582 quia
2307 3514 2489 3582 potest
2533 3506 2744 3565 habere
2783 3505 3196 3564 contritionem

1830 3593 1902 3650 de
1930 3592 2216 3666 aliquibus
2243 3590 2568 3649 venialibus
2617 3590 2866 3664 praecise,
2892 3593 2948 3645 et
2984 3603 3102 3644 non
3124 3586 3194 3644 de

1830 3674 1962 3731 aliis
1997 3694 2010 3728 ε
2039 3674 2104 3729 in
2132 3689 2243 3745 quo
2265 3677 2472 3730 eventu
2492 3687 2604 3728 non
2636 3670 2852 3739 omnia,
2877 3667 2976 3726 sed
2999 3667 3191 3741 aliqua

1829 3756 2129 3813 dumtaxat
2157 3756 2549 3812 remittuntur.

1904 3836 2163 3894 Secunda
2201 3834 2562 3893 confirmatio
2591 3833 2742 3891 nihil
2790 3832 3023 3899 evincit,
3055 3829 3362 3904 quia,s01vi.

1830 3936 1971 3993 opus
2010 3917 2225 3976 bonum
2279 3933 2396 3975 non
2441 3916 2754 3984 satisfacit,
2810 3917 2903 3974 vel
2948 3914 3192 3973 exsolvit
3231 3903 3381 3996 2323ss

1830 4018 2081 4075 poenam,
2116 4002 2229 4059 nisi
2269 4001 2560 4074 supposita
2607 3998 2948 4057 remissione
2979 3999 3190 4071 culpae3
3438 4000 3446 4008 '

1829 4089 1884 4141 et
1901 4083 2030 4140 ideo
2058 4084 2221 4157 prius
2244 4081 2557 4139 videndum
2599 4086 2701 4151 est,
2735 4098 2835 4154 per
2861 4080 2999 4154 quid
3029 4080 3194 4138 aufe·

1831 4169 1992 4221 ratur
2018 4166 2184 4238 culpa
2211 4163 2476 4230 venialiS,
2519 4179 2693 4237 quam
2721 4162 2790 4220 de
2841 4177 3031 4234 opere,
3081 4176 3194 4232 quo

1827 4249 1951 4322 ejus
1979 4263 2146 4321 poena
2171 4246 2429 4321 extingui
2460 4247 2629 4312 valet,
2675 4261 2928 4320 agamus
2958 4247 3192 4300 Certum

1829 4335 2020 4387 autem
2041 4336 2143 4398 est,
2175 4345 2291 4386 non
2318 4345 2490 4386 omne
2518 4345 2658 4401 opus
2685 4326 2922 4393 bonum,
2954 4332 3010 4384 et
3031 4326 3195 4383 satis-

1828 4410 2134 4467 factorium
2163 4411 2375 4484 opponi
2405 4406 2753 4472 venialibus,
2769 4412 2954 4464 autea
2974 4406 3186 4465 delere.

1827 4491 1935 4547 Sed
1955 4492 2091 4564 quia
2118 4492 2368 4556 Gabriel,
2395 4491 2554 4565 cujus
2584 4493 2709 4545 erat
2729 4489 2845 4545 haec
2874 4487 3188 4547 confirma·

1828 4571 2052 4638 tio,non
2079 4571 2381 4645 distinguit
2403 4571 2555 4627 inter
2568 4570 2795 4642 culpam
2809 4570 3186 4637 habitualem,

1826 4659 1883 4710 et
1901 4652 2311 4729 obligationem
2332 4652 2404 4710 ad
2427 4668 2674 4725 poenam,
2702 4650 2912 4710 idcirco
2940 4654 3191 4710 halluci-

1828 4740 1996 4792 natus
2024 4739 2124 4793 est.
2175 4734 2262 4790 Ad
2314 4731 2770 4790 additamentum
2822 4732 2972 4789 Scoti
3020 4733 3189 4791 facile

1827 4819 2044 4873 constat
2064 4830 2135 4872 ex
2162 4813 2327 4870 dictis
2344 4840 2360 4880 ;
2393 4829 2529 4869 nam
2564 4813 2696 4869 licet
2749 4816 2902 4869 actus
2947 4811 3192 4885 quilibet

1826 4897 2142 4963 charitatis,
2168 4912 2223 4952 v.
2253 4911 2306 4969 g.
2359 4895 2543 4969 magis
2590 4894 2805 4968 placeat
2849 4897 2983 4960 Deo,
3013 4912 3189 4968 quam

1828 4979 1938 5053 ipsi
1960 4978 2255 5053 displiceat
2275 4977 2592 5034 minimum
2615 4981 2905 5051 peccatum
2933 4978 3164 5035 veniale
3173 5001 3189 5046 ;

1828 5065 1884 5119 et
1904 5060 2010 5117 hac
2036 5060 2257 5118 ratione
2285 5058 2584 5133 praedictus
2611 5064 2766 5116 actus
2784 5059 2878 5128 sit,
2904 5064 3187 5133 quantum
