3647 5753
261 3211 439 3257 solutio.

460 424 571 480 330
1166 497 1169 500 ⁴
1222 411 1228 416 “
1382 410 1474 466 DE
1512 404 2095 463 JUSTIFICATIONE
2136 403 2342 458 IMPII.

464 616 489 646 «
522 593 803 650 rationem
828 589 1043 662 gratiae,
1074 590 1127 643 et
1154 583 1232 639 sic
1259 582 1446 657 gratia
1473 577 1685 635 Christi
1714 592 1819 650 po-

463 699 488 729 «
521 680 628 731 test
654 673 763 729 dici
788 668 1036 734 infinita,
1061 682 1128 724 eo
1153 663 1303 738 quod
1331 678 1448 720 non
1491 660 1774 716 limitatur
1799 683 1814 727 ;

464 777 490 808 «
518 754 654 827 quia
675 751 891 808 scilicet
912 746 1080 805 habet
1101 742 1376 818 quidquid
1401 741 1689 817 pertinere
1715 755 1818 813 po-

465 860 490 890 «
519 841 628 894 test
649 835 718 891 ad
749 833 1033 890 rationem
1060 826 1281 901 gratiae.
1324 830 1382 883 et
1420 840 1538 882 non
1563 823 1731 879 datur
1763 822 1818 879 ei

462 940 488 969 «
518 915 831 975 secundum
862 912 1114 983 aliquam
1142 912 1357 965 certam
1398 919 1731 963 mensuram
1761 901 1819 957 id

462 996 667 1072 «quod
709 995 779 1051 ad
824 993 1109 1049 rationem
1165 987 1368 1062 gratiae
1423 984 1706 1059 pertinet;
1752 997 1821 1039 eo

465 1101 488 1132 (ι
518 1077 669 1151 quod
691 1072 1003 1132 secundum
1026 1068 1381 1143 propositum
1407 1066 1531 1132 Dei,
1556 1065 1713 1138 cujus
1737 1065 1823 1119 est

365 1190 372 1197 ·
461 1181 487 1212 α
519 1158 767 1234 gratiam
831 1165 1173 1210 mensurare
1196 1191 1210 1216 ,
1272 1147 1566 1204 confertur
1592 1143 1822 1200 animae

466 1262 490 1292 «
521 1237 735 1295 Christi
769 1236 911 1291 sicut
936 1227 1256 1288 universali
1286 1225 1572 1301 principio
1597 1221 1823 1298 gratifi-

465 1318 761 1376 «cationis
809 1316 872 1370 in
915 1315 1172 1370 humana
1217 1314 1459 1373 natura,
1506 1304 1822 1363 secundum

466 1422 491 1453 «
522 1398 669 1456 illud
698 1397 902 1471 Ephes.
939 1396 987 1450 l:
1010 1388 1365 1449 Gratificavit
1394 1404 1497 1445 nos
1526 1386 1590 1443 in
1619 1384 1823 1442 dilecto

463 1479 644 1536 «filio
670 1493 790 1535 suo.
842 1477 1001 1531 Sicut
1043 1472 1092 1528 si
1134 1471 1413 1533 dicamus,
1444 1469 1629 1524 lucem
1678 1464 1825 1522 Solis

466 1585 489 1615 «
521 1578 643 1620 esse
698 1557 1011 1621 infinitam,
1057 1569 1175 1610 non
1222 1551 1453 1626 quidem
1512 1546 1822 1607 secundum

466 1668 489 1698 «
521 1659 690 1701 suum
719 1657 859 1706 esse,
884 1637 982 1695 sed
1009 1634 1323 1693 secundum
1352 1633 1635 1690 rationem
1658 1628 1821 1696 luciS,

464 1727 655 1799 «quia
702 1723 872 1780 habet
914 1717 1192 1793 quidquid
1235 1715 1306 1773 ad
1358 1715 1641 1772 rationem
1685 1709 1827 1767 lucis

466 1831 492 1862 «
525 1807 817 1881 pertinere
841 1805 1041 1875 potest.
1074 1820 1100 1851 »

249 1909 433 1962 Tertium
532 1890 629 1944 42.
671 1884 949 1959 Arguitur
1001 1872 1214 1945 terti03
1270 1892 1405 1932 nam
1447 1875 1527 1932 ita
1551 1890 1612 1931 se
1656 1870 1828 1929 habet

250 1970 429 2061 mgffigh
461 1967 769 2026 satisfactio
792 1964 862 2022 ad
901 1957 1393 2021 satisfaciendum,
1426 1956 1572 2013 sicut
1606 1953 1828 2030 justitia

463 2052 533 2110 ad
557 2043 987 2126 justificandum
1015 2063 1028 2098 :
1057 2040 1156 2098 sed
1180 2039 1446 2097 homines
1470 2035 1830 2094 satisfaciunt

466 2136 580 2189 Deo
607 2145 711 2204 pro
747 2123 984 2199 peccatis
1009 2120 1130 2177 suis
1149 2136 1221 2176 ex
1252 2119 1443 2193 rigore
1464 2115 1700 2190 justitiae
1728 2129 1829 2187 per

462 2209 911 2270 satisfactionem
958 2204 1022 2258 in
1089 2200 1316 2257 Christo
1367 2198 1729 2261 existentem,
1772 2198 1829 2251 et

466 2292 606 2368 ipsis
629 2288 929 2346 moraliter
951 2281 1293 2356 applicatam
1321 2303 1335 2337 ι
1359 2294 1494 2353 ergo
1517 2274 1831 2352 justifican-

465 2382 561 2432 tur
582 2374 759 2431 etiam
798 2384 899 2443 per
918 2363 1201 2442 justitiam
1234 2363 1298 2419 in
1325 2361 1551 2418 Christo
1575 2360 1832 2417 existen-

467 2461 603 2518 tem,
634 2457 689 2509 et
714 2465 844 2506 cum
872 2447 954 2503 eis
997 2442 1300 2500 moraliter
1340 2438 1533 2498 media
1553 2438 1666 2496 fide
1692 2453 1833 2494 con-

461 2537 742 2611 junctam,
768 2530 910 2604 quin
939 2525 1053 2582 alia
1077 2525 1302 2600 justitia
1329 2522 1619 2579 inhaerens
1645 2519 1837 2581 indis-„

468 2612 842 2689 pensabiliter
871 2606 1219 2679 requiratur.
1263 2603 1459 2659 Minor
1485 2598 1829 2667 ostenditur,

467 2695 602 2769 quia
625 2690 889 2748 homines
917 2688 1208 2758 nequeunt
1237 2697 1340 2756 per
1366 2686 1525 2738 actus
1569 2680 1836 2753 proprios

468 2774 794 2833 satisfacere
821 2773 934 2838 Deo
982 2781 1086 2840 pro
1112 2764 1232 2819 suis
1260 2763 1498 2835 peccatis
1526 2777 1598 2818 ex
1646 2762 1836 2836 rigore

466 2854 702 2933 justitiae
736 2873 749 2909 z
792 2863 927 2923 ergo
954 2847 1046 2904 vel
1074 2859 1193 2902 non
1233 2842 1314 2898 ita
1340 2842 1715 2907 satisfaciunt,
1743 2841 1835 2898 vel

471 2935 829 2999 satisfaciunt
882 2945 983 3003 per
1021 2923 1469 2983 satisfactionem
1524 2939 1558 2979 a
1610 2922 1837 2979 Christo

474 3017 719 3076 Domino
739 3010 991 3070 elicitam
1031 3011 1088 3064 et
1125 3005 1208 3062 eis
1252 3004 1555 3061 moraliter
1583 3003 1837 3076 applica-

474 3105 945 3243 tanlie-spondetur
973 3158 1235 3235 negando
1253 3159 1532 3234 maj0rem
1560 3155 1631 3214 ob
1654 3155 1839 3213 mani-

477 3257 677 3313 festam
707 3247 1102 3322 disparitatem
1146 3242 1299 3298 inter
1345 3238 1834 3315 justificationem,

477 3345 533 3397 et
571 3332 1058 3394 satisfactionem;
1101 3326 1220 3382 haec
1270 3323 1482 3397 quippe
1515 3337 1586 3379 ex
1630 3335 1841 3396 genere

478 3437 581 3478 suo
625 3423 710 3476 est
752 3412 889 3489 quid
937 3409 1177 3475 morale,
1219 3413 1278 3465 et
1327 3410 1509 3480 potest
1540 3403 1842 3460 moraliter

480 3498 755 3575 applicari
783 3496 857 3559 ei,
882 3507 1012 3549 cum
1034 3506 1145 3562 quo
1166 3486 1524 3545 satisfaciens
1545 3490 1629 3542 est
1655 3499 1843 3539 mora-

459 3584 615 3639 ’liter
642 3580 871 3642 unitus;
901 3573 1064 3631 etsie
1105 3586 1255 3626 unus
1298 3568 1469 3624 homo
1522 3571 1701 3639 potest
1739 3579 1842 3637 pro

478 3667 661 3723 altero
688 3658 1033 3718 satisfacere.
1058 3657 1338 3711 Caeterum
1362 3647 1710 3724 justificatiO,
1741 3661 1841 3703 seu

479 3740 854 3803 sanctificatio
888 3754 961 3795 ex
985 3750 1197 3810 genere
1220 3748 1324 3789 suo
1367 3734 1452 3787 est
1475 3727 1614 3803 quid
1643 3725 1844 3802 physi-

480 3842 644 3891 cum3
671 3822 944 3894 importat
970 3817 1128 3873 enim
1151 3815 1305 3871 inter
1332 3811 1447 3868 alia
1472 3825 1610 3866 vera
1632 3808 1845 3881 princi·

483 3907 579 3981 pia
623 3903 856 3977 physica
883 3891 954 3954 ad
981 3893 1333 3955 eliciendum
1360 3889 1718 3963 operationes
1743 3904 1846 3943 su·-

484 3984 901 4063 pernaturaleS,
955 3977 1162 4051 quibus
1189 3971 1594 4046 conjungimur
1626 3968 1760 4037 De0,
1790 3974 1849 4027 et

486 4067 888 4138 mancipamur
936 4058 1139 4115 divino
1190 4053 1367 4112 cultui
1416 4072 1428 4107 ε
1470 4067 1581 4123 qua
1624 4051 1847 4108 ratione

488 4148 686 4222 nequit
709 4159 854 4200 unus
882 4141 1054 4197 homo
1096 4132 1460 4199 sanctificari,
1494 4135 1590 4188 aut
1631 4130 1848 4205 justifi-

485 4231 603 4288 cari
629 4242 731 4301 per
756 4221 1136 4283 sanctitatem,
1167 4215 1258 4272 vel
1281 4211 1563 4288 justitiam
1586 4212 1844 4269 alterius.

488 4314 642 4368 Sicut
686 4307 860 4366 etiam
903 4315 1111 4358 manus
1163 4300 1345 4370 potest
1375 4293 1699 4350 satisfacere
1745 4309 1848 4366 pro

489 4391 714 4454 delicto,
730 4382 879 4458 quod
898 4380 1097 4454 lingua
1112 4374 1430 4441 commisit;
1448 4373 1849 4445 nequittamen

489 4489 612 4533 esse
637 4467 822 4528 calida
850 4480 950 4538 per
979 4462 1226 4534 calorem
1254 4458 1318 4514 in
1360 4456 1554 4530 lingua
1592 4456 1849 4513 existen-

489 4563 627 4620 tem,
657 4549 755 4609 sed
782 4546 949 4605 debet
980 4543 1124 4601 affici
1150 4541 1339 4598 calore
1364 4536 1475 4593 sibi
1504 4536 1847 4594 inhaerente.

487 4641 580 4697 Sic
613 4649 748 4710 ergo
788 4628 1047 4686 Christus
1073 4622 1354 4681 Dominus
1382 4617 1547 4679 nobis
1593 4633 1695 4691 per
1722 4634 1852 4686 moe

487 4722 627 4778 dum
676 4709 875 4784 capitis
914 4704 1217 4763 moraliter
1274 4700 1471 4758 unitus
1515 4702 1695 4772 potest
1748 4715 1852 4772 pro

488 4799 655 4861 nobis
700 4790 1027 4851 satisfacere
1054 4828 1068 4852 ,
1115 4789 1172 4842 et
1218 4780 1605 4841 nihilominus
1656 4780 1853 4853 nequit

488 4901 593 4944 nos
613 4871 971 4937 sanctificare
984 4884 1085 4944 per
1103 4865 1464 4925 sanctitatem
1486 4863 1550 4919 in
1570 4861 1691 4936 ipso
1705 4862 1854 4919 exis-

487 4968 724 5024 tentem,
750 4955 845 5013 sed
878 4949 1198 5010 necessaria
1224 4952 1310 5004 est
1329 4946 1445 5003 alia
1463 4943 1732 5000 sanctitas
1754 4959 1854 5001 no·

488 5046 579 5104 bis
611 5044 911 5112 impressa,
956 5037 1012 5090 et
1054 5045 1228 5104 quam
1271 5026 1530 5084 Christus
1570 5024 1852 5083 Dominus

1952 590 2055 649 per
2079 552 2183 631 sua
2204 573 2411 632 merita
2434 574 2734 632 moraliter
2761 572 2823 628 in
2840 568 3006 627 nobis
3027 565 3306 641 producit.

1954 658 2070 713 Hac
2094 656 2254 712 enim
2280 655 2579 712 sanctitate
2622 654 2854 710 interna
2878 649 3159 707 efficimur
3187 652 3312 703 actu

1952 735 2217 797 membra
2243 735 2477 799 Christi,
2508 740 2566 791 et
2613 731 3022 807 consequimur
3060 728 3312 784 fructum

1952 817 2358 884 satisfactionis
2385 816 2545 872 illius
2570 839 2608 883 3.
2636 815 2805 872 aliter
2830 812 3056 886 quippe,
3100 810 3231 866 licet
3250 808 3313 864 in

1953 918 2014 959 se
2037 900 2524 958 sufficientissima
2549 899 2644 963 sit,
2676 897 2843 954 nobis
2868 895 3169 954 efficaciter
3196 906 3314 948 non

1956 981 2204 1055 prodest.
2227 983 2409 1046 Quam
2437 979 2758 1037 doctrinam
2799 976 2976 1033 tradit
3002 978 3069 1031 D.
3105 972 3308 1029 Thom.
3346 971 3507 1015 D·‘1'b⁰·

1955 1064 1991 1119 3
2010 1070 2161 1136 part.
2194 1069 2376 1140 quast.
2428 1064 2521 1128 49,
2552 1068 2662 1118 art.
2702 1062 2749 1125 l,
2781 1061 2841 1114 in
2867 1076 3014 1131 corp.
3060 1055 3157 1113 ubi
3191 1053 3308 1111 ait:

1960 1165 1985 1197 α
2020 1143 2215 1200 Passio
2245 1142 2458 1198 Christi
2481 1145 2671 1198 causat
2698 1139 3102 1196 remissionem
3130 1148 3317 1209 pecca·

1964 1248 1990 1280 «
2017 1231 2208 1283 torum
2256 1242 2358 1298 per
2395 1224 2631 1283 modum
2680 1220 3097 1296 redemptionis
3120 1242 3135 1286 3
3182 1215 3319 1290 quia

1963 1328 1989 1360 α
2018 1306 2176 1364 enim
2198 1306 2320 1380 ipse
2339 1309 2423 1362 est
2448 1308 2615 1378 caput
2641 1307 2922 1368 nostrum,
2957 1316 3060 1373 per
3099 1296 3320 1371 passio-

1962 1410 1988 1440 «
2022 1403 2155 1445 nem
2176 1401 2360 1449 suam,
2375 1400 2548 1459 quam
2563 1399 2634 1441 ex
2649 1383 2945 1449 charitate,
2969 1386 3024 1438 et
3043 1377 3319 1438 obedien-

1965 1489 1991 1521 α
2019 1469 2101 1525 tia
2120 1465 2413 1533 sustinuit,
2436 1463 2705 1520 liberavit
2726 1478 2830 1520 nos
2843 1468 3118 1535 tanquam
3141 1473 3320 1516 mem-

1963 1568 1989 1599 «
2022 1547 2127 1604 bra
2169 1563 2273 1603 sua
2317 1561 2351 1601 a
2410 1544 2667 1617 peccatis,
2717 1542 2879 1616 quasi
2925 1557 3028 1617 per
3068 1539 3316 1613 pretium

1966 1650 1992 1681 α
2019 1643 2137 1684 suae
2164 1624 2465 1700 passionis.
2496 1623 2650 1680 Sicut
2674 1623 2919 1680 sihomo
2946 1637 3047 1694 per
3089 1614 3320 1692 aliquod

1964 1731 1990 1762 α
2022 1725 2163 1782 opus
2209 1705 2598 1778 meritorium,
2646 1703 2795 1778 quod
2848 1719 3028 1760 manu
3072 1704 3315 1765 exercet,

1965 1810 1990 1843 (ι
2024 1788 2406 1847 redimeretse
2428 1803 2461 1842 a
2483 1791 2723 1859 peccato,
2742 1784 2892 1859 quod
2914 1783 3153 1858 pedibus
3173 1798 3322 1841 com-

1966 1891 1993 1923 «
2022 1869 2293 1926 misisset.
2329 1887 2356 1921 »
2402 1867 2471 1921 Et
2502 1872 2692 1938 postea
2737 1869 2845 1922 art.
2872 1865 2926 1930 3,
2972 1865 3035 1921 in
3061 1879 3210 1937 resp.
3250 1861 3322 1919 ad

1960 1952 2015 2016 3,
2057 1950 2303 2023 explicat
2365 1946 2624 2015 modum,
2695 1964 2805 2020 quo
2874 1947 3324 2019 incorporamur

1964 2031 2211 2096 Christo,
2237 2035 2293 2087 et
2311 2028 2593 2086 efficimur
2633 2029 2932 2086 moraliter
2979 2026 3101 2099 ejus
3132 2040 3324 2083 mem-

1963 2112 2098 2169 bra:
2131 2135 2156 2164 α
2179 2110 2519 2177 satisfactio,
2554 2130 2580 2162 n
2614 2109 2822 2185 inquit,
2858 2130 2884 2161 α
2912 2108 3127 2165 Christi
3154 2105 3324 2164 habet

1969 2217 1995 2249 α
2023 2193 2285 2252 effectum
2315 2194 2378 2252 in
2395 2191 2659 2258 nobis,in
2681 2196 2959 2267 quantum
2983 2191 3326 2263 incorpora-

1971 2296 1996 2327 «
2026 2290 2160 2330 mur
2204 2274 2279 2340 ei,
2310 2279 2374 2329 ut
2401 2272 2663 2331 membra
2696 2288 2800 2329 suo
2825 2271 3017 2345 capiti.
3063 2268 3327 2326 Membra

1972 2377 1997 2408 α
2028 2360 2217 2412 autem
2245 2360 2467 2428 oportet
2486 2354 2656 2428 capiti
2684 2350 3056 2410 conformari.
3109 2351 3178 2405 Et
3198 2348 3327 2406 ideo

1972 2458 1999 2489 α
2026 2436 2186 2512 sicut·
2204 2436 2463 2493 Christus
2492 2436 2679 2510 primo
2704 2433 2934 2508 quidem
2964 2432 3166 2490 habuit
3189 2447 3327 2506 gra-

1972 2538 1997 2569 «
2029 2516 2168 2573 tiam
2192 2516 2255 2572 in
2282 2518 2480 2574 anima
2505 2531 2633 2573 cum
2651 2513 3026 2587 passibilitate
3045 2511 3321 2586 corporiS,

1974 2619 1999 2651 «
2028 2602 2081 2654 et
2107 2613 2207 2669 per
2237 2598 2555 2670 passionem
2595 2596 2664 2653 ad
2692 2596 2940 2670 gloriam
2971 2591 3330 2651 immortali-

1975 2700 2000 2732 «
2029 2678 2162 2735 tatis
2183 2680 2445 2752 pervenit
2470 2703 2482 2745 ;
2506 2684 2564 2734 et
2584 2693 2704 2744 nos,
2725 2678 2823 2751 qui
2845 2691 3047 2732 sumus
3067 2673 3330 2732 membra

1975 2780 2001 2812 «
2030 2759 2171 2832 ejus,
2228 2759 2330 2832 per
2393 2760 2719 2833 passionem
2770 2757 2954 2830 ipsius
3008 2755 3332 2813 liberamur

1975 2860 2001 2893 α
2030 2838 2263 2914 quidem
2305 2857 2338 2897 a
2367 2845 2528 2899 reatu
2554 2836 2856 2915 qu‘uslibet
2895 2853 3076 2912 poenae
3102 2836 3215 2893 :ita
3241 2839 3331 2893 ta-

1974 2944 2001 2976 «
2032 2938 2186 2991 men,
2236 2923 2386 2996 quod
2433 2923 2622 2996 primo
2669 2921 2977 2995 recipimus
3035 2920 3100 2975 in
3133 2918 3332 2976 anima

1975 3025 2000 3056 α
2030 3004 2298 3077 spiritum
2323 3004 2646 3077 adoptionis
2666 3003 2946 3069 filiorum,
2972 3017 3085 3074 quo
3112 2998 3333 3057 adscri-

1976 3108 2003 3140 α
2033 3085 2229 3143 bimur
2269 3085 2339 3143 ad
2367 3086 2758 3144 haereditatem
2786 3084 2985 3160 gloriae
3025 3083 3335 3139 immorta-

1978 3189 2004 3220 α
2033 3167 2120 3233 lis,
2145 3172 2249 3223 etc.
2297 3186 2322 3219 ³>

2045 3247 2136 3303 43.
2182 3247 2457 3322 Arguitur
2495 3252 2735 3322 quarto:
2769 3262 2906 3303 nam
2947 3243 3191 3317 iustitia,
3222 3247 3553 3315 qanuartum

1972 3342 2170 3383 sumus
2196 3333 2251 3384 et
2270 3326 2521 3384 dicimur
2565 3328 2704 3402 justi
2751 3342 2942 3385 coram
2995 3328 3128 3390 Deo,
3170 3307 3539 3392 debetsse‘ffffim

1972 3414 2165 3466 exacte
2191 3409 2635 3482 correspondere
2665 3409 2892 3483 regulae,
2925 3421 3025 3474 seu
3075 3403 3187 3478 legi
3239 3401 3335 3458 di·-

1975 3489 2127 3546 vinae
2154 3509 2166 3544 ε
2196 3489 2299 3546 hoc
2318 3495 2420 3556 est,
2452 3488 2619 3547 debet
2641 3489 2937 3546 continere
2957 3485 3178 3552 omnia,
3208 3498 3335 3556 quae

1976 3569 2124 3626 dicta
2146 3571 2237 3627 lex
2262 3568 2439 3644 jubet,
2466 3575 2523 3627 et
2562 3569 2712 3625 nihil
2739 3567 2968 3634 habere,
3000 3564 3151 3639 quod
3185 3579 3337 3637 prae-

1974 3651 2136 3707 dictae
2158 3650 2266 3725 legi
2298 3655 2590 3725 repugnet,
2612 3649 2830 3722 justum
2851 3648 3062 3721 quippe
3086 3644 3338 3702 sumitur

1975 3748 2048 3790 ex
2076 3730 2341 3806 praedicta
2360 3728 2864 3804 correspondentia
2886 3727 2954 3785 ad
2977 3742 3142 3784 suam
3166 3741 3338 3800 regu-

1976 3812 2096 3868 lam
2142 3835 2155 3879 ;
2185 3817 2241 3868 et
2290 3809 2419 3870 ideo
2446 3812 2521 3868 ad
2566 3809 2751 3868 Galat.
2785 3811 2838 3875 3,
2868 3808 3079 3864 dicitur
3110 3830 3124 3864 z
3155 3806 3339 3864 Male·
3353 3806 3535 3899 augei.

1976 3893 2154 3948 dictus
2179 3894 2275 3970 qui
2294 3910 2403 3948 non
2440 3892 2803 3966 permanserit
2851 3889 2912 3944 in
2955 3887 3341 3965 omnibusquae

1977 3974 2185 4045 scripta
2218 3979 2347 4028 sunt
2380 3975 2441 4028 in
2481 3972 2618 4028 libro
2659 3973 2807 4043 teyis,
2839 3977 2900 4026 ut
2934 3970 3112 4042 saciat
3155 3974 3253 4023 ea?
3272 3968 3343 4022 Et

1978 4053 2169 4111 Jacobi
2198 4056 2234 4111 2
2261 4052 2636 4130 :Quicumque
2662 4060 2833 4109 totam
2878 4051 3041 4122 leqem
3084 4047 3341 4104 servave-
3353 4068 3559 4114 saconia.

1978 4137 2073 4203 rit,
2104 4134 2387 4207 offenderit
2411 4142 2594 4191 autem
2640 4136 2701 4210 iri
2737 4151 2866 4199 uno,
2897 4133 3081 4204 factus
3115 4136 3192 4185 est
3214 4145 3342 4193 om:-

1981 4216 2137 4270 nium
2162 4232 2305 4272 reus.
2329 4214 2499 4287 Atqui
2517 4213 2739 4289 justitia
2768 4211 2934 4269 nobis
2955 4209 3264 4274 inhaerens,
3286 4208 3337 4263 si

1980 4312 2105 4370 quae
2147 4302 2249 4364 est,
2300 4312 2418 4353 non
2463 4294 2867 4368 correspondet
2896 4289 3341 4365 exacteregulae

1980 4378 2198 4435 divinae
2222 4396 2234 4430 ε
2267 4394 2403 4453 ergo
2432 4378 2629 4451 nequit
2656 4394 2759 4435 nos
2784 4375 3126 4434 constituere
3160 4372 3341 4446 justos

1981 4474 2174 4515 coram
2199 4459 2311 4515 Deo
2336 4481 2350 4526 ;
2382 4463 2548 4531 atque
2586 4457 2716 4515 ideo
2744 4457 2836 4513 vel
2863 4471 2981 4512 non
3006 4469 3206 4510 sumus
3243 4466 3342 4508 oo-

1985 4557 2110 4597 ram
2134 4541 2236 4597 illo
2252 4541 2410 4615 justi,
2438 4542 2531 4598 vel
2569 4541 2711 4597 tales
2737 4538 3019 4596 efficimur
3047 4552 3148 4609 per
3167 4533 3343 4610 justi-

1983 4623 2126 4679 tiam
2167 4621 2379 4678 Christi
2421 4620 2587 4680 nobis
2626 4620 2928 4679 moraliter
2973 4616 3338 4692 applicatam.

1985 4701 2267 4760 Probatur
2296 4703 2524 4760 minor:
2568 4707 2689 4758 tum
2736 4701 2872 4774 quia
2913 4715 3086 4757 nemo
3135 4697 3199 4753 in
3238 4696 3345 4753 hac

1985 4783 2106 4841 vita
2132 4789 2283 4840 caret
2310 4783 2568 4857 peccatis,
2598 4800 2723 4858 quae
2767 4780 2982 4839 divinae
3022 4778 3136 4853 legi
3165 4792 3345 4850 repu-

1975 4868 2183 4939 gnant,
2204 4864 2367 4938 juxta
2392 4863 2539 4921 illud
2571 4865 2590 4920 1
2617 4866 2785 4921 Joan.
2807 4877 2932 4935 cap.
2959 4863 2978 4917 l
3001 4880 3014 4915 ε
3036 4857 3105 4918 Si
3123 4858 3570 4916 dixeri-uma

1984 4961 2126 5011 mus,
2152 4947 2417 5023 quoniam
2437 4951 2717 5017 peccatum
2767 4961 2877 5000 non
2922 4940 3201 5005 habemus,
3235 4939 3345 5011 ipsi

1984 5044 2082 5084 nos
2099 5027 2424 5096 seducimus,
2443 5035 2491 5085 et
2520 5030 2722 5085 veritas
2741 5029 2802 5083 in
2836 5025 2992 5083 nobis
3011 5039 3121 5080 non
3145 5022 3347 5160 &gagg
