3647 5753
1478 431 1657 489 DISP.
1702 434 1770 502 11,
1815 433 1982 488 DUB.
2024 433 2168 488 VIII.

359 612 417 666 et
443 606 703 681 plurium
744 603 1180 660 Thomistarum
1221 604 1507 661 sententia
1534 609 1724 661 censet

146 688 614 746 Thomas.Thomas
638 684 897 741 Hurtado
943 691 1072 739 tom.
1106 686 1140 739 2
1169 688 1386 741 variar.
1419 692 1583 740 tract.
1613 685 1716 742 ult.

143 751 330 797 mmm·
358 770 517 826 resol.
542 770 596 834 9,
624 767 808 824 adhuc
828 758 1025 821 tamen
1046 764 1308 823 eminent
1340 770 1719 832 sacramenta;

361 853 479 909 haec
500 852 711 925 quippe
736 855 974 905 causant
999 852 1055 903 et
1079 848 1326 921 gratiam
1353 847 1721 905 sanctifican-

355 938 494 1001 tem,
526 939 583 990 et
608 931 849 995 auxilia,
874 944 1000 1003 quae
1025 927 1277 984 efficiunt
1299 934 1520 986 motum
1544 928 1723 986 detes·

356 1016 593 1075 tationis
636 1014 960 1073 venialium
995 1012 1482 1067 :sacramentalia
1529 1016 1718 1067 autem

359 1112 479 1154 non
523 1096 776 1153 efficiunt
819 1093 1089 1168 gratiam,
1128 1091 1226 1148 sed
1252 1096 1478 1147 tantum
1507 1090 1720 1147 habent

356 1193 428 1235 ex
455 1178 717 1251 precibus
744 1174 1007 1232 Ecclesiae
1035 1173 1350 1245 impetrare
1380 1170 1717 1228 infallibili-

355 1265 443 1316 ter
489 1258 743 1324 auxilia,
794 1255 1001 1329 quibus
1046 1253 1399 1311 detestemur
1437 1252 1715 1309 venialia.

355 1338 520 1404 Quod
545 1337 791 1411 qualiter
817 1334 935 1404 fiat,
968 1351 1087 1391 non
1115 1340 1200 1391 est
1229 1334 1399 1409 hujus
1439 1333 1568 1399 loci,
1619 1328 1718 1388 sed

358 1422 418 1475 in
465 1420 500 1474 3
538 1425 692 1491 part.
741 1422 921 1493 quaest.
967 1417 1059 1480 87,
1091 1422 1203 1471 art.
1242 1415 1296 1479 3,
1330 1413 1718 1469 communiter

357 1501 695 1574 explicatur.
735 1500 919 1554 Sacrae
967 1502 1158 1554 autem
1205 1495 1491 1569 imagines
1536 1494 1720 1551 adhuc

358 1581 571 1639 habent
599 1581 886 1636 minorem
914 1579 1240 1645 efficaciam,
1272 1577 1407 1650 quia
1436 1592 1554 1633 non
1581 1593 1717 1633 cau-

358 1667 618 1728 sant,nec
638 1661 953 1732 impetrant
975 1660 1193 1716 auxilia
1222 1658 1291 1714 ad
1318 1656 1716 1715 detestandum

358 1741 632 1808 venialia,
680 1738 781 1795 sed
821 1741 1010 1797 solum
1038 1755 1142 1794 nos
1169 1744 1405 1797 movent
1443 1735 1717 1812 objective

360 1823 432 1881 ad
458 1827 611 1881 actus
639 1822 886 1895 pietatis.
912 1824 1003 1877 An
1040 1827 1232 1878 autem
1260 1820 1468 1894 aliquae
1504 1819 1716 1894 imagi-

355 1924 459 1965 nes
484 1905 728 1964 debeant
758 1904 1042 1962 recenseri
1070 1904 1225 1959 inter
1250 1903 1710 1970 sacramentalia,

351 1996 415 2046 ut
442 1988 509 2045 de
537 2004 701 2045 cruce
723 1988 1015 2045 existimat
1039 1986 1258 2043 Author
1290 2002 1467 2059 supra
1488 1985 1711 2053 citatus,

349 2087 453 2128 suo
478 2070 600 2126 loco
622 2069 969 2127 videbimuS.

137 2178 329 2223 nomer.
426 2154 540 2207 Nec
565 2150 824 2223 sequitur
844 2147 1113 2214 tertium;
1145 2162 1282 2203 nam
1318 2147 1419 2203 ille
1444 2148 1541 2220 qui
1583 2161 1714 2202 cum

177 2226 295 2272 tium.
352 2230 726 2287 attributione
754 2229 823 2285 de
850 2230 990 2286 solis
1031 2226 1358 2283 venialibus
1404 2227 1617 2285 accedit
1644 2225 1715 2283 ad

348 2317 772 2369 sacramentum
829 2309 1181 2385 poenitentiae
1204 2350 1218 2375 ,
1271 2310 1434 2383 ponit
1479 2322 1714 2364 omnem

350 2392 807 2465 dispositionem,
832 2407 956 2464 quae
981 2407 1053 2447 ex
1081 2395 1242 2463 parte
1262 2405 1365 2445 sua
1393 2389 1715 2461 requiritur

353 2474 423 2530 ad
445 2474 706 2531 effectum
742 2472 996 2547 praedicti
1038 2472 1402 2537 sacramenti,
1429 2476 1485 2528 et
1509 2486 1713 2527 conse-

352 2563 593 2630 quenter
634 2556 835 2629 recipit
883 2558 1234 2631 praecipuum
1261 2558 1383 2631 ejus
1410 2553 1706 2621 effectum,

353 2653 562 2713 nempe
598 2638 845 2713 gratiam
890 2640 1254 2696 remissivam
1283 2637 1625 2703 venialium,
1656 2640 1713 2693 et

349 2721 586 2787 auxilia,
612 2719 822 2794 quibus
843 2721 911 2778 ad
933 2738 1133 2778 eorum
1155 2720 1590 2778 detestationem
1611 2733 1708 2774 ex-

343 2800 570 2857 citatur.
598 2798 757 2866 Quod
787 2807 977 2858 autem
1006 2801 1068 2857 in
1097 2803 1378 2859 actualem
1399 2816 1601 2858 eorum
1625 2813 1711 2855 re-

344 2885 745 2942 tractationem
771 2901 889 2942 non
911 2892 1268 2960 prorumpat,
1288 2891 1345 2942 et
1371 2885 1449 2942 ita
1470 2886 1710 2941 illorum

347 2966 611 3023 remissio
657 2966 1008 3040 impediatur
1042 3011 1055 3034 ,
1120 2974 1410 3042 peccatum
1465 2965 1711 3022 mortale

343 3062 464 3104 non
515 3053 599 3108 est
631 3070 643 3105 :
675 3054 797 3105 tum
850 3051 1003 3122 quia,
1037 3055 1097 3106 ut
1140 3066 1313 3122 supra
1342 3048 1596 3104 vidimus
1638 3062 1711 3103 ex

127 3162 183 3203 D.
207 3161 313 3204 Tho.
348 3131 412 3186 D.
439 3130 643 3188 Thom.
672 3134 903 3189 nullum
936 3137 1364 3189 sacramentum
1406 3130 1711 3187 ordinatur

348 3213 749 3287 principaliter
791 3215 860 3271 ad
887 3213 1211 3271 tollendum
1240 3220 1464 3288 peccata
1503 3213 1709 3269 venia-

348 3293 427 3350 lia
457 3316 471 3350 :
499 3295 649 3368 quod
689 3295 758 3351 de
796 3303 1155 3354 sacramento
1190 3293 1540 3369 poenitentiae
1579 3309 1710 3365 spe-

347 3375 573 3434 cialiter
599 3376 758 3434 docet
781 3378 815 3431 3
831 3385 980 3450 part.
1013 3385 1198 3456 quast.
1239 3379 1331 3443 84,
1363 3384 1471 3432 art.
1500 3378 1534 3431 2
1555 3374 1630 3429 ad
1649 3375 1704 3440 3,

346 3456 441 3512 his
468 3456 659 3514 verbis
687 3479 700 3514 ε
740 3479 765 3510 α
806 3460 887 3515 De
910 3464 1134 3531 peccato
1157 3457 1392 3515 mortali
1414 3460 1499 3513 est
1521 3453 1710 3527 poeni-

355 3559 382 3592 «
426 3541 607 3596 tentia
654 3541 905 3613 proprie,
932 3546 988 3596 et
1016 3542 1435 3614 principaliter.
1468 3535 1710 3609 Proprie

354 3641 382 3673 «
421 3620 672 3693 quidem,
704 3622 837 3694 quia
865 3622 1099 3695 proprie
1143 3621 1390 3678 dicimus
1432 3617 1711 3693 poenitere

349 3723 377 3755 «
420 3701 491 3760 de
517 3704 628 3771 his,
684 3721 808 3777 quae
837 3712 1034 3764 nostra
1063 3706 1369 3763 voluntate¹
1411 3700 1708 3761 commisi-

348 3806 376 3838 «
425 3801 575 3842 mus.
623 3785 1034 3859 principaliter
1057 3792 1267 3851 autem,
1300 3785 1437 3859 quia
1457 3782 1527 3839 ad
1548 3781 1709 3838 dele-

348 3886 375 3917 «
418 3864 639 3921 tionem
683 3867 889 3939 peccati
918 3867 1183 3924 mortalis
1227 3866 1330 3922 hoc
1374 3878 1708 3920 sacramen-

348 3967 375 3998 α
419 3948 544 4000 tum
603 3951 686 4002 est
749 3946 1148 4019 principaliter
1213 3944 1564 4000 institutum.
1629 3944 1708 3999 De

348 4046 376 4078 «
421 4026 662 4098 peccatis
719 4032 909 4084 autem
964 4025 1296 4083 venialibus
1345 4030 1430 4082 est
1474 4022 1705 4096 quidem

345 4126 372 4157 «
421 4106 760 4179 poenitentia
806 4108 1038 4181 proprie
1072 4152 1086 4176 ,
1141 4105 1204 4162 in
1243 4110 1526 4179 quantum
1573 4108 1706 4158 sunt

349 4208 377 4238 α
420 4191 617 4242 nostra
656 4186 951 4243 voluntate
980 4187 1126 4242 facta
1149 4211 1164 4254 3
1199 4203 1316 4243 non
1345 4192 1538 4243 tamen
1566 4199 1706 4241 con-

346 4286 374 4318 «
417 4271 510 4322 tra
549 4266 667 4322 haec
693 4268 1091 4340 principaliter
1118 4274 1201 4324 est
1229 4269 1333 4325 hoe
1373 4281 1704 4324 sacramen-

349 4369 376 4401 «
418 4354 542 4406 tum
573 4350 921 4407 institutum.
971 4373 997 4402 »
1029 4352 1177 4407 Tum
1217 4353 1413 4417 etiam,
1461 4349 1595 4422 quia
1633 4363 1705 4403 ex

343 4444 463 4485 non
504 4430 847 4488 remissione
873 4431 1195 4487 venialium
1222 4432 1410 4487 solum
1452 4426 1703 4501 impedi-

340 4514 438 4566 tur
477 4510 708 4569 effectus
763 4511 1138 4568 secundarius
1197 4511 1451 4584 praedicti
1510 4524 1704 4565 sacra-

343 4592 571 4659 menti,
622 4598 679 4649 et
722 4592 954 4664 quidem
996 4593 1059 4647 in
1089 4608 1151 4649 re
1190 4593 1329 4648 levi.
1354 4589 1702 4662 Sicutetiam

344 4675 547 4732 accidit
574 4675 639 4731 in
665 4691 752 4741 eo,
784 4675 881 4747 qui
912 4690 1029 4731 non
1057 4673 1334 4747 adimplet
1360 4671 1700 4730 satisfactio·

341 4771 478 4812 nem
500 4755 613 4812 sibi
633 4756 697 4812 in
719 4756 1078 4813 confessione
1095 4755 1423 4828 impositam
1447 4769 1550 4827 pro
1571 4768 1703 4825 pec-

342 4838 481 4895 catis
524 4837 856 4896 venialibus
885 4863 900 4906 ;
951 4838 1193 4912 impedit
1244 4838 1401 4895 enim
1450 4837 1702 4908 aliquem

339 4918 607 4978 effectum
647 4919 910 4994 praedicti
929 4920 1297 4988 sacramenti,
1322 4923 1378 4976 et
1405 4919 1594 4990 ipsum
1617 4932 1704 4972 sa-

339 5006 704 5059 cramentum
734 5002 1011 5073 relinquit
1045 5001 1240 5075 aliquo
1266 4999 1437 5057 modo
1479 4999 1703 5072 imper-

342 5082 594 5154 fectum5
622 5089 895 5144 ettamen
922 5099 1042 5143 non
1068 5088 1257 5158 peccat
1293 5081 1548 5159 graviter
1576 5121 1591 5149 ,
1641 5083 1705 5136 ut

3107 441 3217 495 533

1856 604 2190 663 existimant
2215 607 2409 679 plures
2447 609 2747 675 AuthoreS‚
2778 625 2916 681 quos
2939 610 3113 667 refert
3139 612 3208 665 N.

1857 703 1891 744 a
1908 689 2040 746 Jesu
2061 689 2249 745 Maria
2270 697 2432 747 tract.
2449 692 2514 746 de
2532 691 2735 748 Poenit.
2758 711 2877 766 cap.
2915 696 2995 760 10,
3014 700 3208 767 punct.
3226 714 3305 756 na
3321 714 3425 759 Jesu

1853 771 1908 839 4,
1934 788 2090 828 num.
2146 773 2240 827 62.
2269 774 2436 830 Forte
2461 777 2657 829 tamen
2685 781 2937 846 peccaret
2974 777 3214 833 veniali-

1853 858 1958 919 ter,
1986 853 2084 925 qui
2114 853 2178 910 in
2207 860 2404 911 nostro
2429 872 2560 912 casu
2590 862 2778 913 actum
2827 860 3207 925 contritionis,

1853 936 1945 991 vel
1986 935 2284 991 charitatis
2330 937 2623 993 omitteret
2656 959 2669 993 ε
2700 956 2836 994 nam
2883 939 3212 1013 hujusmodi

1851 1015 2089 1073 omissio
2118 1017 2452 1088 proveniret
2480 1033 2581 1090 per
2607 1034 2669 1075 se
2697 1019 2981 1091 loquendo
3022 1036 3095 1076 ex
3115 1021 3213 1076 in-

1850 1095 2156 1154 devotione
2201 1098 2430 1154 actuali.
2476 1101 2669 1156 Posset
2697 1099 3085 1156 nihilominus
3112 1116 3213 1174 per

1852 1178 2113 1235 accidens
2154 1179 2415 1235 excusari
2462 1181 2555 1236 vel
2605 1177 2676 1237 ob
2705 1179 3209 1248 inadvertentiam,

1851 1260 1945 1315 vel
1967 1254 2109 1332 'quia
2136 1259 2573 1330 amplecteretur
2618 1261 2940 1332 oppositam
2982 1260 3213 1333 opinio-

1852 1356 2006 1405 nem,
2038 1356 2164 1413 quae
2188 1341 2373 1397 solam
2396 1341 2756 1398 attritionem
2784 1342 3212 1399 antecedentem

1853 1421 2119 1494 requirit.
2153 1418 2431 1477 Videatur
2471 1421 2771 1494 cajetanus
2799 1423 2834 1476 3
2855 1429 3007 1494 part.
3038 1441 3090 1500 q.
3113 1424 3208 1490 79,

1850 1509 1960 1558 art.
2002 1504 2047 1568 l,
2083 1500 2180 1557 ubi
2207 1501 2391 1558 simili
2419 1500 2722 1575 obJ'ectioni
2752 1504 3020 1559 occurrit.

3249 763 3398 808 Maria.

1925 1584 2053 1639 331.
2098 1583 2186 1639 Ad
2233 1585 2508 1639 ultimum
2560 1585 2882 1658 respondet,
2932 1587 3210 1645 inconve-
3236 1598 3405 1642 nonul-

1851 1664 2022 1721 niens
2069 1681 2186 1722 non
2213 1681 2337 1722 esse
2363 1681 2638 1731 asserere,
2670 1666 2821 1738 quod
2861 1674 3083 1739 peccata
3107 1686 3210 1727 ve-

1851 1744 2034 1802 nialia
2061 1761 2182 1802 non
2210 1745 2290 1800 ita
2316 1744 2483 1801 facile
2505 1748 2898 1814 remittuntur,
2923 1748 3069 1805 sicut
3088 1751 3211 1822 qui-

1850 1827 1987 1883 dam
2017 1831 2237 1900 putant,
2271 1842 2341 1884 ex
2369 1843 2479 1900 quo
2507 1827 2836 1886 audaciores
2880 1835 3014 1886 sunt
3052 1831 3122 1887 ad
3144 1848 3211 1889 ea

1853 1907 2257 1982 perpetranda.
2307 1911 2377 1963 Et
2423 1909 2672 1981 profecto
2699 1909 2851 1965 haud
2880 1912 2961 1967 ita
2982 1913 3211 1970 facilem

1850 2006 1974 2047 esse
2014 1992 2337 2048 venialium
2365 1991 2773 2064 expiationem,
2822 1994 2968 2050 sicut
3007 1997 3212 2071 vulgus

1849 2070 2052 2137 credit,
2083 2073 2222 2129 satis
2249 2071 2499 2128 declarat
2521 2073 2672 2146 ignis
2695 2077 3010 2149 purgatorii
3042 2079 3211 2152 longo

1850 2157 2112 2224 tempore
2160 2157 2432 2225 torquens
2458 2168 2658 2209 eorum
2688 2154 2864 2209 etiam
2906 2156 3211 2213 hominum

1851 2230 2226 2305 probatorum
2257 2233 2502 2298 animaS,
2529 2232 2627 2303 qui
2657 2231 2803 2289 forte
2831 2251 3128 2306 nunquam
3153 2252 3214 2293 se

1848 2315 2198 2371 mortalibus
2225 2317 2608 2377 macularunt.
2643 2316 2747 2371 Cui
2776 2322 2967 2373 autem
3011 2318 3212 2376 durior

1847 2412 2008 2468 aequo
2040 2396 2156 2452 haec
2181 2397 2469 2453 sententia
2504 2397 2875 2468 apparuerit,
2927 2400 3212 2472 oppositas

1846 2492 1972 2549 quae
2002 2477 2300 2534 suaviores
2325 2481 2479 2544 sunt,
2528 2479 2905 2549 amplectatur
2935 2499 2948 2534 ε
2992 2479 3089 2536 sed
3119 2481 3211 2535 vi-

1846 2555 1997 2624 deat,
2035 2574 2110 2615 ne
2135 2557 2276 2614 dum
2319 2557 2539 2615 incerta
2580 2559 2836 2615 remedia
2862 2559 3080 2633 quaerit,
3113 2560 3210 2616 in—

1845 2635 2187 2696 firmitatem
2236 2639 2425 2697 foveat
2468 2639 2574 2695 sub
2614 2641 2942 2698 medicina:
2997 2646 3208 2699 etcum

1846 2720 2166 2778 venialium
2215 2721 2578 2796 praestolatur
2632 2724 3054 2789 remissionem,
3103 2739 3204 2781 eo-

1845 2815 1978 2857 rum
2019 2803 2256 2860 veniam
2289 2809 2566 2861 moretur.
2595 2806 2809 2862 Parum
2832 2806 3042 2879 quippe
3067 2820 3204 2879 pro-

1844 2883 2055 2941 derunt
2100 2885 2212 2942 sibi
2254 2887 2557 2959 opiniones
2583 2888 2871 2959 oppositae,
2907 2888 3037 2944 licet
3065 2889 3204 2944 satis

1847 2965 2193 3041 probabiles,
2237 2968 2288 3023 si
2338 2968 2526 3040 reipsa
2573 2984 2692 3024 non
2723 2967 2956 3025 adhibet
2983 2974 3202 3025 certum

1843 3064 2039 3105 coram
2088 3050 2204 3105 Deo
2239 3049 2594 3114 remedium;
2625 3048 2774 3120 quod
2806 3050 3111 3121 importari
3140 3051 3204 3106 in

1845 3131 2074 3189 fervore
2123 3131 2452 3198 charitatis,
2509 3131 2856 3188 dubitationi
2910 3131 3206 3204 subjacere

1844 3228 1962 3269 non
1991 3213 2160 3269 valet.
2191 3214 2435 3286 Legatur
2471 3213 2642 3286 Cajet.
2675 3214 2786 3268 loco
2814 3230 2984 3285 supra
3013 3214 3199 3280 citata,

1847 3292 1944 3350 ubi
1971 3295 2225 3351 similem
2246 3293 2636 3351 difficultatem
2667 3309 2919 3361 versanS,
2950 3299 3074 3367 post
3089 3295 3205 3352 alia

1843 3376 2070 3448 scripsit
2098 3396 2111 3431 ε
2139 3397 2165 3427 «
2209 3375 2367 3432 Dicta
2387 3381 2522 3431 sunt
2542 3380 2733 3432 autem
2772 3375 2890 3431 haec
2911 3375 2981 3431 ad
3003 3376 3204 3451 fugan-

1850 3481 1876 3513 «
1918 3457 2052 3513 dam
2102 3456 2343 3512 illorum
2385 3456 2652 3512 fiduciam
2679 3499 2692 3522 ,
2748 3456 2847 3528 qui
2901 3462 3102 3529 putant
3143 3474 3205 3515 se

1847 3562 1875 3594 α
1917 3540 2186 3612 consequi
2213 3554 2441 3610 semper
2469 3554 2684 3594 novum
2712 3539 2912 3612 gratiae
2936 3537 3204 3597 habitua-

1847 3642 1874 3674 «
1918 3621 1990 3676 lis
2050 3625 2424 3695 augmentum
2463 3662 2476 3686 ,
2527 3636 2657 3676 cum
2704 3621 3205 3695 quantulacunque

1849 3725 1875 3757 α
1917 3701 2221 3760 devotione
2261 3700 2569 3770 celebrent,
2603 3701 2779 3758 etiam
2824 3702 3110 3773 distracte,
3145 3709 3208 3761 ut

1849 3806 1876 3838 α
1915 3784 2009 3841 vel
2042 3783 2124 3840 sic
2163 3782 2234 3840 ab
2259 3780 2588 3858 huJusmodi
2615 3782 2977 3856 negligentiae
3001 3801 3208 3843 somno

1845 3887 1872 3918 <t
1915 3865 2256 3931 excitentur,
2301 3868 2403 3920 etc.
2447 3882 2474 3914 »
2520 3865 2655 3927 Quae
2701 3865 3040 3937 applicanda
3069 3881 3205 3939 pro-

1842 3945 2309 4020 portionabiliter
2334 3949 2468 4000 sunt
2503 3944 2769 4017 praesenti
2798 3947 3055 4003 materiae
3083 3991 3096 4017 ,
3149 3953 3206 4005 et

1841 4027 1964 4083 illis
2012 4027 2357 4099 praesertim,
2389 4026 2489 4099 qui
2529 4042 2644 4082 una
2673 4026 2999 4098 aspersione
3045 4044 3204 4102 aquae

1842 4107 2152 4166 benedictae
2173 4107 2512 4165 existimant
2531 4124 2592 4164 se
2619 4107 2866 4164 mundos
2887 4125 2919 4165 a
2938 4109 3204 4167 sordibus

1840 4193 2108 4250 omnium
2131 4190 2456 4247 venialium
2483 4190 2669 4264 quoad
2695 4192 2953 4265 culpam,
2997 4197 3054 4248 et
3081 4210 3204 4266 pce-

1840 4289 1999 4331 nam.
2027 4271 2303 4328 Videatur
2331 4270 2485 4327 idem
2512 4272 2736 4328 Author
2763 4273 2871 4344 31³.
2898 4278 3081 4349 quaest.
3105 4273 3195 4342 34,

1838 4361 1948 4411 art.
1980 4354 2034 4419 3,
2060 4355 2092 4421 ὃ
2111 4351 2349 4409 Adverte
2381 4353 2686 4423 diliyenter.

1912 4434 2044 4490 Sive
2072 4439 2263 4491 autem
2284 4432 2413 4507 quis
2439 4437 2627 4500 teneat
2648 4430 2955 4488 secundam
2979 4431 3199 4506 opinio-

1839 4528 1974 4569 nem
2022 4514 2189 4571 nobis
2234 4514 2609 4579 contrariam,
2643 4511 2766 4569 sive
2791 4514 3042 4580 tertiam,
3075 4514 3200 4572 sive

1836 4600 2122 4666 quartam,
2169 4610 2398 4667 semper
2422 4595 2648 4651 salvare
2675 4592 2900 4665 poterit,
2926 4594 3076 4667 quod
3104 4611 3200 4652 re-

1835 4675 2037 4732 missio
2071 4680 2432 4747 peccatorum
2455 4674 2778 4732 venialium
2798 4672 2926 4732 fieri
2950 4693 3067 4733 non
3096 4691 3199 4733 va-

1838 4753 1950 4811 leat
2009 4755 2220 4829 absque
2274 4756 2471 4829 aliqua
2523 4755 2837 4812 intrinseca
2881 4756 3199 4814 mutatione

1836 4834 2071 4910 subjecti
2125 4838 2448 4910 peccatoriS,
2497 4841 2561 4892 ut
2605 4835 2938 4893 intendebat
2983 4834 3198 4894 confir-

1836 4918 2015 4975 matio
2058 4917 2186 4973 dub.
2218 4918 2273 4982 5,
2300 4934 2454 4974 num.
2484 4917 2578 4983 77,
2618 4917 2925 4990 proposita,
2961 4932 3064 4990 pro
3084 4933 3197 4990 qua

1836 4996 2112 5055 diluenda
2163 4995 2408 5053 dubium
2455 5014 2709 5071 praesens
2737 4997 3046 5055 excitatum
3085 5003 3188 5064 est,

1837 5083 2063 5143 namin
2089 5081 2361 5144 omnibus
2385 5082 2460 5141 iis
2486 5081 2860 5159 opinionibus
2893 5080 3060 5142 datur
3082 5080 3194 5139 ali-

3247 1649 3401 1692 timum.

3240 2843 3360 2888 Nota.

3239 4462 3358 4505 Nola.
