3647 5753
557 386 670 441 694
1598 386 1691 441 DE
1730 386 2035 441 NATURA
2072 386 2349 443 MERITI.

559 554 652 610 vel
672 555 874 611 saltem
901 571 972 612 ex
994 555 1268 615 fidelitate
1293 579 1305 613 ε
1330 573 1463 630 ergo
1491 572 1609 613 non
1639 556 1923 613 inducunt

556 633 815 692 debitum
870 637 1049 694 solius
1112 637 1502 713 gratitudinis.
1561 638 1918 695 Antecedens

558 716 882 788 probatur;
934 736 1072 776 nam
1117 719 1266 793 quod
1307 721 1496 777 solum
1541 718 1801 777 redditur
1846 737 1919 778 ex

554 797 929 869 gratitudine,
957 815 1075 857 non
1123 800 1293 858 habet
1333 800 1616 857 rationem
1665 800 1912 871 praemii,

558 877 856 946 mercedis,
908 887 963 937 et
991 897 1231 948 coronae,
1263 880 1363 938 sed
1403 882 1590 939 solum
1626 880 1920 956 gratifica-

557 958 750 1025 tionis,
775 963 1208 1037 gratiarumque
1230 963 1471 1020 actionis
1505 984 1517 1019 :
1547 962 1696 1037 quod
1725 969 1916 1021 autem

559 1040 818 1098 redditur
847 1061 948 1116 pro
978 1046 1222 1111 meritis,
1248 1046 1488 1102 sortitur
1517 1045 1801 1101 rationem
1831 1061 1917 1102 co-

560 1139 734 1191 ronae,
784 1125 1080 1197 stipendii,
1128 1133 1185 1184 et
1230 1126 1529 1193 mercedis,
1569 1127 1733 1199 juxta
1767 1126 1913 1183 illud

384 1210 491 1253 Μὰ
557 1206 810 1277 Apostoli
833 1208 886 1272 2,
915 1206 983 1263 ad
1011 1208 1266 1266 Timoth.
1296 1209 1331 1263 4
1359 1229 1372 1264 :
1403 1208 1659 1281 Reposito
1678 1214 1755 1264 est
1777 1209 1916 1264 milii

328 1258 487 1302 Timot.
502 1261 527 1301 4

331 1290 756 1358 meremjcorona
773 1287 1024 1357 justitie.
1070 1290 1139 1343 Et
1167 1289 1387 1345 Hierm.
1433 1290 1507 1343 32
1535 1287 1676 1345 :Est
1715 1305 1915 1346 merces

552 1371 701 1441 operi
723 1375 834 1434 tuo,
866 1376 962 1425 etc.
992 1370 1099 1426 Sed
1118 1369 1186 1427 de
1207 1371 1312 1428 hoc
1340 1372 1507 1444 plura
1534 1369 1787 1427 dicemus
1811 1368 1913 1425 du-

551 1450 646 1507 bio
682 1452 962 1522 sequenti.

622 1532 769 1586 Illud
798 1548 950 1601 vero,
982 1533 1133 1607 quod
1179 1531 1337 1590 addit
1365 1533 1531 1607 Vasq.
1567 1549 1636 1590 ex
1668 1532 1911 1605 ipsomet

546 1610 712 1668 facile
736 1612 1112 1686 impugnatur
1133 1636 1146 1679 ;
1166 1613 1291 1685 ipse
1309 1613 1468 1670 enim
1499 1614 1597 1678 ait,
1627 1610 1778 1685 quod
1806 1611 1907 1667 illa

540 1692 720 1765 jussio
750 1693 934 1758 Pauli,
961 1700 1016 1749 et
1036 1709 1345 1750 consensus
1372 1695 1528 1750 Petri
1550 1694 1763 1751 habent
1783 1693 1908 1748 vim

546 1772 823 1844 pactionis
846 1772 915 1829 ad
938 1773 1324 1840 inducendam
1343 1775 1582 1849 J'ustitiae
1611 1773 1909 1847 obligatio-

546 1867 680 1908 nem
701 1870 713 1904 :
740 1868 875 1926 ergo
896 1854 1012 1909 haec
1034 1852 1308 1928 obligatio
1329 1869 1447 1911 non
1471 1854 1766 1911 inducitur
1782 1852 1909 1909 abs-

536 1948 654 2004 que
680 1941 856 2006 pacto,
886 1934 1088 1990 saltem
1113 1934 1414 2007 implicito,
1445 1941 1501 1991 et
1521 1935 1781 1992 virtuali.

618 2016 901 2072 Praeterea
926 2015 976 2070 si
1020 2021 1239 2085 cuncta,
1271 2033 1397 2089 quae
1442 2023 1579 2073 sunt
1606 2016 1782 2083 Petri,
1808 2030 1903 2072 es·-

534 2100 668 2151 sent
696 2096 882 2161 Pauli,
915 2113 982 2154 eo
1016 2096 1166 2169 quod
1197 2099 1399 2176 Petrus
1425 2098 1591 2155 Pauli
1620 2101 1763 2154 esset
1786 2111 1905 2153 ser·

542 2194 664 2243 vus,
727 2179 1059 2235 nullatenus
1105 2179 1386 2236 sufficeret
1423 2180 1604 2254 jussio
1649 2180 1785 2246 illa,
1846 2184 1905 2234 ut

544 2261 755 2316 Paulus
795 2278 865 2319 ex
886 2263 1111 2338 justitia
1138 2267 1431 2319 teneretur
1480 2260 1717 2319 reddere
1750 2277 1902 2318 mer-

532 2341 734 2399 cedem
765 2361 867 2416 pro
896 2345 1092 2402 labore
1120 2346 1277 2402 Petri
1312 2366 1324 2400 ε
1372 2360 1507 2419 ergo
1547 2359 1675 2400 cum
1704 2345 1902 2401 omnia

532 2440 714 2496 opera
742 2432 937 2483 nostra
965 2427 1153 2501 potius
1188 2427 1308 2495 Dei,
1342 2443 1514 2500 quam
1538 2433 1733 2483 nostra
1758 2427 1896 2493 sint,

541 2507 914 2581 pluribusque
969 2511 1151 2566 titulis
1212 2512 1324 2567 Deo
1375 2508 1712 2576 debeantur,
1783 2526 1901 2567 non

536 2587 774 2645 sufficiet
819 2591 940 2663 ejus
982 2596 1348 2663 praeceptum,
1397 2596 1460 2646 ut
1500 2589 1899 2647 laborantibus

537 2667 602 2722 in
630 2670 802 2725 vinea
847 2686 951 2725 sua
998 2669 1207 2744 absque
1254 2670 1638 2744 promissione
1678 2686 1897 2728 merces

534 2746 826 2804 debeatur.

610 2824 821 2879 Contra
847 2823 1193 2881 solutionem
1235 2822 1691 2882 confirmationis
1719 2826 1895 2883 etiam

526 2910 636 2971 est,
664 2905 812 2978 quod
833 2907 881 2961 si
907 2908 1051 2962 Deus
1074 2907 1284 2980 absque
1303 2909 1684 2979 promissione
1705 2909 1890 2978 debet,

529 2985 736 3041 saltem
766 3003 835 3043 ex
864 2986 1239 3060 gratitudine,
1269 2988 1666 3045 infallibiliter
1698 2988 1896 3047 reddet

528 3063 788 3121 debitum
820 3087 832 3120 ε
859 3082 995 3139 nam
1024 3067 1168 3123 sicut
1195 3083 1266 3124 ex
1292 3083 1376 3133 eo,
1403 3066 1552 3141 quod
1575 3066 1760 3125 fidelis
1786 3076 1888 3139 est,

533 3161 650 3203 non
676 3151 855 3219 potest
882 3162 999 3204 non
1030 3148 1267 3206 reddere
1294 3149 1444 3222 quod
1473 3150 1738 3224 promisit
1765 3169 1778 3203 :
1814 3152 1894 3208 ita

526 3227 705 3283 etiam
728 3228 864 3300 quia
888 3228 1149 3302 ingratus
1168 3245 1290 3286 esse
1318 3232 1531 3304 nequit,
1566 3246 1684 3287 non
1715 3237 1894 3304 potest

532 3322 651 3364 non
677 3307 934 3375 reddere,
964 3310 1012 3364 si
1034 3308 1169 3382 quid
1195 3310 1394 3368 debeat
1420 3328 1490 3368 ex
1515 3311 1887 3386 gratitudine.

530 3388 688 3445 Adde
713 3389 883 3461 quod,
918 3395 978 3445 ut
997 3393 1254 3463 sequenti
1277 3392 1452 3449 dubio
1474 3392 1892 3468 dicemuS,gra-

528 3470 712 3527 titudo
752 3471 984 3545 proprie
1027 3472 1177 3530 dicta
1217 3490 1335 3530 non
1383 3474 1553 3532 habet
1597 3477 1784 3532 locum
1826 3475 1889 3531 in

531 3554 643 3607 Deo
659 3594 672 3617 ,
696 3552 826 3623 quia
856 3551 976 3625 ejus
999 3559 1174 3619 actuS,
1200 3554 1299 3627 qui
1321 3559 1404 3610 est
1419 3552 1763 3629 gratificare,
1788 3570 1887 3611 seu

526 3634 741 3706 gratias
764 3651 867 3707 pro
895 3635 1132 3707 acceptis
1154 3634 1444 3693 beneficiis
1469 3636 1727 3702 reddere,
1761 3652 1890 3709 pro-

532 3717 656 3787 prie
682 3725 765 3773 est
786 3723 942 3773 actus
970 3716 1285 3783 inferioris,
1316 3724 1373 3774 et
1397 3718 1526 3776 ideo
1552 3718 1746 3791 nequit
1776 3719 1889 3774 Deo

527 3805 866 3872 competere.
904 3798 1065 3855 Unde
1087 3816 1191 3857 nec
1210 3799 1281 3856 ad
1306 3800 1734 3878 remuneranda
1760 3817 1889 3858 nos·

528 3884 619 3936 tra
642 3884 849 3938 merita
871 3886 1052 3953 potest
1075 3881 1195 3953 ipse
1217 3882 1401 3938 teneri
1423 3897 1491 3938 ex
1512 3882 1881 3956 gratitudine,

526 3962 622 4019 sed
652 3970 748 4020 aut
774 3980 845 4020 ex
867 3964 1108 4036 justitia,
1142 3969 1239 4019 aut
1257 3965 1461 4021 saltem
1485 3981 1557 4021 ex
1585 3962 1881 4031 fidelitate,

526 4061 649 4117 quae
692 4045 1132 4118 promissionem
1181 4046 1501 4102 necessario
1558 4046 1881 4118 requirunt.

364 4140 462 4198 Atja
600 4128 691 4183 49.
762 4125 1017 4182 Secundo
1069 4125 1343 4198 probatur
1405 4132 1601 4182 nostra
1651 4129 1885 4184 conclu-

346 4194 472 4233 ‘2¹¹⁰·
524 4206 610 4263 sio
655 4203 1000 4262 destruendo
1044 4206 1405 4277 potissimum
1442 4206 1883 4264 fundamentum

524 4285 695 4344 Gabr.
742 4288 908 4359 Vasq.
941 4287 1075 4359 quia
1103 4286 1174 4342 ad
1213 4287 1556 4359 completam
1600 4288 1881 4346 rationem

524 4371 718 4428 meriti
771 4386 887 4426 non
914 4370 1119 4426 suflicit
1152 4370 1274 4427 sola
1314 4369 1566 4443 dignitas
1607 4376 1778 4436 actuS,
1828 4379 1884 4428 et

519 4454 571 4526 ej
580 4469 644 4507 us
660 4452 841 4515 valor,
856 4450 1082 4506 etiamsi
1101 4450 1192 4506 hic
1207 4455 1353 4506 esset
1366 4450 1599 4522 aequalis
1620 4451 1877 4522 praemio:

516 4548 655 4607 ergo
685 4533 1003 4589 necessaria
1029 4536 1113 4588 est
1143 4530 1449 4603 promissio
1471 4548 1543 4589 ex
1586 4538 1746 4604 parte
1788 4550 1882 4591 re-

520 4615 903 4684 munerantis,
930 4613 1346 4686 Consequentia
1373 4620 1542 4686 patet,
1570 4615 1706 4687 quia
1728 4616 1881 4673 ultra

516 4698 877 4773 dignitatem,
918 4702 972 4753 et
999 4699 1258 4754 valorem
1304 4692 1478 4763 actus,
1519 4697 1673 4753 nihil
1722 4697 1881 4754 aliud

522 4784 705 4855 potest
724 4780 949 4849 (saltem
986 4779 1048 4835 in
1077 4780 1318 4850 viatore)
1344 4779 1652 4853 excogitari
1684 4779 1880 4851 requi-

515 4865 698 4921 situm
728 4863 799 4921 ad
827 4862 1122 4927 meritum,
1169 4861 1283 4919 nisi
1313 4863 1430 4919 haec
1457 4862 1781 4934 promissiO.
1811 4864 1879 4919 Et

518 4944 859 5003 antecedens
908 4943 1183 5018 probatur
1224 4944 1285 5001 in
1339 4941 1606 5015 operibus
1665 4944 1877 4999 Christi

520 5027 774 5096 Domini,
806 5027 869 5083 in
897 5024 1105 5099 quibus
1132 5024 1241 5081 fuit
1268 5023 1497 5081 infinita
1525 5024 1794 5099 dignitas,
1822 5030 1880 5082 et

2002 4953 2044 4992 a
2070 4936 2274 5009 gratia,
2321 4939 2377 4991 et
2408 4936 2703 5002 charitate,
2756 4948 2875 4990 non
2923 4938 3007 4989 est
3050 4933 3375 4991 necessaria

2053 558 2218 616 valor
2245 557 2531 623 infinitus„
2568 563 2734 630 atque
2767 556 3052 614 sufficiens
3081 557 3152 613 ad
3180 572 3424 614 meren-

2052 638 2189 694 dum
2217 638 2612 712 quodcumque
2640 638 2970 711 praemium,
3017 643 3076 693 ut
3095 643 3244 695 esset
3269 654 3332 694 v..
3361 653 3421 711 g.

2052 721 2377 779 incarnatio
2428 722 2667 778 alterius
2717 721 2938 778 divinae
2990 735 3271 794 personae,
3322 726 3425 776 aut

2051 804 2338 875 reparatio
2380 809 2604 860 naturae
2644 804 2951 879 Angelicae,
2983 808 3040 859 et
3083 801 3419 858 daemonum

2051 884 2369 959 redemptio
2394 909 2407 952 ;
2432 890 2488 941 et
2513 891 2710 941 tamen
2737 884 2808 941 de
2855 884 2999 941 facto
3025 883 3171 939 nihil
3202 883 3415 939 horum

2048 967 2302 1022 meruit:
2342 981 2478 1040 ergo
2527 971 2587 1021 ut
2628 981 2768 1039 opus
2819 963 3052 1037 aliquod
3077 963 3152 1019 sit
3199 964 3262 1019 in
3285 968 3416 1019 actu

2046 1046 2293 1103 secundo
2343 1046 2732 1112 meritorium,
2761 1062 2879 1102 non
2925 1045 3130 1101 sufficit
3173 1045 3299 1100 sola
3320 1044 3418 1100 di-

2044 1129 2232 1201 gnitas
2257 1129 2397 1202 ejus»,
2440 1135 2495 1185 et
2522 1128 2707 1193 valor,
2749 1127 2976 1184 etiamsi
3006 1125 3122 1183 haec
3162 1125 3416 1183 habeant

2043 1225 2174 1265 cum
2205 1209 2443 1284 praemio
2471 1210 2880 1282 aequalitatem.

2119 1290 2443 1364 Respondet
2488 1293 2741 1364 Vasquez
2794 1289 3087 1345 Christum
3140 1288 3212 1346 de
3262 1288 3583 1391 ἰασίοὲᾞξέ

2046 1372 2284 1443 praemia
2313 1372 2415 1428 illa
2445 1388 2562 1428 non
2593 1371 2890 1439 meruisse,
2939 1386 3056 1427 non
3084 1386 3156 1426 ex
3181 1369 3408 1428 defectu
3440 1386 3566 1430 ruati-

2042 1453 2256 1510 divinae
2277 1454 2699 1527 promissionis,
2724 1453 2823 1509 sed
2851 1453 2987 1526 quia
3016 1453 3136 1525 ipse
3161 1453 3233 1511 de
3260 1453 3411 1513 facto
3471 1441 3535 1479 ²¹¹¹·

2042 1535 2319 1591 meritum
2341 1549 2507 1591 suum
2537 1532 2607 1590 ad
2626 1549 2694 1591 ea
2728 1532 3109 1607 promerenda
3148 1550 3269 1591 non
3308 1553 3410 1593 or—

2041 1615 2291 1674 dinavit.

2114 1690 2221 1748 Sed
2248 1696 2446 1748 contra
2473 1720 2485 1754 :
2508 1690 2671 1765 ‘ergo
2693 1689 2814 1764 iam
2846 1690 3122 1747 meritum
3157 1706 3276 1749 non
3325 1698 3412 1749 est

2037 1774 2160 1829 sola
2180 1772 2449 1847 dignitas,
2482 1777 2538 1830 et
2559 1773 2724 1829 valor
2750 1775 2906 1827 actus
2932 1795 2947 1839 ;
2975 1772 3075 1829 sed
3096 1773 3260 1830 aliud
3288 1776 3408 1831 ali-

2037 1855 2175 1927 quid
2199 1854 2487 1912 desiderat
2513 1876 2526 1911 :
2555 1853 2705 1928 quod
2732 1861 2928 1912 tamen
2948 1856 3151 1911 citatus
3177 1858 3409 1917 Author

2040 1935 2249 2009 ubique
2291 1942 2476 2011 negat.
2523 1936 2740 1994 Deinde
2783 1951 2855 1992 ex
2879 1937 3166 1993 sententia
3197 1937 3404 2012 ipsius,

2038 2014 2109 2071 ad
2136 2017 2479 2074 merendum
2522 2016 2754 2089 aliquod
2801 2018 3106 2090 praemium
3161 2035 3280 2076 non
3313 2037 3412 2077 re-

2036 2097 2290 2170 quiritur
2318 2105 2378 2155 ut
2408 2098 2456 2153 is
2483 2100 2581 2172 qui
2631 2103 2907 2162 meretur,
2942 2098 3172 2156 ordinet
3219 2104 3410 2159 meri-

2037 2185 2161 2235 tum
2207 2196 2380 2237 suum
2428 2179 2497 2237 ad
2549 2181 2665 2238 tale
2698 2179 3004 2252 praemium
3059 2197 3409 2253 promeren—

2034 2258 2174 2318 dum
2204 2281 2218 2317 z
2249 2259 2402 2318 unde
2423 2262 2610 2336 justus
2629 2259 2882 2334 quolibet
2906 2260 3053 2319 beno
3074 2278 3248 2335 opere
3274 2280 3408 2320 me-

2037 2347 2196 2399 retur
2217 2342 2396 2399 vitam
2419 2348 2714 2408 aeternam,
2747 2342 3014 2414 quamvis
3061 2342 3404 2414 praedictum

2034 2437 2175 2493 opus
2202 2423 2272 2480 ad
2301 2423 2465 2479 illam
2496 2422 2942 2495 promerendam
2973 2439 3089 2480 non
3135 2423 3355 2498 dirigat
3386 2452 3401 2492 ;

2033 2501 2153 2559 imo
2179 2503 2408 2560 etiamsi
2431 2519 2697 2576 expresse
2718 2505 2868 2560 dicat
2892 2518 2953 2559 se
2980 2504 3135 2560 nolle
3163 2513 3403 2578 propter

2033 2585 2146 2641 tale
2193 2585 2503 2657 praemium
2549 2586 2779 2660 operari
2834 2606 2848 2641 =
2902 2601 3038 2660 ergo
3102 2601 3222 2643 non
3269 2587 3401 2646 ideo

2032 2667 2292 2722 Christus
2322 2684 2436 2725 non
2466 2668 2680 2726 meruit
2718 2667 2788 2723 de
2815 2666 2959 2724 facto
2999 2668 3242 2741 praemia
3271 2671 3398 2735 illa,

2030 2764 2154 2821 quae
2185 2747 2458 2816 diximuS,
2491 2751 2627 2823 quia
2674 2748 2950 2804 meritum
2994 2765 3162 2804 suum
3195 2750 3267 2806 ad
3294 2752 3398 2810 illa

2031 2843 2150 2886 non
2171 2829 2461 2889 ordinavit
2489 2854 2503 2897 ;
2526 2823 2625 2888 sed
2653 2829 2788 2903 quia
2815 2831 2962 2886 Deus
2991 2844 3109 2887 non
3136 2830 3397 2890 decrevit

2030 2926 2148 2968 non
2174 2912 2438 2970 conferre
2467 2929 2570 2986 pro
2598 2913 2701 2969 illo
2723 2911 2931 2968 merito
2959 2910 3232 2984 praedicta
3253 2931 3398 2986 prm-

2028 3007 2167 3048 mia.

2642 3167 2674 3234 ς
2701 3165 2769 3221 11.
2793 3230 2822 3243 ἢ

2065 3321 2373 3378 Diluuntur
2410 3328 2737 3391 aryumenta
2775 3323 3048 3377 sententiar
3072 3322 3342 3394 oppositas.

2098 3472 2190 3528 50.
2241 3469 2574 3543 Oppositam
2615 3470 2981 3535 sententiam,
3017 3467 3282 3525 videlicet
3307 3467 3378 3523 ad
3413 3471 3539 3524 Oti-³·

2023 3550 2297 3606 meritum
2323 3549 2552 3605 nullum
2582 3550 2800 3622 requiri
2829 3554 3075 3622 pactum,
3110 3549 3199 3606 vel
3243 3564 3380 3622 pro-
3406 3529 3541 3614 ⁰⁰3?-

2022 3632 2361 3690 missionem
2407 3648 2479 3689 ex
2520 3636 2680 3703 parte
2727 3634 3178 3696 remunerantiS,
3218 3647 3379 3687 acer-
3416 3622 3523 3669 ‘⁷⁸³4

2022 3714 2172 3771 rime
2199 3720 2389 3771 tuetur
2418 3716 2669 3785 vasquez
2692 3715 2760 3769 in·
2784 3713 3050 3786 praesenti
3078 3714 3220 3785 disp.
3245 3713 3376 3773 214,

2023 3796 2277 3853 referens
2307 3812 2409 3870 pro
2435 3811 2501 3852 ea
2531 3797 2891 3868 Capreolum‚
2926 3797 3097 3869 CaJet.
3132 3793 3378 3851 Conrad.

2021 3879 2210 3936 Dried.
2236 3884 2292 3936 et
2315 3880 2486 3945 alios;
2506 3878 2800 3935 immerito
2822 3885 3049 3934 tamen:
3080 3893 3215 3933 nam
3239 3892 3383 3949 prae·

2019 3957 2153 4015 dicti
2183 3962 2361 4025 Doct.,
2389 3975 2516 4015 cum
2541 3960 2611 4016 ad
2639 3958 2913 4015 meritum
2938 3962 3146 4032 negant
3161 3957 3381 4028 requiri

2020 4042 2486 4113 promissionem,
2518 4042 2833 4114 loquuntur
2856 4056 2971 4095 non
2994 4039 3063 4094 de
3085 4037 3292 4094 merito
3317 4037 3380 4093 in

2018 4129 2141 4179 actu
2171 4122 2441 4187 secundo,
2470 4122 2620 4196 quod
2661 4127 2744 4179 est
2770 4122 3050 4193 complete
3079 4121 3372 4185 meritum,

2016 4211 2072 4261 et
2119 4207 2210 4261 cui
2240 4205 2480 4262 debetur
2509 4206 2814 4278 praemium
2863 4203 2932 4260 de
2963 4203 3135 4269 factm
3185 4201 3281 4259 sed
3307 4201 3380 4258 de

2016 4288 2228 4344 merito
2273 4287 2553 4344 duntaxat
2622 4286 3100 4360 aptitudinaliter,
3169 4288 3227 4340 et
3273 4299 3378 4355 per

2016 4369 2252 4426 modum
2281 4376 2435 4425 actus
2466 4369 2660 4443 primi,
2692 4370 2781 4426 cui
2813 4385 2929 4425 non
2951 4366 3191 4424 debetur
3220 4381 3372 4437 prae-

2015 4451 2200 4506 mium
2234 4450 2303 4508 de
2345 4450 2509 4514 facto,
2568 4451 2703 4523 quia
2749 4450 3094 4522 incomplete
3121 4453 3370 4511 tantum,

2013 4536 2069 4587 et
2093 4532 2256 4603 quasi
2285 4531 2349 4587 in
2381 4531 2651 4604 potentia,
2701 4546 2799 4586 seu
2860 4529 3149 4585 initiative
3200 4526 3374 4585 habet

2017 4614 2297 4670 rationem
2321 4613 2536 4669 meriti.
2565 4610 2848 4670 Probatur
2873 4612 3062 4685 primo
3090 4612 3204 4666 haec
3229 4620 3556 4667 sen-prim

2015 4694 2211 4758 tentia,
2243 4693 2378 4766 quia
2403 4709 2471 4750 eo
2499 4693 2639 4766 ipso,
2665 4691 2814 4766 quod
2835 4692 3043 4764 aliquis
3065 4697 3218 4747 actus
3240 4707 3372 4762 pro-
3417 4679 3530 4721 ''¹³'‘

2011 4773 2159 4831 cedit
2185 4789 2253 4831 ex
2279 4774 2482 4848 gratia,
2514 4779 2570 4831 et
2595 4773 2891 4838 charitate,
2917 4777 3001 4829 est
3031 4772 3372 4829 meritorius

2012 4855 2081 4912 de
2120 4854 2401 4931 condigno
2430 4856 2559 4910 vitae
2586 4858 2820 4911 aeternae
2846 4875 2859 4909 :
2887 4852 2985 4910 sed
3016 4859 3074 4908 ut
3103 4852 3374 4925 procedat

2012 5017 2317 5091 promissio
2350 5037 2363 5072 ε
2392 5032 2532 5091 ergo
2583 5030 2767 5087 neque
2814 5019 2875 5070 ut
2899 5014 2975 5070 sit
3004 5013 3371 5072 meritorius.

3148 5095 3369 5164 Minor,
