3647 5753
380 1237 506 1280 Aliud

340 1288 523 1381 &aa

322 1385 539 1486 igliffln‘if
554 1386 670 1457 ipso
681 1388 895 1458 in'yenio
915 1393 1168 1450 divinum
1186 1396 1522 1454 naturaliter
1538 1417 1741 1455 munus
1761 1400 1918 1456 intel·

550 411 626 466 36
1583 417 1675 471 DE
1714 418 1987 474 GRATIA
2027 419 2368 474 EFFICACI.

551 601 708 651 vero,
745 592 801 644 et
830 589 1110 661 primario
1137 591 1207 648 ad
1246 593 1514 668 gratiam,
1562 611 1672 668 qua
1701 595 1917 654 volenti

553 666 816 725 voluntas
838 678 1210 744 praeparatur,
1238 679 1302 730 ut
1326 675 1468 732 velit
1493 676 1725 735 credere
1748 701 1762 742 ς
1785 694 1917 734 cum

551 751 743 804 tamen
766 750 1003 807 alterius
1015 754 1282 811 voluntas
1304 769 1422 812 non
1446 762 1819 831 praeparetur.
1848 760 1919 813 Et

551 826 877 900 hujusmodi
906 834 1385 905 praeparationem
1402 835 1566 894 affert
1591 852 1782 895 secum
1811 853 1919 894 vo-

547 906 695 964 catio
745 908 961 978 efficax,
993 929 1167 985 quam
1199 917 1259 972 D.
1291 917 1526 992 August.
1559 919 1807 991 appellat
1832 935 1917 973 se-

547 988 787 1044 cundum
801 995 1145 1065 propositum
1160 996 1618 1069 pradestinantis,
1636 1003 1700 1053 ut
1727 997 1915 1055 videri

551 1071 898 1205 gow8{·1}⁰·⁰⁰
926 1076 1191 1146 proxime
1216 1077 1401 1145 citato,
1425 1082 1481 1135 et
1501 1094 1625 1152 cap.
1660 1081 1720 1135 16
1760 1079 1809 1154 ej
1819 1097 1916 1136 us-

592 1163 684 1204 em
738 1168 755 1205 1
801 1168 875 1208 r1.

629 1229 722 1284 53.
739 1228 822 1285 Ad
837 1232 1337 1293 confirmationem
1355 1238 1746 1311 respondetur,
1764 1238 1916 1313 quod

553 1321 682 1362 cum
712 1310 775 1364 D.
801 1313 1036 1386 August.
1063 1316 1285 1382 asserit,
1318 1317 1547 1375 liabetur
1565 1320 1830 1397 quosdam
1855 1320 1916 1375 in

553 1465 714 1534 liqent
722 1469 799 1536 iar,
817 1487 921 1547 quo
939 1482 1262 1532 moveantur
1280 1478 1356 1532 ad
1370 1479 1586 1547 Fidem,
1604 1481 1655 1535 si
1674 1496 1917 1550 conyrua

550 1549 668 1603 suis
694 1552 958 1610 mentibus
1003 1557 1089 1611 vel
1126 1558 1365 1614 audiant
1396 1560 1580 1628 verba,
1632 1561 1718 1617 vel
1755 1563 1916 1633 siqua

548 1631 878 1702 concipiant,
924 1640 1033 1691 etc.
1062 1636 1310 1695 minime
1336 1639 1608 1708 intendit,
1631 1640 1781 1713 quod
1803 1642 1916 1698 ali-

544 1709 672 1781 quis
701 1726 801 1783 per
829 1713 982 1770 vires
1005 1759 1018 1783 ,
1051 1718 1145 1773 vel
1172 1717 1574 1793 dispositiones
1625 1724 1916 1780 naturales

547 1791 720 1863 possit
765 1795 1030 1865 proxime
1059 1802 1282 1857 moveri
1337 1801 1408 1858 ad
1446 1802 1665 1876 objecta
1712 1801 1912 1869 Fidei;

544 1877 763 1929 certum
785 1876 942 1932 enim
966 1878 1088 1950 jam
1135 1886 1219 1937 est
1246 1883 1396 1956 apud
1439 1901 1544 1943 nos
1570 1899 1772 1941 omnes
1817 1887 1916 1942 Ca-

546 1953 801 2021 tholi'cos,
834 1973 1133 2016 assensum
1157 1962 1318 2021 Fidei
1370 1965 1618 2038 pendere
1663 1981 1697 2022 a
1728 1966 1916 2040 gratia

545 2040 971 2109 supernaturali
1017 2043 1333 2114 excitante,
1376 2053 1435 2105 et
1478 2047 1801 2122 adjuvante,
1854 2055 1916 2105 ut

547 2115 656 2171 late
684 2116 1053 2189 probavimus
1073 2123 1214 2199 disp.
1246 2127 1300 2194 3,
1325 2127 1453 2185 dub.
1484 2130 1520 2184 2
1540 2133 1597 2185 et
1623 2130 1675 2197 3,
1706 2127 1803 2185 sed
1825 2129 1914 2186 lo-

543 2196 739 2268 quitur
758 2197 829 2254 de
855 2199 1101 2272 quodam
1126 2207 1418 2278 requisito,
1438 2224 1535 2266 seu
1561 2207 1915 2282 praeambulo

545 2273 614 2332 ad
654 2283 841 2334 actum
865 2279 1045 2349 Fidei,
1072 2284 1340 2344 videlicet
1356 2286 1426 2346 de
1448 2289 1910 2362 apprehensione

546 2359 954 2429 mysteriorum
981 2378 1108 2435 quae
1144 2369 1399 2424 exterius
1426 2370 1829 2442 praedicantur,
1860 2375 1916 2426 et

546 2433 617 2490 de
631 2435 845 2509 judicio
871 2439 1273 2502 credibilitatis
1300 2447 1559 2519 ipsorum
1589 2450 1723 2521 :qui
1764 2466 1917 2506 com-

549 2517 806 2574 muniter
825 2526 962 2575 sunt
986 2528 1139 2578 actus
1183 2529 1497 2594 naturales,
1524 2534 1579 2585 et
1626 2529 1915 2585 naturali-

549 2596 652 2653 bus
679 2599 901 2656 viribus
923 2604 1119 2669 eliciti,
1150 2611 1212 2660 ut
1250 2606 1506 2665 dicemus
1554 2611 1617 2666 in
1645 2612 1913 2668 Tractatu

546 2679 616 2736 dc
644 2678 799 2745 Fide,
831 2683 974 2756 disp.
1015 2687 1057 2753 l,
1096 2686 1225 2744 dub.
1252 2690 1306 2755 5,
1339 2693 1370 2760 9
1417 2691 1473 2746 4.
1528 2692 1612 2748 Ad
1641 2692 1742 2750 hos
1779 2709 1914 2768 ergo

545 2768 702 2817 actus
728 2763 1036 2823 eliciendos
1076 2769 1311 2840 quidam
1342 2778 1575 2846 propter
1623 2777 1914 2833 excellen-

544 2841 685 2899 tiam
710 2842 930 2919 ingenii
958 2854 1094 2904 sunt
1113 2853 1458 2911 naturaliter
1509 2856 1693 2931 magis
1718 2856 1913 2931 dispo-

541 2925 658 2989 siti,
692 2941 760 2983 eo
780 2927 927 2999 quod
955 2930 1124 2987 citius
1151 2934 1593 3006 apprehendunt
1641 2941 1914 2997 veritates

542 3005 654 3062 sibi
684 3009 1017 3078 propositas,
1064 3018 1120 3067 et
1148 3013 1376 3070 facilius
1410 3015 1670 3090 judicant
1717 3017 1786 3075 de
1812 3035 1913 3077 eo-

547 3103 677 3143 rum
724 3088 1124 3148 credibilitate.
1180 3096 1247 3150 Et
1310 3098 1629 3168 praesertim
1684 3099 1912 3172 quando

547 3169 869 3241 praedicatio
893 3170 1010 3227 illis
1031 3171 1096 3228 fit
1121 3190 1188 3232 eo
1211 3177 1399 3245 modo,
1430 3180 1527 3252 qui
1570 3182 1912 3255 magiscon-

541 3249 697 3323 gruit
723 3265 922 3307 eorum
965 3253 1235 3326 ingeniis,
1288 3263 1345 3314 et
1370 3260 1678 3318 exercitiis,
1728 3265 1910 3328 Quem

546 3329 781 3385 modum
807 3332 1148 3401 procedendi
1199 3338 1495 3394 consuevit
1526 3341 1671 3397 Deus
1712 3340 1912 3398 obser-

548 3424 684 3465 vare
711 3408 873 3481 juxta
900 3427 1291 3482 communem,
1334 3421 1390 3473 et
1428 3434 1663 3476 suavem
1711 3423 1911 3494 provi-

547 3489 821 3546 dentiam.
857 3492 1021 3549 Unde
1046 3495 1238 3569 Magos
1263 3496 1540 3571 syderum
1562 3505 1912 3575 contempla-

548 3572 692 3627 tioni
714 3570 932 3629 deditos
967 3578 1186 3632 vocavit
1235 3594 1335 3649 per
1380 3581 1608 3638 stellam
1641 3607 1654 3650 ;
1683 3589 1739 3640 et
1779 3600 1906 3640 cum

548 3651 854 3723 piscatores
902 3652 970 3708 ad
1017 3657 1411 3728 Apostolatum
1459 3661 1731 3730 alliceret,
1777 3679 1911 3718 usus

537 3736 627 3800 est
654 3729 845 3787 verbis
871 3747 1070 3790 eorum
1095 3737 1297 3803 menti,
1323 3743 1378 3794 et
1405 3743 1758 3814 occupationi
1780 3759 1911 3799 con-

540 3809 734 3882 gruis:
781 3809 961 3867 Vem‘te
991 3821 1114 3886 post
1146 3834 1245 3881 me,
1279 3818 1491 3889 faciam
1525 3838 1620 3876 vos
1645 3823 1767 3893 fieri
1783 3824 1910 3894 pis-

531 3895 748 3944 catores
765 3890 1067 3947 hominum.
1096 3895 1372 3952 Caeterum
1396 3897 1515 3954 haec
1559 3899 1910 3971 praeambula

546 3969 694 4026 nihil
724 3971 1049 4039 conferunt,
1100 3976 1249 4046 qnod
1292 3979 1534 4050 positive
1585 3979 1654 4036 ad
1711 3979 1908 4037 Fidem

541 4053 1040 4121 supernaturalem
1086 4056 1398 4125 conducat;
1441 4057 1541 4115 sed
1587 4060 1774 4117 solum
1815 4077 1909 4118 re·-

543 4138 776 4187 movent
797 4131 1054 4203 quaedam
1097 4134 1540 4208 impedimenta.
1575 4139 1739 4196 Unde
1762 4156 1909 4213 prze—

539 4218 628 4267 ter
669 4211 1032 4278 haecomnia,
1094 4220 1155 4269 ut
1202 4216 1375 4273 homo
1426 4219 1602 4289 possit
1646 4221 1909 4291 proxime

525 4291 786 4360 credere,
822 4294 1136 4364 requiritur
1159 4295 1446 4353 auxilium
1465 4299 1910 4372 supernaturale

535 4373 822 4431 sufficiens
842 4382 960 4430 tam
982 4392 1051 4432 ex
1082 4384 1243 4449 parte
1272 4378 1611 4447 intellectus,
1643 4400 1815 4456 quam
1839 4399 1909 4440 ex

543 4460 700 4526 parte
734 4456 1063 4524 voluntatiS,
1113 4462 1415 4532 utramque
1445 4464 1758 4535 potentiam
1787 4470 1910 4521 ele-

539 4552 702 4602 vanS,
721 4537 859 4594 etin
880 4543 1003 4594 actu
1029 4539 1217 4610 primo
1235 4542 1618 4600 constituens:
1641 4552 1700 4600 ut
1717 4552 1907 4603 autem

526 4622 664 4673 actu
688 4618 901 4683 credat,
926 4622 1243 4693 requiritur
1293 4625 1452 4681 aliud
1480 4627 1767 4684 auxilium
1806 4645 1910 4684 su-

532 4700 924 4769 pernaturale,
956 4700 1105 4772 quod
1134 4702 1203 4758 ad
1243 4703 1595 4762 credendum
1620 4707 1910 4765 infallibi-

540 4778 672 4833 liter
699 4780 959 4851 applicet.
1010 4783 1078 4836 Et
1103 4782 1432 4856 hujusmodi
1464 4787 1749 4844 auxilium
1786 4787 1908 4844 dis-

529 4864 736 4931 pensat
760 4861 903 4915 Deus
929 4877 1059 4918 cum
1088 4865 1227 4931 vult,
1260 4871 1315 4921 et
1357 4873 1525 4939 prout
1559 4870 1703 4935 vult,
1740 4867 1911 4925 inde-

537 4936 852 5011 pendenter
873 4939 943 4995 ab
972 4941 1227 4999 hominis
1254 4948 1730 5019 attemperatione
1774 4965 1905 5005 cum

530 5021 696 5092 ipso3
720 5019 817 5076 sed
841 5022 1028 5092 potius
1046 5022 1227 5095 ipsam
1251 5028 1787 5100 attemperationem
1807 5046 1909 5103 per

2050 595 2203 653 idem
2224 594 2507 651 auxilium
2545 599 2751 651 causat.
2780 593 2848 647 Et
2870 589 3020 665 quod
3047 590 3139 646 hic
3161 589 3237 644 sit
3265 588 3411 661 legi-

2049 677 2224 733 timus
2264 692 2463 735 sensus
2507 678 2570 731 D.
2628 677 2865 748 August.
2913 676 3129 730 constat
3175 686 3248 727 ex
3289 669 3412 743 ipso
3448 685 3540 741 oa

2047 761 2205 813 textu
2225 800 2238 825 ,
2259 757 2357 831 qui
2381 755 2544 813 nobis
2560 754 2826 830 objicitur
2850 777 2863 818 ς
2886 768 3023 809 nam
3054 766 3264 824 parum
3287 740 3540 822 postam

2048 836 2225 894 verba
2244 838 2413 895 citata
2435 836 2623 908 inquit
2657 856 2670 892 :
2730 856 2757 888 α
2778 832 3037 889 Audiunt
3080 830 3246 889 enim
3272 829 3406 895 haec,

2055 941 2080 971 α
2103 925 2161 977 et
2185 920 2420 985 iaciunt,
2452 917 2658 991 quibus
2684 916 2884 973 datum
2910 920 2995 973 est
3027 935 3040 970 :
3070 928 3191 970 non
3221 916 3412 969 autem

2054 1023 2080 1054 α
2112 1001 2348 1068 iaciunt,
2383 1002 2507 1057 sive
2545 999 2804 1066 audiant,
2839 997 2962 1053 sive
2992 1011 3111 1053 non
3148 993 3410 1055 audiant,

2054 1105 2080 1137 α
2108 1082 2316 1155 quibus
2337 1097 2455 1140 non
2481 1082 2678 1138 datum
2704 1084 2807 1138 est.
2834 1078 2977 1144 Quia
3000 1075 3182 1141 vobis,
3204 1074 3413 1149 inquit,

2054 1184 2080 1215 α
2109 1162 2306 1219 datum
2331 1167 2417 1220 est
2451 1177 2616 1218 nosse
2643 1159 2985 1234 mysterium
3028 1157 3193 1232 regni
3240 1156 3418 1211 coelo-

2054 1265 2081 1296 α
2111 1260 2272 1311 rum;
2297 1244 2416 1299 illis
2442 1249 2632 1300 autem
2662 1257 2781 1298 non
2800 1246 2883 1298 est
2903 1239 3121 1296 datum.
3154 1241 3417 1304 Quorum

2055 1346 2081 1378 α
2110 1328 2358 1381 alterum
2401 1322 2472 1380 ad
2522 1320 3003 1386 misericordiam,
3046 1321 3301 1376 alterum
3348 1317 3416 1374 ad

2055 1426 2079 1458 α
2103 1403 2384 1480 judicium
2432 1405 2679 1476 pertinet
2706 1402 2883 1467 illius,
2924 1400 3017 1456 cui
3045 1398 3186 1455 dicit
3214 1399 3415 1455 anima
3514 1432 3519 1439 -

2055 1507 2080 1538 α
2111 1489 2307 1542 nostra
2332 1506 2346 1540 t
2370 1481 2844 1547 Misericordiam,
2869 1487 2939 1538 et·
2946 1479 3233 1554 judicium
3276 1494 3417 1534 can-

2054 1588 2080 1619 «
2110 1566 2241 1627 tabo
2263 1567 2389 1635 tibi,
2419 1566 2684 1624 Domine.
2713 1584 2737 1615 »

2121 1650 2212 1706 54.
2241 1649 2523 1723 Arguitur
2543 1644 2809 1708 secundo,
2840 1644 2973 1716 quia
3016 1644 3079 1701 in
3124 1644 3413 1699 naturali·
3447 1657 3540 1699 seu

2048 1726 2152 1784 bus
2178 1729 2377 1786 eadem
2424 1727 2620 1792 motio,
2652 1741 2775 1799 quae
2809 1731 2892 1782 est
2917 1723 3112 1780 efficax
3153 1729 3414 1796 respectu
3439 1705 3540 1807 {³⁸}-

2046 1810 2220 1866 unius
2239 1809 2495 1883 subJ‘ecti,
2532 1813 2614 1865 est
2664 1805 2920 1862 inefficax
2963 1809 3216 1877 respectu
3269 1806 3417 1861 alte·
3476 1812 3540 1847 ¹⁸¹³

2050 1890 2171 1947 rius
2196 1911 2210 1945 ι
2237 1906 2372 1964 ergo
2413 1889 2564 1946 idem
2592 1887 2879 1959 continget
2906 1885 2968 1940 in
2995 1890 3417 1957 supernatura-

2048 1969 2216 2035 libus,
2240 1975 2296 2027 et
2310 1974 2717 2042 consequenter
2738 1966 2897 2021 nulla
2919 1965 3104 2040 gratia
3125 1962 3417 2021 diceretur

2047 2050 2261 2115 efficax,
2295 2050 2407 2105 nisi
2446 2049 2755 2122 respective
2802 2045 2871 2101 ad
2927 2045 3245 2118 subjectum
3294 2044 3412 2100 sibi

2047 2135 2508 2203 attemperatum.
2557 2126 2970 2200 Consequentia
2999 2130 3149 2197 patet
3176 2140 3209 2180 a
3256 2126 3418 2197 pari-

2050 2218 2181 2269 tate.
2217 2214 2284 2266 Et
2330 2209 2669 2268 antecedens
2720 2206 3011 2273 suadetur,
3040 2208 3322 2279 quoniam
3367 2207 3417 2261 si

2046 2292 2175 2367 quis
2196 2291 2412 2349 habens
2433 2291 2705 2347 virtutem
2735 2287 3013 2343 motivam
3043 2293 3106 2342 ut
3144 2292 3411 2360 quatuor,

2046 2372 2309 2430 intendat
2336 2387 2569 2428 movere
2596 2368 2809 2426 mobile
2856 2367 3126 2423 resistens
3151 2373 3212 2421 ut
3237 2367 3417 2441 quin-

2045 2470 2175 2526 que,
2209 2468 2323 2509 non
2348 2450 2490 2507 illud
2521 2449 2797 2514 movebit,
2822 2463 2888 2504 eo
2915 2445 3063 2520 quod
3093 2463 3126 2503 a
3169 2465 3415 2522 propor-

2047 2538 2201 2592 tione
2227 2532 2472 2589 minoris
2493 2529 2834 2604 aequalitatis
2857 2544 2972 2584 non
2994 2528 3257 2600 sequitur
3269 2530 3418 2586 actio

2047 2614 2286 2671 utdocet
2314 2612 2643 2669 Aristoteles
2670 2632 2683 2666 ι
2712 2610 2759 2664 si
2790 2614 2978 2665 autem
3005 2607 3264 2664 intendat
3294 2626 3417 2666 mo·

2046 2711 2181 2752 vere
2202 2692 2414 2751 mobile
2436 2693 2703 2749 resistens
2744 2693 2804 2744 ut
2829 2687 2961 2753 duo,
2988 2688 3137 2743 illud
3164 2688 3413 2746 efficaci-

2047 2779 2133 2832 ter
2153 2772 2406 2830 movebit
2430 2770 2502 2829 ob
2523 2770 2840 2843 oppositam
2889 2768 3174 2825 rationem
3188 2793 3204 2835 ;
3238 2776 3294 2825 et
3322 2776 3415 2826 ta-

2045 2870 2181 2912 men
2208 2854 2483 2920 motio‚et
2521 2856 2753 2908 conatus
2804 2866 2875 2907 ex
2921 2853 3081 2922 parte
3124 2852 3412 2907 moventis

2044 2943 2177 2993 sunt
2204 2937 2466 3008 aequales,
2494 2941 2553 2988 ut
2573 2933 2923 3006 supponitur
2954 2953 2966 2988 ε
3000 2947 3137 3003 ergo
3185 2933 3251 2987 in
3300 2949 3414 2988 na-

2045 3018 2328 3075 turalibus
2348 3016 2546 3074 eadem
2587 3016 2765 3072 motio
2792 3021 2874 3071 est
2899 3014 3094 3070 efficax
3150 3022 3413 3087 respecta

2044 3099 2234 3165 uniuS,
2254 3103 2309 3154 et
2330 3095 2587 3153 inefficax
2612 3100 2861 3167 respectu
2885 3094 3142 3150 alteriuS.

2119 3178 2511 3252 Respondetur
2540 3177 2796 3250 negando
2824 3176 3311 3248 consequentiam.
3347 3179 3417 3231 Et
3437 3190 3539 3250 aaz

2046 3258 2191 3315 ratio
2217 3257 2567 3330 disparitatis
2585 3261 2688 3321 est,
2713 3255 2987 3328 quoniam
3010 3254 3188 3310 motio
3207 3270 3423 3326 super·
3482 3247 3540 3280 δ”)

2031 3337 2329 3403 Δῐιειῐιηᾞῑίε»
2380 3352 2496 3393 non
2551 3336 2780 3408 respicit
2825 3335 3037 3391 mobile
3080 3334 3406 3391 secundum

2046 3420 2378 3492 potentiam,
2405 3419 2494 3474 vel
2517 3417 2914 3490 dispositiones
2943 3418 3241 3472 naturales
3268 3441 3281 3481 ;
3310 3418 3416 3473 secl

2041 3501 2229 3555 solum
2276 3497 2589 3555 secundum
2636 3498 2998 3569 capacitatem
3047 3496 3417 3552 obedientia·

2025 3579 2154 3633 .lem
2191 3598 2203 3633 ε
2231 3577 2379 3634 unde
2407 3593 2522 3634 non
2564 3577 2821 3632 variatur
2847 3575 2917 3632 ob
2962 3577 3148 3631 varias
3176 3577 3419 3650 subjecti

2041 3657 2470 3730 dispositiones;
2494 3659 2590 3715 sed
2619 3659 2667 3714 si
2699 3658 2759 3713 in
2785 3675 2845 3714 se
2868 3664 2950 3714 est
2970 3658 3187 3724 efficax,
3220 3659 3414 3731 quod-

2044 3737 2182 3795 libet
2207 3738 2522 3813 subjectum
2549 3739 2865 3804 convertit-3
2895 3738 2943 3792 si
2968 3744 3159 3794 autem
3206 3747 3292 3795 est
3340 3741 3406 3795 in

2042 3836 2102 3876 se
2153 3820 2427 3885 inefficax,
2488 3820 2715 3875 nullum
2762 3820 3062 3884 convertit,
3111 3827 3171 3876 ut
3221 3822 3411 3894 magis

2041 3898 2462 3956 declarabimus
2487 3899 2617 3973 dub.
2646 3902 2703 3953 4.
2741 3900 3020 3955 Caeterum
3072 3902 3253 3957 motio
3302 3916 3415 3957 na-

2042 3979 2265 4044 turaliS,
2293 3980 2395 4035 hoc
2423 3979 2545 4049 ipso
2565 3978 2712 4050 quod
2742 3978 2871 4033 talis
2898 3979 3261 4052 sit,.respicit
3284 3997 3413 4037 mo-

2042 4057 2159 4116 bile
2184 4057 2497 4116 secundum
2527 4056 2926 4114 resistentiam.
2956 4064 3012 4113 et
3038 4060 3417 4131 capacitatem

2043 4142 2351 4200 naturales.
2384 4138 2757 4211 quamobrem
2804 4137 2968 4195 debet
3013 4140 3123 4212 ipsi
3169 4158 3419 4214 propor-

2042 4222 2364 4289 tionari;et
2395 4220 2521 4278 ideo
2546 4221 2722 4276 motio
2761 4225 2891 4293 apta
2933 4221 3007 4277 ad
3057 4223 3417 4280 movendum

2042 4319 2223 4359 unum
2275 4301 2506 4364 mobile.
2555 4307 2639 4357 est
2684 4301 2961 4366 inefficax,
2995 4309 3050 4358 et
3099 4305 3297 4377 inepta
3339 4305 3415 4360 ad

2040 4383 2391 4442 movendum
2415 4381 2593 4438 aliud.
2629 4381 2807 4447 Adde,
2833 4382 2979 4456 quod
3009 4385 3198 4441 necin
3242 4392 3420 4442 natu-

2042 4463 2262 4520 ralibus
2288 4464 2478 4534 aliqua
2507 4462 2691 4517 virtus
2718 4477 2789 4518 ex
2815 4479 2875 4520 se
2900 4463 3192 4521 sufficiens
3221 4473 3420 4522 movet

2042 4543 2437 4601 infallibiliter
2468 4543 2528 4598 in
2554 4550 2676 4599 actu
2706 4544 2972 4610 secundo,
3010 4546 3123 4601 nisi
3168 4547 3331 4618 prius
3388 4565 3425 4603 a

2040 4629 2155 4683 Deo
2182 4625 2497 4698 applicetur
2524 4623 2821 4681 efficaciter
2870 4626 2939 4681 ad
2967 4628 3277 4701 agendum.
3309 4630 3423 4686 Sed

2041 4714 2126 4766 est
2148 4707 2482 4771 discrimen,
2508 4704 2659 4777 quod
2690 4709 2832 4763 Deus
2854 4706 3144 4780 dispensat
3173 4726 3428 4768 concur-

2040 4787 2467 4863 sumpraevium
2487 4784 2764 4841 efficacem
2793 4785 2861 4842 ad
2884 4793 3038 4842 actus
3064 4790 3424 4848 necessarios

2036 4868 2199 4941 Juxta
2224 4881 2525 4922 causarum
2557 4866 2910 4921 naturalium
2956 4867 3333 4941 exigentiam,
3364 4879 3425 4928 et

2039 4945 2475 5018 dispositionem
2504 4967 2516 5010 ;
2574 4944 2861 4999 auxilium
2916 4961 3053 5001 vero
3128 4951 3419 5018 praevium

2041 5027 2235 5083 efficax
2260 5023 2327 5081 ad
2359 5030 2512 5079 actus
2545 5022 2770 5084 liberos,
2798 5030 2849 5081 et
2900 5027 3182 5098 praecipue
3208 5045 3422 5101 super-

3080 5113 3403 5176 naturales,
