3647 5753
438 3694 540 3740 Alia

385 3746 560 3800 replica.

581 413 698 470 766

585 583 873 658 quoddam
903 585 1271 659 participium
1307 584 1487 658 ipsius
1516 589 1670 641 actus
1694 582 1952 640 charita-

588 666 664 721 tis
690 682 838 738 :qua
863 667 1085 724 ratione
1114 672 1268 722 actus
1294 665 1579 723 secundus
1617 670 1720 730 est,
1752 669 1806 721 et
1828 663 1952 721 dis-

589 748 878 823 tinguitur
905 749 975 806 ab
1016 749 1239 812 habitu;
1270 755 1326 806 et
1353 748 1479 806 ideo
1507 749 1624 823 agit
1651 748 1714 804 in
1735 747 1953 805 virtute

592 831 910 904 utriusque,
955 837 1149 904 estque
1196 847 1315 889 non
1369 833 1557 888 solum
1617 830 1952 887 virtualiter

589 910 821 968 habitus
859 912 1178 979 charitatis,
1207 912 1303 969 sed
1344 913 1518 970 etiam
1561 910 1754 984 aliquo
1780 910 1953 968 modo

591 998 749 1048 actus
793 993 913 1066 ejus
956 993 1236 1050 secundus
1281 992 1572 1050 virtualiS.
1619 991 1784 1049 Unde
1809 1008 1953 1065 que-

590 1073 966 1130 madmodum
996 1076 1042 1129 si
1073 1082 1227 1132 actus
1262 1076 1385 1149 ipse
1411 1073 1709 1130 charitatis
1730 1072 1954 1129 forma-

593 1156 727 1212 liter
750 1154 984 1221 adesset,
1018 1156 1298 1214 tribueret
1345 1156 1628 1213 voluntati
1662 1170 1778 1211 non
1819 1159 1953 1212 tan-

592 1242 716 1293 tum
746 1252 925 1309 posse,
956 1236 1054 1293 sed
1083 1237 1257 1294 etiam
1287 1242 1412 1293 actu
1457 1235 1686 1309 operari
1716 1241 1953 1308 propter

591 1316 768 1375 finem
798 1317 1111 1381 charitatis,
1139 1335 1242 1375 nec
1271 1323 1456 1392 posset
1483 1317 1769 1383 voluntas,
1795 1317 1953 1372 exis-

589 1402 748 1456 tente
788 1400 851 1455 in
890 1415 957 1455 ea
980 1399 1248 1472 praedicto
1274 1405 1420 1467 actu,
1445 1415 1512 1456 eo
1542 1414 1657 1456 non
1686 1399 1790 1465 uti,
1822 1414 1953 1455 om-

593 1495 841 1553 nemque
867 1496 1032 1536 suam
1079 1481 1378 1538 honestam
1429 1479 1821 1553 operationem
1853 1494 1954 1552 per

594 1563 764 1620 illum
790 1563 850 1617 in
873 1560 1050 1618 finem
1072 1562 1368 1619 charitatis
1392 1562 1608 1619 referre
1630 1583 1643 1618 :
1672 1561 1752 1617 ita
1774 1562 1951 1618 etiam

592 1645 874 1702 existente
914 1644 977 1698 in
1024 1660 1090 1700 ea
1135 1642 1461 1716 supradicto
1501 1642 1670 1699 modo
1694 1641 1957 1716 nequibit

593 1742 713 1783 non
753 1725 822 1782 ad
850 1741 1083 1782 omnem
1125 1743 1289 1783 suam
1319 1727 1712 1799 operationem
1740 1724 1954 1783 bonam

595 1807 681 1864 uti
709 1807 852 1880 ipso,
887 1812 942 1863 et
990 1808 1211 1865 ratione
1257 1808 1419 1865 illius
1465 1808 1739 1865 ordinare
1784 1807 1954 1863 illam

595 1886 932 1945 virtualiter
997 1889 1060 1944 in
1128 1887 1458 1961 praedictum
1510 1887 1714 1945 finem.
1767 1888 1957 1952 Quare

593 1967 745 2044 quod
772 1969 1156 2026 communiter
1186 1968 1415 2036 dicitur,
1440 1969 1718 2025 habitibus
1743 1986 1844 2024 nos
1868 1969 1957 2024 uti

594 2051 814 2185 guavido
840 2051 1109 2116 volumem,
1143 2067 1348 2108 verum
1376 2050 1547 2108 habet
1588 2051 1651 2107 in
1680 2050 1820 2124 ipsis
1849 2049 1958 2106 ha-

637 2128 828 2198 itibus,
856 2136 912 2188 et
933 2129 1003 2186 ad
1033 2148 1329 2188 summum
1359 2132 1421 2188 in
1449 2130 1653 2198 modis,
1678 2131 1778 2205 qui
1806 2145 1959 2204 prae-

595 2213 711 2269 cise
748 2219 885 2270 sunt
925 2213 1274 2287 habituale53
1319 2231 1437 2273 non
1484 2221 1675 2272 autem
1729 2213 1791 2269 in
1839 2212 1959 2269 illis

595 2293 695 2366 qui
723 2295 898 2352 simul
924 2295 1241 2369 important
1282 2296 1616 2353 virtualiter
1655 2295 1959 2352 actualita-

594 2379 711 2431 tem
752 2376 991 2451 alicujus
1013 2384 1166 2434 actus
1186 2377 1440 2444 secundi,
1472 2378 1633 2451 cujus
1658 2381 1793 2432 sunt
1820 2391 1960 2449 par-

594 2457 977 2528 ticipationes.

671 2535 758 2591 Ad
787 2537 934 2593 illud
974 2554 1131 2608 vero,
1183 2539 1331 2613 quod
1380 2540 1443 2596 in
1491 2541 1595 2597 hac
1642 2538 1961 2613 objectione

598 2615 849 2683 additur,
885 2624 1036 2690 patet
1077 2636 1148 2676 ex
1187 2620 1353 2677 dictis
1373 2639 1527 2677 num.
1558 2623 1629 2676 88
1655 2645 1669 2688 3
1696 2626 1758 2675 ut
1796 2619 1959 2677 enim

600 2694 819 2754 ibidem
859 2698 1134 2769 diximus,
1183 2703 1432 2759 charitas
1479 2718 1598 2759 non
1641 2703 1830 2760 solum
1862 2702 1962 2758 in-

600 2778 815 2837 format
841 2782 1099 2848 virtuteS,
1143 2801 1241 2841 seu
1284 2783 1530 2851 habituS,
1572 2785 1670 2857 qui
1713 2788 1850 2840 sunt
1896 2784 1960 2840 in

598 2860 913 2929 voluntate,
945 2862 1044 2920 sed
1084 2865 1258 2922 etiam
1286 2866 1396 2939 ipsi
1423 2866 1707 2924 voluntati
1755 2864 1962 2923 tribuit

599 2944 900 3016 proprium
931 2944 1186 3009 modum,
1218 2964 1330 3021 quo
1366 2947 1647 3005 informat
1675 2948 1841 3005 illam
1867 2964 1963 3005 se-

598 3025 852 3082 cundum
879 3043 955 3093 se,
989 3032 1044 3083 et
1067 3029 1401 3087 immediate
1427 3029 1743 3087 secundum
1784 3031 1960 3087 illum

598 3108 685 3177 (ut
732 3107 814 3164 sic
870 3108 1147 3180 dicamus)
1196 3110 1633 3183 potentialitatis
1689 3111 1956 3186 gradum,

597 3203 768 3261 quem
798 3188 1026 3246 habitus
1070 3207 1188 3249 non
1237 3192 1574 3250 informant.
1627 3193 1794 3251 Unde
1831 3209 1962 3251 cum

601 3271 868 3326 voluntas
895 3272 1058 3329 nullo
1085 3272 1267 3334 utitur
1288 3272 1506 3339 habitu,
1533 3273 1658 3331 sive
1686 3275 1822 3347 quia
1844 3289 1962 3332 non

600 3351 748 3417 vult,
772 3351 895 3408 sive
933 3354 1067 3424 quia
1111 3352 1370 3410 nondum
1413 3354 1584 3412 habet
1609 3355 1841 3412 habitus
1867 3370 1964 3411 ac·

601 3433 860 3506 quisitOS‚
893 3441 949 3491 et
983 3442 1253 3507 operatur
1299 3436 1445 3494 bene
1488 3439 1809 3505 moraliter,
1845 3437 1964 3494 uti-

602 3520 699 3570 tur
726 3514 830 3571 hoc
856 3531 960 3572 suo
1001 3518 1235 3589 proprio
1276 3516 1464 3584 mode,
1498 3523 1552 3576 et
1582 3519 1804 3576 ratione
1843 3519 1964 3595 ejus

605 3595 723 3670 agit
742 3596 919 3652 etiam
940 3600 1075 3653 tunc
1098 3598 1159 3654 in
1183 3598 1396 3654 virtute
1416 3599 1736 3656 charitatiS.

678 3679 772 3734 94.
804 3677 910 3734 Sed
952 3679 1200 3753 urgebis,
1232 3681 1368 3753 quia
1401 3682 1450 3736 si
1480 3681 1685 3739 modus
1711 3681 1805 3738 hic
1823 3679 1964 3737 cha-

603 3758 810 3825 ritatis,
842 3774 1012 3832 quem
1054 3761 1324 3833 ponimus
1353 3762 1416 3819 in
1445 3763 1577 3819 aliis
1623 3761 1957 3830 virtutibus,

602 3855 721 3897 non
748 3846 834 3896 est
859 3841 1091 3912 praecise
1117 3841 1446 3909 habitualis,
1479 3844 1577 3901 sed
1625 3842 1796 3901 habet
1838 3843 1963 3900 vim

600 3927 658 3980 et
686 3923 972 3980 rationem
1010 3929 1166 3981 actus
1210 3925 1463 3995 secundi,
1496 3928 1700 3984 saltem
1736 3927 1964 3985 virtua-

602 4005 696 4075 lis,
729 4006 828 4078 qui
857 4007 1027 4062 illum
1059 4006 1312 4073 haberet,
1359 4023 1425 4064 eo
1464 4008 1590 4080 ipso
1636 4009 1964 4067 formaliter

600 4091 964 4144 mereretur:
1008 4093 1065 4143 at
1100 4088 1204 4146 hoc
1247 4094 1331 4146 est
1372 4089 1620 4145 falsum:
1665 4105 1820 4165 erg0,
1854 4096 1957 4147 etc.

598 4167 794 4225 Minor
816 4172 985 4241 patet,
1011 4169 1146 4242 quia
1175 4186 1303 4226 cum
1334 4170 1538 4228 modus
1580 4171 1687 4228 iste
1724 4171 1800 4227 sit
1828 4185 1965 4244 per-

598 4264 860 4316 manens,
886 4255 943 4306 et
981 4251 1104 4307 sive
1133 4252 1304 4309 homo
1331 4258 1600 4324 operetur
1642 4250 1807 4320 bene,
1838 4253 1966 4310 sive

600 4347 735 4398 non,
760 4331 1036 4405 quamdiu
1065 4333 1250 4407 gratia
1292 4338 1619 4408 perseverat
1647 4333 1709 4389 in
1737 4334 1958 4402 anima,

598 4428 826 4487 semper
855 4413 1039 4481 duret,
1070 4431 1300 4489 semper
1327 4416 1612 4490 perillum
1631 4417 1806 4474 homo
1823 4433 1963 4475 con-

602 4496 768 4554 tinuo
796 4503 1135 4566 mereretur,
1161 4498 1388 4555 etiamsi
1412 4498 1562 4555 nihil
1587 4497 1722 4557 boni
1746 4505 1960 4575 ageret,

600 4574 701 4633 sed
727 4576 1037 4646 dormiret3
1086 4577 1234 4651 quod
1264 4584 1415 4651 patet
1435 4595 1557 4637 esse
1584 4579 1815 4639 falsum.
1859 4584 1963 4640 Se-

600 4658 773 4730 quela
817 4673 954 4716 vero
998 4659 1291 4732 probatur,
1322 4661 1457 4733 quia
1504 4660 1574 4716 ad
1616 4662 1962 4720 merendum

599 4739 946 4808 formaliter,
992 4742 1097 4799 etsi
1146 4757 1262 4799 non
1302 4742 1541 4800 sufficiat
1585 4743 1836 4811 habitus,
1869 4747 1964 4804 vel

601 4823 807 4880 relatio
826 4822 1123 4879 charitatis
1144 4823 1376 4895 praecise
1398 4822 1732 4892 habitualis;
1753 4831 1964 4884 nonta-

598 4919 736 4962 men
755 4904 1008 4978 exigitur
1029 4909 1184 4960 actus
1210 4902 1349 4977 ejus,
1375 4909 1432 4960 et
1452 4906 1656 4963 relatio
1672 4905 1959 4977 formalis,

597 4985 696 5043 sed
721 4987 945 5051 sufficit,
970 4992 1026 5042 et
1048 4986 1363 5059 requiritur
1378 4985 1681 5045 virtualis:
1710 4988 1759 5044 si
1784 4990 1965 5066 igitur

601 5065 902 5137 praedictus
929 5065 1132 5123 modus
1151 5071 1236 5123 est
1258 5067 1619 5141 participatio
1634 5069 1956 5141 charitatis,

1541 410 1635 466 DE
1674 408 2000 479 INFLUXU
2039 407 2489 466 CHARITATIS.

2085 596 2148 638 ac
2175 582 2420 655 proinde
2449 582 2655 639 relatio
2683 581 2754 638 ad
2775 581 2896 655 ejus
2922 579 3110 646 finem,
3136 596 3239 637 non
3262 596 3379 653 prae-

2081 662 2197 720 cise
2240 663 2571 729 habitualiS,
2622 662 2721 720 sed
2769 663 3006 720 actualis
3051 661 3303 727 virtualis,
3330 667 3379 718 ut

2081 744 2296 803 dictum
2324 753 2426 812 est,
2452 747 2746 804 constituit
2773 746 2957 819 seipso
2998 744 3288 801 formaliter
3305 760 3379 800 ra-

2082 829 2303 886 tionem
2333 830 2548 888 meriti.

2156 913 2226 967 Et
2270 911 2667 982 confirmatur,
2700 913 2835 986 quia
2880 910 3078 968 modus
3118 912 3500 1046 eharimmiffl
3535 972 3536 989 χ

2082 992 2179 1065 qui
2207 998 2292 1049 est
2320 994 2382 1049 in
2419 1001 2543 1069 actu
2583 993 2950 1061 humilitatis,
2976 1009 3030 1050 v.
3057 1011 3106 1069 g.
3137 993 3363 1051 constitui

2084 1073 2254 1129 illum
2278 1075 2646 1132 meritorium
2671 1075 3011 1138 formaliter,
3033 1091 3144 1132 non
3164 1075 3263 1131 nisi
3280 1073 3385 1147 quia

2084 1155 2217 1212 talis
2239 1155 2441 1212 modus
2486 1163 2571 1213 est
2600 1158 2959 1230 participatio
3004 1164 3151 1213 actus
3180 1156 3385 1212 charita-

2082 1236 2176 1302 tis,
2202 1240 2258 1292 et
2286 1252 2401 1293 non
2433 1238 2661 1309 praecise
2689 1237 2933 1305 habitus,
2979 1244 3166 1309 estque
3191 1235 3388 1309 proinde

2086 1316 2342 1384 actualiS,
2360 1317 2489 1373 licet
2511 1318 2779 1374 virtualis
2797 1317 2998 1375 relatio
3015 1317 3082 1373 ad
3097 1317 3208 1390 ejus
3226 1316 3384 1382 finem,

2083 1404 2141 1455 et
2180 1413 2298 1455 non
2323 1399 2512 1456 solum
2559 1399 2892 1457 habitualis,
2935 1400 2993 1454 Si
3040 1399 3206 1472 igitur
3228 1397 3389 1455 modus

2087 1478 2188 1535 ille
2227 1495 2593 1553 permanenS,
2625 1496 2792 1552 quem
2823 1480 3087 1553 ponimus
3114 1480 3173 1535 in
3197 1479 3389 1535 virtuti-

2086 1561 2210 1628 bus,
2240 1556 2325 1618 est
2347 1563 2707 1636 participatio
2730 1568 2884 1618 actus
2905 1556 3207 1628 charitatis,
3236 1567 3388 1619 elnon

2086 1650 2312 1702 tantum
2341 1643 2588 1713 habituS,
2638 1651 2832 1718 estque
2877 1646 3098 1710 relatio.
3143 1661 3232 1701 seu
3275 1644 3389 1700 ratio

2088 1726 2378 1784 referendi
2402 1726 2468 1783 ad
2499 1728 2620 1801 ejus
2646 1725 2820 1783 finem
2842 1732 2996 1783 actus
3024 1727 3389 1787 virtualiter,et

2088 1824 2207 1866 non
2233 1806 2604 1867 habitualiter
2630 1809 2929 1874 duntaxat.
2961 1809 3142 1881 seipso
3170 1806 3389 1864 formali-

2087 1895 2175 1948 ter
2201 1890 2504 1947 constituet
2526 1889 2870 1965 ubicumque
2899 1890 3074 1947 fuerit
3101 1904 3386 1964 permanen·

2087 1977 2176 2029 ter
2203 1972 2501 2029 meritum.
2707 1980 2713 1987 ’

2162 2053 2560 2126 Respondetur
2606 2051 2869 2127 negando
2912 2052 3210 2125 sequelam.
3249 2051 3304 2105 Et
3336 2047 3499 2116 admittat

2088 2133 2485 2208 probationem
2506 2133 2832 2200 dicendum,
2854 2134 3089 2191 modum
3113 2130 3388 2206 praedictum
3408 2114 3496 2164 '⁸⁶¹⁶

2090 2216 2436 2291 participare
2478 2215 2711 2288 quidem
2760 2219 2951 2272 actum
2991 2213 3388 2286 charitatis‚qua

2091 2298 2315 2355 ratione
2361 2303 2516 2354 actus
2559 2296 2840 2353 secundus
2904 2302 3024 2364 est;
3092 2311 3198 2352 non
3240 2300 3388 2350 tamen

2090 2378 2399 2453 adaequate,
2433 2394 2535 2436 nec
2563 2377 2983 2436 formalissime
3021 2375 3301 2433 secundum
3334 2375 3389 2429 il-

2090 2463 2210 2518 lam
2248 2461 2552 2530 rationem,
2585 2459 2896 2517 secundum
2950 2475 3118 2534 quam
3156 2456 3390 2515 coustituit

2089 2543 2278 2614 seipso
2324 2541 2648 2597 formaliter
2696 2542 3022 2597 meritum:
3071 2538 3209 2595 unde
3252 2550 3390 2609 neque

2091 2627 2213 2699 ipse
2235 2624 2436 2682 modus
2462 2624 2667 2696 seipso,
2692 2630 2746 2680 et
2769 2624 3098 2681 formaliter
3124 2621 3252 2679 illud
3271 2636 3390 2678 cons—

2093 2706 2268 2763 tituit.
2325 2707 2437 2762 Pro
2464 2706 2624 2779 cujus
2653 2707 2774 2764 luce
2814 2705 3078 2772 observa,
3120 2702 3251 2777 quod
3274 2706 3389 2757 actus

2092 2787 2358 2844 formalis
2396 2786 2709 2853 charitatis,
2762 2788 2920 2861 cujus
2975 2794 3058 2845 est
3096 2780 3389 2859 participatio

2091 2872 2148 2925 et
2187 2868 2372 2926 virtus
2413 2866 2713 2941 praedictus
2761 2866 2990 2936 moduS,
3022 2869 3132 2925 duo
3170 2864 3326 2928 habet,
3349 2864 3390 2918 et

2095 2950 2312 3008 referre
2360 2949 2612 3021 seipsum
2665 2949 2995 3006 formaliter
3035 2947 3300 3006 actualiter
3339 2938 3388 2997 ad

2092 3047 2261 3089 suum
2301 3029 2499 3099 finem,
2541 3036 2598 3088 et
2651 3030 2866 3087 referre
2910 3038 3070 3088 actus
3118 3036 3388 3087 caeterarum

2093 3112 2374 3169 virtutum
2399 3128 2430 3168 a
2456 3128 2517 3168 se
2539 3111 2850 3183 imperatos
2878 3112 2939 3167 in
2965 3110 3203 3170 eundem
3239 3107 3386 3168 finem,

2097 3211 2214 3253 non
2260 3195 2586 3253 formaliter
2628 3192 2983 3260 immediate,
3033 3194 3129 3252 sed
3171 3189 3387 3253 effective,

2096 3276 2488 3351 imprimendo
2510 3278 2629 3334 illis
2657 3275 2944 3332 medalem
2962 3275 3239 3350 quandam
3255 3277 3389 3327 actua·

2096 3359 2379 3414 lissimam
2413 3358 2773 3422 relationem,
2801 3373 2901 3428 per
2922 3373 3097 3429 quam
3121 3350 3393 3411 immediate

2095 3444 2368 3512 tanquam
2415 3454 2516 3510 per
2562 3436 2812 3493 formam
2861 3436 3208 3493 referuntur.
3254 3431 3393 3488 Potest

2097 3521 2286 3592 itaque
2312 3517 2664 3575 considerari
2694 3523 2848 3574 actus
2869 3517 3180 3578 charitatis,
3203 3520 3252 3570 et
3269 3513 3394 3584 prout

2094 3605 2179 3658 est
2205 3599 2468 3659 formalis
2497 3599 2699 3656 relatio
2727 3605 2851 3655 actu
2872 3605 2926 3655 et
2955 3598 3262 3668 formaliter
3282 3589 3393 3648 rete-

2097 3700 2250 3750 rens,
2278 3690 2336 3741 et
2377 3687 2545 3757 prout
2599 3682 2774 3739 refert
2817 3688 3046 3739 tantum
3095 3680 3333 3739 effective.
3355 3677 3395 3729 et

2095 3765 2345 3823 mediate
2372 3786 2385 3821 :
2416 3766 2605 3838 primo
2633 3764 2803 3822 modo
2824 3765 3124 3820 constituit
3148 3758 3391 3818 meritum.

2097 3848 2443 3915 formaliter,
2469 3853 2521 3904 et
2551 3847 2648 3903 ubi
2672 3846 2839 3902 datur
2862 3845 3213 3919 participatio
3230 3836 3398 3915 ejussic

2094 3929 2462 4004 sumpti‚dari
2484 3944 2707 3985 necesse
2721 3927 2964 3984 estform
2973 3928 3138 3983 aliter
3153 3922 3393 3980 meritum.

2094 4017 2167 4069 At
2200 4012 2449 4070 secundo
2487 4011 2656 4068 modo
2698 4026 2814 4067 non
2840 4009 3134 4066 constituit
3174 4003 3398 4061 meritum

2095 4093 2441 4159 formaliter,
2472 4093 2569 4150 sed
2608 4109 2669 4150 sc
2712 4090 2879 4148 habet
2907 4096 2969 4145 ut
3015 4089 3249 4146 efficiens
3273 4085 3398 4140 illam

2097 4176 2615 4247 relationem,‘quae
2655 4173 2800 4229 illud
2830 4172 2893 4227 in
2940 4170 3152 4228 actibus
3196 4167 3398 4226 aliarum

2095 4257 2378 4318 virtutum
2408 4255 2740 4313 immediate
2783 4252 3096 4311 constituit.
3138 4249 3286 4306 Unde
3324 4255 3402 4300 nec

2096 4338 2457 4411 participatio
2483 4337 2603 4410 ejus
2625 4341 2794 4408 prout
2820 4335 2901 4390 sic
2928 4332 3094 4390 debet
3111 4333 3280 4404 seipsa
3304 4337 3402 4417 me-

2096 4420 2274 4477 ritum
2321 4420 2685 4484 constituere,
2732 4416 2832 4474 sed
2892 4416 3134 4473 influere
3192 4418 3301 4470 actu
3344 4419 3401 4498 ‘m

2094 4519 2236 4576 opus
2264 4502 2633 4575 imperatum,
2657 4504 2719 4556 ‘et
2757 4498 2976 4556 efficere
3002 4498 3065 4554 in
3085 4513 3151 4554 eo
3179 4489 3402 4551 actualis·

2094 4584 2306 4640 simam
2355 4584 2716 4649 relationem,
2748 4595 2871 4655 quae
2896 4577 3250 4637 meritorium
3285 4564 3402 4628 illud

2094 4664 2419 4722 constituat.

2169 4749 2264 4805 95.
2288 4748 2467 4822 Igitur
2488 4746 2693 4804 modus
2720 4746 2838 4809 ille,
2863 4758 3032 4816 quem
3059 4739 3286 4797 dicimus
3308 4743 3404 4824 esse

2097 4836 2506 4903 permanenter
2538 4831 2601 4886 in
2642 4825 2933 4884 habitibus
2977 4823 3265 4885 virtutum,
3286 4819 3335 4874 et
3355 4825 3404 4903 ¹.¹¹

2093 4913 2411 4978 voluntate,
2444 4927 2561 4968 non
2589 4915 2673 4967 est
2697 4906 3053 4982 participatio
3079 4907 3227 4960 actus
3244 4898 3405 4985 chari·

2095 4995 2229 5051 tatis
2277 4993 2708 5057 formalissima,
2760 4987 3071 5047 secundum
3115 4981 3255 5059 quod
3299 4978 3405 5036 tahs

2096 5081 2254 5134 actus
2297 5081 2383 5133 est
2425 5074 2689 5131 formalis
2728 5069 2964 5128 actualis
3009 5066 3222 5134 relatio,
3250 5058 3334 5119 sed
3339 5061 3404 5197 get

3207 5157 3339 5219 praec
