3647 5753
320 1002 442 1046 Nota.

498 416 606 471 464

494 589 852 642 communiter
883 588 1108 654 dicitur,
1135 588 1278 666 quod
1303 590 1553 645 charitas
1579 592 1652 644 sit
1678 590 1862 661 forma

495 668 780 741 virtutum,
813 686 922 723 non
948 670 1125 725 solum
1154 671 1217 724 in
1242 677 1511 747 quantum
1550 671 1707 726 babet
1723 688 1862 741 yra-

494 748 636 805 tiam
664 749 1106 822 inseparabiliter
1149 767 1449 818 annexam,
1494 750 1586 806 sed
1604 753 1771 807 etiam
1790 768 1863 806 ew

494 831 595 886 hoc
622 832 759 904 ipse,
786 834 928 907 quod
965 840 1041 888 est
1068 836 1337 891 charita-5.
1362 837 1473 890 Per
1518 850 1643 908 quae
1687 850 1862 908 supe-

498 912 620 969 rius
647 912 797 970 dicta
820 931 937 971 non
966 914 1168 971 leviter
1193 914 1558 973 roborantur.

572 996 701 1051 235.
749 996 1014 1053 Diximus
1061 998 1383 1071 negandam
1428 1013 1551 1056 esse
1580 997 1857 1071 majorem

498 1080 890 1135 universaliter
928 1082 1254 1136 intellectam
1282 1100 1302 1148 ,·
1326 1081 1461 1155 quia
1501 1081 1563 1137 in
1590 1080 1860 1154 praesenti

499 1176 603 1217 nec
653 1160 811 1227 libet,
869 1178 971 1220 nec
1012 1167 1172 1219 vacat
1209 1163 1562 1229 examinare,
1610 1161 1679 1218 ad
1720 1178 1861 1235 quas

495 1242 855 1314 operationes
899 1245 1367 1317 supernaturales
1400 1245 1728 1317 requiratur
1756 1242 1860 1299 de-

495 1322 820 1391 terminate,
871 1329 928 1380 et
952 1323 1335 1382 essentialiter
1373 1326 1560 1399 gratia
1600 1322 1859 1380 sanctifi-

493 1418 648 1458 cans.
699 1403 805 1460 Sed
833 1404 1037 1462 sufficit
1088 1404 1257 1461 modo
1277 1402 1484 1472 dicere,
1509 1406 1759 1479 gratiam
1787 1405 1859 1461 ad

493 1499 588 1539 eas
616 1485 975 1556 operationes
992 1484 1375 1542 essentialiter
1399 1485 1634 1558 requiri,
1652 1485 1715 1541 in
1735 1485 1860 1557 qui-

496 1564 601 1619 bus
627 1564 862 1631 eaedem,
915 1568 1006 1623 vel
1034 1566 1257 1623 similes
1286 1567 1539 1624 rationes
1574 1567 1851 1631 militant,

498 1660 560 1700 ac
609 1645 671 1700 in
701 1651 823 1701 actu
846 1647 1168 1703 charitatis.
1199 1647 1358 1710 Quod
1389 1648 1532 1704 forte
1560 1663 1672 1704 non
1698 1649 1858 1704 veri-

495 1725 698 1782 ficatur
741 1728 854 1783 nisi
883 1727 944 1783 in
973 1735 1096 1784 actu
1140 1729 1383 1785 visionis
1412 1729 1509 1785 Dei
1540 1729 1600 1784 in
1623 1729 1807 1801 seipso
1840 1754 1853 1797 ;

494 1822 632 1862 nam
661 1809 744 1876 (ut
772 1809 886 1863 alia
909 1809 1126 1865 motiva
1154 1810 1683 1882 praetermittamus)
1710 1827 1858 1883 prce-

492 1886 642 1944 dicta
665 1888 810 1944 visio
852 1888 1028 1945 infert
1067 1890 1429 1957 naturaliter,
1463 1897 1520 1947 et
1541 1892 1857 1948 necessario

493 1985 751 2025 amorem
783 1971 881 2026 Dei
930 1987 1101 2044 super
1122 1973 1320 2029 omnia
1349 1995 1362 2028 :
1395 1971 1544 2029 unde
1570 1974 1857 2029 essentia-

498 2051 634 2107 liter
658 2052 795 2123 petit
813 2052 1164 2124 procederea
1187 2055 1490 2127 principio,
1517 2054 1663 2128 quod
1684 2055 1857 2128 possit

495 2132 672 2188 talem
726 2149 984 2189 amorem
1049 2134 1287 2199 elicere;
1339 2136 1604 2209 quamvis
1670 2137 1859 2194 valeat

496 2214 661 2279 DeuS,
710 2213 894 2270 adhuc
934 2216 1116 2286 posita
1142 2217 1384 2281 visione,
1436 2233 1569 2274 eum
1598 2233 1855 2273 amorem

408 2292 421 2299 “
495 2307 595 2363 per
634 2295 1071 2365 suspensionem
1112 2312 1460 2353 concursus,
1507 2297 1653 2353 Satis
1693 2296 1856 2352 enim

493 2378 595 2439 est,
626 2375 773 2445 quod
803 2376 950 2432 visio
974 2376 1188 2433 inferat
1213 2378 1553 2435 naturaliter
1576 2394 1852 2444 amorem,

495 2457 557 2507 ut
582 2459 817 2526 uterque
859 2463 1013 2512 actus
1036 2455 1105 2512 ab
1135 2457 1333 2515 eodem
1359 2459 1643 2532 principio
1670 2474 1859 2514 essen·

497 2533 713 2590 tialiter
735 2533 1070 2607 dependeat.
1099 2540 1163 2593 In
1194 2539 1326 2594 aliis
1357 2545 1546 2596 autem
1574 2555 1859 2610 superna—

497 2614 781 2671 turalibus
828 2619 1260 2689 operationibus
1323 2637 1438 2676 non
1484 2622 1565 2676 sic
1623 2626 1861 2693 apparet

496 2696 817 2751 essentialis
857 2696 1237 2769 dependentia
1266 2717 1296 2756 a
1318 2701 1501 2774 gratia
1527 2700 1806 2757 habituali
1839 2724 1854 2769 3

498 2791 633 2831 nam
666 2776 796 2832 licet
822 2777 1150 2850 aliquarum
1206 2780 1482 2838 rectitudo
1525 2780 1859 2837 desumatur

496 2871 596 2929 per
624 2855 1022 2917 habitudinem
1047 2861 1117 2918 ad
1167 2862 1486 2935 appetitum
1531 2870 1771 2931 rectum,
1804 2869 1860 2921 et

495 2952 703 2994 sanum
733 2956 833 3011 per
860 2944 1106 3015 gratiam
1152 2943 1619 3009 sanctificantem,
1667 2946 1859 3020 qu‘us-

498 3019 654 3077 modi
707 3028 840 3079 sunt
879 3030 1033 3082 actus
1087 3027 1422 3100 prudentiae,
1475 3034 1531 3086 et
1578 3029 1858 3084 virtutum

499 3104 812 3161 moralium
860 3108 1186 3165 infusarum
1220 3128 1231 3171 ;
1271 3110 1407 3167 hinc
1448 3116 1643 3167 tamen
1669 3112 1860 3167 solum

503 3185 736 3258 probari
766 3188 1011 3258 videtur,
1066 3191 1358 3264 praedictas
1410 3194 1771 3266 operationes
1802 3196 1863 3247 ut

504 3270 956 3328 connaturaliter
980 3273 1216 3340 elicitaS,
1243 3289 1564 3346 supponere
1592 3272 1861 3329 habitua-

506 3348 619 3404 lem
647 3351 913 3424 gratiam.
959 3357 1235 3411 Caeterum
1267 3371 1384 3412 non
1425 3356 1503 3412 ita
1530 3357 1681 3413 clare
1701 3355 1862 3412 evin·

504 3428 579 3484 cit
622 3432 984 3489 essentialem
1032 3452 1233 3490 earum
1262 3452 1292 3491 a
1315 3436 1500 3509 gratia
1530 3434 1863 3507 dependen-

505 3509 644 3566 tiam
672 3534 686 3577 ;
710 3514 842 3584 quia
872 3522 1055 3586 posset
1106 3517 1516 3573 verosimiliter
1545 3516 1677 3583 dici,
1713 3532 1863 3588 prae-

505 3589 680 3646 dictas
729 3597 1087 3666 operationes
1125 3614 1246 3654 esse
1274 3597 1335 3654 in
1381 3596 1635 3655 absentia
1661 3597 1862 3671 gratiae

509 3680 689 3731 rectas
716 3693 815 3749 per
862 3679 1259 3737 habitudinem
1289 3679 1359 3736 ad
1401 3679 1717 3753 appetitum
1750 3696 1866 3736 rec-

509 3758 632 3811 tum
658 3799 671 3821 ,
718 3773 833 3814 non
874 3760 1105 3832 quidem
1146 3761 1394 3817 exercite
1421 3804 1434 3827 ,
1479 3758 1577 3815 sed
1618 3761 1859 3833 signate,

510 3836 568 3893 id
590 3845 673 3895 est
704 3855 820 3896 non
849 3859 949 3914 per
983 3841 1249 3898 ordinem
1281 3841 1349 3898 ad
1378 3841 1456 3910 id,
1508 3841 1654 3914 quod
1697 3841 1788 3897 hic
1809 3845 1866 3897 et

508 3936 659 3977 nunc
712 3922 991 3994 appetitus
1055 3922 1367 3980 secundum
1427 3922 1865 3996 dispositionem

504 4010 844 4074 praesentem
872 4004 1120 4076 exposcit
1147 4030 1159 4073 ;
1199 4003 1297 4060 sed
1327 4020 1426 4077 per
1455 4009 1769 4076 respectum
1795 4002 1865 4061 ad

504 4082 581 4148 id,
607 4081 757 4156 quod
784 4084 1082 4156 appetitus,
1108 4083 1157 4139 si
1197 4091 1342 4142 esset
1364 4088 1511 4141 recte
1531 4082 1860 4155 dispositus,

504 4171 735 4239 peteret.
788 4167 851 4220 In
873 4182 983 4238 qua
1024 4166 1323 4240 hypothesi
1370 4166 1697 4222 salvaretur
1726 4183 1866 4238 pro-

504 4247 683 4320 prius,
732 4251 788 4302 et
814 4245 1104 4320 specificus
1146 4246 1547 4320 praedictarum
1575 4247 1867 4320 operatio-

506 4343 650 4384 num
702 4332 1000 4399 conceptus
1031 4370 1044 4392 ,
1102 4327 1367 4400 quamvis
1411 4341 1530 4382 non
1587 4326 1868 4383 haberent

506 4413 741 4474 statum,
771 4423 937 4480 quem
969 4409 1311 4465 naturaliter
1332 4407 1590 4482 exigunt,
1622 4411 1678 4466 et
1703 4424 1867 4465 care-

513 4495 642 4547 rent
659 4506 725 4546 ea
746 4488 1037 4558 firmitate,
1069 4496 1125 4548 et
1149 4489 1411 4554 efficacia,
1442 4508 1615 4564 quam
1642 4507 1713 4548 ex
1742 4507 1869 4548 rec-

514 4570 758 4628 titudIne
802 4560 1084 4643 appetitus
1137 4571 1497 4644 participant.
1543 4571 1651 4628 Sed
1698 4571 1868 4646 hujus

512 4654 596 4712 rei
640 4653 893 4711 exactior
937 4651 1211 4710 discussio
1256 4659 1453 4712 nostra
1502 4653 1564 4709 in
1601 4652 1866 4726 praesenti

510 4751 630 4794 non
657 4736 914 4792 interest.
942 4734 1258 4792 videantur
1279 4752 1405 4809 quae
1417 4733 1674 4791 diximus
1700 4740 1862 4790 tract.

520 4820 602 4884 12,
628 4817 769 4889 disp.
800 4817 856 4881 4,
881 4816 1005 4884 dub,
1044 4818 1089 4883 l,
1116 4835 1151 4872 a
1178 4834 1331 4872 num.
1356 4818 1414 4884 8,
1441 4816 1584 4873 etin
1608 4815 1867 4891 generali

508 4901 795 4958 divisione
819 4900 1101 4957 virtutum
1121 4902 1153 4970 g
1178 4901 1234 4956 6.

587 4982 714 5037 236.
747 4981 1022 5056 Arguitur
1051 4980 1220 5038 tertio
1245 5004 1260 5038 ι
1284 4979 1418 5053 quia
1442 4979 1628 5054 gratia
1654 4976 1871 5035 sancti-

514 5061 690 5119 ficans
713 5063 907 5136 nequit
938 5061 1181 5121 influere
1212 5063 1276 5119 in
1304 5062 1722 5136 operationem,
1755 5060 1872 5119 nisi

1454 418 1546 472 DE
1584 417 2166 473 JUSTIFICATIONE
2208 418 2409 475 IMPII.

1996 590 2304 648 radicando
2326 590 2600 648 virtutem
2631 590 2894 664 proxime
2917 590 3232 648 elicitivam
3260 596 3346 647 ta-
3360 610 3520 654 'rentum

1995 674 2066 730 lis
2092 674 2441 747 operationis
2471 695 2484 730 ε
2535 672 2633 730 sed
2663 674 2735 730 ad
2762 690 3021 731 amorem
3051 673 3346 730 charitatis
3362 669 3531 754 fflm

1993 770 2112 812 non
2166 755 2482 827 requiritur
2513 756 2917 822 essentialiter,
2974 755 3123 829 quod
3164 754 3348 829 gratia

1994 833 2207 892 radicet
2227 836 2522 902 virtutem,
2557 851 2684 907 quae
2713 837 2973 909 proxime
2994 836 3149 892 elicit
3172 836 3339 891 illum

1994 932 2250 974 amorem
2279 937 2292 973 ε
2335 932 2469 990 ergo
2512 916 2583 974 ad
2610 934 2744 974 eum
2782 934 2898 975 non
2925 917 3237 990 requiritur
3261 932 3351 974 es-

1993 999 2315 1055 sentialiter
2334 1001 2534 1073 gratiae
2556 999 2811 1057 influxus
2834 1021 2847 1064 ;
2873 1004 2929 1057 et
2948 1004 3352 1073 consequenter

1995 1082 2202 1154 poterit
2229 1080 2484 1138 absolute
2511 1080 2639 1138 dari
2667 1081 2996 1156 hujusmodi
3035 1098 3199 1138 amor
3224 1080 3352 1138 abs-

1990 1178 2100 1233 que
2141 1162 2328 1236 gratia
2371 1161 2783 1230 sanctificante,
2839 1169 2895 1220 et
2942 1163 3221 1221 indirecte
3258 1179 3349 1219 ex-

1993 1241 2222 1299 cludere
2270 1248 2560 1315 peccatum
2591 1286 2603 1300 .
2646 1245 2900 1318 Utraque
2952 1244 3350 1317 consequentia

1994 1326 2162 1393 patet.
2190 1324 2373 1397 Maj0r
2421 1330 2612 1380 autem
2663 1323 2957 1397 probatur,
2983 1326 3119 1399 quia
3148 1330 3353 1381 natura

1993 1417 2108 1458 non
2137 1403 2331 1460 influit
2352 1403 2687 1461 immediate
2736 1404 2800 1461 in
2821 1407 3235 1479 operationem,
3258 1405 3352 1462 sed

1992 1485 2108 1557 agit
2128 1485 2316 1542 media
2366 1486 2583 1543 virtute
2613 1486 2875 1558 proxime
2894 1488 3188 1561 operativa
3216 1509 3230 1543 ι
3258 1487 3352 1544 sed

1992 1566 2188 1638 nequit
2217 1567 2323 1624 hoc
2353 1573 2513 1639 pacto
2543 1582 2728 1641 agere,
2765 1568 2877 1624 nisi
2909 1568 3217 1626 radicando
3239 1569 3354 1625 vir·

1992 1651 2170 1702 tutem
2200 1651 2546 1720 proximam,
2596 1652 2782 1721 quai-a
2822 1655 3029 1706 natura
3057 1650 3121 1706 in
3147 1666 3355 1725 genere

1955 1788 1956 1791 Ἴ
1990 1744 2169 1785 causae
2194 1728 2488 1786 efficientis
2517 1746 2618 1802 per
2638 1730 3100 1788 dimanationem
3127 1730 3345 1804 depen-

1989 1806 2145 1875 deat;
2177 1810 2435 1882 alioquin
2460 1817 2746 1883 respectus
2761 1810 3352 1885 dependentiae,quam

1990 1887 2053 1944 in
2082 1889 2570 1965 praedictogenere
2592 1893 2866 1966 importat
2887 1894 3163 1966 operatiO,
3191 1894 3352 1950 siste-

1993 1977 2075 2027 ret
2104 1970 2166 2026 in
2189 1971 2400 2028 virtute
2422 1973 2705 2044 proxima,
2733 1978 2790 2031 et
2826 1990 2943 2031 non
2975 1973 3354 2048 progredere-

1991 2058 2085 2107 tur
2108 2068 2282 2126 usque
2310 2052 2380 2108 ad
2409 2061 2677 2110 naturam
2713 2077 2726 2111 ε
2755 2073 2890 2130 ergo
2911 2056 2961 2111 si
2990 2056 3176 2131 gratia
3197 2072 3359 2113 sanc-

1992 2131 2211 2188 tificans
2263 2134 2325 2189 in
2383 2132 2587 2192 ordine
2649 2136 3078 2208 supernaturali
3144 2152 3359 2192 munus

1993 2218 2212 2269 naturae
2254 2212 2476 2279 habeat,
2553 2222 2612 2271 ut
2677 2222 2895 2273 constat
2953 2233 3023 2274 ex
3085 2217 3358 2273 hactenus

1990 2295 2173 2363 dictis,
2200 2312 2316 2352 non
2341 2297 2546 2368 poterit
2576 2297 2817 2356 influere
2846 2299 2907 2355 in
2935 2300 3350 2372 operationem,

1993 2378 2105 2433 nisi
2159 2377 2465 2435 radicando
2519 2380 2798 2438 virtutem
2849 2382 3113 2454 proxime
3137 2382 3351 2439 eliciti-

1992 2475 2125 2515 vam
2177 2459 2353 2515 illius.
2401 2460 2595 2517 Minor
2643 2478 2780 2527 vero
2826 2463 2966 2519 satis
3011 2467 3231 2519 constat
3286 2479 3356 2519 ex

1992 2538 2156 2596 dictis
2178 2541 2240 2596 in
2270 2542 2640 2613 responsione
2667 2543 2738 2599 ad
2761 2545 3023 2618 primum‘
3040 2560 3357 2616 argumen-

1992 2627 2134 2688 tum,
2191 2621 2288 2678 ubi
2345 2624 2694 2681 admisimus
2750 2642 3012 2682 amorem
3057 2625 3358 2681 charitatis

1995 2721 2155 2777 posse
2182 2704 2467 2762 divinitus
2512 2708 2642 2763 elici
2673 2707 2863 2765 medio
2892 2709 3084 2780 aliquo
3113 2708 3356 2774 auxili0,

1994 2787 2083 2842 vel
2126 2787 2401 2859 qualitate
2445 2790 2795 2856 transeunti,
2844 2794 3115 2863 tanquam
3142 2789 3359 2846 virtute

1996 2866 2255 2938 proxime
2299 2868 2598 2940 operativa
2629 2893 2643 2936 ;
2676 2868 3007 2943 hujusmodi
3035 2873 3229 2926 autem
3255 2887 3359 2926 au-

1992 2946 2222 3012 xili-um,
2247 2949 2340 3004 vel
2362 2949 2608 3020 qualitas
2625 2965 2742 3006 non
2769 2950 3198 3007 radicareturin
3222 2968 3358 3025 gra-

1994 3027 2092 3091 tia,
2118 3026 2215 3082 sed
2253 3033 2398 3083 esset
2437 3027 2507 3084 ab
2535 3030 2876 3096 extrinseco,
2920 3035 2976 3086 et
3003 3047 3104 3104 per
3144 3047 3356 3088 novam

1996 3109 2346 3165 infusionem
2365 3126 2535 3184 :ergo
2558 3110 2628 3167 ad
2651 3127 2908 3168 amorem
2924 3113 3223 3169 charitatis
3241 3129 3357 3170 non

1998 3190 2324 3263 requiritur,
2383 3191 2530 3263 quod
2578 3193 2770 3266 gratia
2823 3192 3039 3250 radicet
3080 3194 3354 3253 virtutem

1997 3270 2257 3342 proxime
2278 3271 2594 3328 elicitivam
2625 3272 2808 3330 illius.

2071 3349 2464 3422 Respondetur
2487 3352 2746 3425 negando
2773 3353 3167 3428 majorem.Ad
3196 3356 3355 3430 cujus
3490 3383 3524 3414 n·

1999 3431 2393 3504 probationem
2422 3432 2727 3490 dicendum
2756 3440 2858 3501 est,
2884 3436 3034 3508 quod
3059 3443 3118 3492 ut
3145 3443 3356 3495 natura
3454 3434 3486 3467 ⁰·

1997 3512 2203 3568 influat
2253 3514 2542 3570 mediante
2594 3514 2787 3587 aliqua
2835 3517 3047 3573 virtute
3093 3519 3357 3590 proxime

1996 3593 2308 3666 operativa,
2335 3610 2452 3651 non
2470 3594 2787 3667 requiritur
2800 3598 3356 3672 essentialiter,quod

1999 3672 2269 3749 praedicta
2294 3675 2479 3731 virtus
2498 3693 2529 3732 a
2553 3679 2761 3731 natura
2782 3675 3060 3745 dimanet,
3084 3677 3182 3734 sed
3209 3680 3359 3737 suffi-

1998 3756 2124 3823 ciet,
2155 3755 2303 3830 quod
2354 3757 2428 3813 sit
2479 3757 2665 3812 virtus
2717 3759 3098 3816 essentialiter
3138 3766 3359 3818 natura}

1997 3835 2387 3900 subordinata,
2413 3842 2468 3893 et
2490 3836 2910 3893 communicata
2947 3843 3165 3895 naturae
3193 3857 3357 3914 prop-

1999 3923 2084 3974 ter
2105 3918 2226 3990 ejus
2246 3917 2659 3989 operationem.
2694 3918 2840 3972 Nam
2863 3933 2929 3974 eo
2958 3918 3080 3990 ipso
3102 3921 3356 3991 operatio

1998 3999 2278 4072 dependet
2299 4000 2359 4055 in
2387 4014 2594 4074 genere
2615 4014 2796 4054 causat»
2821 3999 3141 4071 efficientiS,
3174 4009 3295 4061 tam
3324 4022 3355 4062 a

1999 4081 2230 4151 virtute,
2255 4097 2427 4153 quam
2463 4096 2495 4136 a
2532 4084 2739 4138 natura
2771 4105 2785 4148 ς
2827 4080 2977 4137 etad
3031 4088 3352 4158 utramque,

2000 4164 2131 4220 licet
2150 4163 2378 4220 diverso
2423 4160 2612 4230 modo,
2659 4162 2798 4219 dicit
2835 4163 3202 4222 essentialem
3235 4183 3356 4224 res-

2002 4251 2243 4320 pectum,
2268 4251 2322 4302 et
2350 4244 2768 4302 habitudinem.
2804 4247 2882 4303 Eo
2908 4246 3058 4319 quod
3088 4248 3356 4320 praedicta

2002 4328 2184 4384 virtus
2225 4327 2339 4401 agit
2362 4330 2422 4382 ut
2448 4345 2570 4404 quc,
2602 4330 2658 4383 et
2701 4324 3078 4384 subordinata
3113 4336 3351 4398 naturae,

2000 4409 2090 4465 cui
2107 4408 2585 4474 communicatur,
2606 4412 2662 4465 et
2679 4407 3054 4474 unitur,sicut
3070 4409 3358 4484 principio

2003 4488 2240 4547 radicati
2293 4487 2590 4561 operandi.
2635 4487 2794 4552 Quod
2836 4487 3014 4560 liquet
3033 4491 3316 4565 exemplis
3339 4516 3354 4559 ;

2002 4589 2138 4631 nam
2160 4572 2332 4632 calor.
2357 4586 2684 4643 quanquam
2709 4585 2808 4643 per
2836 4570 3097 4627 accidens
3127 4588 3246 4630 non
3268 4573 3352 4629 di-

2002 4657 2268 4710 manaret
2294 4649 2364 4707 ab
2387 4651 2537 4725 igne,
2565 4666 2668 4707 nec
2693 4650 2903 4723 inipso
2928 4652 3176 4710 exercite
3199 4653 3358 4711 radi-

2002 4739 2226 4792 caretur
2251 4733 2465 4798 3adhuc
2491 4738 2684 4791 tamen
2712 4739 2904 4809 ageret
2929 4751 3059 4791 cum
3086 4735 3356 4793 subordi-

2004 4816 2237 4873 nat10ne
2258 4813 2327 4870 ad
2350 4815 2601 4879 illum,et
2620 4815 2914 4872 calefactio
2950 4819 3014 4870 ut
3054 4814 3356 4875 inductiva

2003 4896 2155 4972 ignis
2201 4893 2546 4970 generandi,
2589 4893 2803 4953 diceret
2828 4894 3228 4954 habitudinem
3255 4896 3358 4955 de-

2003 4978 2328 5053 pendentiae
2389 4992 2507 5034 non
2564 4977 2752 5035 solum
2817 4978 2887 5035 ad
2945 4980 3214 5048 calorem,
3260 4978 3357 5037 sed

2000 5060 2177 5118 etiam
2232 5057 2303 5115 ad
2330 5058 2543 5133 ignem.
2575 5058 2862 5115 Similiter
2887 5059 3154 5132 quamvis
3183 5059 3358 5116 intel-

3183 5144 3360 5199 lectus
