3647 5753
81 2338 290 2393 nepum.

70 4059 309 4105 Dissolvi-

1466 399 1643 455 DISP.
1689 400 1757 466 ΙΙ,
1802 402 1967 458 DUB.
2012 405 2107 461 VI.

315 564 520 633 candi;
554 581 698 638 quos
730 563 967 621 effectus
1015 571 1244 638 praestat
1284 568 1433 626 visio
1480 570 1578 627 Dei
1621 570 1684 627 in

313 646 504 719 seipso
537 645 804 718 :signum
835 644 1012 719 igitur
1057 651 1163 712 est,
1188 648 1337 720 quod
1366 649 1436 705 ad
1464 651 1685 723 opposi-

318 725 554 789 tionem,
571 729 628 781 et
653 724 932 797 maiorem
955 726 1375 798 oppositionem
1403 744 1534 785 cum
1563 746 1685 802 pec-

316 809 477 871 cato,
538 821 743 877 parum
787 804 961 862 refert
1002 807 1284 878 oppositio
1324 810 1541 883 major,
1590 811 1684 866 vel

320 887 536 944 minor.
568 902 699 943 cum
740 890 1013 959 potestate
1065 886 1135 943 ad
1185 890 1553 961 peccandum.
1600 891 1686 947 Ex

314 966 522 1040 quibus
543 968 716 1024 etiam
742 970 889 1040 patet
919 966 990 1023 ad
1016 971 1237 1024 tertiam
1260 969 1682 1044 probationem;

312 1064 451 1105 nam
472 1047 620 1121 quod
669 1049 815 1104 visio
831 1049 1005 1121 prius
1031 1055 1088 1106 et
1123 1051 1517 1109 immediatius
1548 1070 1675 1127 pro-

304 1126 470 1185 cedat
507 1145 540 1184 a
564 1129 769 1203 gratia,
796 1145 968 1201 quam
1003 1145 1188 1201 amor,
1238 1134 1427 1189 solum
1484 1134 1687 1206 probat

307 1208 811 1281 praeeminentiam
841 1210 1085 1267 visionis
1105 1227 1280 1285 supra
1307 1228 1568 1269 amorem
1620 1214 1686 1269 in

305 1305 431 1347 esse
450 1291 626 1357 entis,
647 1296 704 1349 et
746 1292 932 1364 quoad
981 1293 1284 1365 proedicata
1310 1294 1643 1351 essentialia
1667 1318 1682 1362 ;

311 1387 433 1429 non
462 1376 651 1427 autem
679 1378 961 1445 quantum
1009 1373 1079 1430 ad
1106 1374 1527 1447 oppositionem
1553 1392 1686 1432 cum

312 1456 555 1526 peccato,
581 1458 636 1508 et
661 1459 942 1527 quantum
963 1454 1042 1519 ad
1076 1458 1359 1512 moralem
1385 1455 1684 1513 rectitudi-

312 1549 474 1590 nem.
502 1536 650 1589 Nam
671 1533 986 1591 secundum
1015 1535 1117 1592 has
1139 1538 1482 1607 posteriores
1505 1538 1684 1594 ratio·

309 1628 413 1670 nes
438 1614 587 1685 (quae
611 1619 748 1669 sunt
770 1615 1174 1687 propriissime
1202 1616 1406 1672 formai
1425 1615 1685 1673 sanctifi-

304 1693 712 1766 cantis)magis
738 1709 799 1750 se
812 1695 1059 1767 explicat
1078 1696 1266 1768 gratia
1290 1697 1353 1753 in
1379 1701 1503 1754 actu
1532 1714 1687 1755 amo-

308 1774 408 1840 ris,
433 1790 606 1846 quam
630 1774 693 1829 in
733 1774 958 1832 visione
986 1776 1086 1832 Dei
1112 1777 1175 1832 in
1197 1777 1403 1850 seipso.
1435 1778 1686 1851 Expellit

303 1854 517 1928 quippe
536 1854 721 1928 gratia
750 1860 1354 1929 peccatum,quatenus
1380 1857 1686 1915 habituali-

307 1939 398 1990 ter
427 1933 749 1990 radicaliter
776 1936 1061 1993 convertit
1083 1936 1381 1994 hominem
1394 1936 1464 1996 ad
1482 1942 1680 2004 Deum,

312 2029 479 2085 aquo
519 2018 805 2085 peccatum
850 2014 1222 2073 habitualiter
1269 2018 1563 2075 avertebat
1593 2041 1605 2076 :
1630 2025 1688 2075 et

314 2094 449 2150 huic
472 2094 750 2150 habituali
773 2096 1138 2153 conversioni
1167 2115 1266 2169 per
1293 2100 1541 2172 gratiam
1567 2115 1685 2156 non

313 2175 716 2246 correspondet
753 2175 966 2233 directe
1012 2176 1159 2233 visio
1182 2221 1196 2244 ,
1244 2178 1341 2234 sed
1388 2180 1686 2237 conversio

317 2256 554 2313 actualis
600 2273 698 2329 per
724 2256 1090 2314 dilectionem
1121 2258 1218 2314 Dei
1246 2276 1420 2332 super
1460 2261 1679 2317 omnia.

400 2336 521 2391 192.
565 2335 672 2391 Sed
706 2336 1034 2408 replicabis:
1058 2340 1333 2411 quoniam
1361 2341 1547 2414 gratia
1589 2340 1687 2396 ha·

321 2414 557 2469 bitualis
581 2414 752 2471 habet
779 2416 1059 2474 rationem
1090 2417 1293 2475 formas
1319 2419 1685 2476 sanctifican-

322 2496 416 2560 tis,
432 2501 711 2567 quatenus
725 2501 806 2551 est
820 2499 1171 2571 participatio
1184 2500 1448 2556 formalis
1465 2508 1685 2570 naturae

322 2576 559 2641 divinae,
590 2582 650 2632 ut
669 2582 885 2633 constat
923 2595 993 2636 ex
1034 2598 1208 2654 supra
1246 2581 1412 2638 dictis
1457 2584 1599 2656 disp.
1634 2586 1680 2650 l,

321 2659 452 2715 dub.
484 2660 530 2725 13
550 2657 646 2714 sed
665 2658 866 2731 gratia,
885 2667 1252 2732 quatenusest
1267 2664 1687 2721 naturadivina

321 2757 427 2814 per
462 2740 975 2813 participationem,
1003 2746 1188 2816 potius
1231 2762 1292 2803 se
1330 2747 1576 2819 explicat
1622 2747 1687 2803 in

320 2827 449 2880 actu
478 2823 738 2893 visionis
765 2840 936 2898 quam
966 2826 1028 2883 in
1051 2830 1172 2884 actu
1199 2828 1441 2896 amoris;
1461 2835 1517 2886 et
1556 2846 1685 2887 ma-

316 2905 405 2978 gis
425 2906 783 2962 connectitur
815 2923 946 2972 cum
976 2908 1098 2974 illa,
1147 2927 1322 2982 quam
1362 2927 1491 2966 cum
1535 2911 1682 2968 isto:

317 3000 454 3059 ergo
480 2985 680 3042 eodem
710 2986 885 3043 etiam
908 2987 1077 3045 modo
1098 3006 1157 3045 se
1187 2990 1355 3047 habet
1378 2991 1441 3047 in
1466 2991 1687 3047 ratione

317 3066 519 3123 formas
538 3066 965 3134 sanctificantis,
995 3074 1162 3143 atque
1181 3070 1309 3127 ideo
1336 3072 1484 3127 visio
1506 3065 1687 3127 habe-

317 3145 405 3202 bit
424 3149 703 3221 majorem
725 3150 1143 3207 connexionem
1166 3168 1295 3208 cum
1320 3152 1506 3210 forma
1528 3166 1687 3207 sanc·

316 3225 569 3285 tificante
592 3232 875 3301 quatenus
906 3230 1003 3286 tali
1026 3254 1040 3298 ;
1064 3236 1120 3287 et
1139 3231 1382 3288 subinde
1405 3233 1684 3306 majorem

312 3308 732 3381 oppositionem
778 3326 911 3366 cum
960 3318 1181 3384 peccato
1223 3312 1314 3368 illi
1369 3313 1681 3370 contrario.

314 3389 529 3456 Minor,
562 3391 624 3446 in
646 3408 775 3464 qua.
784 3398 1005 3464 poterat
1025 3409 1146 3450 esse
1173 3393 1494 3460 difficultas,
1522 3394 1687 3451 vide-

316 3476 412 3528 tur
438 3476 609 3538 certa,
634 3471 770 3544 quia
812 3479 1019 3530 natura
1047 3473 1269 3539 divina,
1304 3474 1450 3530 utin
1477 3475 1682 3548 seipsa,

317 3553 501 3628 magis
552 3555 908 3612 connectitur
935 3573 1065 3612 cum
1113 3557 1337 3614 visione
1363 3556 1473 3623 sui,
1512 3574 1687 3629 quam

315 3651 445 3691 cum
469 3635 994 3708 amore3siquidem
1018 3637 1166 3694 visio
1186 3644 1268 3694 est
1294 3637 1449 3692 intra
1469 3639 1686 3695 lineam

315 3713 571 3787 ejusdem
602 3721 840 3781 naturae,
874 3733 991 3774 non
1019 3722 1211 3773 autem
1237 3734 1421 3789 amor,
1451 3724 1510 3773 ut
1530 3718 1688 3775 dixi-

318 3811 448 3851 mus
474 3797 697 3862 tract.3,
720 3797 862 3868 disp.
885 3799 941 3864 4,
971 3798 1097 3854 dub.
1125 3800 1180 3864 2,
1203 3806 1251 3854 et
1274 3806 1435 3858 tract.
1462 3802 1516 3866 4,
1541 3801 1681 3873 disp.

317 3879 373 3939 2.
405 3875 532 3932 dub.
565 3876 600 3929 3
637 3898 650 3941 ;
681 3891 817 3951 ergo
844 3875 995 3933 idem
1021 3877 1329 3935 dicendum
1371 3886 1454 3937 est
1481 3880 1551 3938 de
1579 3897 1688 3937 na-

321 3960 451 4012 tura
471 3955 669 4011 divina
696 3972 796 4027 per
822 3959 1337 4031 participationem.

400 4036 816 4109 Respondetur,
841 4037 954 4095 duo
973 4055 1094 4096 esse
1109 4039 1177 4096 de
1196 4046 1466 4114 conceptu
1489 4042 1688 4100 formae

319 4118 747 4189 sanctificantiS,
779 4135 987 4192 nempe
1033 4120 1292 4179 radicare
1328 4125 1689 4195 operationes

318 4203 804 4273 supernaturales
832 4207 888 4258 et
928 4205 1219 4274 expellere
1246 4208 1533 4263 maculam
1560 4224 1688 4280 pec-

317 4281 446 4337 cati.
481 4282 548 4336 Et
592 4280 824 4354 quidem
851 4283 1041 4356 gratia
1080 4281 1188 4338 sub
1219 4285 1443 4343 ratione
1481 4287 1689 4345 radicis

318 4361 655 4420 divinarum
676 4364 1101 4436 operationum,
1129 4367 1331 4440 magiS,
1346 4373 1401 4424 et
1423 4369 1689 4427 intimius

317 4446 676 4503 connectitur
703 4462 832 4501 cum
849 4446 1090 4512 visione,
1116 4464 1289 4519 quam
1311 4467 1439 4506 cum
1464 4468 1686 4521 amore;

321 4529 459 4584 nam
490 4528 639 4585 visio
675 4533 760 4584 est
804 4529 1062 4600 operatio
1090 4530 1263 4587 altior
1302 4537 1358 4588 et
1409 4531 1683 4602 divinior,

318 4626 381 4666 ac
405 4608 723 4681 superioris
753 4608 938 4673 lineae,
967 4613 1029 4662 ut
1050 4610 1264 4681 replica
1286 4617 1433 4669 recte
1453 4615 1690 4671 convin-

316 4690 412 4746 cit.
443 4693 515 4744 At
538 4689 724 4762 gratia
752 4688 859 4744 sub
883 4688 1111 4744 ratione
1140 4690 1689 4766 formaliexpellen·

318 4771 392 4826 tis
413 4770 697 4826 maculam
723 4770 930 4840 peccati
976 4770 1180 4843 magis,
1211 4777 1268 4828 et
1296 4773 1689 4832 immediatius

319 4851 560 4908 inclinat
581 4849 653 4905 ad
700 4864 981 4916 amorem,
1025 4867 1200 4922 quam
1250 4851 1321 4909 ad
1365 4854 1686 4924 visionem3

314 4933 450 5008 quia
470 4948 636 4990 amor
664 4930 846 5005 magis
865 4930 1132 4989 conducit
1153 4934 1224 4991 ad
1248 4935 1585 5009 praedictum
1611 4939 1692 4995 ef-

319 5016 551 5080 fectum,
577 5028 751 5085 quam
774 5011 944 5068 visio.
982 5012 1095 5070 Pro
1114 5016 1274 5089 cujus
1296 5015 1570 5074 doctrinae
1595 5018 1690 5076 in-

3070 407 3180 462 433

1817 573 2135 648 telligentia
2204 576 2504 634 recolenda
2554 581 2687 633 sunt
2750 591 2875 648 quae
2927 573 3180 628 diximus

1817 662 1978 713 tract.
2016 659 2095 724 13,
2122 659 2262 732 disp.
2300 661 2381 724 16,
2414 660 2540 715 dub.
2567 661 2620 724 5,
2653 676 2808 714 num.
2842 658 2961 721 130,
2983 653 3182 710 videli-

1816 744 1924 804 cet,
1961 740 2207 812 gratiam
2256 740 2531 797 bifariam
2577 738 2931 797 considerari
2982 751 3176 810 posse:

1818 837 1936 879 uno
1961 821 2130 879 modo
2156 828 2435 896 quatenus
2455 823 2740 881 convertit
2759 825 2941 878 Deum
2964 818 3035 876 ad
3075 819 3182 876 ho-

1819 903 2062 970 minem,
2114 909 2170 961 et
2218 905 2407 977 ipsum
2438 904 2674 979 perficit,
2707 900 3052 961 conferendo
3090 901 3179 956 illi

1818 988 2176 1045 consortium
2202 994 2423 1045 naturas
2439 988 2556 1054 Dei,
2577 993 2635 1045 et
2646 988 2897 1044 radicem
2920 982 3177 1050 videndi,

1819 1086 1883 1126 ac
1912 1069 2237 1143 possidendi
2279 1072 2456 1127 Deum
2512 1070 2575 1125 in
2621 1070 2974 1143 seipsozquo
3023 1069 3181 1138 pacto

1816 1150 2002 1225 gratia
2027 1156 2130 1217 est,
2155 1156 2210 1208 et
2237 1149 2448 1207 dicitur
2495 1150 2712 1208 bonum
2761 1148 3039 1206 hominis.
3073 1147 3177 1201 Al-

1818 1236 1944 1289 tero
1971 1231 2142 1289 modo
2165 1236 2444 1304 quatenus
2480 1231 2762 1288 convertit
2783 1229 3081 1286 hominem
3111 1226 3180 1283 ad

1820 1314 2021 1377 Deum,
2053 1311 2407 1386 subjiciendo
2429 1317 2612 1369 totum
2641 1312 2940 1369 hominem
2969 1310 3184 1365 volun-

1820 1394 1922 1450 tati
1951 1393 2201 1462 divinae3
2233 1401 2288 1453 et
2314 1396 2419 1453 hoc
2447 1401 2606 1468 pacto
2626 1401 2727 1460 est,
2760 1400 2816 1450 et
2842 1392 3056 1449 dicitur
3079 1390 3184 1448 bo-

1821 1490 1965 1530 num
1989 1475 2110 1532 Dei.
2145 1476 2402 1532 Privatio
2430 1481 2620 1532 autem
2642 1474 2842 1549 gratias
2863 1475 2947 1545 (in
2970 1488 3081 1545 quo
3102 1487 3185 1528 es·

1818 1557 2065 1614 sentiam
2133 1557 2340 1631 peccati
2399 1556 2714 1613 habitualis
2773 1556 2943 1630 hujus
3007 1558 3187 1610 status

1819 1637 2130 1694 consistere
2192 1639 2399 1710 saepius
2462 1636 2720 1693 diximus
2749 1640 2768 1708 )
2828 1653 2944 1693 non
3019 1633 3189 1691 habet

1822 1720 2103 1776 rationem
2128 1722 2383 1787 maculae,
2414 1724 2470 1775 et
2498 1720 2727 1793 peccati,
2777 1723 3058 1792 quatenus
3102 1723 3186 1775 est

1818 1801 2076 1857 carentia
2109 1800 2322 1875 gratias,
2382 1804 2549 1873 prout
2589 1800 2774 1872 gratia
2814 1804 2939 1856 erat
2966 1798 3180 1854 bonum

1821 1882 2109 1949 hominiS,
2156 1883 2440 1955 illumque
2486 1880 2812 1954 perficiebat
2857 1881 2920 1937 in
2966 1880 3182 1953 seipso;

1820 1980 1958 2020 nam
1988 1964 2120 2020 talis
2153 1966 2408 2021 carentia
2452 1962 2558 2019 sub
2586 1964 2690 2020 hac
2743 1964 2966 2020 ratione
3019 1961 3188 2018 habet

1822 2044 2104 2100 rationem
2130 2060 2327 2116 poenae,
2364 2049 2419 2101 et
2442 2042 2735 2099 inducitur
2758 2059 2790 2098 a
2819 2045 2950 2100 Deo,
2986 2043 3188 2099 Ratio-

1821 2139 1954 2179 nem
2004 2130 2195 2180 autem
2248 2125 2507 2189 maculae,
2557 2129 2613 2179 et
2660 2123 2869 2195 peccati
2916 2123 3180 2187 sortitur,

1818 2212 2189 2279 quatenusest
2208 2206 2479 2282 carentia.
2495 2204 2713 2280 gratiae,
2742 2210 2909 2277 prout
2925 2205 3040 2261 haec
3061 2210 3190 2260 erat

1819 2287 2036 2345 bonum
2077 2289 2196 2355 Dei,
2228 2287 2352 2344 sive
2401 2293 2680 2360 quatenus
2728 2286 3025 2344 hominem
3073 2290 3187 2344 Deo

1820 2369 2028 2425 ultimo
2049 2366 2153 2423 fini
2175 2366 2534 2442 subjiciebat.
2565 2365 2723 2423 Unde
2737 2365 2817 2432 fit,
2838 2366 2986 2439 quod
2997 2367 3187 2441 gratia

1818 2447 1924 2504 sub
1959 2448 2326 2521 expressione
2372 2448 2575 2506 formas
2602 2446 2952 2503 destruentis
2981 2463 3176 2519 pecca·

1819 2536 1942 2587 tum
1993 2528 2301 2595 habituale‚
2333 2528 2580 2602 explicet
2607 2526 3020 2584 formalissima
3047 2545 3187 2586 con-

1817 2616 2046 2682 ceptum
2071 2609 2428 2666 habitualem
2475 2608 2845 2683 subjectionis
2872 2609 2940 2665 ad
2983 2612 3183 2675 Deum,

1819 2699 2095 2764 tanquam
2121 2690 2189 2747 ad
2220 2691 2492 2747 ultimum
2516 2689 2691 2747 finem
2708 2708 2721 2753 ;
2740 2692 2871 2748 licet
2891 2693 3066 2748 etiam
3081 2691 3185 2748 sub

1821 2773 2043 2830 ratione
2065 2772 2266 2828 formas
2287 2770 2577 2845 adaequate
2598 2771 3015 2828 sanctificantis
3040 2773 3186 2829 alias

1820 2853 2218 2929 perfectioneS,
2248 2857 2308 2909 ut
2333 2859 2468 2928 puta
2497 2853 2705 2910 radicis
2745 2852 2976 2911 videndi
3009 2855 3184 2910 Deum

1819 2937 1882 2993 in
1910 2936 2115 3007 seipso,
2150 2936 2579 3008 complectatur.

1893 3010 2041 3075 Quia
2082 3023 2218 3083 ergo
2265 3015 2420 3066 actus
2470 3008 2684 3066 directe
2736 3009 3186 3083 correspondens
3241 3027 3244 3028 ⁷

1817 3091 2017 3166 gratiae
2036 3090 2144 3146 sub
2169 3096 2441 3164 conceptu
2478 3090 2845 3164 subjectionis
2871 3090 3186 3147 habitualis

1819 3171 1891 3227 ad
1918 3174 2098 3228 Deum
2124 3171 2398 3227 ultimum
2425 3169 2622 3237 finem,
2648 3187 2766 3228 non
2784 3180 2868 3227 est
2890 3172 3053 3236 visio,
3081 3170 3178 3227 sed

1819 3251 2113 3324 subjectio,
2154 3251 2278 3307 sive
2305 3250 2604 3308 conversio
2627 3251 2863 3307 actualis
2893 3267 2992 3323 per
3014 3267 3181 3307 amo-

1821 3350 1966 3401 rem,
1995 3339 2056 3388 ut
2081 3350 2151 3390 ex
2179 3348 2240 3389 se
2269 3334 2447 3406 liquet
2479 3356 2493 3398 ;
2537 3339 2839 3405 propterea
2885 3333 3182 3406 praedictus
3211 3349 3216 3354 ·

1821 3430 1986 3471 amor
2014 3414 2199 3488 magis
2237 3414 2600 3469 connectitur
2651 3431 2779 3471 cum
2825 3416 3032 3488 gratia,
3064 3416 3187 3470 sive

1818 3513 1950 3553 cum
1985 3496 2175 3552 forma
2201 3493 2610 3561 sanctificante,
2641 3503 2921 3568 quatenus
2973 3501 3057 3551 est
3095 3513 3191 3553 ex·

1822 3578 2051 3651 pulsiva
2074 3575 2283 3649 peccati
2310 3599 2324 3642 ;
2349 3577 2616 3649 quamvis
2637 3578 2786 3633 visio
2833 3578 3015 3651 magis
3051 3595 3189 3635 con-

1821 3662 2085 3714 nectatur
2124 3672 2255 3713 cum
2284 3655 2482 3712 eadem
2505 3658 2710 3730 gratia,
2743 3664 3023 3730 quatenus
3052 3676 3188 3732 par-

1822 3738 2020 3810 ticipat
2050 3743 2320 3794 naturam
2344 3735 2626 3804 divinam,
2657 3744 2710 3793 et
2729 3739 3025 3796 hominem
3054 3756 3188 3814 per-

1821 3819 1940 3877 ficit
1967 3820 2030 3875 in
2058 3819 2262 3891 seipso.
2298 3820 2367 3874 Et
2393 3826 2805 3893 consequenter
2832 3838 2997 3878 amor
3019 3820 3187 3878 habet

1822 3903 2104 3976 majorem
2133 3901 2552 3978 oppositionem
2574 3918 2703 3958 cum
2737 3909 2978 3975 peccato,
3012 3920 3186 3976 quam

1821 3983 1992 4048 visio;
2042 3982 2175 4038 licet
2214 3981 2330 4038 haec
2374 3981 2451 4038 sit
2475 3982 2820 4056 simpliciter
2862 3984 3183 4057 perfectior.

1820 4078 1995 4136 quam
2073 4061 2194 4118 ille.
2254 4063 2436 4125 Quam
2491 4061 2815 4120 doctrinam
2868 4064 3188 4121 insinuavit

1821 4145 1885 4197 D.
1918 4142 2120 4198 Thom.
2156 4144 2216 4198 in
2259 4144 2311 4209 4,
2368 4143 2514 4215 disp.
2561 4146 2620 4200 7.
2650 4151 2830 4222 quaist.
2887 4146 2932 4212 1,
2978 4152 3087 4201 art.
3115 4145 3178 4212 3,
3205 4159 3386 4203 D.'1h›.

1823 4224 2138 4301 quaestiunc.
2186 4224 2247 4277 in
2272 4240 2422 4296 corp.
2453 4223 2550 4279 ubi
2576 4224 2702 4281 ait:
2749 4247 2775 4277 α
2824 4225 3021 4281 Gratia
3066 4240 3191 4298 qum

1827 4324 1852 4356 α
1885 4302 2054 4360 datur
2077 4302 2146 4358 ad
2171 4308 2320 4360 recte
2349 4303 2687 4371 vivendum,
2733 4311 2788 4361 et
2833 4310 3188 4378 peccatorum

1829 4405 1856 4436 α
1887 4384 2308 4451 remissionem,
2343 4401 2444 4457 per
2469 4385 2629 4458 prius
2659 4387 2890 4458 respicit
2918 4389 3190 4444 volunta-

1829 4485 1855 4517 «
1885 4468 2020 4529 tem,
2047 4480 2219 4537 quam
2243 4465 2385 4520 alias
2409 4465 2725 4538 potentias3
2754 4483 2853 4539 per
2876 4484 3007 4525 eam
3030 4469 3189 4525 enim

1827 4565 1854 4596 α
1888 4550 2165 4616 peccatur,
2196 4551 2252 4601 et
2276 4551 2425 4601 recte
2440 4545 2660 4601 vivitur
2684 4567 2696 4600 ε
2719 4552 2775 4602 et
2791 4547 2918 4606 ideo
2940 4555 3182 4621 oportet,

1827 4644 1853 4676 α
1885 4622 2035 4695 quod
2065 4624 2281 4682 infusio
2294 4625 2494 4699 gratias
2509 4624 2877 4699 justificantis
2893 4630 2968 4684 sit
2982 4646 3188 4686 secun·

1827 4723 1853 4754 «
1885 4701 2026 4758 dum
2055 4704 2227 4760 talem
2261 4703 2516 4771 modum,
2542 4705 2640 4773 qui
2665 4706 3191 4783 voluntaticompe-

1827 4802 1854 4835 «
1887 4786 1987 4839 tat.
2023 4803 2049 4833 »
2085 4784 2154 4837 Et
2176 4781 2247 4839 ad
2269 4784 2323 4852 2,
2358 4783 2548 4857 inquit
2581 4806 2595 4840 ε
2631 4808 2657 4838 α
2687 4787 2980 4859 Sapientia
3009 4792 3190 4866 magis

1828 4884 1855 4914 «
1890 4864 2122 4938 respicit
2166 4864 2542 4932 intellectum,
2586 4883 2760 4940 quam
2786 4871 3139 4929 voluntatem
3174 4898 3186 4940 ;

1829 4963 1856 4996 α
1879 4942 1979 4999 sed
2014 4945 2202 5019 gratia
2229 4945 2412 5019 magis
2440 4948 2817 5016 voluntatem,
2866 4957 2929 5006 ut
2975 4951 3190 5011 dictum

1833 5043 1859 5076 α
1887 5028 1989 5080 est.
2026 5045 2052 5075 ι)
2082 5026 2150 5080 Et
2197 5025 2260 5082 in
2289 5028 2556 5098 praesenti
2585 5035 2783 5101 quaest.
2829 5035 2936 5088 art.
2969 5034 3004 5088 3
3031 5033 3101 5090 ad
3129 5037 3181 5100 3,
