3647 5753
402 2719 509 2759 Seru
540 2728 580 2760 u·

419 2768 482 2809 tus
528 2767 578 2808 is-

393 2817 583 2867 vellitur.

609 360 716 415 134

605 551 643 582 -«
687 527 999 585 videndum
1055 542 1259 599 aquam
1309 526 1370 583 in
1417 525 1630 583 multos
1653 525 1827 589 rivos,
1861 539 1966 580 nec

604 634 642 664 f«
685 627 824 683 opus
840 617 920 666 est
936 609 1130 665 labore
1152 606 1220 663 ad
1241 606 1568 682 hujusmodi
1589 606 1957 672 divisionem,

600 717 640 746 ·«
684 693 946 767 quamvis
983 691 1241 748 laborare
1267 696 1522 763 oporteat
1544 689 1614 747 ad
1637 687 1961 747 faciendum

600 797 641 828 ·«
684 776 893 840 alveos,
928 789 1027 846 per
1060 789 1197 846 quos
1223 789 1367 845 aqua
1394 769 1703 829 deducatur
1729 792 1742 827 ε
1771 770 1963 851 1111111-

600 877 642 908 ·«
684 854 902 911 cillima
922 852 1165 908 efficacia
1189 854 1331 909 Deus
1359 857 1551 909 movet
1576 867 1691 916 cor,
1715 849 1963 908 911111311-

617 957 642 988 α
685 939 786 991 nat
814 931 956 990 illud
994 947 1345 1005 quocumque
1373 931 1623 989 voluerit
1664 932 1783 1003 ipse
1809 945 1962 985 sum-

598 1036 638 1067 -«
680 1030 810 1069 mus
866 1014 1013 1068 Deus
1055 1011 1366 1082 (scribitur
1409 1012 1568 1069 enim
1611 1011 1704 1067 hic
1749 1024 1962 1067 nomen

594 1117 635 1148 -α
678 1094 1226 1168 tetragrammaton).
1279 1092 1486 1148 Nullus
1533 1089 1834 1148 intercedit
1875 1090 1963 1169 la-

593 1196 635 1228 -α
677 1173 802 1240 bor,
829 1172 988 1228 nulla
1013 1171 1352 1237 resistentia,
1384 1169 1611 1244 quando
1646 1173 1793 1227 Deus
1813 1169 1959 1225 vult:

610 1278 635 1310 «
677 1256 739 1311 in
767 1254 928 1312 omni
955 1258 1235 1317 creatura,
1262 1259 1318 1309 et
1341 1268 1458 1310 non
1485 1254 1676 1310 solum
1705 1253 1767 1308 in
1794 1249 1962 1308 corde

600 1359 638 1390 -α
679 1335 933 1393 hominis
975 1339 1077 1398 est,
1136 1349 1260 1406 quaa
1301 1349 1333 1389 a
1379 1334 1683 1408 Theplogis
1724 1338 1960 1390 vocatur

612 1438 638 1470 «
682 1415 932 1490 potentia
971 1412 1308 1470 obedientiae
1362 1414 1602 1471 relative
1654 1412 1726 1469 ad
1756 1417 1958 1470 Deum.

615 1519 641 1550 «
683 1495 891 1551 Omnia
910 1494 1067 1550 enim
1084 1508 1450 1567 quaecumque
1482 1495 1609 1551 vult
1636 1497 1799 1558 Deus,
1828 1493 1962 1550 facit

611 1600 642 1631 α
683 1577 808 1633 sine
855 1574 1194 1638 resistentia,
1230 1578 1396 1645 prout
1415 1575 1556 1630 vult.
1592 1595 1617 1624 n
1670 1575 1737 1628 Et
1763 1573 1834 1630 ad
1860 1573 1961 1630 illa

609 1655 783 1714 verba
815 1656 1022 1710 Psalm.
1063 1655 1148 1707 14:
1180 1651 1326 1708 Deus
1344 1661 1527 1709 autem
1543 1661 1721 1709 noster
1748 1655 1806 1708 in
1835 1655 1961 1709 coelo

609 1752 946 1816 quotcumque
991 1735 1164 1790 votuit
1189 1736 1336 1807 fecit,
1380 1733 1579 1790 scribit
1613 1735 1913 1809 CaJetanus
1944 1755 1958 1790 ε

616 1841 641 1872 α
685 1820 763 1874 De
790 1818 890 1873 tali
910 1816 1186 1873 volitione
1209 1813 1539 1872 verificatur
1568 1813 1959 1887 absqueomni

615 1921 640 1952 «
681 1897 1025 1969 exceptione,
1055 1894 1204 1968 quod
1232 1895 1430 1951 omnia
1456 1910 1820 1969 quaecumque
1856 1911 1959 1952 vo-

614 2002 640 2033 «
683 1979 806 2045 luit,
832 1978 962 2035 fecit
996 1978 1165 2050 :quia
1187 1976 1550 2049 omnipotens
1575 1983 1691 2042 est,
1720 1993 1827 2034 nec
1849 1977 1961 2032 ali-

614 2082 639 2113 «
681 2058 816 2134 quid
848 2063 1025 2130 potest
1077 2055 1361 2129 impedire
1387 2057 1828 2130 exequutionem
1855 2072 1961 2114 vo-

614 2164 640 2196 «
683 2141 918 2198 luntatis
962 2140 1101 2211 ejus.
1151 2159 1177 2190 n
1229 2139 1445 2204 Quibus
1493 2139 1628 2196 locis
1670 2139 1962 2212 perspicue

610 2223 825 2281 reducit
868 2220 1269 2280 certitudinem
1309 2228 1637 2283 eventuum,
1669 2227 1724 2277 et
1771 2219 1961 2277 effica-

606 2305 753 2361 ciam
799 2302 1013 2359 divinae
1041 2302 1373 2367 voluntatiS,
1415 2317 1534 2358 non
1558 2299 1627 2356 ad
1651 2301 1960 2373 praescien-

609 2386 748 2440 tiam
764 2388 1095 2445 eventuum,
1115 2379 1210 2436 sed
1239 2380 1309 2436 ad
1333 2381 1430 2437 Dei
1457 2380 1956 2452 omnipotentiam,

607 2466 697 2522 cui
727 2481 896 2521 nemo
914 2461 1176 2520 resistere
1191 2464 1533 2528 valet,nullo
1554 2464 1644 2518 vel
1668 2462 1961 2519 insinuato

612 2551 884 2618 respectu,
911 2549 1007 2602 aut
1026 2543 1403 2616 dependentia
1425 2543 1493 2600 ad
1521 2543 1820 2600 scientiam
1846 2559 1961 2600 me-

609 2627 785 2683 diam.
886 2660 890 2664 .

682 2709 813 2764 200.
857 2705 1013 2770 Quod
1041 2706 1089 2760 si
1118 2706 1416 2779 Cajetanus
1452 2709 1468 2761 1
1496 2715 1643 2780 part.
1674 2708 1955 2784 quamdi),

612 2789 781 2853 art.8,
814 2790 845 2857 θ
871 2786 963 2842 Ad
977 2788 1222 2858 primam
1247 2787 1744 2852 rationem,asserit
1765 2803 1961 2844 causas

611 2868 884 2927 secundas
906 2884 1022 2924 non
1051 2869 1269 2926 moveri
1287 2886 1317 2925 a
1336 2870 1524 2942 prima
1547 2870 1800 2927 motione
1822 2885 1960 2942 prae-

613 2950 708 3006 via
732 2971 745 3007 1
776 2948 903 3027 Non
929 2951 1094 3014 enim,
1147 2948 1352 3021 inquit,
1379 2958 1583 3023 oportet
1609 2968 1733 3005 cum
1753 2950 1960 3027 aliquis

609 3032 727 3086 vult
753 3030 986 3108 aliquid,
1011 3047 1105 3084 seu
1124 3048 1247 3085 cum
1267 3030 1349 3085 sol
1389 3032 1692 3095 illuminat,
1718 3032 1960 3103 primam

603 3129 829 3168 causam
840 3112 1048 3183 praevia
1061 3112 1294 3165 motione
1313 3114 1592 3185 cooperari
1600 3112 1708 3176 ,scd
1731 3112 1956 3184 sufficit,

601 3198 652 3246 et
676 3192 922 3260 exiqitur
941 3207 1063 3245 eam
1090 3192 1378 3246 intrinsece
1398 3193 1679 3263 cooperari
1694 3191 1799 3246 tati
1818 3191 1959 3247 etec-

601 3274 759 3338 110111,
789 3272 873 3327 vel
892 3272 1322 3328 illuminationi:
1349 3272 1597 3328 minime
1626 3277 1791 3346 negat
1819 3287 1958 3327 con-

601 3370 832 3410 cursum
883 3353 980 3408 Dei
1011 3353 1313 3424 praevium,
1358 3358 1416 3411 et
1453 3354 1857 3427 applicantem,
1898 3358 1959 3408 ut

603 3433 934 3491 Adversarii
954 3448 1251 3505 perperam
1274 3434 1551 3507 colligunt
1574 3458 1589 3501 ;
1613 3432 1709 3490 sed
1732 3438 1956 3489 tantum

603 3513 868 3576 intendit,
899 3511 1047 3585 quod
1076 3512 1176 3569 ille
1199 3514 1296 3570 Dei
1334 3513 1584 3570 influxus
1613 3514 1692 3570 ita
1713 3513 1959 3587 praebeat

601 3600 776 3654 totam
798 3595 1073 3651 virtutem
1100 3601 1392 3662 creaturae,
1427 3602 1486 3652 ut
1528 3596 1643 3651 haec
1662 3610 1779 3652 non
1810 3611 1958 3668 prae-

600 3676 714 3732 cise
735 3679 962 3731 moveat
992 3679 1050 3728 ut
1073 3679 1244 3739 mota,
1271 3678 1327 3731 et
1354 3691 1456 3747 per
1478 3675 1715 3732 modum
1745 3674 1958 3733 instru-

602 3756 802 3819 menti,
833 3755 978 3810 sicut
1005 3754 1236 3810 baculus
1268 3762 1455 3812 motus
1483 3772 1514 3812 a
1561 3770 1735 3810 manu
1767 3758 1959 3811 movet

602 3833 871 3906 lapidem,
904 3849 1014 3906 quo
1039 3835 1303 3906 exemplo
1345 3835 1525 3891 utitur
1553 3833 1634 3890 ibi
1658 3834 1957 3908 cajetanus

599 3929 661 3971 se
682 3912 976 3970 declarans
1005 3913 1094 3968 his
1123 3913 1314 3969 verbis
1340 3939 1353 3971 ι
1385 3936 1410 3967 «
1449 3917 1576 3970 Non
1604 3914 1762 3970 enim
1790 3930 1955 3970 causa

609 4017 635 4049 α
676 3994 920 4052 secunda
944 3999 1134 4050 movet
1155 3994 1226 4051 ob
1254 3995 1359 4052 hoc
1387 3995 1639 4068 praecise,
1671 3995 1805 4067 quia
1829 4011 1957 4052 mo-

607 4096 634 4127 «
678 4081 859 4139 vetur,
916 4073 1012 4129 sed
1052 4074 1229 4129 etiam
1282 4090 1352 4131 ex
1395 4075 1607 4130 virtute
1644 4074 1894 4147 propria.
1924 4094 1950 4125 »

606 4154 768 4211 Unde
787 4154 1071 4211 concludit
1095 4176 1108 4210 :
1145 4176 1171 4207 α
1195 4155 1300 4211 Illa
1330 4155 1643 4228 propositio
1667 4154 1950 4229 adjuncta,

606 4256 632 4286 «
673 4234 930 4289 scilicet:
985 4234 1163 4288 Causa
1189 4232 1436 4290 secunda
1481 4234 1631 4289 nihil
1674 4235 1808 4308 agit,
1844 4234 1955 4289 nisi

607 4335 632 4365 «
677 4313 739 4368 in
767 4313 981 4369 virtute
1028 4313 1272 4385 primae3
1322 4330 1440 4371 non
1461 4315 1642 4388 juvat,
1680 4313 1954 4386 quoniam

607 4414 632 4445 α
678 4393 1955 4467 nonestsensus‚quodcausasecundanullam

610 4494 635 4526 α
678 4475 953 4531 virtutem
978 4473 1198 4535 habeat.
1221 4475 1334 4530 nisi
1358 4476 1571 4532 virtute
1601 4475 1834 4547 primae3
1859 4472 1955 4530 sed

608 4574 635 4606 α
675 4554 824 4625 quod
854 4554 975 4627 ipsa
1001 4555 1246 4611 secunda
1278 4556 1503 4612 nullum
1533 4555 1788 4612 effectum
1823 4570 1958 4627 pro-

609 4654 636 4685 «
678 4634 851 4692 ducit.
882 4635 993 4690 nisi
1019 4636 1230 4692 virtute
1255 4636 1456 4709 primae
1477 4641 1870 4699 concurrente,
1903 4640 1958 4691 et

608 4735 634 4766 α
676 4715 1055 4789 conjungente
1081 4717 1352 4773 virtutem
1383 4716 1641 4773 secunda:
1665 4732 1767 4772 suo
1787 4714 1957 4771 effec-

612 4816 638 4846 «
680 4795 766 4850 tui
794 4818 807 4861 ;
851 4796 1125 4868 quoniam
1155 4799 1346 4870 prima
1367 4798 1563 4855 omnia
1590 4796 1818 4869 attingit
1842 4796 1957 4851 im-

613 4896 639 4927 «
684 4875 932 4931 mediate
973 4877 1406 4937 immediatione
1457 4878 1707 4934 virtutis.
1766 4898 1792 4927 n
1848 4876 1956 4933 Ubi

609 4955 914 5012 manifeste
936 4962 1141 5028 praeter
1171 4956 1451 5014 influxum
1482 4958 1579 5014 Dei
1608 4973 1958 5014 concurren—

1631 355 1725 429 DE
1763 354 2033 410 enarra
2073 354 2411 409 armorici.

2096 529 2232 592 tem,
2291 526 2379 582 vel
2445 526 2881 589 simultaneum.
2934 527 3093 598 ponit
3165 516 3442 582 intlu'xum

2094 606 2534 680 conjungentem
2567 608 2838 664 virtutem
2862 624 3044 663 causae
3065 606 3320 663 secundae
3344 613 3444 663 s‘uo

2094 687 2334 750 effectui.
2362 689 2485 744 sive
2510 705 2638 745 eam
2656 689 3038 761 applicantem
3067 687 3136 743 ad
3160 687 3437 744 effectum.

2170 771 2239 825 Et
2262 769 2446 825 obiter
2474 769 2732 834 observa,
2760 785 2855 826 eos
2881 771 2978 842 qui
3007 770 3303 826 scientiam
3333 786 3442 826 me·

2094 850 2250 906 diam
2300 847 2660 922 profitentur,
2704 854 2761 905 et
2805 851 3051 923 gratiam
3097 865 3167 906 ex
3219 865 3281 905 se
3323 848 3442 906 effi-

2093 948 2279 989 cacem
2348 932 2728 1004 impugnant,
2785 947 2852 988 eo
2919 932 3200 1004 praecipue
3247 930 3314 986 ad
3365 931 3443 986 sic

2093 1013 2460 1071 sentiendum
2516 1013 2754 1078 moveri,
2797 1014 2930 1086 quia
2983 1020 3044 1069 ut
3098 1013 3204 1086 ipsi
3260 1013 3437 1072 aiunt.

2093 1100 2383 1166 nequeunt
2424 1093 2745 1166 intelligere
2783 1092 3143 1149 concordiam
3193 1092 3344 1148 inter
3371 1091 3442 1145 li-

2095 1172 2369 1230 bertatem
2418 1179 2694 1240 nostram,
2727 1178 2781 1228 et
2808 1174 3187 1238 voluntatem,
3224 1183 3286 1227 ac
3311 1187 3442 1244 gra·

2095 1255 2233 1311 tiam
2285 1254 2384 1310 Dei
2443 1269 2512 1310 ex
2565 1269 2625 1308 se
2687 1252 3010 1320 efficacem3
3066 1253 3440 1324 experiuntur

2093 1342 2283 1394 autem
2311 1337 2358 1391 si
2408 1335 2544 1407 ipsis
2570 1333 2839 1397 creditur,
2867 1335 3185 1389 maximam
3215 1333 3279 1388 in
3310 1341 3615 1404 pro-Quantae

3475 1391 3586 1432 ticum
3614 1393 3615 1400 ¹

2095 1419 2220 1492 pria
2269 1417 2542 1490 opinione
2593 1416 2943 1478 facilitatem,
3001 1421 3054 1471 et
3092 1415 3433 1470 claritatem.
3475 1441 3596 1489 sm,

2094 1501 2392 1574 cajetanus
2430 1514 2567 1555 vero
2611 1501 2799 1570 (quem
2849 1497 3050 1561 nobili,
3084 1514 3145 1553 ac
3182 1491 3607 1579 ⁵⁰b²i¹i⁵·f;¹l{is?22

2091 1580 2240 1636 simo
2300 1579 2531 1652 ingenio
2592 1577 2924 1649 praedictum
2974 1577 3148 1633 fuisse
3214 1576 3609 1651 negabitur-amat

3468 1637 3605 1679 temni

2094 1662 2310 1730 nullus)
2325 1660 2624 1715 humiliter
2645 1659 2775 1715 huic
2789 1659 2972 1715 difficu
2985 1659 3105 1715 ltati
3127 1675 3286 1714 succu
3300 1657 3440 1714 mbit
3478 1692 3607 1738 „mm

2102 1745 2118 1798 l
2151 1750 2301 1816 part.
2329 1749 2510 1820 quaest.
2541 1743 2632 1806 22,
2663 1748 2772 1797 art.
2805 1744 2856 1806 4,
2885 1748 2934 1795 et
2979 1758 3139 1814 super
3188 1743 3345 1813 epist.
3375 1742 3445 1796 ad

2092 1823 2383 1887 RomanoS,
2415 1839 2533 1894 cop.
2562 1822 2614 1886 9,
2639 1821 2734 1878 ubi
2763 1822 2842 1877 ait
2869 1843 2881 1876 :
2905 1843 2930 1874 «
2959 1823 3085 1877 Non
3106 1820 3437 1886 estmirum,

2099 1926 2123 1956 α
2166 1903 2215 1959 si
2235 1919 2350 1959 non
2366 1902 2687 1978 quictamus
2708 1901 3027 1958 intellectus
3041 1904 3439 1972 quaerentium.

2099 2005 2123 2036 α
2165 1988 2220 2040 91
2247 1981 2642 2038 inducentium
2667 1981 3136 2038 inconvenientia
3160 2005 3175 2048 ;
3205 1982 3441 2039 scilicet:

2100 2085 2125 2117 «
2168 2063 2359 2119 Faciat
2401 2062 2638 2134 quisque
2682 2061 2829 2134 quod
2864 2061 3007 2124 vult,
3064 2060 3297 2117 tandem
3329 2062 3442 2117 im-

2100 2165 2124 2194 «
2169 2140 2415 2214 plebitur
2461 2141 2699 2205 electio,
2754 2147 2809 2196 et
2859 2140 3078 2196 similia
3117 2140 3438 2197 horrenda.

2100 2246 2124 2276 α
2166 2222 2437 2287 Quocirca
2474 2220 2542 2277 ad
2583 2221 2973 2277 curiositatem
3003 2219 3146 2285 dico,
3194 2221 3295 2276 illa
3325 2238 3445 2278 esse

2100 2326 2124 2356 «
2170 2319 2304 2359 vera
2342 2317 2410 2357 ex
2443 2306 2599 2372 parte
2643 2301 2856 2356 divinae
2881 2300 3193 2364 electionis,
3224 2317 3325 2357 seu
3352 2317 3445 2358 re·-

2099 2405 2125 2436 «
2168 2381 2559 2455 probationis‘;
2590 2379 2686 2436 sed
2717 2386 2835 2437 non*
2871 2395 2992 2435 esse
3016 2395 3148 2446 vera
3175 2382 3317 2443 sola,
3349 2380 3443 2438 sed

2100 2485 2124 2516 α
2168 2463 2436 2519 associata
2453 2461 2584 2516 aliis
2600 2460 2936 2516 veritatibus
2955 2477 3024 2517 ex
3049 2467 3207 2533 parte
3236 2462 3438 2525 nostri,

2099 2565 2125 2597 α
2166 2543 2379 2600 scilicet
2422 2541 2571 2615 quod
2617 2542 2798 2597 simus
2826 2541 2995 2598 liberi
3018 2540 3268 2605 arbitrii,
3295 2542 3444 2614 quod

2100 2647 2126 2678 α
2168 2620 2427 2680 iaciendo
2466 2621 2613 2694 quod
2639 2637 2710 2678 ex
2740 2620 2902 2678 nobis
2949 2627 3051 2682 est,
3082 2622 3320 2678 'erimus
3344 2638 3445 2694 per

2099 2728 2125 2758 «
2165 2705 2427 2760 divinam
2474 2704 2719 2775 gratiam
2766 2703 2933 2767 salvi,
2964 2708 3020 2758 et
3046 2703 3193 2776 quod
3233 2705 3443 2760 nostris

2099 2807 2124 2837 α
2167 2783 2392 2840 meritis
2443 2784 2756 2844 salvamur.
2802 2788 2896 2838 aut
2937 2781 3285 2838 damnamur
3344 2801 3444 2842 nos

2099 2890 2124 2919 a
2166 2864 2366 2922 adulti.
2419 2864 2487 2917 Et
2531 2880 2659 2919 cum
2710 2862 2941 2936 objicies
2973 2864 3305 2938 :Conjunge
3333 2864 3446 2921 haec

2099 2969 2124 2999 α
2167 2945 2340 3003 verba
2362 2944 2537 2999 simul
2562 2967 2575 3000 :
2622 2943 2953 3017 Respondeo
2984 2961 3077 3001 me
3103 2946 3270 3010 scire,
3296 2945 3444 3018 quod

2099 3050 2123 3080 α
2167 3042 2368 3083 verum
2422 3041 2558 3082 vero
2607 3042 2722 3081 non
2772 3031 2858 3082 est
2902 3028 3301 3093 contrarium3
3348 3026 3445 3084 sed

2098 3130 2123 3165 (1
2167 3108 2386 3163 nescire
2450 3106 2566 3162 haec
2626 3105 2991 3179 conjungere,
3052 3108 3195 3166 sicat
3255 3108 3447 3164 nescio

2098 3211 2123 3240 α
2166 3186 2505 3259 mysterium
2572 3186 2907 3241 Trinitatis.
2966 3187 3033 3240 Et
3080 3187 3225 3242 sicut
3275 3186 3446 3243 credo

2098 3288 2122 3319 α
2167 3267 2385 3337 reliqua
2413 3264 2567 3320 Fidei
2602 3266 2894 3339 mysteria.
2942 3265 3019 3320 ita
3040 3265 3209 3322 credo
3247 3272 3307 3322 et
3332 3267 3447 3322 haec

2097 3370 2122 3399 «
2164 3345 2440 3421 mysteria
2463 3344 2994 3418 praedestinationis,
3020 3351 3075 3401 et
3097 3345 3448 3417 reprobatio-

2097 3451 2121 3482 «
2165 3429 2277 3484 nis.
2306 3429 2499 3484 Meum
2527 3433 2610 3484 est
2655 3433 2850 3482 tenere
2876 3425 3022 3498 quod
3053 3426 3197 3481 mihi
3222 3432 3444 3482 certum

2096 3532 2121 3562 α
2163 3515 2245 3566 est
2271 3509 2505 3579 (scilicet
2525 3509 2606 3564 uti
2632 3507 2813 3564 libero
2841 3507 3097 3572 arbitri0,
3117 3513 3175 3564 et
3204 3507 3450 3580 reliquis

2096 3611 2122 3641 α
2164 3588 2330 3645 bonis
2358 3588 2503 3644 mihi
2536 3605 2567 3645 a
2609 3591 2721 3644 Deo
2759 3588 3035 3643 concessis
3064 3587 3223 3644 omni
3252 3587 3449 3644 studio

2096 3690 2121 3723 α
2163 3668 2233 3724 ad
2253 3668 2709 3741 consequendam
2732 3667 2910 3723 vitam
2939 3669 3236 3737 aeternam)
3260 3674 3316 3722 et
3344 3682 3449 3723 ex-

2096 3771 2121 3801 a
2163 3755 2401 3822 pectare,
2453 3755 2512 3804 ut
2541 3748 2764 3804 videam
2809 3750 2869 3804 in
2896 3748 3077 3820 patria
3100 3750 3445 3822 mysterium

2095 3855 2120 3884 «
2163 3831 2373 3887 divinae
2425 3830 2719 3887 electionis
2767 3830 2911 3885 mihi
2942 3827 3112 3885 modo
3160 3829 3443 3902 ignotum.

2096 3934 2120 3965 α
2160 3911 2613 3983 sicutetreliqua
2636 3909 2791 3966 Fidei
2813 3909 3109 3983 mysteria.
3138 3910 3265 3965 Haec
3289 3912 3449 3985 igno-

2095 4013 2121 4043 «
2165 3992 2352 4047 rantia
2390 3992 2604 4063 quietat
2652 3991 3005 4055 intellectum
3036 4004 3251 4044 meum.
3286 4012 3311 4040 n
3340 3990 3448 4048 Sed

2090 4073 2342 4130 maxima
2364 4073 2479 4129 brec
2499 4072 2813 4133 difficultas,
2836 4087 3010 4143 quam
3044 4072 3185 4128 adeo
3209 4087 3451 4147 exagge-

2091 4160 2178 4209 rat
2216 4155 2532 4231 Cajetanus,
2564 4151 2862 4210 evidenter
2909 4157 3208 4208 attestatur
3254 4154 3449 4224 ipsum

2088 4234 2412 4299 credidisse,
2447 4238 2817 4296 voluntatem,
2843 4239 2897 4288 et
2923 4234 3171 4306 gratiam
3198 4235 3297 4290 Dei
3325 4250 3452 4291 esse

2088 4332 2156 4371 ex
2183 4331 2243 4371 se
2265 4315 2527 4373 efficaces.
2556 4320 2611 4371 et
2650 4313 2844 4387 procul
2871 4313 3128 4385 rejecisse
3155 4330 3450 4386 apparen-

2089 4401 2171 4451 tes
2199 4394 2496 4451 facilitates
2515 4396 2643 4450 illas
2666 4393 3166 4456 Adversariorum‚
3186 4410 3328 4466 quas
3348 4410 3449 4466 per

2087 4476 2383 4532 scientiam
2436 4474 2706 4539 mediam,
2740 4478 2907 4545 atque
2960 4474 3179 4529 auxilia
3211 4474 3449 4532 indiffe-

2091 4556 2276 4613 rentia
2315 4557 2641 4611 conciliant.

2161 4638 2290 4693 201.
2334 4638 2499 4692 Sotus
2521 4637 2611 4690 vir
2632 4633 3011 4693 doctissimus.
3041 4634 3249 4707 injuste
3269 4635 3449 4691 etiam

2092 4732 2194 4786 pro
2219 4715 2325 4771 ista
2346 4715 2621 4787 opinione
2642 4715 3082 4787 allegatur,cum
3106 4714 3244 4768 satis
3256 4721 3453 4786 aperte

2089 4794 2283 4851 doceat
2327 4810 2694 4851 communem
2743 4792 3174 4849 Tliomistarum
3215 4800 3454 4851 senten-

2092 4875 2251 4939 tiam,
2296 4875 2390 4930 lib.
2455 4877 2471 4931 1
2507 4876 2571 4929 de
2621 4883 2826 4930 natura
2876 4881 2923 4930 et
2947 4876 3155 4945 yratia.
3199 4892 3321 4948 cap.
3365 4877 3448 4939 16,

2092 4953 2186 5011 ubi
2236 4955 2468 5027 inquit:
2516 4954 2735 5010 Etenim
2789 4971 2891 5009 non
2937 4962 3012 5009 est
3043 4954 3290 5018 (stibium,
3315 4958 3452 5032 quin

3152 5052 3451 5092 cuncter-sus

3494 1740 3577 1778 tunt

3496 4653 3595 4694 Snus

3488 4704 3599 4743 tuetur

3472 4762 3573 4794 roma
3586 4758 3610 4787 ι·

3518 4809 3593 4851 ¹²0⁸!

3466 4850 3610 4891 Tho-s

3496 4906 3603 4953 tenu

3482 4950 3610 4991 doetw

3502 5008 3589 5040 ml!-
