3647 5753
513 451 586 506 98
1524 450 1619 505 DE
1658 448 1929 504 GRATIA
1970 449 2316 509 EFFICACI.

1109 629 1141 695 g
1182 627 1277 681 111.

582 777 939 852 Expenditur
950 782 1139 853 prima
1161 783 1308 836 ratio
1325 799 1424 854 pro
1440 784 1628 852 qratia
1647 798 1720 836 αα)
1743 756 1803 835 se⁶

1079 864 1305 937 efficaci.

321 1043 473 1086 prm.
596 1021 718 1077 146.
762 1022 1118 1095 Praecipuum
1173 1023 1614 1081 fundamentum
1662 1015 1872 1081 nostrae

320 1102 482 1146 ¹¹⁰³P‘0
515 1101 848 1158 assertionis
887 1101 1128 1160 habetur
1165 1120 1238 1161 ex
1278 1105 1550 1161 hactenus
1594 1102 1759 1160 dictis
1805 1103 1870 1158 in

302 1151 617 1249 iiiffirra-hac
645 1181 1062 1256 disputatione;
1105 1186 1379 1257 quoniam
1418 1184 1604 1260 gratia
1642 1200 1759 1241 non
1785 1188 1872 1240 est

349 1246 421 1284 ¹¹⁰·
515 1261 710 1319 efficax
737 1266 925 1321 solum
947 1263 1017 1321 ab
1044 1264 1262 1336 effectu,
1296 1273 1357 1322 ut
1394 1265 1521 1322 dub.
1556 1267 1574 1320 l
1621 1263 1870 1322 ostendi·

516 1360 647 1400 mus
691 1351 888 1403 contra
941 1349 1222 1404 Molinam
1251 1364 1423 1422 :ergo
1469 1345 1869 1404 antecedenter

513 1422 581 1479 ad
629 1425 794 1481 illam
841 1425 1009 1483 habet
1054 1426 1285 1501 aliquod
1331 1427 1721 1499 praedicatum,
1767 1441 1869 1498 per

511 1504 661 1576 quod
706 1505 992 1564 differata
1017 1509 1201 1582 gratia
1256 1525 1396 1581 pure
1440 1507 1762 1573 sufficienti,
1811 1511 1869 1562 et

510 1585 732 1642 ratione
758 1588 916 1661 cujus
942 1589 1297 1646 connectitur
1325 1587 1716 1645 infallibiliter
1734 1603 1866 1642 cum

508 1665 707 1723 effectu
751 1691 764 1725 ε
814 1670 913 1726 sed
959 1670 1285 1744 hujusmodi
1330 1671 1611 1729 connexio
1670 1669 1868 1741 nequit

510 1745 743 1805 fundari
772 1750 834 1806 in
855 1752 1327 1824 attemperatione
1352 1753 1552 1826 gratiae
1577 1749 1867 1806 sufficien-

501 1827 585 1882 tis
615 1827 1028 1903 adsubjectum
1051 1832 1141 1888 cui
1168 1831 1644 1898 communicatur,
1677 1831 1868 1886 utdu-

509 1908 594 1963 bio
634 1912 669 1966 2
715 1910 1088 1983 probavimus
1149 1919 1347 1970 contra
1399 1916 1654 1985 vasquez
1700 1935 1713 1968 ε
1762 1928 1867 1969 nec

511 1991 663 2048 valet
688 1994 994 2052 consistere
1015 1996 1076 2051 in
1097 2011 1181 2060 eo,
1207 1995 1356 2068 quod
1376 1997 1560 2070 gratia
1580 1994 1867 2051 sufficiens

508 2071 836 2128 conferatur
859 2075 920 2129 in
948 2090 1013 2131 eo
1037 2079 1311 2147 tempore,
1339 2076 1401 2131 iu
1428 2092 1539 2147 quo
1562 2091 1662 2148 per
1687 2075 1866 2131 scien·

508 2152 648 2209 tiam
693 2155 944 2213 mediam
996 2159 1237 2231 praevisa
1264 2164 1349 2214 est
1391 2159 1654 2215 habitura
1693 2158 1866 2215 elfec-

503 2239 646 2303 tum,
673 2242 735 2292 ut
779 2244 976 2295 contra
1003 2241 1292 2304 Suarium,
1324 2246 1380 2296 et
1404 2240 1547 2297 alios
1565 2239 1692 2295 dub.
1722 2257 1863 2312 prat·

503 2318 611 2374 ced.
643 2320 946 2375 statuimus
974 2342 985 2376 :
1010 2337 1144 2395 ergo
1169 2322 1355 2395 gratia
1375 2321 1570 2378 efficax
1597 2321 1767 2379 habet
1791 2339 1865 2384 ex

503 2415 583 2465 se,
614 2406 669 2456 et
710 2399 781 2456 ab
808 2400 1122 2460 intrinseco
1150 2402 1541 2461 infallibiliter
1574 2405 1858 2471 effectum,

502 2483 559 2532 et
583 2477 857 2553 distingui
886 2498 919 2537 a
955 2483 1139 2555 gratia
1181 2499 1321 2556 pure
1346 2483 1666 2540 sufficienti.
1703 2484 1864 2540 Patet

506 2565 927 2634 consequentia,
945 2566 1081 2637 quia
1109 2581 1225 2621 non
1252 2571 1503 2638 apparet,
1531 2566 1593 2620 in
1613 2581 1724 2637 quo
1746 2566 1862 2622 alio

507 2642 681 2712 possit
707 2644 1035 2718 hujusmodi
1070 2645 1313 2702 efficacia
1339 2646 1667 2702 consistere.

311 2735 468 2777 conur-
579 2726 649 2779 Et
673 2725 1079 2797 confirmatur,
1129 2729 1403 2802 quoniam
1434 2734 1637 2800 praeter
1663 2728 1861 2786 omnia

319 2789 465 2827 nialus.

506 2902 633 2955 res,
687 2889 1001 2963 requiritur
1042 2890 1198 2947 aliud
1247 2892 1530 2947 auxilium
1586 2891 1860 2948 reducens

502 2967 800 3041 proedictas
839 2972 992 3027 vires
1019 2970 1088 3027 ad
1116 2972 1474 3038 exercitium,
1504 2977 1564 3028 ut
1604 2971 1877 3028 ostendi--

503 3065 632 3104 mus
657 3051 798 3123 disp.
823 3054 879 3117 4,
909 3051 1035 3108 dub.
1060 3054 1123 3118 6;
1149 3052 1247 3109 sed
1276 3053 1561 3109 auxilium
1586 3051 1860 3109 reducens

499 3130 655 3186 vires
676 3131 744 3187 ad
765 3133 1121 3200 exercitium,
1154 3135 1276 3191 sive
1297 3141 1484 3191 actum
1508 3135 1764 3207 primum
1788 3133 1858 3189 ad

499 3215 687 3266 actum
725 3212 1059 3280 secundum,
1083 3214 1437 3271 connectitur
1465 3212 1859 3270 infallibiliter

499 3307 573 3348 ex
600 3307 679 3357 se,
703 3298 759 3349 et
780 3292 851 3349 ab
872 3294 1185 3352 intrinseco
1205 3312 1333 3351 cum
1358 3295 1716 3367 operatione3
1741 3294 1859 3349 im-

506 3372 676 3445 plicat
696 3374 855 3429 enim
884 3376 1158 3432 virtutem
1180 3375 1534 3448 operativum
1564 3374 1757 3431 reduci
1786 3374 1858 3431 ad

503 3452 842 3509 exercitium
871 3455 1096 3529 agendi,
1127 3460 1182 3511 et
1204 3471 1321 3511 non
1350 3471 1535 3529 agere,
1566 3460 1625 3510 ut
1645 3469 1716 3510 ex
1737 3460 1858 3511 ter-

502 3533 682 3589 minis
724 3534 902 3607 liquet
928 3557 940 3591 z
970 3552 1105 3610 ergo
1133 3535 1551 3593 admittendum
1578 3541 1662 3592 est
1688 3535 1858 3592 auxi-

502 3613 649 3669 lium
690 3631 761 3672 ex
805 3632 885 3681 se.
935 3622 991 3672 et
1035 3616 1106 3673 ab
1153 3617 1465 3675 intrinseco
1503 3616 1716 3673 efficax.
1750 3617 1858 3671 Vi-

498 3692 749 3752 deantur
788 3713 912 3770 quae
950 3697 1207 3754 diximus
1253 3698 1388 3754 locis
1434 3714 1618 3771 nuper
1645 3697 1851 3763 citatis,

501 3775 597 3833 ubi
626 3778 854 3837 diversa
899 3786 1238 3854 argumenta
1263 3781 1681 3848 formavimus,
1732 3795 1858 3853 quaa

502 3860 766 3932 praesenti
811 3862 1114 3919 assertioni
1158 3862 1523 3928 deserviunt;
1564 3860 1858 3935 praeclusi-

501 3955 631 3994 mus
652 3940 824 3996 etiam
854 3941 1046 4013 plures
1070 3943 1385 4010 evasione5‚
1416 3941 1621 4015 quibus
1644 3939 1859 3997 Adver-

499 4019 640 4074 sarii
680 4019 798 4076 illis
826 4028 1148 4089 occurrunt,
1196 4039 1320 4095 quae
1349 4020 1588 4096 proinde
1616 4021 1678 4076 in
1708 4036 1858 4092 prae-

498 4100 646 4156 senti
694 4116 812 4157 non
852 4101 1248 4174 expendimus,
1281 4119 1354 4160 ne
1381 4107 1567 4158 actum
1596 4115 1853 4174 agamus.

498 4183 817 4256 Supersunt
838 4188 1030 4240 tamen
1058 4184 1240 4241 adhuc
1265 4184 1379 4240 alia
1409 4184 1697 4240 rationum
1727 4198 1858 4238 mo-

499 4269 715 4333 menta,
740 4280 864 4336 quae
884 4271 1141 4321 nostram
1164 4265 1536 4321 assertionem
1558 4263 1850 4329 evincunt,

497 4347 553 4400 et
574 4342 702 4402 ideo

307 4439 461 4481 secun-
580 4428 700 4483 147.
745 4425 1027 4484 Probatur
1066 4426 1316 4484 secundo
1369 4426 1590 4483 ratione
1641 4423 1854 4480 funda-

288 4487 483 4581 ‘¹1¹f}¹¹„,¹}¹,f³'
497 4509 774 4577 mentali3
823 4511 1096 4582 quoniam
1143 4510 1327 4584 gratia
1372 4524 1444 4566 ex
1469 4524 1548 4573 se,
1574 4514 1631 4565 et
1656 4506 1728 4564 ab
1757 4508 1854 4563 in-

493 4586 741 4645 trinseco
796 4589 990 4646 efficax
1057 4605 1174 4647 non
1224 4588 1468 4646 destruit
1529 4589 1853 4645 libertatem

493 4671 844 4742 operationis
880 4678 1083 4729 creatae
1113 4715 1127 4740 ,
1178 4671 1276 4729 sed
1305 4670 1540 4728 aliunde
1577 4687 1644 4728 ea
1668 4670 1855 4745 gratia

495 4750 762 4820 admissa,
806 4755 1017 4811 melius
1041 4755 1358 4828 explicatur
1383 4769 1717 4826 supremum
1741 4751 1853 4821 ,Dei

495 4830 820 4890 dominium
853 4852 1028 4909 supra
1055 4842 1280 4894 nostras
1304 4834 1684 4907 operationes,
1717 4849 1852 4907 per-

494 4910 638 4968 fecta
682 4912 956 4987 subjectio
992 4920 1267 4972 creaturas
1293 4914 1365 4972 ad
1389 4916 1591 4981 Deum,
1623 4912 1853 4970 infalli-

494 4987 631 5046 bilis
657 4991 935 5049 certitudo
957 4992 1490 5065 praedestinationis,
1515 4998 1571 5051 et
1592 4993 1708 5050 alia
1726 5007 1854 5065 quae

495 5069 559 5124 in
582 5071 846 5142 praesenti
874 5067 1262 5131 controversia
1291 5072 1506 5130 salvari
1535 5072 1762 5141 debent,
1793 5078 1851 5130 et

506 2805 722 2862 auxilia
749 2808 1104 2872 sufficientia.
1135 2825 1232 2866 seu
1262 2809 1748 2866 communicantia
1766 2808 1871 2865 vi-⁴

2005 639 2129 697 quae
2153 642 2282 682 cum
2312 627 2682 701 opinionibus
2711 627 2984 684 hactenus
3010 624 3363 699 impugnatis
3413 637 3559 683 Gratia

2006 705 2098 760 vel
2125 707 2286 764 nullo
2314 706 2502 774 modo,
2535 709 2625 764 vel
2648 722 2766 763 non
2793 707 2874 763 ita
2904 713 3052 765 recte
3077 705 3363 762 concilan-
3410 698 3556 781 ξῶἕξ

2007 790 2099 840 tur
2125 801 2296 861 :ergo
2334 786 2638 844 dicendum
2686 791 2788 850 est,
2813 789 3062 861 gratiam
3098 800 3220 842 esse
3240 783 3363 842 effi-
3387 788 3565 846 cohaeret

2004 882 2189 924 cacem
2228 885 2299 925 ex
2337 885 2416 937 se,
2446 875 2504 927 et
2529 869 2599 926 ab
2634 869 2967 927 intrinseco
2999 872 3365 940 consequen·
3399 838 3573 931 ῧῖῗῖὲῖἑ.

2005 947 2084 1004 tia
2102 953 2187 1004 est
2198 949 2435 1007 evidens
2458 967 2561 1023 pro
2580 950 2854 1022 qualitate
2871 949 3147 1007 materiae.
3172 949 3367 1004 Minor

2003 1034 2195 1086 autem
2233 1030 2370 1086 satis
2415 1035 2632 1087 constat
2658 1047 2731 1087 ex
2757 1029 2924 1087 dictis
2946 1031 3010 1087 in
3032 1029 3137 1085 hac
3164 1027 3366 1101 dispu-

2005 1109 2235 1166 tatione.
2285 1110 2469 1184 Major
2515 1116 2708 1167 autem
2740 1154 2752 1176 ,
2810 1127 2982 1183 quam
3030 1108 3364 1165 Adversarii

2003 1196 2233 1264 negant,
2273 1190 2575 1264 probatum
2604 1192 2740 1265 quia
2780 1194 2967 1266 gratia
2989 1193 3248 1249 inferens
3270 1190 3368 1246 in-

2004 1269 2333 1327 fallibiliter
2371 1288 2488 1330 non
2535 1274 2723 1330 solum
2752 1271 3133 1329 substantiam
3161 1286 3367 1343 opera-

2004 1351 2195 1415 tionis,
2221 1351 2319 1408 sed
2343 1353 2518 1409 etiam
2547 1368 2751 1409 omnes
2776 1353 2897 1427 ejus
2918 1352 3137 1419 modos,
3170 1352 3369 1424 nequit

2003 1429 2326 1488 libertatem
2350 1431 2629 1504 praedictae
2649 1433 3005 1505 operationis
3031 1431 3326 1489 destruere
3350 1454 3363 1496 ;

2001 1511 2284 1584 siquidem
2326 1514 2480 1570 inter
2507 1514 2640 1571 illos
2663 1513 2862 1571 modos
2892 1517 3216 1571 recensetur
3239 1528 3365 1569 mo-

2001 1591 2106 1647 dus
2154 1591 2435 1649 libertatis
2474 1614 2486 1648 :
2531 1595 2687 1666 atqui
2734 1594 2920 1668 gratia
2965 1609 3038 1650 ex
3085 1591 3365 1649 seefficax

2002 1672 2180 1728 infert
2212 1672 2605 1731 infallibiliter
2634 1691 2750 1731 non
2774 1674 2959 1731 solum
2981 1672 3363 1729 substantiam

2000 1753 2380 1825 operationiS‚
2414 1752 2511 1810 sed
2538 1754 2716 1810 etiam
2743 1770 2944 1811 omnes
2970 1755 3091 1827 ejus
3118 1751 3318 1810 modos
3349 1775 3363 1809 ε

1999 1849 2132 1907 ergo
2175 1833 2442 1906 praedicta
2479 1835 2667 1908 gratia
2697 1851 2814 1891 non
2841 1835 3085 1891 destruit
3126 1833 3365 1892 liberta-

2001 1920 2137 1971 tem.
2163 1914 2442 1972 Suadetur
2464 1916 2658 1972 minor
2683 1940 2695 1982 ;
2724 1932 2859 1972 nam
2879 1916 3065 1989 gratia
3085 1932 3155 1972 ex
3176 1931 3237 1972 se
3250 1913 3365 1972 effi-

1997 2011 2101 2051 cax
2154 1997 2458 2068 participat
2504 1995 2574 2052 ab
2627 1997 3046 2070 omnipotentia
3093 1997 3192 2052 Dei
3242 1996 3362 2052 vim

1997 2075 2269 2132 movendi
2295 2075 2545 2132 liberum
2569 2077 2878 2134 arbitrium
2898 2102 2910 2144 ;
2937 2077 3006 2135 ad
3028 2079 3133 2134 hoc
3154 2076 3365 2150 quippe

2000 2157 2353 2230 producitur,
2385 2165 2448 2214 ut
2474 2159 2550 2213 sit
2579 2159 2857 2225 medium,
2912 2176 3012 2231 per
3040 2157 3188 2232 quod
3218 2160 3364 2214 Deus

1998 2245 2243 2302 moveat.
2293 2245 2348 2295 et
2394 2241 2752 2296 voluntatem
2804 2246 3053 2297 creatam
3098 2254 3230 2294 cum
3257 2254 3361 2294 suo

1996 2319 2194 2376 effectu
2210 2320 2541 2393 conjungat:
2565 2321 2719 2393 atqui
2736 2321 3156 2394 omnipotentia
3182 2320 3362 2377 conti-

1998 2406 2094 2458 net
2114 2402 2505 2475 operationem
2533 2409 2782 2459 creatam
2813 2420 2930 2461 non
2959 2403 3146 2460 solum
3173 2401 3357 2474 quoad

1994 2480 2393 2547 substantiam,
2442 2482 2540 2538 sed
2585 2484 2762 2540 etiam
2804 2482 2987 2555 quoad
3013 2497 3215 2539 omnes
3236 2482 3358 2554 ejus

1995 2562 2211 2628 modos,
2251 2569 2538 2636 potestque
2578 2564 2972 2622 infallibiliter
3014 2565 3130 2621 haec
3156 2563 3357 2621 omnia

1993 2660 2246 2708 causare,
2276 2661 2407 2700 cum
2439 2645 2846 2702 contineantur
2876 2647 3033 2701 intra
3070 2644 3355 2716 sphaeram

1997 2723 2354 2796 possibilium
2377 2740 2543 2799 :ergo
2561 2727 2744 2799 gratia
2766 2742 2836 2783 ex
2862 2742 2923 2782 se
2949 2725 3143 2782 efficax
3165 2731 3357 2781 causat

1994 2819 2112 2860 non
2156 2804 2345 2860 solum
2390 2804 2791 2872 substantiam,
2824 2806 2922 2863 sed
2949 2806 3124 2863 etiam
3154 2819 3356 2862 omnes

1994 2884 2193 2942 modos
2231 2888 2582 2961 operationis
2609 2894 2835 2956 creatae,
2867 2888 3068 2944 saltem
3097 2887 3195 2961 qui
3226 2903 3354 2943 ma-

1994 2966 2200 3034 litiam,
2231 2975 2287 3025 et
2314 2967 2594 3026 defectum
2628 2985 2743 3025 non
2772 2970 3080 3042 explicant.
3105 2969 3214 3033 Qui
3243 2967 3355 3023 dis-

1993 3067 2189 3107 cursus
2227 3049 2549 3106 desumitur
2576 3065 2647 3107 ex
2695 3053 2757 3106 D.
2806 3051 3007 3106 Thom.
3042 3057 3224 3125 quaest.
3258 3050 3349 3116 39,
3385 3072 3542 3114 Dynm-

1990 3132 2054 3186 de
2088 3130 2340 3197 Veritate,
2365 3138 2476 3186 art.
2503 3132 2539 3184 5
2560 3132 2635 3186 ad
2659 3132 2715 3197 4,
2745 3130 2842 3186 ubi
2866 3131 2946 3186 ait
2974 3152 2986 3186 ε
3022 3152 3048 3183 α
3080 3132 3356 3187 Voluntas

1998 3235 2024 3265 «
2064 3212 2266 3268 divina
2329 3216 2415 3268 est
2478 3227 2652 3286 agens
2702 3212 3085 3269 fortissimum
3122 3255 3136 3279 ,
3205 3209 3356 3267 unde

1998 3317 2023 3347 «
2064 3298 2284 3367 oportet
2326 3294 2448 3367 ejus
2489 3294 2751 3350 effectum
2791 3294 2844 3349 ei
2874 3294 3143 3350 omnibus
3172 3291 3356 3349 modis

1998 3396 2024 3427 α
2066 3374 2420 3441 assimilari,
2475 3379 2536 3429 ut
2590 3390 2706 3430 non
2751 3375 2940 3430 solum
2987 3373 3086 3430 fiat
3122 3372 3179 3429 id
3206 3372 3355 3447 quod

1998 3478 2023 3510 α
2067 3458 2212 3514 Deus
2263 3457 2387 3512 vult
2440 3455 2585 3522 fieri,
2636 3455 2786 3528 quod
2813 3461 2897 3512 est
2923 3455 3238 3513 assimilari
3264 3470 3356 3511 se-

1998 3559 2024 3590 «
2064 3536 2317 3594 cundum
2360 3537 2644 3609 speciem;
2692 3536 2791 3593 sed
2836 3543 2894 3592 ut
2928 3535 3028 3593 fiat
3066 3551 3134 3593 eo
3162 3535 3349 3598 modo,

1997 3642 2023 3672 <t
2058 3635 2169 3692 quo
2215 3621 2362 3676 Deus
2397 3618 2522 3675 vult
2548 3617 2694 3674 illud
2723 3617 2869 3685 fieri,
2898 3616 2955 3673 id
2983 3625 3067 3674 est
3097 3634 3354 3675 necessa-

1997 3722 2023 3752 «
2068 3701 2173 3765 rio,
2224 3699 2315 3755 vel
2364 3699 2783 3772 contingenter,
2817 3699 2946 3765 cito,
2973 3700 3065 3756 vel
3095 3698 3277 3756 tarde.
3322 3720 3347 3749 ι)

1991 3779 2258 3852 Idemque
2309 3780 2515 3853 repetit
2554 3780 2688 3836 aliis
2730 3780 2994 3852 pluribus
3036 3782 3173 3839 locis
3196 3798 3347 3837 num.

1998 3862 2099 3917 138
2126 3860 2331 3918 citatiS.
2381 3858 2541 3926 Quod
2568 3860 2745 3917 etiam
2770 3860 3037 3918 docuerat
3060 3865 3121 3918 D.
3154 3862 3352 3918 Ansel·
3365 3879 3569 3921 unsel.

1990 3959 2120 3998 mus
2135 3945 2195 3999 in
2217 3942 2309 3998 tib.
2330 3943 2393 3997 de
2407 3942 2698 3998 concordia
2713 3946 3075 4015 praescientiae,
3101 3943 3350 4015 praedest.

1988 4031 2036 4080 et
2047 4026 2258 4095 qratia,
2278 4041 2398 4097 cap.
2434 4026 2480 4090 l,
2501 4023 2590 4079 his
2608 4024 2799 4080 verbis
2821 4046 2833 4079 ε
2858 4048 2883 4077 (ι
2903 4024 3187 4089 Quoniam
3204 4024 3353 4098 quod

1996 4129 2020 4159 α
2064 4108 2209 4161 Deus
2231 4106 2371 4170 vult,
2405 4118 2521 4161 non
2551 4108 2730 4176 potest
2758 4121 2874 4162 non
2894 4120 3034 4169 esse,
3059 4120 3191 4160 cum
3222 4106 3352 4161 vult

1996 4208 2021 4239 α
2064 4185 2319 4242 hominis
2346 4185 2697 4241 voluntatem
2727 4187 2889 4241 nulla
2919 4186 3057 4259 cogi,
3090 4187 3184 4243 vel
3216 4201 3352 4258 pro-

1995 4290 2020 4321 «
2063 4266 2252 4323 hiberi
2293 4266 2625 4323 necessitate
2665 4265 2736 4323 ad
2777 4267 3107 4333 volendum,
3141 4268 3236 4325 vel
3283 4267 3355 4324 ad

1995 4371 2019 4401 α
2061 4363 2178 4404 non
2206 4346 2534 4413 volendum,
2560 4353 2617 4403 et
2637 4349 2763 4403 vult
2782 4348 3043 4406 effectum
3070 4348 3231 4426 sequi
3259 4364 3356 4407 vo·

1994 4450 2019 4479 «
2061 4429 2360 4495 luntatem,
2393 4432 2528 4483 tunc
2555 4442 2782 4484 necesse
2809 4435 2893 4496 est
2920 4445 3042 4486 esse
3082 4428 3350 4486 liberam.

1966 4522 2019 4559 σα
2059 4512 2117 4564 et
2141 4523 2263 4565 esse
2288 4506 2436 4581 quod
2465 4507 2607 4562 vult.
2655 4528 2681 4558 »

2070 4590 2191 4645 148.
2221 4587 2586 4661 Respondent
2606 4583 2960 4656 Adrersarii,
2987 4591 3356 4663 omnipoten-
3369 4612 3577 4658 nvem.

1986 4669 2126 4724 tiam
2148 4667 2410 4725 divinam
2451 4668 2750 4725 continere
2776 4668 3013 4742 quidem
3043 4678 3161 4727 tam
3188 4669 3357 4727 subs-
3387 4664 3545 4757 ‘gsseumff

1985 4750 2247 4819 tantiam,
2278 4766 2451 4824 quam
2481 4748 2717 4806 modum
2747 4751 3036 4809 libertatis
3065 4754 3357 4825 operatio·
3419 4772 3507 4807 sus.

1987 4832 2078 4888 nis
2119 4839 2325 4891 creatae
2350 4875 2363 4899 ,
2412 4837 2470 4890 et
2502 4832 2777 4889 similiter
2799 4832 3199 4893 infallibiliter
3226 4833 3358 4893 fieri

1983 4926 2108 4986 quae
2130 4914 2278 4970 Deus
2297 4912 2554 4971 absolute
2578 4913 2720 4979 vult,
2748 4914 2900 4986 quod
2922 4921 3150 4973 tantum
3174 4917 3360 4974 inten-

1984 4992 2129 5050 dunt
2166 4995 2230 5050 D.
2262 4994 2446 5050 Thom
2473 4997 2530 5049 et
2551 4996 2617 5049 D.
2648 4995 2958 5052 Anselmus
2988 4998 3124 5056 locis
3149 4997 3352 5054 citatis.

1987 5078 2208 5149 Negant
2256 5079 2471 5140 tamen,
2522 5072 2672 5146 quod
2716 5076 2866 5133 Deus
2892 5077 3072 5150 possit
3113 5076 3354 5144 efficere,
3422 5096 3425 5105 ·

3262 5160 3355 5217 vel
