<?xml version="1.0" encoding="UTF-8"?>
<!DOCTYPE html PUBLIC "-//W3C//DTD XHTML 1.0 Transitional//EN"
    "http://www.w3.org/TR/xhtml1/DTD/xhtml1-transitional.dtd">
<html xmlns="http://www.w3.org/1999/xhtml" xml:lang="en" lang="en">
 <head>
  <title>
</title>
<meta http-equiv="Content-Type" content="text/html;charset=utf-8" />
  <meta name='ocr-system' content='tesseract 3.04.00' />
  <meta name='ocr-capabilities' content='ocr_page ocr_carea ocr_par ocr_line ocrx_word'/>
</head>
<body>
  <div class='ocr_page' id='page_1' title='image "./collegiisalmant00carmgoog_0148.png"; bbox 0 0 3647 5753; ppageno 0'>
   <div class='ocr_carea' id='block_1_1' title="bbox 444 415 2246 473">
    <p class='ocr_par' dir='ltr' id='par_1_1' title="bbox 444 415 2246 473">
     <span class='ocr_line' id='line_1_1' title="bbox 444 415 2246 473; baseline 0.002 -4"><span class='ocrx_word' id='word_1_1' title='bbox 444 415 546 469; x_wconf 68' lang='lat'>126</span> <span class='ocrx_word' id='word_1_2' title='bbox 1461 418 1553 471; x_wconf 85' lang='lat' dir='ltr'>DE</span> <span class='ocrx_word' id='word_1_3' title='bbox 1592 417 1864 472; x_wconf 86' lang='lat' dir='ltr'>GRATIA</span> <span class='ocrx_word' id='word_1_4' title='bbox 1904 418 2246 473; x_wconf 86' lang='lat' dir='ltr'>EFFICACI.</span> 
     </span>
    </p>
   </div>
   <div class='ocr_carea' id='block_1_2' title="bbox 250 582 1809 2352">
    <p class='ocr_par' dir='ltr' id='par_1_2' title="bbox 450 582 1801 662">
     <span class='ocr_line' id='line_1_2' title="bbox 450 582 1801 662; baseline 0.007 -29"><span class='ocrx_word' id='word_1_5' title='bbox 450 606 476 633; x_wconf 67' lang='lat' dir='ltr'>a</span> <span class='ocrx_word' id='word_1_6' title='bbox 520 582 718 640; x_wconf 84' lang='lat' dir='ltr'>scribae</span> <span class='ocrx_word' id='word_1_7' title='bbox 745 585 1014 641; x_wconf 84' lang='lat' dir='ltr'>velociter</span> <span class='ocrx_word' id='word_1_8' title='bbox 1039 585 1360 644; x_wconf 83' lang='lat' dir='ltr'><strong>scribentis,</strong></span> <span class='ocrx_word' id='word_1_9' title='bbox 1392 587 1549 652; x_wconf 90' lang='lat' dir='ltr'>Quod</span> <span class='ocrx_word' id='word_1_10' title='bbox 1576 603 1711 662; x_wconf 85' lang='lat' dir='ltr'>ergo</span> <span class='ocrx_word' id='word_1_11' title='bbox 1738 589 1801 643; x_wconf 91' lang='lat' dir='ltr'>in</span> 
     </span>
    </p>

    <p class='ocr_par' dir='ltr' id='par_1_3' title="bbox 452 664 1802 741">
     <span class='ocr_line' id='line_1_3' title="bbox 452 664 1802 741; baseline 0.007 -27"><span class='ocrx_word' id='word_1_12' title='bbox 452 687 477 714; x_wconf 73' lang='grc' dir='ltr'><strong>α</strong></span> <span class='ocrx_word' id='word_1_13' title='bbox 521 664 623 720; x_wconf 91' lang='lat' dir='ltr'>hoc</span> <span class='ocrx_word' id='word_1_14' title='bbox 663 680 790 731; x_wconf 82' lang='lat' dir='ltr'>casu</span> <span class='ocrx_word' id='word_1_15' title='bbox 835 666 1132 741; x_wconf 81' lang='lat' dir='ltr'>contingit,</span> <span class='ocrx_word' id='word_1_16' title='bbox 1177 667 1330 724; x_wconf 90' lang='lat' dir='ltr'>idem</span> <span class='ocrx_word' id='word_1_17' title='bbox 1361 668 1423 724; x_wconf 92' lang='lat' dir='ltr'>in</span> <span class='ocrx_word' id='word_1_18' title='bbox 1452 669 1582 726; x_wconf 87' lang='lat' dir='ltr'>aliis</span> <span class='ocrx_word' id='word_1_19' title='bbox 1605 669 1802 724; x_wconf 89' lang='lat' dir='ltr'>multis</span> 
     </span>
    </p>

    <p class='ocr_par' dir='ltr' id='par_1_4' title="bbox 452 743 1804 817">
     <span class='ocr_line' id='line_1_4' title="bbox 452 743 1804 817; baseline 0.007 -22"><span class='ocrx_word' id='word_1_20' title='bbox 452 765 476 795; x_wconf 70' lang='grc' dir='ltr'>(ι</span> <span class='ocrx_word' id='word_1_21' title='bbox 521 743 838 799; x_wconf 82' lang='lat' dir='ltr'>actionibus</span> <span class='ocrx_word' id='word_1_22' title='bbox 869 787 882 810; x_wconf 86' lang='lat'>,</span> <span class='ocrx_word' id='word_1_23' title='bbox 933 752 994 801; x_wconf 87' lang='lat' dir='ltr'>ut</span> <span class='ocrx_word' id='word_1_24' title='bbox 1033 748 1407 804; x_wconf 78' lang='lat' dir='ltr'>conversione</span> <span class='ocrx_word' id='word_1_25' title='bbox 1435 749 1715 817; x_wconf 88' lang='lat' dir='ltr'>Latronis,</span> <span class='ocrx_word' id='word_1_26' title='bbox 1746 754 1804 805; x_wconf 91' lang='lat' dir='ltr'>et</span> 
     </span>
    </p>

    <p class='ocr_par' dir='ltr' id='par_1_5' title="bbox 250 823 1807 1542">
     <span class='ocr_line' id='line_1_5' title="bbox 451 823 1795 890; baseline 0.007 -15"><span class='ocrx_word' id='word_1_27' title='bbox 451 848 478 874; x_wconf 69' lang='grc' dir='ltr'>α</span> <span class='ocrx_word' id='word_1_28' title='bbox 519 823 849 890; x_wconf 90' lang='lat' dir='ltr'>similibus,</span> <span class='ocrx_word' id='word_1_29' title='bbox 894 825 1240 883; x_wconf 88' lang='lat' dir='ltr'>credendum</span> <span class='ocrx_word' id='word_1_30' title='bbox 1292 834 1378 885; x_wconf 91' lang='lat' dir='ltr'>est</span> <span class='ocrx_word' id='word_1_31' title='bbox 1426 829 1721 886; x_wconf 88' lang='lat' dir='ltr'>evenisse.</span> <span class='ocrx_word' id='word_1_32' title='bbox 1769 848 1795 878; x_wconf 88' lang='lat'>»</span> 
     </span>
     <span class='ocr_line' id='line_1_6' title="bbox 251 905 1797 980; baseline 0.007 -27"><span class='ocrx_word' id='word_1_33' title='bbox 251 909 392 953; x_wconf 65' lang='lat' dir='ltr'>suurn</span> <span class='ocrx_word' id='word_1_34' title='bbox 531 905 649 959; x_wconf 88' lang='grc'><strong>188.</strong></span> <span class='ocrx_word' id='word_1_35' title='bbox 695 907 808 960; x_wconf 86' lang='lat' dir='ltr'>Nec</span> <span class='ocrx_word' id='word_1_36' title='bbox 831 906 1106 962; x_wconf 82' lang='lat' dir='ltr'>satisfacit</span> <span class='ocrx_word' id='word_1_37' title='bbox 1133 909 1425 980; x_wconf 86' lang='lat' dir='ltr'>responsio</span> <span class='ocrx_word' id='word_1_38' title='bbox 1460 909 1673 965; x_wconf 88' lang='lat' dir='ltr'>Suarii-</span> <span class='ocrx_word' id='word_1_39' title='bbox 1704 907 1797 964; x_wconf 78' lang='lat' dir='ltr'>tib.</span> 
     </span>
     <span class='ocr_line' id='line_1_7' title="bbox 250 969 1801 1059; baseline 0.005 -23"><span class='ocrx_word' id='word_1_40' title='bbox 250 969 417 1051; x_wconf 48' lang='lat'>&#39;‘539¹&#39;&#39;</span> <span class='ocrx_word' id='word_1_41' title='bbox 447 985 502 1049; x_wconf 86' lang='lat'>5,</span> <span class='ocrx_word' id='word_1_42' title='bbox 526 985 592 1038; x_wconf 85' lang='lat' dir='ltr'>de</span> <span class='ocrx_word' id='word_1_43' title='bbox 616 986 871 1050; x_wconf 74' lang='lat' dir='ltr'>auaeiliis,</span> <span class='ocrx_word' id='word_1_44' title='bbox 903 1004 1022 1059; x_wconf 86' lang='lat' dir='ltr'>cap.</span> <span class='ocrx_word' id='word_1_45' title='bbox 1063 989 1153 1054; x_wconf 80' lang='lat'>24,</span> <span class='ocrx_word' id='word_1_46' title='bbox 1185 1007 1340 1045; x_wconf 83' lang='lat' dir='ltr'>num.</span> <span class='ocrx_word' id='word_1_47' title='bbox 1370 992 1461 1057; x_wconf 65' lang='lat'>522,</span> <span class='ocrx_word' id='word_1_48' title='bbox 1494 989 1591 1046; x_wconf 84' lang='lat' dir='ltr'>ubi</span> <span class='ocrx_word' id='word_1_49' title='bbox 1622 995 1801 1046; x_wconf 86' lang='lat' dir='ltr'>totum</span> 
     </span>
     <span class='ocr_line' id='line_1_8' title="bbox 450 1066 1798 1146; baseline 0.004 -26"><span class='ocrx_word' id='word_1_50' title='bbox 450 1066 554 1121; x_wconf 90' lang='lat' dir='ltr'>hoc</span> <span class='ocrx_word' id='word_1_51' title='bbox 578 1067 865 1137; x_wconf 84' lang='lat' dir='ltr'>negotium</span> <span class='ocrx_word' id='word_1_52' title='bbox 893 1068 1109 1124; x_wconf 80' lang='lat' dir='ltr'>reducit</span> <span class='ocrx_word' id='word_1_53' title='bbox 1123 1069 1192 1126; x_wconf 95' lang='lat' dir='ltr'>ad</span> <span class='ocrx_word' id='word_1_54' title='bbox 1207 1072 1452 1143; x_wconf 83' lang='lat' dir='ltr'>gratiam</span> <span class='ocrx_word' id='word_1_55' title='bbox 1469 1086 1798 1146; x_wconf 82' lang='lat' dir='ltr'>congruam,</span> 
     </span>
     <span class='ocr_line' id='line_1_9' title="bbox 450 1145 1802 1223; baseline 0.002 -22"><span class='ocrx_word' id='word_1_56' title='bbox 450 1151 509 1201; x_wconf 93' lang='lat' dir='ltr'>et</span> <span class='ocrx_word' id='word_1_57' title='bbox 554 1145 623 1201; x_wconf 87' lang='lat' dir='ltr'>ad</span> <span class='ocrx_word' id='word_1_58' title='bbox 651 1146 1026 1205; x_wconf 86' lang='lat' dir='ltr'>directionem</span> <span class='ocrx_word' id='word_1_59' title='bbox 1067 1149 1313 1223; x_wconf 90' lang='lat' dir='ltr'>Spiritus</span> <span class='ocrx_word' id='word_1_60' title='bbox 1337 1153 1518 1207; x_wconf 88' lang='lat' dir='ltr'>sancti</span> <span class='ocrx_word' id='word_1_61' title='bbox 1547 1157 1802 1207; x_wconf 88' lang='lat' dir='ltr'>mentem</span> 
     </span>
     <span class='ocr_line' id='line_1_10' title="bbox 453 1227 1805 1303; baseline 0.005 -23"><span class='ocrx_word' id='word_1_62' title='bbox 453 1227 768 1298; x_wconf 81' lang='lat' dir='ltr'>Prophetae,</span> <span class='ocrx_word' id='word_1_63' title='bbox 801 1228 891 1285; x_wconf 79' lang='lat' dir='ltr'>vel</span> <span class='ocrx_word' id='word_1_64' title='bbox 919 1229 1223 1303; x_wconf 85' lang='lat' dir='ltr'>Scriptoris</span> <span class='ocrx_word' id='word_1_65' title='bbox 1245 1232 1491 1287; x_wconf 86' lang='lat' dir='ltr'>interius</span> <span class='ocrx_word' id='word_1_66' title='bbox 1512 1232 1805 1287; x_wconf 87' lang='lat' dir='ltr'>illustran-</span> 
     </span>
     <span class='ocr_line' id='line_1_11' title="bbox 449 1308 1807 1387; baseline 0.004 -25"><span class='ocrx_word' id='word_1_67' title='bbox 449 1308 561 1363; x_wconf 89' lang='lat' dir='ltr'>tis:</span> <span class='ocrx_word' id='word_1_68' title='bbox 595 1309 888 1381; x_wconf 88' lang='lat' dir='ltr'>quoniam,</span> <span class='ocrx_word' id='word_1_69' title='bbox 920 1311 1001 1366; x_wconf 88' lang='lat' dir='ltr'>ait</span> <span class='ocrx_word' id='word_1_70' title='bbox 1047 1311 1163 1377; x_wconf 90' lang='lat' dir='ltr'>ille,</span> <span class='ocrx_word' id='word_1_71' title='bbox 1211 1313 1391 1370; x_wconf 90' lang='lat' dir='ltr'>libere</span> <span class='ocrx_word' id='word_1_72' title='bbox 1436 1312 1712 1387; x_wconf 76' lang='lat' dir='ltr'>agebant3</span> <span class='ocrx_word' id='word_1_73' title='bbox 1751 1317 1807 1369; x_wconf 87' lang='lat' dir='ltr'>et</span> 
     </span>
     <span class='ocr_line' id='line_1_12' title="bbox 452 1386 1804 1468; baseline 0.004 -26"><span class='ocrx_word' id='word_1_74' title='bbox 452 1386 580 1444; x_wconf 88' lang='lat' dir='ltr'>ideo</span> <span class='ocrx_word' id='word_1_75' title='bbox 621 1404 737 1444; x_wconf 90' lang='lat' dir='ltr'>non</span> <span class='ocrx_word' id='word_1_76' title='bbox 777 1389 1431 1462; x_wconf 78' lang='lat' dir='ltr'>praedetermitiabantur</span> <span class='ocrx_word' id='word_1_77' title='bbox 1467 1393 1695 1468; x_wconf 84' lang='lat' dir='ltr'>physice</span> <span class='ocrx_word' id='word_1_78' title='bbox 1734 1392 1804 1448; x_wconf 91' lang='lat' dir='ltr'>ad</span> 
     </span>
     <span class='ocr_line' id='line_1_13' title="bbox 452 1468 1173 1542; baseline 0.007 -20"><span class='ocrx_word' id='word_1_79' title='bbox 452 1468 778 1541; x_wconf 91' lang='lat' dir='ltr'>hujusmodi</span> <span class='ocrx_word' id='word_1_80' title='bbox 802 1471 1173 1542; x_wconf 84' lang='lat' dir='ltr'>operationes.</span> 
     </span>
    </p>

    <p class='ocr_par' dir='ltr' id='par_1_6' title="bbox 452 1549 1809 2352">
     <span class='ocr_line' id='line_1_14' title="bbox 527 1549 1805 1625; baseline 0.004 -21"><span class='ocrx_word' id='word_1_81' title='bbox 527 1551 674 1615; x_wconf 84' lang='lat' dir='ltr'>Haec,</span> <span class='ocrx_word' id='word_1_82' title='bbox 700 1549 952 1624; x_wconf 91' lang='lat' dir='ltr'>inquam,</span> <span class='ocrx_word' id='word_1_83' title='bbox 977 1554 1271 1625; x_wconf 88' lang='lat' dir='ltr'>responsio</span> <span class='ocrx_word' id='word_1_84' title='bbox 1292 1569 1410 1611; x_wconf 91' lang='lat' dir='ltr'>non</span> <span class='ocrx_word' id='word_1_85' title='bbox 1428 1560 1665 1611; x_wconf 83' lang='lat' dir='ltr'>enervat</span> <span class='ocrx_word' id='word_1_86' title='bbox 1685 1555 1805 1611; x_wconf 81' lang='lat' dir='ltr'>vim</span> 
     </span>
     <span class='ocr_line' id='line_1_15' title="bbox 452 1630 1807 1706; baseline 0.003 -21"><span class='ocrx_word' id='word_1_87' title='bbox 452 1630 702 1701; x_wconf 88' lang='lat' dir='ltr'>exempli</span> <span class='ocrx_word' id='word_1_88' title='bbox 730 1645 902 1701; x_wconf 90' lang='lat' dir='ltr'>supra</span> <span class='ocrx_word' id='word_1_89' title='bbox 932 1632 1117 1703; x_wconf 89' lang='lat' dir='ltr'>positi.</span> <span class='ocrx_word' id='word_1_90' title='bbox 1146 1635 1292 1688; x_wconf 83' lang='lat' dir='ltr'>Tum</span> <span class='ocrx_word' id='word_1_91' title='bbox 1318 1634 1450 1705; x_wconf 89' lang='lat' dir='ltr'>quia</span> <span class='ocrx_word' id='word_1_92' title='bbox 1482 1635 1619 1705; x_wconf 90' lang='lat' dir='ltr'>petit</span> <span class='ocrx_word' id='word_1_93' title='bbox 1642 1634 1807 1706; x_wconf 91' lang='lat' dir='ltr'>prin-—</span> 
     </span>
     <span class='ocr_line' id='line_1_16' title="bbox 453 1711 1808 1787; baseline 0.002 -20"><span class='ocrx_word' id='word_1_94' title='bbox 453 1711 694 1783; x_wconf 88' lang='lat' dir='ltr'>cipium,</span> <span class='ocrx_word' id='word_1_95' title='bbox 722 1711 859 1766; x_wconf 91' lang='lat' dir='ltr'>dum</span> <span class='ocrx_word' id='word_1_96' title='bbox 904 1713 1205 1786; x_wconf 87' lang='lat' dir='ltr'>respondet</span> <span class='ocrx_word' id='word_1_97' title='bbox 1239 1714 1365 1771; x_wconf 92' lang='lat' dir='ltr'>ideo</span> <span class='ocrx_word' id='word_1_98' title='bbox 1391 1715 1722 1787; x_wconf 86' lang='lat' dir='ltr'>Scriptores,</span> <span class='ocrx_word' id='word_1_99' title='bbox 1753 1721 1808 1770; x_wconf 90' lang='lat' dir='ltr'>et</span> 
     </span>
     <span class='ocr_line' id='line_1_17' title="bbox 456 1791 1809 1868; baseline 0.004 -24"><span class='ocrx_word' id='word_1_100' title='bbox 456 1791 769 1863; x_wconf 84' lang='lat' dir='ltr'>Prophetas</span> <span class='ocrx_word' id='word_1_101' title='bbox 799 1797 914 1847; x_wconf 84' lang='lat' dir='ltr'>n&#39;on</span> <span class='ocrx_word' id='word_1_102' title='bbox 941 1794 1162 1850; x_wconf 82' lang='lat' dir='ltr'>moveri</span> <span class='ocrx_word' id='word_1_103' title='bbox 1194 1794 1441 1868; x_wconf 76' lang='lat' dir='ltr'>physice,</span> <span class='ocrx_word' id='word_1_104' title='bbox 1466 1795 1601 1867; x_wconf 92' lang='lat' dir='ltr'>quia</span> <span class='ocrx_word' id='word_1_105' title='bbox 1627 1793 1809 1851; x_wconf 89' lang='lat' dir='ltr'>libere</span> 
     </span>
     <span class='ocr_line' id='line_1_18' title="bbox 455 1870 1807 1947; baseline 0.003 -22"><span class='ocrx_word' id='word_1_106' title='bbox 455 1870 726 1944; x_wconf 82' lang='lat' dir='ltr'>agebant;</span> <span class='ocrx_word' id='word_1_107' title='bbox 751 1887 881 1926; x_wconf 90' lang='lat' dir='ltr'>cum</span> <span class='ocrx_word' id='word_1_108' title='bbox 904 1877 1097 1929; x_wconf 90' lang='lat' dir='ltr'>tamen</span> <span class='ocrx_word' id='word_1_109' title='bbox 1131 1876 1460 1947; x_wconf 87' lang='lat' dir='ltr'>exemplum</span> <span class='ocrx_word' id='word_1_110' title='bbox 1490 1873 1559 1930; x_wconf 87' lang='lat' dir='ltr'>ad</span> <span class='ocrx_word' id='word_1_111' title='bbox 1589 1876 1691 1931; x_wconf 91' lang='lat' dir='ltr'>hoc</span> <span class='ocrx_word' id='word_1_112' title='bbox 1711 1875 1807 1929; x_wconf 87' lang='lat' dir='ltr'>in-</span> 
     </span>
     <span class='ocr_line' id='line_1_19' title="bbox 454 1950 1807 2029; baseline 0.004 -23"><span class='ocrx_word' id='word_1_113' title='bbox 454 1950 711 2016; x_wconf 84' lang='lat' dir='ltr'>ducatur,</span> <span class='ocrx_word' id='word_1_114' title='bbox 734 1958 795 2006; x_wconf 91' lang='lat' dir='ltr'>ut</span> <span class='ocrx_word' id='word_1_115' title='bbox 816 1952 1087 2024; x_wconf 88' lang='lat' dir='ltr'>probetur</span> <span class='ocrx_word' id='word_1_116' title='bbox 1107 1956 1420 2014; x_wconf 87' lang='lat' dir='ltr'>motionem</span> <span class='ocrx_word' id='word_1_117' title='bbox 1447 1955 1676 2029; x_wconf 84' lang='lat' dir='ltr'>physice</span> <span class='ocrx_word' id='word_1_118' title='bbox 1696 1956 1807 2013; x_wconf 80' lang='lat' dir='ltr'>essi-</span> 
     </span>
     <span class='ocr_line' id='line_1_20' title="bbox 454 2036 1801 2111; baseline 0.003 -22"><span class='ocrx_word' id='word_1_119' title='bbox 454 2049 639 2090; x_wconf 89' lang='lat' dir='ltr'>cacem</span> <span class='ocrx_word' id='word_1_120' title='bbox 669 2051 784 2091; x_wconf 90' lang='lat' dir='ltr'>non</span> <span class='ocrx_word' id='word_1_121' title='bbox 806 2036 1006 2092; x_wconf 79' lang='lat' dir='ltr'>t‘ollere</span> <span class='ocrx_word' id='word_1_122' title='bbox 1035 2037 1345 2107; x_wconf 89' lang='lat' dir='ltr'>potentiam</span> <span class='ocrx_word' id='word_1_123' title='bbox 1370 2036 1439 2093; x_wconf 89' lang='lat' dir='ltr'>ad</span> <span class='ocrx_word' id='word_1_124' title='bbox 1461 2039 1801 2111; x_wconf 90' lang='lat' dir='ltr'>oppositum,</span> 
     </span>
     <span class='ocr_line' id='line_1_21' title="bbox 455 2113 1808 2190; baseline 0.004 -23"><span class='ocrx_word' id='word_1_125' title='bbox 455 2128 518 2168; x_wconf 89' lang='lat' dir='ltr'>ac</span> <span class='ocrx_word' id='word_1_126' title='bbox 545 2113 784 2184; x_wconf 89' lang='lat' dir='ltr'>proinde</span> <span class='ocrx_word' id='word_1_127' title='bbox 807 2130 909 2170; x_wconf 88' lang='lat' dir='ltr'>nec</span> <span class='ocrx_word' id='word_1_128' title='bbox 930 2114 1272 2172; x_wconf 88' lang='lat' dir='ltr'>libertatem.</span> <span class='ocrx_word' id='word_1_129' title='bbox 1294 2119 1439 2173; x_wconf 79' lang='lat' dir='ltr'>&#39;l&#39;um</span> <span class='ocrx_word' id='word_1_130' title='bbox 1461 2119 1655 2182; x_wconf 90' lang='lat' dir='ltr'>etiam,</span> <span class='ocrx_word' id='word_1_131' title='bbox 1673 2118 1808 2190; x_wconf 89' lang='lat' dir='ltr'>quia</span> 
     </span>
     <span class='ocr_line' id='line_1_22' title="bbox 452 2194 1807 2271; baseline 0.003 -22"><span class='ocrx_word' id='word_1_132' title='bbox 452 2194 624 2251; x_wconf 90' lang='lat' dir='ltr'>modo</span> <span class='ocrx_word' id='word_1_133' title='bbox 671 2211 786 2252; x_wconf 90' lang='lat' dir='ltr'>non</span> <span class='ocrx_word' id='word_1_134' title='bbox 835 2197 1075 2253; x_wconf 88' lang='lat' dir='ltr'>facimus</span> <span class='ocrx_word' id='word_1_135' title='bbox 1103 2198 1223 2252; x_wconf 81' lang='lat' dir='ltr'>vim</span> <span class='ocrx_word' id='word_1_136' title='bbox 1253 2199 1315 2253; x_wconf 92' lang='lat' dir='ltr'>in</span> <span class='ocrx_word' id='word_1_137' title='bbox 1341 2214 1425 2264; x_wconf 92' lang='lat' dir='ltr'>eo,</span> <span class='ocrx_word' id='word_1_138' title='bbox 1456 2198 1605 2271; x_wconf 89' lang='lat' dir='ltr'>quod</span> <span class='ocrx_word' id='word_1_139' title='bbox 1639 2199 1807 2254; x_wconf 85' lang='lat' dir='ltr'>auxi-</span> 
     </span>
     <span class='ocr_line' id='line_1_23' title="bbox 456 2276 1807 2352; baseline 0.004 -23"><span class='ocrx_word' id='word_1_140' title='bbox 456 2276 602 2330; x_wconf 90' lang='lat' dir='ltr'>lium</span> <span class='ocrx_word' id='word_1_141' title='bbox 630 2276 820 2333; x_wconf 82' lang='lat' dir='ltr'>efficax</span> <span class='ocrx_word' id='word_1_142' title='bbox 850 2284 1076 2335; x_wconf 76' lang='lat' dir='ltr'>moveat</span> <span class='ocrx_word' id='word_1_143' title='bbox 1107 2279 1357 2352; x_wconf 81' lang='lat' dir='ltr'>physice,</span> <span class='ocrx_word' id='word_1_144' title='bbox 1392 2280 1479 2335; x_wconf 79' lang='lat' dir='ltr'>vel</span> <span class='ocrx_word' id='word_1_145' title='bbox 1511 2280 1807 2335; x_wconf 87' lang='lat' dir='ltr'>moraliter</span> 
     </span>
    </p>
   </div>
   <div class='ocr_carea' id='block_1_3' title="bbox 259 1550 412 1642">
    <p class='ocr_par' dir='ltr' id='par_1_7' title="bbox 259 1550 412 1642">
     <span class='ocr_line' id='line_1_24' title="bbox 259 1550 412 1592; baseline 0.013 -2"><span class='ocrx_word' id='word_1_146' title='bbox 259 1550 412 1592; x_wconf 64' lang='lat' dir='ltr'>tiverti-</span> 
     </span>
     <span class='ocr_line' id='line_1_25' title="bbox 288 1605 364 1642; baseline 0 -1"><span class='ocrx_word' id='word_1_147' title='bbox 288 1605 364 1642; x_wconf 76' lang='lat' dir='ltr'>lut.</span> 
     </span>
    </p>
   </div>
   <div class='ocr_carea' id='block_1_4' title="bbox 451 2350 1863 2435">
    <p class='ocr_par' dir='ltr' id='par_1_8' title="bbox 451 2350 1863 2435">
     <span class='ocr_line' id='line_1_26' title="bbox 451 2350 1863 2435; baseline 0.002 -24"><span class='ocrx_word' id='word_1_148' title='bbox 451 2355 542 2424; x_wconf 92' lang='lat' dir='ltr'>(de</span> <span class='ocrx_word' id='word_1_149' title='bbox 565 2356 667 2413; x_wconf 71' lang='lat' dir='ltr'>hoc</span> <span class='ocrx_word' id='word_1_150' title='bbox 688 2359 845 2414; x_wconf 89' lang='lat' dir='ltr'>enim</span> <span class='ocrx_word' id='word_1_151' title='bbox 869 2375 1099 2433; x_wconf 82' lang='lat' dir='ltr'>agemus</span> <span class='ocrx_word' id='word_1_152' title='bbox 1119 2359 1247 2414; x_wconf 84' lang='lat' dir='ltr'>dub.</span> <span class='ocrx_word' id='word_1_153' title='bbox 1270 2361 1403 2435; x_wconf 79' lang='lat' dir='ltr'>seq.)</span> <span class='ocrx_word' id='word_1_154' title='bbox 1423 2357 1520 2414; x_wconf 90' lang='lat' dir='ltr'>sed</span> <span class='ocrx_word' id='word_1_155' title='bbox 1540 2360 1726 2414; x_wconf 90' lang='lat' dir='ltr'>solum</span> <span class='ocrx_word' id='word_1_156' title='bbox 1745 2359 1807 2414; x_wconf 93' lang='lat' dir='ltr'>in</span> <span class='ocrx_word' id='word_1_157' title='bbox 1858 2350 1863 2354; x_wconf 66' lang='grc'><strong><em>’</em></strong></span> 
     </span>
    </p>
   </div>
   <div class='ocr_carea' id='block_1_5' title="bbox 247 2437 1827 5081">
    <p class='ocr_par' dir='ltr' id='par_1_9' title="bbox 247 2437 1827 5081">
     <span class='ocr_line' id='line_1_27' title="bbox 417 2437 1805 2511; baseline 0.001 -20"><span class='ocrx_word' id='word_1_158' title='bbox 417 2477 420 2478; x_wconf 23' lang='lat'><em>⁷</em></span> <span class='ocrx_word' id='word_1_159' title='bbox 454 2452 539 2500; x_wconf 90' lang='lat' dir='ltr'>e0,</span> <span class='ocrx_word' id='word_1_160' title='bbox 588 2437 738 2508; x_wconf 89' lang='lat' dir='ltr'>quod</span> <span class='ocrx_word' id='word_1_161' title='bbox 786 2453 887 2494; x_wconf 92' lang='lat' dir='ltr'>nec</span> <span class='ocrx_word' id='word_1_162' title='bbox 934 2438 1224 2511; x_wconf 87' lang='lat' dir='ltr'>impediri,</span> <span class='ocrx_word' id='word_1_163' title='bbox 1260 2455 1360 2494; x_wconf 89' lang='lat' dir='ltr'>nec</span> <span class='ocrx_word' id='word_1_164' title='bbox 1386 2439 1651 2510; x_wconf 88' lang='lat' dir='ltr'>componi</span> <span class='ocrx_word' id='word_1_165' title='bbox 1677 2455 1805 2494; x_wconf 90' lang='lat' dir='ltr'>cum</span> 
     </span>
     <span class='ocr_line' id='line_1_28' title="bbox 456 2513 1808 2591; baseline 0.003 -22"><span class='ocrx_word' id='word_1_166' title='bbox 456 2513 714 2572; x_wconf 89' lang='lat' dir='ltr'>dissensu</span> <span class='ocrx_word' id='word_1_167' title='bbox 747 2519 958 2584; x_wconf 78' lang='lat' dir='ltr'>t·aleat;</span> <span class='ocrx_word' id='word_1_168' title='bbox 987 2524 1042 2575; x_wconf 92' lang='lat' dir='ltr'>et</span> <span class='ocrx_word' id='word_1_169' title='bbox 1089 2519 1474 2574; x_wconf 88' lang='lat' dir='ltr'>nihilominus</span> <span class='ocrx_word' id='word_1_170' title='bbox 1521 2518 1808 2591; x_wconf 89' lang='lat' dir='ltr'>relinquat</span> 
     </span>
     <span class='ocr_line' id='line_1_29' title="bbox 456 2596 1809 2669; baseline 0.001 -18"><span class='ocrx_word' id='word_1_171' title='bbox 456 2601 784 2666; x_wconf 85' lang='lat' dir='ltr'>potestatem</span> <span class='ocrx_word' id='word_1_172' title='bbox 809 2596 878 2652; x_wconf 90' lang='lat' dir='ltr'>ad</span> <span class='ocrx_word' id='word_1_173' title='bbox 905 2599 1243 2669; x_wconf 84' lang='lat' dir='ltr'>oppositum.</span> <span class='ocrx_word' id='word_1_174' title='bbox 1279 2600 1394 2654; x_wconf 89' lang='lat' dir='ltr'>Hoc</span> <span class='ocrx_word' id='word_1_175' title='bbox 1432 2604 1622 2653; x_wconf 89' lang='lat' dir='ltr'>autem</span> <span class='ocrx_word' id='word_1_176' title='bbox 1649 2598 1809 2653; x_wconf 83' lang='lat' dir='ltr'>susti-</span> 
     </span>
     <span class='ocr_line' id='line_1_30' title="bbox 453 2674 1808 2749; baseline 0.002 -21"><span class='ocrx_word' id='word_1_177' title='bbox 453 2674 669 2730; x_wconf 88' lang='lat' dir='ltr'>cienter</span> <span class='ocrx_word' id='word_1_178' title='bbox 689 2690 755 2731; x_wconf 83' lang='lat' dir='ltr'>ex</span> <span class='ocrx_word' id='word_1_179' title='bbox 765 2676 1005 2747; x_wconf 86' lang='lat' dir='ltr'>plicatur</span> <span class='ocrx_word' id='word_1_180' title='bbox 1031 2678 1295 2749; x_wconf 87' lang='lat' dir='ltr'>exemplo</span> <span class='ocrx_word' id='word_1_181' title='bbox 1315 2677 1653 2733; x_wconf 67' lang='lat' dir='ltr'>assistentiae</span> <span class='ocrx_word' id='word_1_182' title='bbox 1675 2677 1808 2748; x_wconf 90' lang='lat' dir='ltr'>Spi-</span> 
     </span>
     <span class='ocr_line' id='line_1_31' title="bbox 456 2754 1809 2828; baseline 0.003 -20"><span class='ocrx_word' id='word_1_183' title='bbox 456 2754 597 2809; x_wconf 90' lang='lat' dir='ltr'>ritus</span> <span class='ocrx_word' id='word_1_184' title='bbox 618 2756 797 2810; x_wconf 89' lang='lat' dir='ltr'>sancti</span> <span class='ocrx_word' id='word_1_185' title='bbox 828 2756 957 2812; x_wconf 82' lang='lat' dir='ltr'>cu&#39;m</span> <span class='ocrx_word' id='word_1_186' title='bbox 988 2756 1279 2823; x_wconf 84' lang='lat' dir='ltr'>Pontifice,</span> <span class='ocrx_word' id='word_1_187' title='bbox 1312 2763 1368 2813; x_wconf 90' lang='lat' dir='ltr'>et</span> <span class='ocrx_word' id='word_1_188' title='bbox 1396 2758 1680 2828; x_wconf 90' lang='lat' dir='ltr'>Scriptore</span> <span class='ocrx_word' id='word_1_189' title='bbox 1701 2759 1809 2812; x_wconf 79' lang='lat' dir='ltr'>Ca·-</span> 
     </span>
     <span class='ocr_line' id='line_1_32' title="bbox 457 2835 1808 2901; baseline 0 -10"><span class='ocrx_word' id='word_1_190' title='bbox 457 2836 678 2901; x_wconf 89' lang='lat' dir='ltr'>nonic0,</span> <span class='ocrx_word' id='word_1_191' title='bbox 730 2852 847 2893; x_wconf 91' lang='lat' dir='ltr'>non</span> <span class='ocrx_word' id='word_1_192' title='bbox 891 2839 1079 2895; x_wconf 91' lang='lat' dir='ltr'>solum</span> <span class='ocrx_word' id='word_1_193' title='bbox 1111 2854 1182 2896; x_wconf 91' lang='lat' dir='ltr'>ne</span> <span class='ocrx_word' id='word_1_194' title='bbox 1209 2845 1404 2896; x_wconf 85' lang='lat' dir='ltr'>errent</span> <span class='ocrx_word' id='word_1_195' title='bbox 1430 2835 1669 2895; x_wconf 91' lang='lat' dir='ltr'>dicendo</span> <span class='ocrx_word' id='word_1_196' title='bbox 1696 2837 1808 2894; x_wconf 90' lang='lat' dir='ltr'>fal-</span> 
     </span>
     <span class='ocr_line' id='line_1_33' title="bbox 452 2917 1803 2993; baseline 0.003 -21"><span class='ocrx_word' id='word_1_197' title='bbox 452 2934 601 2982; x_wconf 89' lang='lat' dir='ltr'>sum,</span> <span class='ocrx_word' id='word_1_198' title='bbox 621 2917 718 2974; x_wconf 91' lang='lat' dir='ltr'>sed</span> <span class='ocrx_word' id='word_1_199' title='bbox 737 2935 808 2975; x_wconf 93' lang='lat' dir='ltr'>ne</span> <span class='ocrx_word' id='word_1_200' title='bbox 824 2920 1091 2977; x_wconf 90' lang='lat' dir='ltr'>omittant</span> <span class='ocrx_word' id='word_1_201' title='bbox 1112 2920 1302 2978; x_wconf 89' lang='lat' dir='ltr'>dicere</span> <span class='ocrx_word' id='word_1_202' title='bbox 1319 2937 1543 2986; x_wconf 82' lang='lat' dir='ltr'>verum,</span> <span class='ocrx_word' id='word_1_203' title='bbox 1558 2919 1803 2993; x_wconf 89' lang='lat' dir='ltr'>quando,</span> 
     </span>
     <span class='ocr_line' id='line_1_34' title="bbox 451 2997 1808 3071; baseline 0 -17"><span class='ocrx_word' id='word_1_204' title='bbox 451 3004 508 3054; x_wconf 88' lang='lat' dir='ltr'>et</span> <span class='ocrx_word' id='word_1_205' title='bbox 560 2997 655 3053; x_wconf 89' lang='lat' dir='ltr'>ubi</span> <span class='ocrx_word' id='word_1_206' title='bbox 709 3005 931 3071; x_wconf 87' lang='lat' dir='ltr'>oportet</span> <span class='ocrx_word' id='word_1_207' title='bbox 969 3000 1038 3056; x_wconf 92' lang='lat' dir='ltr'>ad</span> <span class='ocrx_word' id='word_1_208' title='bbox 1077 3017 1445 3059; x_wconf 90' lang='lat' dir='ltr'>communem</span> <span class='ocrx_word' id='word_1_209' title='bbox 1500 3001 1808 3056; x_wconf 74' lang='lat' dir='ltr'>utilitatem</span> 
     </span>
     <span class='ocr_line' id='line_1_35' title="bbox 457 3079 1811 3154; baseline 0.003 -21"><span class='ocrx_word' id='word_1_210' title='bbox 457 3079 1085 3154; x_wconf 83' lang='lat' dir='ltr'>Ecclesiae.Hujusmodi</span> <span class='ocrx_word' id='word_1_211' title='bbox 1108 3088 1296 3139; x_wconf 90' lang='lat' dir='ltr'>autem</span> <span class='ocrx_word' id='word_1_212' title='bbox 1326 3083 1663 3149; x_wconf 87' lang='lat' dir='ltr'>assistentia,</span> <span class='ocrx_word' id='word_1_213' title='bbox 1679 3097 1811 3153; x_wconf 88' lang='lat' dir='ltr'>quo·</span> 
     </span>
     <span class='ocr_line' id='line_1_36' title="bbox 454 3158 1812 3233; baseline 0.001 -20"><span class='ocrx_word' id='word_1_214' title='bbox 454 3175 564 3231; x_wconf 93' lang='lat' dir='ltr'>quo</span> <span class='ocrx_word' id='word_1_215' title='bbox 595 3158 763 3216; x_wconf 91' lang='lat' dir='ltr'>modo</span> <span class='ocrx_word' id='word_1_216' title='bbox 797 3161 1127 3233; x_wconf 82' lang='lat' dir='ltr'>explicetur,</span> <span class='ocrx_word' id='word_1_217' title='bbox 1161 3168 1335 3230; x_wconf 89' lang='lat' dir='ltr'>tanta,</span> <span class='ocrx_word' id='word_1_218' title='bbox 1363 3179 1424 3219; x_wconf 89' lang='lat' dir='ltr'>ac</span> <span class='ocrx_word' id='word_1_219' title='bbox 1451 3164 1584 3218; x_wconf 88' lang='lat' dir='ltr'>talis</span> <span class='ocrx_word' id='word_1_220' title='bbox 1616 3167 1718 3228; x_wconf 87' lang='lat' dir='ltr'>est,</span> <span class='ocrx_word' id='word_1_221' title='bbox 1750 3166 1812 3216; x_wconf 92' lang='lat' dir='ltr'>ut</span> 
     </span>
     <span class='ocr_line' id='line_1_37' title="bbox 457 3243 1812 3316; baseline 0.001 -21"><span class='ocrx_word' id='word_1_222' title='bbox 457 3255 640 3312; x_wconf 89' lang='lat' dir='ltr'>neque</span> <span class='ocrx_word' id='word_1_223' title='bbox 683 3243 953 3315; x_wconf 86' lang='lat' dir='ltr'>impediri</span> <span class='ocrx_word' id='word_1_224' title='bbox 1002 3245 1193 3316; x_wconf 89' lang='lat' dir='ltr'>possit,</span> <span class='ocrx_word' id='word_1_225' title='bbox 1244 3260 1348 3301; x_wconf 91' lang='lat' dir='ltr'>nec</span> <span class='ocrx_word' id='word_1_226' title='bbox 1389 3261 1519 3301; x_wconf 90' lang='lat' dir='ltr'>curn</span> <span class='ocrx_word' id='word_1_227' title='bbox 1560 3243 1812 3301; x_wconf 86' lang='lat' dir='ltr'>carentia</span> 
     </span>
     <span class='ocr_line' id='line_1_38' title="bbox 459 3318 1811 3398; baseline 0.003 -24"><span class='ocrx_word' id='word_1_228' title='bbox 459 3318 857 3391; x_wconf 76' lang='lat' dir='ltr'>praedictarum</span> <span class='ocrx_word' id='word_1_229' title='bbox 906 3322 1193 3379; x_wconf 88' lang='lat' dir='ltr'>actionum</span> <span class='ocrx_word' id='word_1_230' title='bbox 1235 3324 1518 3396; x_wconf 89' lang='lat' dir='ltr'>componi,</span> <span class='ocrx_word' id='word_1_231' title='bbox 1547 3325 1708 3398; x_wconf 88' lang='lat' dir='ltr'>juxta</span> <span class='ocrx_word' id='word_1_232' title='bbox 1735 3323 1811 3378; x_wconf 91' lang='lat' dir='ltr'>il-</span> 
     </span>
     <span class='ocr_line' id='line_1_39' title="bbox 274 3398 1813 3477; baseline 0.003 -23"><span class='ocrx_word' id='word_1_233' title='bbox 274 3426 418 3468; x_wconf 62' lang='lat' dir='ltr'>mffl„</span> <span class='ocrx_word' id='word_1_234' title='bbox 461 3398 559 3455; x_wconf 93' lang='lat' dir='ltr'>lud</span> <span class='ocrx_word' id='word_1_235' title='bbox 589 3401 801 3457; x_wconf 85' lang='lat' dir='ltr'>Christi</span> <span class='ocrx_word' id='word_1_236' title='bbox 832 3403 1064 3459; x_wconf 83' lang='lat' dir='ltr'>Domini</span> <span class='ocrx_word' id='word_1_237' title='bbox 1093 3405 1296 3460; x_wconf 87' lang='lat' dir='ltr'>Matth.</span> <span class='ocrx_word' id='word_1_238' title='bbox 1335 3406 1419 3461; x_wconf 80' lang='lat'>16:</span> <span class='ocrx_word' id='word_1_239' title='bbox 1444 3404 1620 3461; x_wconf 69' lang='lat' dir='ltr'>Porta·</span> <span class='ocrx_word' id='word_1_240' title='bbox 1645 3405 1813 3477; x_wconf 78' lang='lat' dir='ltr'>inseri</span> 
     </span>
     <span class='ocr_line' id='line_1_40' title="bbox 247 3479 1810 3569; baseline 0.002 -31"><span class='ocrx_word' id='word_1_241' title='bbox 247 3479 569 3569; x_wconf 49' lang='lat' dir='ltr'>Luggaaswn</span> <span class='ocrx_word' id='word_1_242' title='bbox 584 3484 951 3557; x_wconf 65' lang='lat' dir='ltr'>prevalebunt</span> <span class='ocrx_word' id='word_1_243' title='bbox 971 3486 1234 3541; x_wconf 76' lang='lat' dir='ltr'>adversus</span> <span class='ocrx_word' id='word_1_244' title='bbox 1252 3503 1374 3541; x_wconf 86' lang='lat' dir='ltr'>eam</span> <span class='ocrx_word' id='word_1_245' title='bbox 1400 3505 1418 3540; x_wconf 91' lang='grc'>.·</span> <span class='ocrx_word' id='word_1_246' title='bbox 1443 3493 1497 3544; x_wconf 87' lang='lat' dir='ltr'>et</span> <span class='ocrx_word' id='word_1_247' title='bbox 1526 3489 1688 3543; x_wconf 80' lang='lat' dir='ltr'>Lucae</span> <span class='ocrx_word' id='word_1_248' title='bbox 1715 3488 1810 3541; x_wconf 75' lang='lat'>22:</span> 
     </span>
     <span class='ocr_line' id='line_1_41' title="bbox 460 3563 1810 3639; baseline 0.002 -19"><span class='ocrx_word' id='word_1_249' title='bbox 460 3563 581 3635; x_wconf 66' lang='lat'>1590</span> <span class='ocrx_word' id='word_1_250' title='bbox 600 3582 704 3637; x_wconf 81' lang='lat' dir='ltr'>pro</span> <span class='ocrx_word' id='word_1_251' title='bbox 732 3571 780 3619; x_wconf 81' lang='lat' dir='ltr'>te</span> <span class='ocrx_word' id='word_1_252' title='bbox 817 3570 1028 3636; x_wconf 70' lang='lat' dir='ltr'>royavi,</span> <span class='ocrx_word' id='word_1_253' title='bbox 1060 3574 1119 3622; x_wconf 77' lang='lat' dir='ltr'>ut</span> <span class='ocrx_word' id='word_1_254' title='bbox 1154 3584 1261 3622; x_wconf 80' lang='lat' dir='ltr'>non</span> <span class='ocrx_word' id='word_1_255' title='bbox 1295 3568 1510 3639; x_wconf 75' lang='lat' dir='ltr'>deficiat</span> <span class='ocrx_word' id='word_1_256' title='bbox 1533 3569 1664 3639; x_wconf 77' lang='lat' dir='ltr'>sides</span> <span class='ocrx_word' id='word_1_257' title='bbox 1691 3574 1810 3623; x_wconf 82' lang='lat' dir='ltr'>tua.</span> 
     </span>
     <span class='ocr_line' id='line_1_42' title="bbox 461 3645 1811 3719; baseline 0.003 -20"><span class='ocrx_word' id='word_1_258' title='bbox 461 3648 691 3702; x_wconf 87' lang='lat' dir='ltr'>Constat</span> <span class='ocrx_word' id='word_1_259' title='bbox 716 3645 875 3701; x_wconf 89' lang='lat' dir='ltr'>enim</span> <span class='ocrx_word' id='word_1_260' title='bbox 908 3661 1021 3702; x_wconf 90' lang='lat' dir='ltr'>non</span> <span class='ocrx_word' id='word_1_261' title='bbox 1050 3647 1246 3701; x_wconf 89' lang='lat' dir='ltr'>minus</span> <span class='ocrx_word' id='word_1_262' title='bbox 1269 3647 1584 3719; x_wconf 86' lang='lat' dir='ltr'>periclitari</span> <span class='ocrx_word' id='word_1_263' title='bbox 1614 3645 1811 3703; x_wconf 81' lang='lat' dir='ltr'>Fidem</span> 
     </span>
     <span class='ocr_line' id='line_1_43' title="bbox 457 3725 1813 3800; baseline 0.003 -20"><span class='ocrx_word' id='word_1_264' title='bbox 457 3726 505 3781; x_wconf 90' lang='lat' dir='ltr'>si</span> <span class='ocrx_word' id='word_1_265' title='bbox 536 3725 802 3782; x_wconf 84' lang='lat' dir='ltr'>Pontifex</span> <span class='ocrx_word' id='word_1_266' title='bbox 828 3727 1054 3782; x_wconf 90' lang='lat' dir='ltr'>omittat</span> <span class='ocrx_word' id='word_1_267' title='bbox 1079 3726 1330 3784; x_wconf 84' lang='lat' dir='ltr'>diffinire</span> <span class='ocrx_word' id='word_1_268' title='bbox 1356 3743 1559 3785; x_wconf 86' lang='lat' dir='ltr'>verum</span> <span class='ocrx_word' id='word_1_269' title='bbox 1586 3727 1813 3800; x_wconf 88' lang='lat' dir='ltr'>quando</span> 
     </span>
     <span class='ocr_line' id='line_1_44' title="bbox 456 3808 1815 3882; baseline -0.001 -17"><span class='ocrx_word' id='word_1_270' title='bbox 456 3824 598 3880; x_wconf 88' lang='lat' dir='ltr'>opus</span> <span class='ocrx_word' id='word_1_271' title='bbox 635 3813 736 3873; x_wconf 88' lang='lat' dir='ltr'>est,</span> <span class='ocrx_word' id='word_1_272' title='bbox 780 3824 951 3880; x_wconf 88' lang='lat' dir='ltr'>quam</span> <span class='ocrx_word' id='word_1_273' title='bbox 992 3809 1040 3864; x_wconf 90' lang='lat' dir='ltr'>si</span> <span class='ocrx_word' id='word_1_274' title='bbox 1081 3808 1385 3882; x_wconf 86' lang='lat' dir='ltr'>approbet,</span> <span class='ocrx_word' id='word_1_275' title='bbox 1429 3815 1485 3866; x_wconf 90' lang='lat' dir='ltr'>et</span> <span class='ocrx_word' id='word_1_276' title='bbox 1537 3814 1815 3882; x_wconf 88' lang='lat' dir='ltr'>proponat</span> 
     </span>
     <span class='ocr_line' id='line_1_45' title="bbox 460 3888 1815 3961; baseline 0.001 -19"><span class='ocrx_word' id='word_1_277' title='bbox 460 3889 621 3944; x_wconf 85' lang='lat' dir='ltr'>falsa.</span> <span class='ocrx_word' id='word_1_278' title='bbox 643 3888 713 3940; x_wconf 89' lang='lat' dir='ltr'>Et</span> <span class='ocrx_word' id='word_1_279' title='bbox 742 3888 1122 3944; x_wconf 89' lang='lat' dir='ltr'>nihilominus</span> <span class='ocrx_word' id='word_1_280' title='bbox 1139 3905 1254 3946; x_wconf 92' lang='lat' dir='ltr'>non</span> <span class='ocrx_word' id='word_1_281' title='bbox 1277 3889 1535 3947; x_wconf 90' lang='lat' dir='ltr'>obstante</span> <span class='ocrx_word' id='word_1_282' title='bbox 1550 3888 1815 3961; x_wconf 66' lang='lat' dir='ltr'>praedicta</span> 
     </span>
     <span class='ocr_line' id='line_1_46' title="bbox 460 3969 1816 4043; baseline -0.001 -18"><span class='ocrx_word' id='word_1_283' title='bbox 460 3969 801 4033; x_wconf 85' lang='lat' dir='ltr'>assistentia,</span> <span class='ocrx_word' id='word_1_284' title='bbox 848 3976 1085 4043; x_wconf 87' lang='lat' dir='ltr'>possunt</span> <span class='ocrx_word' id='word_1_285' title='bbox 1127 3971 1420 4038; x_wconf 79' lang='lat' dir='ltr'>Pontifex,</span> <span class='ocrx_word' id='word_1_286' title='bbox 1463 3977 1519 4027; x_wconf 89' lang='lat' dir='ltr'>et</span> <span class='ocrx_word' id='word_1_287' title='bbox 1563 3969 1816 4042; x_wconf 90' lang='lat' dir='ltr'>Scriptor</span> 
     </span>
     <span class='ocr_line' id='line_1_47' title="bbox 460 4047 1816 4114; baseline -0.002 -8"><span class='ocrx_word' id='word_1_288' title='bbox 460 4066 618 4107; x_wconf 84' lang='lat' dir='ltr'>sacer</span> <span class='ocrx_word' id='word_1_289' title='bbox 645 4051 910 4108; x_wconf 88' lang='lat' dir='ltr'>omittere</span> <span class='ocrx_word' id='word_1_290' title='bbox 950 4049 1197 4105; x_wconf 89' lang='lat' dir='ltr'>actiones</span> <span class='ocrx_word' id='word_1_291' title='bbox 1226 4050 1357 4104; x_wconf 90' lang='lat' dir='ltr'>illas</span> <span class='ocrx_word' id='word_1_292' title='bbox 1383 4047 1689 4114; x_wconf 88' lang='lat' dir='ltr'>scribendi,</span> <span class='ocrx_word' id='word_1_293' title='bbox 1722 4049 1816 4104; x_wconf 86' lang='lat' dir='ltr'>vel</span> 
     </span>
     <span class='ocr_line' id='line_1_48' title="bbox 461 4128 1819 4203; baseline -0.003 -17"><span class='ocrx_word' id='word_1_294' title='bbox 461 4129 805 4194; x_wconf 86' lang='lat' dir='ltr'>diffiniendi,</span> <span class='ocrx_word' id='word_1_295' title='bbox 839 4134 1108 4203; x_wconf 90' lang='lat' dir='ltr'>potestate</span> <span class='ocrx_word' id='word_1_296' title='bbox 1141 4129 1337 4201; x_wconf 91' lang='lat' dir='ltr'>utique</span> <span class='ocrx_word' id='word_1_297' title='bbox 1358 4128 1731 4195; x_wconf 88' lang='lat' dir='ltr'>antecedenti,</span> <span class='ocrx_word' id='word_1_298' title='bbox 1762 4132 1819 4183; x_wconf 91' lang='lat' dir='ltr'>et</span> 
     </span>
     <span class='ocr_line' id='line_1_49' title="bbox 464 4209 1818 4283; baseline -0.003 -14"><span class='ocrx_word' id='word_1_299' title='bbox 464 4214 526 4269; x_wconf 90' lang='lat' dir='ltr'>in</span> <span class='ocrx_word' id='word_1_300' title='bbox 555 4228 722 4269; x_wconf 89' lang='lat' dir='ltr'>sensu</span> <span class='ocrx_word' id='word_1_301' title='bbox 748 4209 951 4275; x_wconf 85' lang='lat' dir='ltr'>diviso,</span> <span class='ocrx_word' id='word_1_302' title='bbox 977 4214 1100 4283; x_wconf 80' lang='lat' dir='ltr'>qu&#39;ae</span> <span class='ocrx_word' id='word_1_303' title='bbox 1129 4210 1358 4281; x_wconf 87' lang='lat' dir='ltr'>respicit</span> <span class='ocrx_word' id='word_1_304' title='bbox 1382 4210 1696 4267; x_wconf 90' lang='lat' dir='ltr'>carentiam</span> <span class='ocrx_word' id='word_1_305' title='bbox 1719 4225 1818 4267; x_wconf 87' lang='lat' dir='ltr'>ea-</span> 
     </span>
     <span class='ocr_line' id='line_1_50' title="bbox 466 4284 1819 4364; baseline -0.001 -16"><span class='ocrx_word' id='word_1_306' title='bbox 466 4284 596 4349; x_wconf 84' lang='lat' dir='ltr'>rum</span> <span class='ocrx_word' id='word_1_307' title='bbox 628 4293 913 4348; x_wconf 90' lang='lat' dir='ltr'>actionum</span> <span class='ocrx_word' id='word_1_308' title='bbox 942 4289 1254 4346; x_wconf 89' lang='lat' dir='ltr'>secundum</span> <span class='ocrx_word' id='word_1_309' title='bbox 1283 4304 1375 4357; x_wconf 90' lang='lat' dir='ltr'>se;</span> <span class='ocrx_word' id='word_1_310' title='bbox 1405 4305 1522 4346; x_wconf 91' lang='lat' dir='ltr'>non</span> <span class='ocrx_word' id='word_1_311' title='bbox 1551 4306 1688 4347; x_wconf 85' lang='lat' dir='ltr'>vero</span> <span class='ocrx_word' id='word_1_312' title='bbox 1716 4306 1819 4364; x_wconf 91' lang='lat' dir='ltr'>po-</span> 
     </span>
     <span class='ocr_line' id='line_1_51' title="bbox 463 4370 1818 4443; baseline -0.001 -15"><span class='ocrx_word' id='word_1_313' title='bbox 463 4378 662 4430; x_wconf 82' lang='lat' dir='ltr'>testate</span> <span class='ocrx_word' id='word_1_314' title='bbox 686 4370 1072 4443; x_wconf 87' lang='lat' dir='ltr'>consequenti,</span> <span class='ocrx_word' id='word_1_315' title='bbox 1115 4386 1239 4443; x_wconf 76' lang='lat' dir='ltr'>quae</span> <span class='ocrx_word' id='word_1_316' title='bbox 1269 4370 1531 4443; x_wconf 89' lang='lat' dir='ltr'>respiciat</span> <span class='ocrx_word' id='word_1_317' title='bbox 1569 4386 1696 4426; x_wconf 90' lang='lat' dir='ltr'>eam</span> <span class='ocrx_word' id='word_1_318' title='bbox 1722 4387 1818 4426; x_wconf 89' lang='lat' dir='ltr'>ca-</span> 
     </span>
     <span class='ocr_line' id='line_1_52' title="bbox 469 4450 1820 4523; baseline -0.001 -15"><span class='ocrx_word' id='word_1_319' title='bbox 469 4454 716 4510; x_wconf 86' lang='lat' dir='ltr'>rentiam</span> <span class='ocrx_word' id='word_1_320' title='bbox 742 4460 800 4508; x_wconf 92' lang='lat' dir='ltr'>ut</span> <span class='ocrx_word' id='word_1_321' title='bbox 836 4450 1239 4523; x_wconf 89' lang='lat' dir='ltr'>impedientem</span> <span class='ocrx_word' id='word_1_322' title='bbox 1272 4450 1486 4508; x_wconf 92' lang='lat' dir='ltr'>bonum</span> <span class='ocrx_word' id='word_1_323' title='bbox 1517 4451 1686 4507; x_wconf 89' lang='lat' dir='ltr'>totius</span> <span class='ocrx_word' id='word_1_324' title='bbox 1713 4453 1820 4507; x_wconf 89' lang='lat' dir='ltr'>Ec-</span> 
     </span>
     <span class='ocr_line' id='line_1_53' title="bbox 465 4530 1821 4604; baseline 0 -15"><span class='ocrx_word' id='word_1_325' title='bbox 465 4535 684 4600; x_wconf 79' lang='lat' dir='ltr'>clesiae,</span> <span class='ocrx_word' id='word_1_326' title='bbox 731 4542 790 4589; x_wconf 88' lang='lat' dir='ltr'>ut</span> <span class='ocrx_word' id='word_1_327' title='bbox 848 4548 1020 4604; x_wconf 87' lang='lat' dir='ltr'>supra</span> <span class='ocrx_word' id='word_1_328' title='bbox 1078 4530 1405 4588; x_wconf 86' lang='lat' dir='ltr'>dicebamus</span> <span class='ocrx_word' id='word_1_329' title='bbox 1450 4531 1520 4588; x_wconf 92' lang='lat' dir='ltr'>de</span> <span class='ocrx_word' id='word_1_330' title='bbox 1561 4531 1821 4589; x_wconf 88' lang='lat' dir='ltr'>libertate</span> 
     </span>
     <span class='ocr_line' id='line_1_54' title="bbox 467 4610 1816 4686; baseline 0 -18"><span class='ocrx_word' id='word_1_331' title='bbox 467 4615 678 4686; x_wconf 84' lang='lat' dir='ltr'>Christi</span> <span class='ocrx_word' id='word_1_332' title='bbox 707 4614 936 4670; x_wconf 90' lang='lat' dir='ltr'>Domini</span> <span class='ocrx_word' id='word_1_333' title='bbox 997 4612 1059 4667; x_wconf 90' lang='lat' dir='ltr'>in</span> <span class='ocrx_word' id='word_1_334' title='bbox 1104 4610 1472 4684; x_wconf 90' lang='lat' dir='ltr'>adimplendo</span> <span class='ocrx_word' id='word_1_335' title='bbox 1524 4617 1816 4685; x_wconf 67' lang='lat' dir='ltr'>praecepta.</span> 
     </span>
     <span class='ocr_line' id='line_1_55' title="bbox 469 4693 1823 4764; baseline 0 -16"><span class='ocrx_word' id='word_1_336' title='bbox 469 4696 622 4750; x_wconf 89' lang='lat' dir='ltr'>Sicut</span> <span class='ocrx_word' id='word_1_337' title='bbox 671 4696 831 4750; x_wconf 86' lang='lat' dir='ltr'>enim</span> <span class='ocrx_word' id='word_1_338' title='bbox 888 4694 1083 4749; x_wconf 89' lang='lat' dir='ltr'>nullus</span> <span class='ocrx_word' id='word_1_339' title='bbox 1123 4693 1296 4749; x_wconf 91' lang='lat' dir='ltr'>homo</span> <span class='ocrx_word' id='word_1_340' title='bbox 1348 4696 1526 4764; x_wconf 89' lang='lat' dir='ltr'>potest</span> <span class='ocrx_word' id='word_1_341' title='bbox 1564 4699 1823 4749; x_wconf 83' lang='lat' dir='ltr'>evertere</span> 
     </span>
     <span class='ocr_line' id='line_1_56' title="bbox 473 4772 1826 4831; baseline -0.001 -2"><span class='ocrx_word' id='word_1_342' title='bbox 473 4775 777 4831; x_wconf 86' lang='lat' dir='ltr'>Ecclesiam</span> <span class='ocrx_word' id='word_1_343' title='bbox 808 4790 841 4830; x_wconf 89' lang='lat' dir='ltr'>a</span> <span class='ocrx_word' id='word_1_344' title='bbox 863 4776 976 4830; x_wconf 90' lang='lat' dir='ltr'>Deo</span> <span class='ocrx_word' id='word_1_345' title='bbox 1004 4772 1300 4829; x_wconf 82' lang='lat' dir='ltr'>fundatam</span> <span class='ocrx_word' id='word_1_346' title='bbox 1334 4792 1346 4827; x_wconf 73' lang='grc' dir='ltr'><strong><em>ε</em></strong></span> <span class='ocrx_word' id='word_1_347' title='bbox 1377 4772 1455 4828; x_wconf 90' lang='lat' dir='ltr'>ita</span> <span class='ocrx_word' id='word_1_348' title='bbox 1492 4786 1596 4828; x_wconf 90' lang='lat' dir='ltr'>nec</span> <span class='ocrx_word' id='word_1_349' title='bbox 1624 4773 1826 4829; x_wconf 90' lang='lat' dir='ltr'>Ponti-</span> 
     </span>
     <span class='ocr_line' id='line_1_57' title="bbox 472 4852 1826 4927; baseline -0.001 -18"><span class='ocrx_word' id='word_1_350' title='bbox 472 4855 583 4919; x_wconf 80' lang='lat' dir='ltr'>fex,</span> <span class='ocrx_word' id='word_1_351' title='bbox 618 4870 719 4910; x_wconf 91' lang='lat' dir='ltr'>nec</span> <span class='ocrx_word' id='word_1_352' title='bbox 742 4854 993 4926; x_wconf 82' lang='lat' dir='ltr'>Scriptor</span> <span class='ocrx_word' id='word_1_353' title='bbox 1017 4858 1249 4927; x_wconf 87' lang='lat' dir='ltr'>possunt</span> <span class='ocrx_word' id='word_1_354' title='bbox 1287 4852 1552 4910; x_wconf 89' lang='lat' dir='ltr'>omittere</span> <span class='ocrx_word' id='word_1_355' title='bbox 1576 4853 1826 4909; x_wconf 90' lang='lat' dir='ltr'>actiones</span> 
     </span>
     <span class='ocr_line' id='line_1_58' title="bbox 474 4933 1822 5006; baseline -0.003 -14"><span class='ocrx_word' id='word_1_356' title='bbox 474 4934 816 4998; x_wconf 81' lang='lat' dir='ltr'>diffiniendi,</span> <span class='ocrx_word' id='word_1_357' title='bbox 849 4936 938 4990; x_wconf 83' lang='lat' dir='ltr'>vel</span> <span class='ocrx_word' id='word_1_358' title='bbox 974 4933 1280 4997; x_wconf 88' lang='lat' dir='ltr'>scribendi,</span> <span class='ocrx_word' id='word_1_359' title='bbox 1324 4939 1603 5006; x_wconf 86' lang='lat' dir='ltr'>quatenus</span> <span class='ocrx_word' id='word_1_360' title='bbox 1623 4948 1822 4990; x_wconf 90' lang='lat' dir='ltr'>earum</span> 
     </span>
     <span class='ocr_line' id='line_1_59' title="bbox 474 5015 1827 5081; baseline -0.004 -6"><span class='ocrx_word' id='word_1_361' title='bbox 474 5017 731 5075; x_wconf 87' lang='lat' dir='ltr'>carentia</span> <span class='ocrx_word' id='word_1_362' title='bbox 782 5015 993 5071; x_wconf 88' lang='lat' dir='ltr'>bonum</span> <span class='ocrx_word' id='word_1_363' title='bbox 1034 5016 1291 5074; x_wconf 71' lang='lat' dir='ltr'>Ecclesiae</span> <span class='ocrx_word' id='word_1_364' title='bbox 1318 5015 1639 5073; x_wconf 85' lang='lat' dir='ltr'>destrueret</span> <span class='ocrx_word' id='word_1_365' title='bbox 1653 5040 1665 5081; x_wconf 93' lang='lat'>;</span> <span class='ocrx_word' id='word_1_366' title='bbox 1698 5016 1827 5072; x_wconf 90' lang='lat' dir='ltr'>licet</span> 
     </span>
    </p>
   </div>
   <div class='ocr_carea' id='block_1_6' title="bbox 1932 586 3477 5146">
    <p class='ocr_par' dir='ltr' id='par_1_10' title="bbox 1932 586 3288 820">
     <span class='ocr_line' id='line_1_60' title="bbox 1933 586 3288 661; baseline -0.001 -19"><span class='ocrx_word' id='word_1_367' title='bbox 1933 588 2151 661; x_wconf 91' lang='lat' dir='ltr'>possint</span> <span class='ocrx_word' id='word_1_368' title='bbox 2177 604 2272 645; x_wconf 87' lang='lat' dir='ltr'>eas</span> <span class='ocrx_word' id='word_1_369' title='bbox 2300 588 2567 644; x_wconf 88' lang='lat' dir='ltr'>omittere</span> <span class='ocrx_word' id='word_1_370' title='bbox 2587 587 2897 644; x_wconf 90' lang='lat' dir='ltr'>omissione</span> <span class='ocrx_word' id='word_1_371' title='bbox 2920 586 3201 660; x_wconf 80' lang='lat' dir='ltr'>negativa,</span> <span class='ocrx_word' id='word_1_372' title='bbox 3231 592 3288 641; x_wconf 79' lang='lat' dir='ltr'>et</span> 
     </span>
     <span class='ocr_line' id='line_1_61' title="bbox 1932 665 3283 738; baseline -0.003 -15"><span class='ocrx_word' id='word_1_373' title='bbox 1932 666 2246 724; x_wconf 89' lang='lat' dir='ltr'>secundum</span> <span class='ocrx_word' id='word_1_374' title='bbox 2266 673 2344 725; x_wconf 89' lang='lat' dir='ltr'>se.</span> <span class='ocrx_word' id='word_1_375' title='bbox 2380 670 2448 723; x_wconf 88' lang='lat' dir='ltr'>Et</span> <span class='ocrx_word' id='word_1_376' title='bbox 2474 668 2536 723; x_wconf 89' lang='lat' dir='ltr'>in</span> <span class='ocrx_word' id='word_1_377' title='bbox 2559 667 2663 723; x_wconf 90' lang='lat' dir='ltr'>hoc</span> <span class='ocrx_word' id='word_1_378' title='bbox 2688 674 2797 722; x_wconf 89' lang='lat' dir='ltr'>stat</span> <span class='ocrx_word' id='word_1_379' title='bbox 2832 665 3005 722; x_wconf 91' lang='lat' dir='ltr'>robur</span> <span class='ocrx_word' id='word_1_380' title='bbox 3035 666 3283 738; x_wconf 85' lang='lat' dir='ltr'>exempli</span> 
     </span>
     <span class='ocr_line' id='line_1_62' title="bbox 1932 747 2318 820; baseline 0.003 -18"><span class='ocrx_word' id='word_1_381' title='bbox 1932 763 2106 820; x_wconf 86' lang='lat' dir='ltr'>supra</span> <span class='ocrx_word' id='word_1_382' title='bbox 2132 747 2318 820; x_wconf 86' lang='lat' dir='ltr'>positi.</span> 
     </span>
    </p>

    <p class='ocr_par' dir='ltr' id='par_1_11' title="bbox 1935 825 3477 5090">
     <span class='ocr_line' id='line_1_63' title="bbox 2016 825 3465 899; baseline 0 -17"><span class='ocrx_word' id='word_1_383' title='bbox 2016 828 2135 883; x_wconf 86' lang='lat'>189.</span> <span class='ocrx_word' id='word_1_384' title='bbox 2167 827 2326 892; x_wconf 90' lang='lat' dir='ltr'>Quod</span> <span class='ocrx_word' id='word_1_385' title='bbox 2355 827 2603 899; x_wconf 85' lang='lat' dir='ltr'>amplius</span> <span class='ocrx_word' id='word_1_386' title='bbox 2629 827 2947 898; x_wconf 84' lang='lat' dir='ltr'>explicatur</span> <span class='ocrx_word' id='word_1_387' title='bbox 2979 825 3285 883; x_wconf 81' lang='lat' dir='ltr'>evertendo</span> <span class='ocrx_word' id='word_1_388' title='bbox 3323 848 3465 899; x_wconf 49' lang='grc' dir='ltr'>μαψ),</span> 
     </span>
     <span class='ocr_line' id='line_1_64' title="bbox 1935 899 3477 991; baseline 0 -29"><span class='ocrx_word' id='word_1_389' title='bbox 1935 908 1998 963; x_wconf 87' lang='lat' dir='ltr'>in</span> <span class='ocrx_word' id='word_1_390' title='bbox 2033 907 2138 963; x_wconf 90' lang='lat' dir='ltr'>hoc</span> <span class='ocrx_word' id='word_1_391' title='bbox 2181 923 2310 963; x_wconf 89' lang='lat' dir='ltr'>casu</span> <span class='ocrx_word' id='word_1_392' title='bbox 2359 908 2521 963; x_wconf 90' lang='lat' dir='ltr'>illam</span> <span class='ocrx_word' id='word_1_393' title='bbox 2569 908 2814 981; x_wconf 80' lang='lat' dir='ltr'>gratiam</span> <span class='ocrx_word' id='word_1_394' title='bbox 2862 921 3173 978; x_wconf 84' lang='lat' dir='ltr'>congruam</span> <span class='ocrx_word' id='word_1_395' title='bbox 3215 922 3286 963; x_wconf 84' lang='lat' dir='ltr'>ex</span> <span class='ocrx_word' id='word_1_396' title='bbox 3326 899 3477 991; x_wconf 43' lang='lat' dir='ltr'>{2¹35ss</span> 
     </span>
     <span class='ocr_line' id='line_1_65' title="bbox 1938 985 3452 1062; baseline -0.003 -16"><span class='ocrx_word' id='word_1_397' title='bbox 1938 989 2311 1062; x_wconf 69' lang='lat' dir='ltr'>praescientia,</span> <span class='ocrx_word' id='word_1_398' title='bbox 2363 988 2432 1044; x_wconf 90' lang='lat' dir='ltr'>ad</span> <span class='ocrx_word' id='word_1_399' title='bbox 2477 1005 2648 1061; x_wconf 90' lang='lat' dir='ltr'>quam</span> <span class='ocrx_word' id='word_1_400' title='bbox 2702 989 2938 1044; x_wconf 88' lang='lat' dir='ltr'>Suarius</span> <span class='ocrx_word' id='word_1_401' title='bbox 2976 988 3071 1043; x_wconf 90' lang='lat' dir='ltr'>ubi</span> <span class='ocrx_word' id='word_1_402' title='bbox 3116 999 3286 1059; x_wconf 87' lang='lat' dir='ltr'>supra</span> <span class='ocrx_word' id='word_1_403' title='bbox 3448 985 3452 990; x_wconf 82' lang='grc'><em>’</em></span> 
     </span>
     <span class='ocr_line' id='line_1_66' title="bbox 1938 1068 3285 1142; baseline -0.003 -16"><span class='ocrx_word' id='word_1_404' title='bbox 1938 1071 2204 1128; x_wconf 88' lang='lat' dir='ltr'>recurrit.</span> <span class='ocrx_word' id='word_1_405' title='bbox 2233 1070 2514 1135; x_wconf 80' lang='lat' dir='ltr'>Quoniam</span> <span class='ocrx_word' id='word_1_406' title='bbox 2536 1085 2664 1125; x_wconf 91' lang='lat' dir='ltr'>cum</span> <span class='ocrx_word' id='word_1_407' title='bbox 2689 1072 2832 1126; x_wconf 91' lang='lat' dir='ltr'>Deus</span> <span class='ocrx_word' id='word_1_408' title='bbox 2861 1085 2960 1142; x_wconf 90' lang='lat' dir='ltr'>per</span> <span class='ocrx_word' id='word_1_409' title='bbox 2987 1068 3285 1125; x_wconf 89' lang='lat' dir='ltr'>scientiam</span> 
     </span>
     <span class='ocr_line' id='line_1_67' title="bbox 1938 1148 3288 1222; baseline -0.001 -17"><span class='ocrx_word' id='word_1_410' title='bbox 1938 1150 2188 1206; x_wconf 91' lang='lat' dir='ltr'>mediam</span> <span class='ocrx_word' id='word_1_411' title='bbox 2211 1148 2474 1222; x_wconf 78' lang='lat' dir='ltr'>praevidit</span> <span class='ocrx_word' id='word_1_412' title='bbox 2493 1149 2804 1221; x_wconf 86' lang='lat' dir='ltr'>Scriptores</span> <span class='ocrx_word' id='word_1_413' title='bbox 2825 1148 3288 1205; x_wconf 86' lang='lat' dir='ltr'>Canonicosscri·</span> 
     </span>
     <span class='ocr_line' id='line_1_68' title="bbox 1939 1229 3284 1304; baseline -0.001 -18"><span class='ocrx_word' id='word_1_414' title='bbox 1939 1229 2134 1288; x_wconf 90' lang='lat' dir='ltr'>bentes</span> <span class='ocrx_word' id='word_1_415' title='bbox 2159 1248 2380 1288; x_wconf 88' lang='lat' dir='ltr'>sacram</span> <span class='ocrx_word' id='word_1_416' title='bbox 2412 1231 2707 1304; x_wconf 84' lang='lat' dir='ltr'>Paginam,</span> <span class='ocrx_word' id='word_1_417' title='bbox 2739 1238 2794 1288; x_wconf 91' lang='lat' dir='ltr'>et</span> <span class='ocrx_word' id='word_1_418' title='bbox 2815 1233 3080 1287; x_wconf 87' lang='lat' dir='ltr'>Summos</span> <span class='ocrx_word' id='word_1_419' title='bbox 3132 1232 3284 1287; x_wconf 78' lang='lat' dir='ltr'>l’on-</span> 
     </span>
     <span class='ocr_line' id='line_1_69' title="bbox 1939 1309 3333 1377; baseline -0.001 -11"><span class='ocrx_word' id='word_1_420' title='bbox 1939 1309 2115 1367; x_wconf 85' lang='lat' dir='ltr'>tifices</span> <span class='ocrx_word' id='word_1_421' title='bbox 2156 1310 2504 1368; x_wconf 88' lang='lat' dir='ltr'>diffinientes</span> <span class='ocrx_word' id='word_1_422' title='bbox 2549 1311 2818 1367; x_wconf 88' lang='lat' dir='ltr'>materias</span> <span class='ocrx_word' id='word_1_423' title='bbox 2855 1309 3033 1377; x_wconf 87' lang='lat' dir='ltr'>Fidei,</span> <span class='ocrx_word' id='word_1_424' title='bbox 3078 1310 3169 1366; x_wconf 83' lang='lat' dir='ltr'>vel</span> <span class='ocrx_word' id='word_1_425' title='bbox 3219 1325 3287 1365; x_wconf 79' lang='lat' dir='ltr'>ex</span> <span class='ocrx_word' id='word_1_426' title='bbox 3330 1333 3333 1336; x_wconf 39' lang='lat'><strong>¹</strong></span> 
     </span>
     <span class='ocr_line' id='line_1_70' title="bbox 1941 1389 3289 1468; baseline -0.003 -19"><span class='ocrx_word' id='word_1_427' title='bbox 1941 1401 2099 1468; x_wconf 90' lang='lat' dir='ltr'>parte</span> <span class='ocrx_word' id='word_1_428' title='bbox 2127 1392 2527 1459; x_wconf 86' lang='lat' dir='ltr'>antecedentis,</span> <span class='ocrx_word' id='word_1_429' title='bbox 2571 1398 2626 1449; x_wconf 86' lang='lat' dir='ltr'>et</span> <span class='ocrx_word' id='word_1_430' title='bbox 2652 1393 3013 1457; x_wconf 86' lang='lat' dir='ltr'>conditionis,</span> <span class='ocrx_word' id='word_1_431' title='bbox 3056 1389 3161 1447; x_wconf 91' lang='lat' dir='ltr'>sub</span> <span class='ocrx_word' id='word_1_432' title='bbox 3181 1406 3289 1462; x_wconf 88' lang='lat' dir='ltr'>qua</span> 
     </span>
     <span class='ocr_line' id='line_1_71' title="bbox 1941 1472 3286 1546; baseline -0.002 -17"><span class='ocrx_word' id='word_1_433' title='bbox 1941 1473 2362 1546; x_wconf 64' lang='lat' dir='ltr'>praevidebatur</span> <span class='ocrx_word' id='word_1_434' title='bbox 2400 1479 2657 1538; x_wconf 79' lang='lat' dir='ltr'>eventus,</span> <span class='ocrx_word' id='word_1_435' title='bbox 2709 1473 3021 1546; x_wconf 90' lang='lat' dir='ltr'>ponebatur</span> <span class='ocrx_word' id='word_1_436' title='bbox 3062 1472 3286 1527; x_wconf 83' lang='lat' dir='ltr'>infalli-</span> 
     </span>
     <span class='ocr_line' id='line_1_72' title="bbox 1939 1552 3285 1625; baseline -0.003 -16"><span class='ocrx_word' id='word_1_437' title='bbox 1939 1553 2073 1609; x_wconf 87' lang='lat' dir='ltr'>bilis</span> <span class='ocrx_word' id='word_1_438' title='bbox 2114 1554 2435 1610; x_wconf 87' lang='lat' dir='ltr'>assistentia</span> <span class='ocrx_word' id='word_1_439' title='bbox 2473 1553 2720 1625; x_wconf 89' lang='lat' dir='ltr'>Spiritus</span> <span class='ocrx_word' id='word_1_440' title='bbox 2757 1552 2957 1616; x_wconf 91' lang='lat' dir='ltr'>sancti,</span> <span class='ocrx_word' id='word_1_441' title='bbox 3003 1553 3092 1609; x_wconf 82' lang='lat' dir='ltr'>vel</span> <span class='ocrx_word' id='word_1_442' title='bbox 3148 1566 3285 1606; x_wconf 89' lang='lat' dir='ltr'>non.</span> 
     </span>
     <span class='ocr_line' id='line_1_73' title="bbox 1941 1631 3284 1705; baseline -0.003 -16"><span class='ocrx_word' id='word_1_443' title='bbox 1941 1634 2204 1689; x_wconf 83' lang='lat' dir='ltr'>Primum</span> <span class='ocrx_word' id='word_1_444' title='bbox 2228 1650 2344 1698; x_wconf 87' lang='lat' dir='ltr'>non</span> <span class='ocrx_word' id='word_1_445' title='bbox 2368 1638 2545 1705; x_wconf 90' lang='lat' dir='ltr'>potest</span> <span class='ocrx_word' id='word_1_446' title='bbox 2566 1633 2790 1689; x_wconf 79' lang='lat' dir='ltr'>admitti</span> <span class='ocrx_word' id='word_1_447' title='bbox 2814 1632 2885 1688; x_wconf 88' lang='lat' dir='ltr'>ab</span> <span class='ocrx_word' id='word_1_448' title='bbox 2907 1631 3284 1697; x_wconf 76' lang='lat' dir='ltr'>AdversariiS,</span> 
     </span>
     <span class='ocr_line' id='line_1_74' title="bbox 1939 1710 3290 1787; baseline 0 -19"><span class='ocrx_word' id='word_1_449' title='bbox 1939 1714 2071 1787; x_wconf 92' lang='lat' dir='ltr'>quia</span> <span class='ocrx_word' id='word_1_450' title='bbox 2093 1714 2256 1787; x_wconf 85' lang='lat' dir='ltr'>juxta</span> <span class='ocrx_word' id='word_1_451' title='bbox 2282 1715 2516 1771; x_wconf 89' lang='lat' dir='ltr'>illorum</span> <span class='ocrx_word' id='word_1_452' title='bbox 2551 1713 2830 1787; x_wconf 86' lang='lat' dir='ltr'>principia</span> <span class='ocrx_word' id='word_1_453' title='bbox 2860 1713 3054 1785; x_wconf 86' lang='lat' dir='ltr'>nequit</span> <span class='ocrx_word' id='word_1_454' title='bbox 3091 1710 3290 1768; x_wconf 82' lang='lat' dir='ltr'>subse-</span> 
     </span>
     <span class='ocr_line' id='line_1_75' title="bbox 1938 1792 3292 1867; baseline -0.001 -18"><span class='ocrx_word' id='word_1_455' title='bbox 1938 1795 2036 1866; x_wconf 88' lang='lat' dir='ltr'>qui</span> <span class='ocrx_word' id='word_1_456' title='bbox 2059 1796 2201 1852; x_wconf 89' lang='lat' dir='ltr'>actio</span> <span class='ocrx_word' id='word_1_457' title='bbox 2225 1795 2425 1859; x_wconf 88' lang='lat' dir='ltr'>libera,</span> <span class='ocrx_word' id='word_1_458' title='bbox 2466 1795 2514 1849; x_wconf 91' lang='lat' dir='ltr'>si</span> <span class='ocrx_word' id='word_1_459' title='bbox 2540 1800 2783 1867; x_wconf 91' lang='lat' dir='ltr'>ponatur</span> <span class='ocrx_word' id='word_1_460' title='bbox 2819 1792 3036 1865; x_wconf 89' lang='lat' dir='ltr'>aliquid</span> <span class='ocrx_word' id='word_1_461' title='bbox 3065 1798 3292 1848; x_wconf 88' lang='lat' dir='ltr'>antece-</span> 
     </span>
     <span class='ocr_line' id='line_1_76' title="bbox 1939 1875 3288 1938; baseline -0.003 -8"><span class='ocrx_word' id='word_1_462' title='bbox 1939 1875 2083 1932; x_wconf 86' lang='lat' dir='ltr'>dens</span> <span class='ocrx_word' id='word_1_463' title='bbox 2111 1875 2501 1932; x_wconf 80' lang='lat' dir='ltr'>infallibiliter</span> <span class='ocrx_word' id='word_1_464' title='bbox 2527 1891 2656 1930; x_wconf 92' lang='lat' dir='ltr'>cum</span> <span class='ocrx_word' id='word_1_465' title='bbox 2704 1875 2924 1930; x_wconf 90' lang='lat' dir='ltr'>actione</span> <span class='ocrx_word' id='word_1_466' title='bbox 2944 1888 3288 1938; x_wconf 86' lang='lat' dir='ltr'>connexum,</span> 
     </span>
     <span class='ocr_line' id='line_1_77' title="bbox 1938 1955 3292 2027; baseline -0.003 -14"><span class='ocrx_word' id='word_1_467' title='bbox 1938 1963 1995 2013; x_wconf 92' lang='lat' dir='ltr'>et</span> <span class='ocrx_word' id='word_1_468' title='bbox 2014 1956 2461 2014; x_wconf 89' lang='lat' dir='ltr'>determinatum</span> <span class='ocrx_word' id='word_1_469' title='bbox 2490 1955 2560 2012; x_wconf 87' lang='lat' dir='ltr'>ad</span> <span class='ocrx_word' id='word_1_470' title='bbox 2588 1956 2771 2021; x_wconf 91' lang='lat' dir='ltr'>illam,</span> <span class='ocrx_word' id='word_1_471' title='bbox 2815 1956 3061 2027; x_wconf 87' lang='lat' dir='ltr'>qualiter</span> <span class='ocrx_word' id='word_1_472' title='bbox 3088 1970 3148 2010; x_wconf 91' lang='lat' dir='ltr'>se</span> <span class='ocrx_word' id='word_1_473' title='bbox 3188 1955 3292 2009; x_wconf 88' lang='lat' dir='ltr'>ha-</span> 
     </span>
     <span class='ocr_line' id='line_1_78' title="bbox 1939 2033 3292 2108; baseline -0.004 -15"><span class='ocrx_word' id='word_1_474' title='bbox 1939 2036 2033 2093; x_wconf 88' lang='lat' dir='ltr'>bet</span> <span class='ocrx_word' id='word_1_475' title='bbox 2071 2037 2393 2093; x_wconf 88' lang='lat' dir='ltr'>assistentia</span> <span class='ocrx_word' id='word_1_476' title='bbox 2432 2036 2677 2108; x_wconf 89' lang='lat' dir='ltr'>Spiritus</span> <span class='ocrx_word' id='word_1_477' title='bbox 2720 2035 2897 2090; x_wconf 90' lang='lat' dir='ltr'>sancti</span> <span class='ocrx_word' id='word_1_478' title='bbox 2930 2049 3046 2090; x_wconf 92' lang='lat' dir='ltr'>non</span> <span class='ocrx_word' id='word_1_479' title='bbox 3080 2033 3292 2088; x_wconf 87' lang='lat' dir='ltr'>directa</span> 
     </span>
     <span class='ocr_line' id='line_1_79' title="bbox 1941 2112 3294 2189; baseline -0.004 -17"><span class='ocrx_word' id='word_1_480' title='bbox 1941 2132 2042 2189; x_wconf 92' lang='lat' dir='ltr'>per</span> <span class='ocrx_word' id='word_1_481' title='bbox 2080 2117 2379 2173; x_wconf 90' lang='lat' dir='ltr'>scientiam</span> <span class='ocrx_word' id='word_1_482' title='bbox 2419 2115 2691 2172; x_wconf 89' lang='lat' dir='ltr'>mediam.</span> <span class='ocrx_word' id='word_1_483' title='bbox 2747 2116 2805 2171; x_wconf 90' lang='lat' dir='ltr'>Si</span> <span class='ocrx_word' id='word_1_484' title='bbox 2854 2121 3044 2170; x_wconf 90' lang='lat' dir='ltr'>autem</span> <span class='ocrx_word' id='word_1_485' title='bbox 3071 2112 3294 2168; x_wconf 89' lang='lat' dir='ltr'>dicatur</span> 
     </span>
     <span class='ocr_line' id='line_1_80' title="bbox 1938 2191 3304 2268; baseline -0.002 -17"><span class='ocrx_word' id='word_1_486' title='bbox 1938 2195 2269 2262; x_wconf 88' lang='lat' dir='ltr'>secundum,</span> <span class='ocrx_word' id='word_1_487' title='bbox 2336 2196 2593 2268; x_wconf 89' lang='lat' dir='ltr'>sequitur</span> <span class='ocrx_word' id='word_1_488' title='bbox 2631 2200 2687 2251; x_wconf 91' lang='lat' dir='ltr'>et</span> <span class='ocrx_word' id='word_1_489' title='bbox 2726 2195 2789 2250; x_wconf 92' lang='lat' dir='ltr'>in</span> <span class='ocrx_word' id='word_1_490' title='bbox 2827 2199 2976 2249; x_wconf 89' lang='lat' dir='ltr'>statu</span> <span class='ocrx_word' id='word_1_491' title='bbox 3037 2191 3304 2256; x_wconf 74' lang='lat' dir='ltr'>absoluto</span> 
     </span>
     <span class='ocr_line' id='line_1_81' title="bbox 1940 2274 3291 2350; baseline -0.004 -18"><span class='ocrx_word' id='word_1_492' title='bbox 1940 2279 2254 2350; x_wconf 81' lang='lat' dir='ltr'>Scriptores</span> <span class='ocrx_word' id='word_1_493' title='bbox 2273 2293 2461 2333; x_wconf 88' lang='lat' dir='ltr'>sacros</span> <span class='ocrx_word' id='word_1_494' title='bbox 2487 2293 2768 2342; x_wconf 88' lang='lat' dir='ltr'>exarasse,</span> <span class='ocrx_word' id='word_1_495' title='bbox 2788 2283 2844 2331; x_wconf 88' lang='lat' dir='ltr'>et</span> <span class='ocrx_word' id='word_1_496' title='bbox 2869 2274 3166 2331; x_wconf 78' lang='lat' dir='ltr'>Pontifices</span> <span class='ocrx_word' id='word_1_497' title='bbox 3186 2274 3291 2328; x_wconf 85' lang='lat' dir='ltr'>dif-</span> 
     </span>
     <span class='ocr_line' id='line_1_82' title="bbox 1940 2354 3307 2431; baseline -0.004 -18"><span class='ocrx_word' id='word_1_498' title='bbox 1940 2355 2159 2414; x_wconf 84' lang='lat' dir='ltr'>finiisse</span> <span class='ocrx_word' id='word_1_499' title='bbox 2193 2356 2402 2431; x_wconf 89' lang='lat' dir='ltr'>absque</span> <span class='ocrx_word' id='word_1_500' title='bbox 2425 2357 2657 2430; x_wconf 88' lang='lat' dir='ltr'>speciali</span> <span class='ocrx_word' id='word_1_501' title='bbox 2686 2355 3009 2412; x_wconf 82' lang='lat' dir='ltr'>assistentia</span> <span class='ocrx_word' id='word_1_502' title='bbox 3048 2354 3307 2426; x_wconf 77' lang='lat' dir='ltr'>Spiritus</span> 
     </span>
     <span class='ocr_line' id='line_1_83' title="bbox 1939 2427 3294 2510; baseline -0.003 -17"><span class='ocrx_word' id='word_1_503' title='bbox 1939 2438 2139 2503; x_wconf 87' lang='lat' dir='ltr'>sancti,</span> <span class='ocrx_word' id='word_1_504' title='bbox 2165 2443 2329 2510; x_wconf 91' lang='lat' dir='ltr'>atque</span> <span class='ocrx_word' id='word_1_505' title='bbox 2360 2437 2487 2495; x_wconf 91' lang='lat' dir='ltr'>ideo</span> <span class='ocrx_word' id='word_1_506' title='bbox 2524 2453 2792 2494; x_wconf 91' lang='lat' dir='ltr'>corruere</span> <span class='ocrx_word' id='word_1_507' title='bbox 2821 2427 3065 2492; x_wconf 49' lang='lat' dir='ltr'>illorum*</span> <span class='ocrx_word' id='word_1_508' title='bbox 3090 2434 3294 2491; x_wconf 90' lang='lat' dir='ltr'>autho-</span> 
     </span>
     <span class='ocr_line' id='line_1_84' title="bbox 1943 2512 3311 2588; baseline -0.002 -16"><span class='ocrx_word' id='word_1_509' title='bbox 1943 2517 2188 2574; x_wconf 88' lang='lat' dir='ltr'>ritatem.</span> <span class='ocrx_word' id='word_1_510' title='bbox 2216 2520 2361 2572; x_wconf 88' lang='lat' dir='ltr'>Nam</span> <span class='ocrx_word' id='word_1_511' title='bbox 2387 2516 2458 2573; x_wconf 89' lang='lat' dir='ltr'>ab</span> <span class='ocrx_word' id='word_1_512' title='bbox 2479 2516 2695 2573; x_wconf 89' lang='lat' dir='ltr'>eisdem</span> <span class='ocrx_word' id='word_1_513' title='bbox 2720 2515 3022 2588; x_wconf 89' lang='lat' dir='ltr'>principiis</span> <span class='ocrx_word' id='word_1_514' title='bbox 3043 2512 3311 2570; x_wconf 80' lang='lat' dir='ltr'>absolute-</span> 
     </span>
     <span class='ocr_line' id='line_1_85' title="bbox 1943 2592 3291 2669; baseline -0.002 -17"><span class='ocrx_word' id='word_1_515' title='bbox 1943 2597 2140 2667; x_wconf 88' lang='lat' dir='ltr'>positis</span> <span class='ocrx_word' id='word_1_516' title='bbox 2153 2595 2430 2669; x_wconf 89' lang='lat' dir='ltr'>dependet</span> <span class='ocrx_word' id='word_1_517' title='bbox 2444 2612 2751 2654; x_wconf 89' lang='lat' dir='ltr'>consensus</span> <span class='ocrx_word' id='word_1_518' title='bbox 2768 2596 2829 2651; x_wconf 89' lang='lat' dir='ltr'>in</span> <span class='ocrx_word' id='word_1_519' title='bbox 2850 2601 2996 2650; x_wconf 91' lang='lat' dir='ltr'>statu</span> <span class='ocrx_word' id='word_1_520' title='bbox 3014 2592 3291 2660; x_wconf 86' lang='lat' dir='ltr'>absolut0‚</span> 
     </span>
     <span class='ocr_line' id='line_1_86' title="bbox 1941 2672 3303 2748; baseline -0.003 -16"><span class='ocrx_word' id='word_1_521' title='bbox 1941 2692 1972 2732; x_wconf 90' lang='lat' dir='ltr'>a</span> <span class='ocrx_word' id='word_1_522' title='bbox 1992 2676 2198 2748; x_wconf 88' lang='lat' dir='ltr'>quibus</span> <span class='ocrx_word' id='word_1_523' title='bbox 2222 2676 2328 2732; x_wconf 90' lang='lat' dir='ltr'>sub</span> <span class='ocrx_word' id='word_1_524' title='bbox 2353 2677 2680 2734; x_wconf 90' lang='lat' dir='ltr'>conditione</span> <span class='ocrx_word' id='word_1_525' title='bbox 2707 2676 2904 2748; x_wconf 89' lang='lat' dir='ltr'>positis</span> <span class='ocrx_word' id='word_1_526' title='bbox 2931 2672 3210 2747; x_wconf 89' lang='lat' dir='ltr'>dependet</span> <span class='ocrx_word' id='word_1_527' title='bbox 3231 2674 3303 2728; x_wconf 90' lang='lat' dir='ltr'>in</span> 
     </span>
     <span class='ocr_line' id='line_1_87' title="bbox 1941 2755 3291 2830; baseline -0.002 -17"><span class='ocrx_word' id='word_1_528' title='bbox 1941 2763 2087 2814; x_wconf 89' lang='lat' dir='ltr'>statu</span> <span class='ocrx_word' id='word_1_529' title='bbox 2118 2756 2518 2824; x_wconf 90' lang='lat' dir='ltr'>conditionato,</span> <span class='ocrx_word' id='word_1_530' title='bbox 2563 2764 2625 2814; x_wconf 89' lang='lat' dir='ltr'>ut</span> <span class='ocrx_word' id='word_1_531' title='bbox 2657 2758 2863 2830; x_wconf 83' lang='lat' dir='ltr'>saepius</span> <span class='ocrx_word' id='word_1_532' title='bbox 2901 2758 3026 2812; x_wconf 80' lang='lat' dir='ltr'>dub.</span> <span class='ocrx_word' id='word_1_533' title='bbox 3064 2755 3291 2828; x_wconf 73' lang='lat' dir='ltr'>praeced.</span> 
     </span>
     <span class='ocr_line' id='line_1_88' title="bbox 1940 2836 3294 2914; baseline 0 -20"><span class='ocrx_word' id='word_1_534' title='bbox 1940 2838 2358 2896; x_wconf 83' lang='lat' dir='ltr'>declaravimus</span> <span class='ocrx_word' id='word_1_535' title='bbox 2384 2859 2397 2895; x_wconf 91' lang='lat'>:</span> <span class='ocrx_word' id='word_1_536' title='bbox 2420 2854 2554 2914; x_wconf 81' lang='lat' dir='ltr'>ergo</span> <span class='ocrx_word' id='word_1_537' title='bbox 2573 2839 2622 2895; x_wconf 93' lang='lat' dir='ltr'>si</span> <span class='ocrx_word' id='word_1_538' title='bbox 2647 2840 2707 2895; x_wconf 90' lang='lat' dir='ltr'>in</span> <span class='ocrx_word' id='word_1_539' title='bbox 2736 2845 2883 2895; x_wconf 85' lang='lat' dir='ltr'>statu</span> <span class='ocrx_word' id='word_1_540' title='bbox 2906 2836 3294 2895; x_wconf 91' lang='lat' dir='ltr'>conditionato</span> 
     </span>
     <span class='ocr_line' id='line_1_89' title="bbox 1943 2919 3295 2997; baseline -0.003 -20"><span class='ocrx_word' id='word_1_541' title='bbox 1943 2921 2337 2997; x_wconf 37' lang='lat' dir='ltr'>nonlponitur</span> <span class='ocrx_word' id='word_1_542' title='bbox 2383 2921 2674 2977; x_wconf 86' lang='lat' dir='ltr'>assitentia</span> <span class='ocrx_word' id='word_1_543' title='bbox 2720 2921 2967 2992; x_wconf 88' lang='lat' dir='ltr'>Spiritus</span> <span class='ocrx_word' id='word_1_544' title='bbox 3017 2919 3196 2974; x_wconf 87' lang='lat' dir='ltr'>sancti</span> <span class='ocrx_word' id='word_1_545' title='bbox 3223 2933 3295 2974; x_wconf 87' lang='lat' dir='ltr'>ex</span> 
     </span>
     <span class='ocr_line' id='line_1_90' title="bbox 1943 2998 3309 3074; baseline -0.002 -16"><span class='ocrx_word' id='word_1_546' title='bbox 1943 3008 2103 3074; x_wconf 89' lang='lat' dir='ltr'>parte</span> <span class='ocrx_word' id='word_1_547' title='bbox 2151 3000 2517 3067; x_wconf 89' lang='lat' dir='ltr'>conditionis,</span> <span class='ocrx_word' id='word_1_548' title='bbox 2581 3018 2614 3058; x_wconf 89' lang='lat' dir='ltr'>a</span> <span class='ocrx_word' id='word_1_549' title='bbox 2651 3018 2760 3074; x_wconf 90' lang='lat' dir='ltr'>qua</span> <span class='ocrx_word' id='word_1_550' title='bbox 2801 2998 3112 3072; x_wconf 88' lang='lat' dir='ltr'>dependeat</span> <span class='ocrx_word' id='word_1_551' title='bbox 3150 2998 3309 3055; x_wconf 70' lang='lat' dir='ltr'>actio</span> 
     </span>
     <span class='ocr_line' id='line_1_91' title="bbox 1941 3078 3309 3152; baseline -0.007 -15"><span class='ocrx_word' id='word_1_552' title='bbox 1941 3080 2248 3147; x_wconf 89' lang='lat' dir='ltr'>scribendi,</span> <span class='ocrx_word' id='word_1_553' title='bbox 2274 3081 2365 3137; x_wconf 85' lang='lat' dir='ltr'>vel</span> <span class='ocrx_word' id='word_1_554' title='bbox 2393 3079 2734 3145; x_wconf 86' lang='lat' dir='ltr'>diffiniendi,</span> <span class='ocrx_word' id='word_1_555' title='bbox 2772 3096 2952 3152; x_wconf 88' lang='lat' dir='ltr'>neque</span> <span class='ocrx_word' id='word_1_556' title='bbox 2972 3096 3002 3135; x_wconf 92' lang='lat' dir='ltr'>a</span> <span class='ocrx_word' id='word_1_557' title='bbox 3027 3078 3309 3150; x_wconf 35' lang='lat' dir='ltr'>praedicta.</span> 
     </span>
     <span class='ocr_line' id='line_1_92' title="bbox 1943 3157 3301 3231; baseline -0.003 -15"><span class='ocrx_word' id='word_1_558' title='bbox 1943 3160 2262 3217; x_wconf 87' lang='lat' dir='ltr'>assistentia</span> <span class='ocrx_word' id='word_1_559' title='bbox 2319 3158 2663 3231; x_wconf 91' lang='lat' dir='ltr'>dependebit</span> <span class='ocrx_word' id='word_1_560' title='bbox 2697 3162 2758 3217; x_wconf 92' lang='lat' dir='ltr'>in</span> <span class='ocrx_word' id='word_1_561' title='bbox 2803 3166 2950 3216; x_wconf 89' lang='lat' dir='ltr'>statu</span> <span class='ocrx_word' id='word_1_562' title='bbox 3015 3157 3301 3214; x_wconf 75' lang='lat' dir='ltr'>absoluto.</span> 
     </span>
     <span class='ocr_line' id='line_1_93' title="bbox 1945 3239 3297 3310; baseline -0.002 -14"><span class='ocrx_word' id='word_1_563' title='bbox 1945 3244 2128 3298; x_wconf 89' lang='lat' dir='ltr'>Immo</span> <span class='ocrx_word' id='word_1_564' title='bbox 2156 3257 2312 3308; x_wconf 83' lang='lat' dir='ltr'>vero,</span> <span class='ocrx_word' id='word_1_565' title='bbox 2346 3242 2395 3297; x_wconf 90' lang='lat' dir='ltr'>si</span> <span class='ocrx_word' id='word_1_566' title='bbox 2422 3248 2537 3298; x_wconf 87' lang='lat' dir='ltr'>teta</span> <span class='ocrx_word' id='word_1_567' title='bbox 2582 3240 2860 3299; x_wconf 87' lang='lat' dir='ltr'>certitudo</span> <span class='ocrx_word' id='word_1_568' title='bbox 2885 3257 3056 3297; x_wconf 80' lang='lat' dir='ltr'>sacrae</span> <span class='ocrx_word' id='word_1_569' title='bbox 3102 3239 3297 3310; x_wconf 87' lang='lat' dir='ltr'>Scrip-</span> 
     </span>
     <span class='ocr_line' id='line_1_94' title="bbox 1945 3320 3297 3391; baseline -0.001 -15"><span class='ocrx_word' id='word_1_570' title='bbox 1945 3328 2089 3377; x_wconf 79' lang='lat' dir='ltr'>turae</span> <span class='ocrx_word' id='word_1_571' title='bbox 2138 3320 2427 3378; x_wconf 88' lang='lat' dir='ltr'>reducitur</span> <span class='ocrx_word' id='word_1_572' title='bbox 2453 3321 2525 3377; x_wconf 90' lang='lat' dir='ltr'>ad</span> <span class='ocrx_word' id='word_1_573' title='bbox 2561 3321 3035 3378; x_wconf 80' lang='lat' dir='ltr'>infallibilitatem</span> <span class='ocrx_word' id='word_1_574' title='bbox 3057 3336 3126 3376; x_wconf 84' lang='lat' dir='ltr'>ex</span> <span class='ocrx_word' id='word_1_575' title='bbox 3157 3334 3297 3391; x_wconf 81' lang='lat' dir='ltr'>prae-</span> 
     </span>
     <span class='ocr_line' id='line_1_95' title="bbox 1944 3401 3300 3476; baseline -0.003 -16"><span class='ocrx_word' id='word_1_576' title='bbox 1944 3403 2177 3460; x_wconf 88' lang='lat' dir='ltr'>scientia</span> <span class='ocrx_word' id='word_1_577' title='bbox 2203 3403 2302 3459; x_wconf 92' lang='lat' dir='ltr'>Dei</span> <span class='ocrx_word' id='word_1_578' title='bbox 2326 3402 2712 3475; x_wconf 68' lang='lat' dir='ltr'>praevidentis,</span> <span class='ocrx_word' id='word_1_579' title='bbox 2737 3401 2883 3476; x_wconf 92' lang='lat' dir='ltr'>quod</span> <span class='ocrx_word' id='word_1_580' title='bbox 2905 3401 3032 3474; x_wconf 86' lang='lat' dir='ltr'>quis</span> <span class='ocrx_word' id='word_1_581' title='bbox 3061 3417 3177 3457; x_wconf 91' lang='lat' dir='ltr'>non</span> <span class='ocrx_word' id='word_1_582' title='bbox 3198 3416 3300 3457; x_wconf 90' lang='lat' dir='ltr'>er-</span> 
     </span>
     <span class='ocr_line' id='line_1_96' title="bbox 1947 3481 3297 3555; baseline -0.004 -16"><span class='ocrx_word' id='word_1_583' title='bbox 1947 3481 2113 3548; x_wconf 89' lang='lat' dir='ltr'>rabit,</span> <span class='ocrx_word' id='word_1_584' title='bbox 2166 3484 2423 3555; x_wconf 81' lang='lat' dir='ltr'>sequitur</span> <span class='ocrx_word' id='word_1_585' title='bbox 2461 3489 2740 3555; x_wconf 89' lang='lat' dir='ltr'>quantum</span> <span class='ocrx_word' id='word_1_586' title='bbox 2787 3488 2870 3538; x_wconf 88' lang='lat' dir='ltr'>est</span> <span class='ocrx_word' id='word_1_587' title='bbox 2908 3498 2977 3538; x_wconf 86' lang='lat' dir='ltr'>ex</span> <span class='ocrx_word' id='word_1_588' title='bbox 3008 3481 3064 3537; x_wconf 76' lang='lat' dir='ltr'>vi</span> <span class='ocrx_word' id='word_1_589' title='bbox 3107 3481 3297 3553; x_wconf 77' lang='lat' dir='ltr'>hujuS,</span> 
     </span>
     <span class='ocr_line' id='line_1_97' title="bbox 1944 3561 3311 3636; baseline -0.001 -19"><span class='ocrx_word' id='word_1_590' title='bbox 1944 3561 2260 3636; x_wconf 86' lang='lat' dir='ltr'>quamlibet</span> <span class='ocrx_word' id='word_1_591' title='bbox 2280 3563 2639 3636; x_wconf 90' lang='lat' dir='ltr'>scripturam,</span> <span class='ocrx_word' id='word_1_592' title='bbox 2662 3564 2723 3618; x_wconf 91' lang='lat' dir='ltr'>in</span> <span class='ocrx_word' id='word_1_593' title='bbox 2745 3579 2852 3635; x_wconf 90' lang='lat' dir='ltr'>qua</span> <span class='ocrx_word' id='word_1_594' title='bbox 2870 3577 2986 3617; x_wconf 89' lang='lat' dir='ltr'>non</span> <span class='ocrx_word' id='word_1_595' title='bbox 3012 3562 3311 3633; x_wconf 73' lang='lat' dir='ltr'>reperitur</span> 
     </span>
     <span class='ocr_line' id='line_1_98' title="bbox 1945 3642 3298 3718; baseline -0.003 -18"><span class='ocrx_word' id='word_1_596' title='bbox 1945 3659 2127 3710; x_wconf 87' lang='lat' dir='ltr'>error,</span> <span class='ocrx_word' id='word_1_597' title='bbox 2152 3659 2275 3701; x_wconf 89' lang='lat' dir='ltr'>esse</span> <span class='ocrx_word' id='word_1_598' title='bbox 2312 3645 2565 3718; x_wconf 87' lang='lat' dir='ltr'>ejusdem</span> <span class='ocrx_word' id='word_1_599' title='bbox 2593 3644 2953 3700; x_wconf 89' lang='lat' dir='ltr'>certitudinis</span> <span class='ocrx_word' id='word_1_600' title='bbox 2990 3659 3117 3698; x_wconf 89' lang='lat' dir='ltr'>cum</span> <span class='ocrx_word' id='word_1_601' title='bbox 3148 3642 3248 3697; x_wconf 81' lang='lat' dir='ltr'>illa</span> <span class='ocrx_word' id='word_1_602' title='bbox 3283 3665 3298 3706; x_wconf 86' lang='lat'><strong>;</strong></span> 
     </span>
     <span class='ocr_line' id='line_1_99' title="bbox 1946 3721 3303 3797; baseline 0 -19"><span class='ocrx_word' id='word_1_603' title='bbox 1946 3739 2082 3780; x_wconf 88' lang='lat' dir='ltr'>nam</span> <span class='ocrx_word' id='word_1_604' title='bbox 2112 3726 2257 3779; x_wconf 91' lang='lat' dir='ltr'>Deus</span> <span class='ocrx_word' id='word_1_605' title='bbox 2284 3723 2547 3797; x_wconf 68' lang='lat' dir='ltr'>praevidit</span> <span class='ocrx_word' id='word_1_606' title='bbox 2588 3724 2770 3796; x_wconf 89' lang='lat' dir='ltr'>ipsam</span> <span class='ocrx_word' id='word_1_607' title='bbox 2798 3721 3145 3780; x_wconf 79' lang='lat' dir='ltr'>exarandam</span> <span class='ocrx_word' id='word_1_608' title='bbox 3178 3723 3303 3779; x_wconf 81' lang='lat' dir='ltr'>sore</span> 
     </span>
     <span class='ocr_line' id='line_1_100' title="bbox 1946 3803 3295 3876; baseline -0.001 -17"><span class='ocrx_word' id='word_1_609' title='bbox 1946 3805 2073 3861; x_wconf 89' lang='lat' dir='ltr'>sine</span> <span class='ocrx_word' id='word_1_610' title='bbox 2115 3820 2333 3869; x_wconf 90' lang='lat' dir='ltr'>errore,</span> <span class='ocrx_word' id='word_1_611' title='bbox 2365 3809 2420 3860; x_wconf 93' lang='lat' dir='ltr'>et</span> <span class='ocrx_word' id='word_1_612' title='bbox 2440 3805 2543 3860; x_wconf 85' lang='lat' dir='ltr'>hac</span> <span class='ocrx_word' id='word_1_613' title='bbox 2594 3805 2948 3876; x_wconf 84' lang='lat' dir='ltr'>praescientia</span> <span class='ocrx_word' id='word_1_614' title='bbox 2987 3803 3295 3874; x_wconf 88' lang='lat' dir='ltr'>supposita,</span> 
     </span>
     <span class='ocr_line' id='line_1_101' title="bbox 1949 3882 3309 3956; baseline -0.001 -18"><span class='ocrx_word' id='word_1_615' title='bbox 1949 3882 2257 3940; x_wconf 82' lang='lat' dir='ltr'>infallibile</span> <span class='ocrx_word' id='word_1_616' title='bbox 2277 3890 2379 3949; x_wconf 87' lang='lat' dir='ltr'>est,</span> <span class='ocrx_word' id='word_1_617' title='bbox 2422 3883 2569 3956; x_wconf 85' lang='lat' dir='ltr'>quod</span> <span class='ocrx_word' id='word_1_618' title='bbox 2598 3899 2796 3940; x_wconf 90' lang='lat' dir='ltr'>errore</span> <span class='ocrx_word' id='word_1_619' title='bbox 2822 3890 2991 3948; x_wconf 87' lang='lat' dir='ltr'>caret,</span> <span class='ocrx_word' id='word_1_620' title='bbox 3034 3883 3309 3955; x_wconf 79' lang='lat' dir='ltr'>quamvis</span> 
     </span>
     <span class='ocr_line' id='line_1_102' title="bbox 1947 3962 3307 4036; baseline -0.001 -17"><span class='ocrx_word' id='word_1_621' title='bbox 1947 3963 2006 4019; x_wconf 90' lang='lat' dir='ltr'>id</span> <span class='ocrx_word' id='word_1_622' title='bbox 2037 3963 2197 4021; x_wconf 90' lang='lat' dir='ltr'>nohis</span> <span class='ocrx_word' id='word_1_623' title='bbox 2224 3979 2339 4020; x_wconf 92' lang='lat' dir='ltr'>non</span> <span class='ocrx_word' id='word_1_624' title='bbox 2364 3979 2591 4036; x_wconf 90' lang='lat' dir='ltr'>semper</span> <span class='ocrx_word' id='word_1_625' title='bbox 2625 3971 2862 4020; x_wconf 89' lang='lat' dir='ltr'>constet.</span> <span class='ocrx_word' id='word_1_626' title='bbox 2919 3962 3080 4018; x_wconf 85' lang='lat' dir='ltr'>Unde</span> <span class='ocrx_word' id='word_1_627' title='bbox 3107 3978 3307 4019; x_wconf 84' lang='lat' dir='ltr'>coram</span> 
     </span>
     <span class='ocr_line' id='line_1_103' title="bbox 1949 4043 3301 4102; baseline 0 -3"><span class='ocrx_word' id='word_1_628' title='bbox 1949 4047 2062 4102; x_wconf 91' lang='lat' dir='ltr'>Deo</span> <span class='ocrx_word' id='word_1_629' title='bbox 2101 4051 2219 4100; x_wconf 88' lang='lat' dir='ltr'>tam</span> <span class='ocrx_word' id='word_1_630' title='bbox 2262 4043 2592 4100; x_wconf 82' lang='lat' dir='ltr'>infallibilis</span> <span class='ocrx_word' id='word_1_631' title='bbox 2630 4044 2994 4101; x_wconf 89' lang='lat' dir='ltr'>authoritatis</span> <span class='ocrx_word' id='word_1_632' title='bbox 3037 4045 3150 4099; x_wconf 87' lang='lat' dir='ltr'>erit</span> <span class='ocrx_word' id='word_1_633' title='bbox 3186 4043 3301 4099; x_wconf 80' lang='lat' dir='ltr'>haec</span> 
     </span>
     <span class='ocr_line' id='line_1_104' title="bbox 1949 4121 3314 4198; baseline -0.007 -17"><span class='ocrx_word' id='word_1_634' title='bbox 1949 4124 2260 4198; x_wconf 88' lang='lat' dir='ltr'>suppositio</span> <span class='ocrx_word' id='word_1_635' title='bbox 2288 4140 2322 4180; x_wconf 84' lang='lat' dir='ltr'>a</span> <span class='ocrx_word' id='word_1_636' title='bbox 2347 4123 2512 4181; x_wconf 90' lang='lat' dir='ltr'>nobis</span> <span class='ocrx_word' id='word_1_637' title='bbox 2540 4124 2709 4180; x_wconf 89' lang='lat' dir='ltr'>modo</span> <span class='ocrx_word' id='word_1_638' title='bbox 2736 4125 2944 4196; x_wconf 88' lang='lat' dir='ltr'>scripta</span> <span class='ocrx_word' id='word_1_639' title='bbox 2977 4145 2989 4180; x_wconf 72' lang='grc' dir='ltr'><strong><em>ε</em></strong></span> <span class='ocrx_word' id='word_1_640' title='bbox 3043 4121 3314 4181; x_wconf 78' lang='lat' dir='ltr'>Gratiam.</span> 
     </span>
     <span class='ocr_line' id='line_1_105' title="bbox 1948 4203 3305 4281; baseline -0.002 -19"><span class='ocrx_word' id='word_1_641' title='bbox 1948 4226 2020 4263; x_wconf 69' lang='lat' dir='ltr'>ex</span> <span class='ocrx_word' id='word_1_642' title='bbox 2038 4225 2092 4262; x_wconf 84' lang='lat' dir='ltr'>se</span> <span class='ocrx_word' id='word_1_643' title='bbox 2128 4208 2397 4281; x_wconf 81' lang='lat' dir='ltr'>efficacem</span> <span class='ocrx_word' id='word_1_644' title='bbox 2439 4206 2780 4280; x_wconf 78' lang='lat' dir='ltr'>defendimus</span> <span class='ocrx_word' id='word_1_645' title='bbox 2804 4224 2823 4272; x_wconf 89' lang='lat'><em>;</em></span> <span class='ocrx_word' id='word_1_646' title='bbox 2849 4222 3019 4278; x_wconf 86' lang='lat' dir='ltr'>quam</span> <span class='ocrx_word' id='word_1_647' title='bbox 3061 4205 3185 4271; x_wconf 89' lang='lat' dir='ltr'>ista,</span> <span class='ocrx_word' id='word_1_648' title='bbox 3228 4203 3305 4261; x_wconf 79' lang='lat' dir='ltr'>In</span> 
     </span>
     <span class='ocr_line' id='line_1_106' title="bbox 1943 4289 3304 4364; baseline -0.004 -18"><span class='ocrx_word' id='word_1_649' title='bbox 1943 4292 2222 4364; x_wconf 80' lang='lat' dir='ltr'>principio</span> <span class='ocrx_word' id='word_1_650' title='bbox 2258 4292 2463 4345; x_wconf 79' lang='lat' dir='ltr'>creavit</span> <span class='ocrx_word' id='word_1_651' title='bbox 2498 4294 2522 4345; x_wconf 92' lang='lat' dir='ltr'><em>l</em></span> <span class='ocrx_word' id='word_1_652' title='bbox 2545 4308 2638 4345; x_wconf 77' lang='lat' dir='ltr'>eus</span> <span class='ocrx_word' id='word_1_653' title='bbox 2664 4289 2874 4352; x_wconf 81' lang='lat' dir='ltr'>coelum,</span> <span class='ocrx_word' id='word_1_654' title='bbox 2905 4296 2951 4343; x_wconf 82' lang='lat' dir='ltr'>et</span> <span class='ocrx_word' id='word_1_655' title='bbox 2991 4296 3213 4354; x_wconf 79' lang='lat' dir='ltr'>terram,</span> <span class='ocrx_word' id='word_1_656' title='bbox 3245 4293 3304 4342; x_wconf 91' lang='lat' dir='ltr'>et</span> 
     </span>
     <span class='ocr_line' id='line_1_107' title="bbox 1951 4367 3316 4441; baseline -0.004 -15"><span class='ocrx_word' id='word_1_657' title='bbox 1951 4375 2069 4427; x_wconf 88' lang='lat' dir='ltr'>tota</span> <span class='ocrx_word' id='word_1_658' title='bbox 2093 4385 2251 4426; x_wconf 89' lang='lat' dir='ltr'>sacra</span> <span class='ocrx_word' id='word_1_659' title='bbox 2271 4369 2579 4441; x_wconf 86' lang='lat' dir='ltr'>Scriptura.</span> <span class='ocrx_word' id='word_1_660' title='bbox 2608 4372 2728 4432; x_wconf 81' lang='lat' dir='ltr'>Quo</span> <span class='ocrx_word' id='word_1_661' title='bbox 2747 4367 2882 4439; x_wconf 91' lang='lat' dir='ltr'>quid</span> <span class='ocrx_word' id='word_1_662' title='bbox 2905 4368 3152 4439; x_wconf 90' lang='lat' dir='ltr'>ineptius</span> <span class='ocrx_word' id='word_1_663' title='bbox 3172 4372 3198 4421; x_wconf 61' lang='grc' dir='ltr'><em>ν</em></span> <span class='ocrx_word' id='word_1_664' title='bbox 3221 4368 3316 4421; x_wconf 85' lang='lat' dir='ltr'>Ne·</span> 
     </span>
     <span class='ocr_line' id='line_1_108' title="bbox 1948 4447 3305 4524; baseline -0.004 -16"><span class='ocrx_word' id='word_1_665' title='bbox 1948 4466 2087 4524; x_wconf 83' lang='lat' dir='ltr'>ergo</span> <span class='ocrx_word' id='word_1_666' title='bbox 2115 4450 2217 4507; x_wconf 90' lang='lat' dir='ltr'>hoc</span> <span class='ocrx_word' id='word_1_667' title='bbox 2241 4449 2516 4515; x_wconf 89' lang='lat' dir='ltr'>dicamus,</span> <span class='ocrx_word' id='word_1_668' title='bbox 2549 4447 2916 4504; x_wconf 88' lang='lat' dir='ltr'>asserendum</span> <span class='ocrx_word' id='word_1_669' title='bbox 2944 4453 3026 4503; x_wconf 91' lang='lat' dir='ltr'>est</span> <span class='ocrx_word' id='word_1_670' title='bbox 3052 4447 3305 4518; x_wconf 90' lang='lat' dir='ltr'>Scripto-</span> 
     </span>
     <span class='ocr_line' id='line_1_109' title="bbox 1956 4524 3306 4603; baseline -0.006 -15"><span class='ocrx_word' id='word_1_671' title='bbox 1956 4546 2045 4588; x_wconf 86' lang='lat' dir='ltr'>res</span> <span class='ocrx_word' id='word_1_672' title='bbox 2065 4546 2252 4587; x_wconf 90' lang='lat' dir='ltr'>sacros</span> <span class='ocrx_word' id='word_1_673' title='bbox 2276 4535 2607 4603; x_wconf 73' lang='lat' dir='ltr'>praeventos,</span> <span class='ocrx_word' id='word_1_674' title='bbox 2628 4534 2684 4584; x_wconf 89' lang='lat' dir='ltr'>et</span> <span class='ocrx_word' id='word_1_675' title='bbox 2698 4528 2914 4602; x_wconf 86' lang='lat' dir='ltr'>adjutos</span> <span class='ocrx_word' id='word_1_676' title='bbox 2933 4542 3053 4583; x_wconf 89' lang='lat' dir='ltr'>esse</span> <span class='ocrx_word' id='word_1_677' title='bbox 3071 4524 3306 4598; x_wconf 75' lang='lat' dir='ltr'>speciali</span> 
     </span>
     <span class='ocr_line' id='line_1_110' title="bbox 1954 4608 3319 4685; baseline -0.004 -19"><span class='ocrx_word' id='word_1_678' title='bbox 1954 4611 2202 4685; x_wconf 90' lang='lat' dir='ltr'>Spiritus</span> <span class='ocrx_word' id='word_1_679' title='bbox 2215 4610 2395 4667; x_wconf 89' lang='lat' dir='ltr'>sancti</span> <span class='ocrx_word' id='word_1_680' title='bbox 2417 4608 2757 4673; x_wconf 87' lang='lat' dir='ltr'>assistentia,</span> <span class='ocrx_word' id='word_1_681' title='bbox 2781 4608 2998 4664; x_wconf 83' lang='lat' dir='ltr'>ratione</span> <span class='ocrx_word' id='word_1_682' title='bbox 3018 4609 3177 4682; x_wconf 87' lang='lat' dir='ltr'>cujus</span> <span class='ocrx_word' id='word_1_683' title='bbox 3194 4621 3319 4663; x_wconf 76' lang='lat' dir='ltr'>non-</span> 
     </span>
     <span class='ocr_line' id='line_1_111' title="bbox 1958 4690 3318 4766; baseline -0.006 -16"><span class='ocrx_word' id='word_1_684' title='bbox 1958 4699 2219 4766; x_wconf 90' lang='lat' dir='ltr'>poterant</span> <span class='ocrx_word' id='word_1_685' title='bbox 2264 4691 2514 4764; x_wconf 86' lang='lat' dir='ltr'>potentia</span> <span class='ocrx_word' id='word_1_686' title='bbox 2552 4690 2937 4762; x_wconf 87' lang='lat' dir='ltr'>consequenti,</span> <span class='ocrx_word' id='word_1_687' title='bbox 2969 4695 3024 4745; x_wconf 92' lang='lat' dir='ltr'>et</span> <span class='ocrx_word' id='word_1_688' title='bbox 3052 4690 3112 4744; x_wconf 90' lang='lat' dir='ltr'>in</span> <span class='ocrx_word' id='word_1_689' title='bbox 3141 4703 3318 4744; x_wconf 86' lang='lat' dir='ltr'>sensu</span> 
     </span>
     <span class='ocr_line' id='line_1_112' title="bbox 1957 4770 3325 4846; baseline -0.005 -15"><span class='ocrx_word' id='word_1_690' title='bbox 1957 4774 2288 4846; x_wconf 90' lang='lat' dir='ltr'>composito,</span> <span class='ocrx_word' id='word_1_691' title='bbox 2320 4773 2409 4828; x_wconf 77' lang='lat' dir='ltr'>vel</span> <span class='ocrx_word' id='word_1_692' title='bbox 2436 4770 2687 4828; x_wconf 89' lang='lat' dir='ltr'>scribere</span> <span class='ocrx_word' id='word_1_693' title='bbox 2727 4770 2886 4834; x_wconf 88' lang='lat' dir='ltr'>falsa,</span> <span class='ocrx_word' id='word_1_694' title='bbox 2913 4770 3004 4826; x_wconf 77' lang='lat' dir='ltr'>vel</span> <span class='ocrx_word' id='word_1_695' title='bbox 3048 4770 3325 4825; x_wconf 84' lang='lat' dir='ltr'>omittere</span> 
     </span>
     <span class='ocr_line' id='line_1_113' title="bbox 1959 4852 3315 4928; baseline -0.006 -15"><span class='ocrx_word' id='word_1_696' title='bbox 1959 4872 2115 4919; x_wconf 88' lang='lat' dir='ltr'>vera,</span> <span class='ocrx_word' id='word_1_697' title='bbox 2141 4871 2265 4928; x_wconf 83' lang='lat' dir='ltr'>quae</span> <span class='ocrx_word' id='word_1_698' title='bbox 2290 4852 2622 4911; x_wconf 89' lang='lat' dir='ltr'>intendebat</span> <span class='ocrx_word' id='word_1_699' title='bbox 2659 4852 2906 4924; x_wconf 90' lang='lat' dir='ltr'>Spiritus</span> <span class='ocrx_word' id='word_1_700' title='bbox 2931 4858 3156 4907; x_wconf 88' lang='lat' dir='ltr'>sanctus</span> <span class='ocrx_word' id='word_1_701' title='bbox 3185 4865 3315 4906; x_wconf 88' lang='lat' dir='ltr'>ma-</span> 
     </span>
     <span class='ocr_line' id='line_1_114' title="bbox 1962 4929 3318 5004; baseline -0.004 -14"><span class='ocrx_word' id='word_1_702' title='bbox 1962 4935 2254 4992; x_wconf 77' lang='lat' dir='ltr'>nifestare.</span> <span class='ocrx_word' id='word_1_703' title='bbox 2271 4936 2393 4999; x_wconf 88' lang='lat' dir='ltr'>Qua</span> <span class='ocrx_word' id='word_1_704' title='bbox 2424 4933 2645 4989; x_wconf 91' lang='lat' dir='ltr'>ratione</span> <span class='ocrx_word' id='word_1_705' title='bbox 2670 4930 2961 5004; x_wconf 88' lang='lat' dir='ltr'>Scriptura</span> <span class='ocrx_word' id='word_1_706' title='bbox 2983 4929 3052 4985; x_wconf 90' lang='lat' dir='ltr'>ab</span> <span class='ocrx_word' id='word_1_707' title='bbox 3078 4930 3161 4985; x_wconf 91' lang='lat' dir='ltr'>eis</span> <span class='ocrx_word' id='word_1_708' title='bbox 3181 4944 3318 4984; x_wconf 84' lang='lat' dir='ltr'>exa-</span> 
     </span>
     <span class='ocr_line' id='line_1_115' title="bbox 1963 5010 3309 5090; baseline -0.007 -18"><span class='ocrx_word' id='word_1_709' title='bbox 1963 5023 2102 5083; x_wconf 83' lang='lat' dir='ltr'>rata,</span> <span class='ocrx_word' id='word_1_710' title='bbox 2152 5020 2430 5090; x_wconf 88' lang='lat' dir='ltr'>quatenus</span> <span class='ocrx_word' id='word_1_711' title='bbox 2474 5013 2701 5086; x_wconf 89' lang='lat' dir='ltr'>respicit</span> <span class='ocrx_word' id='word_1_712' title='bbox 2729 5013 2879 5085; x_wconf 92' lang='lat' dir='ltr'>ipsos</span> <span class='ocrx_word' id='word_1_713' title='bbox 2907 5017 3072 5084; x_wconf 90' lang='lat' dir='ltr'>prout</span> <span class='ocrx_word' id='word_1_714' title='bbox 3110 5011 3190 5065; x_wconf 89' lang='lat' dir='ltr'>sic</span> <span class='ocrx_word' id='word_1_715' title='bbox 3217 5010 3309 5064; x_wconf 85' lang='lat' dir='ltr'>af-</span> 
     </span>
    </p>

    <p class='ocr_par' dir='ltr' id='par_1_12' title="bbox 3135 5091 3308 5146">
     <span class='ocr_line' id='line_1_116' title="bbox 3135 5091 3308 5146; baseline -0.012 -1"><span class='ocrx_word' id='word_1_716' title='bbox 3135 5091 3308 5146; x_wconf 76' lang='lat' dir='ltr'>sectos</span> 
     </span>
    </p>
   </div>
   <div class='ocr_carea' id='block_1_7' title="bbox 3619 2023 3626 2854">
    <p class='ocr_par' dir='ltr' id='par_1_13' title="bbox 3619 2023 3626 2854">
     <span class='ocr_line' id='line_1_117' title="bbox 3619 2023 3626 2854; baseline 0 0"><span class='ocrx_word' id='word_1_717' title='bbox 3619 2023 3626 2854; x_wconf 95' lang='lat' dir='ltr'> </span> 
     </span>
    </p>
   </div>
   <div class='ocr_carea' id='block_1_8' title="bbox 3619 3868 3626 4817">
    <p class='ocr_par' dir='ltr' id='par_1_14' title="bbox 3619 3868 3626 4817">
     <span class='ocr_line' id='line_1_118' title="bbox 3619 3868 3626 4817; baseline 0 0"><span class='ocrx_word' id='word_1_718' title='bbox 3619 3868 3626 4817; x_wconf 95' lang='lat' dir='ltr'> </span> 
     </span>
    </p>
   </div>
  </div>
 </body>
</html>
