<?xml version="1.0" encoding="UTF-8"?>
<!DOCTYPE html PUBLIC "-//W3C//DTD XHTML 1.0 Transitional//EN"
    "http://www.w3.org/TR/xhtml1/DTD/xhtml1-transitional.dtd">
<html xmlns="http://www.w3.org/1999/xhtml" xml:lang="en" lang="en">
 <head>
  <title>
</title>
<meta http-equiv="Content-Type" content="text/html;charset=utf-8" />
  <meta name='ocr-system' content='tesseract 3.04.00' />
  <meta name='ocr-capabilities' content='ocr_page ocr_carea ocr_par ocr_line ocrx_word'/>
</head>
<body>
  <div class='ocr_page' id='page_1' title='image "./collegiisalmant00carmgoog_0499.png"; bbox 0 0 3647 5753; ppageno 0'>
   <div class='ocr_carea' id='block_1_1' title="bbox 56 3117 214 3264">
    <p class='ocr_par' dir='ltr' id='par_1_1' title="bbox 56 3117 214 3264">
     <span class='ocr_line' id='line_1_1' title="bbox 56 3117 214 3158; baseline 0.019 -3"><span class='ocrx_word' id='word_1_1' title='bbox 56 3117 214 3158; x_wconf 66' lang='lat' dir='ltr'>Confir-</span> 
     </span>
     <span class='ocr_line' id='line_1_2' title="bbox 71 3170 198 3222; baseline 0.008 -15"><span class='ocrx_word' id='word_1_2' title='bbox 71 3170 198 3222; x_wconf 61' lang='lat' dir='ltr'>untur</span> 
     </span>
     <span class='ocr_line' id='line_1_3' title="bbox 68 3224 209 3264; baseline -0.007 -6"><span class='ocrx_word' id='word_1_3' title='bbox 68 3224 209 3264; x_wconf 70' lang='lat' dir='ltr'>pruno.</span> 
     </span>
    </p>
   </div>
   <div class='ocr_carea' id='block_1_2' title="bbox 1415 415 2080 483">
    <p class='ocr_par' dir='ltr' id='par_1_2' title="bbox 1415 415 2080 483">
     <span class='ocr_line' id='line_1_4' title="bbox 1415 415 2080 483; baseline 0.002 -13"><span class='ocrx_word' id='word_1_4' title='bbox 1415 415 1593 472; x_wconf 90' lang='lat' dir='ltr'>DISP.</span> <span class='ocrx_word' id='word_1_5' title='bbox 1636 415 1708 483; x_wconf 88' lang='lat'>11,</span> <span class='ocrx_word' id='word_1_6' title='bbox 1749 415 1915 471; x_wconf 92' lang='lat' dir='ltr'>DUB.</span> <span class='ocrx_word' id='word_1_7' title='bbox 1966 416 2080 471; x_wconf 85' lang='lat' dir='ltr'>vn.</span> 
     </span>
    </p>
   </div>
   <div class='ocr_carea' id='block_1_3' title="bbox 248 584 1628 2286">
    <p class='ocr_par' dir='ltr' id='par_1_3' title="bbox 248 584 1628 2286">
     <span class='ocr_line' id='line_1_5' title="bbox 256 584 1628 660; baseline 0 -16"><span class='ocrx_word' id='word_1_8' title='bbox 256 587 676 651; x_wconf 79' lang='lat' dir='ltr'>fundamentiS‚</span> <span class='ocrx_word' id='word_1_9' title='bbox 717 589 774 642; x_wconf 89' lang='lat' dir='ltr'>et</span> <span class='ocrx_word' id='word_1_10' title='bbox 800 584 1107 660; x_wconf 79' lang='lat' dir='ltr'><strong>principiis</strong></span> <span class='ocrx_word' id='word_1_11' title='bbox 1152 586 1395 660; x_wconf 89' lang='lat' dir='ltr'>alicujus</span> <span class='ocrx_word' id='word_1_12' title='bbox 1446 587 1628 644; x_wconf 91' lang='lat' dir='ltr'>deno-</span> 
     </span>
     <span class='ocr_line' id='line_1_6' title="bbox 256 666 1622 740; baseline -0.001 -15"><span class='ocrx_word' id='word_1_13' title='bbox 256 668 622 732; x_wconf 78' lang='lat' dir='ltr'>minationiS,</span> <span class='ocrx_word' id='word_1_14' title='bbox 656 672 984 739; x_wconf 85' lang='lat' dir='ltr'>perseverat</span> <span class='ocrx_word' id='word_1_15' title='bbox 1026 667 1150 740; x_wconf 90' lang='lat' dir='ltr'>ipsa</span> <span class='ocrx_word' id='word_1_16' title='bbox 1195 666 1622 734; x_wconf 67' lang='lat' dir='ltr'>denominatim</span> 
     </span>
     <span class='ocr_line' id='line_1_7' title="bbox 249 747 1627 823; baseline -0.004 -15"><span class='ocrx_word' id='word_1_17' title='bbox 249 766 323 808; x_wconf 84' lang='lat' dir='ltr'>eo</span> <span class='ocrx_word' id='word_1_18' title='bbox 369 749 519 823; x_wconf 92' lang='lat' dir='ltr'>quod</span> <span class='ocrx_word' id='word_1_19' title='bbox 572 748 726 806; x_wconf 91' lang='lat' dir='ltr'>idem</span> <span class='ocrx_word' id='word_1_20' title='bbox 757 763 1001 805; x_wconf 90' lang='lat' dir='ltr'>manens</span> <span class='ocrx_word' id='word_1_21' title='bbox 1030 747 1183 805; x_wconf 91' lang='lat' dir='ltr'>idem</span> <span class='ocrx_word' id='word_1_22' title='bbox 1222 764 1452 821; x_wconf 85' lang='lat' dir='ltr'><strong>semper</strong></span> <span class='ocrx_word' id='word_1_23' title='bbox 1492 749 1627 805; x_wconf 83' lang='lat' dir='ltr'>facit</span> 
     </span>
     <span class='ocr_line' id='line_1_8' title="bbox 254 831 1619 905; baseline -0.004 -14"><span class='ocrx_word' id='word_1_24' title='bbox 254 832 435 899; x_wconf 89' lang='lat' dir='ltr'>idem,</span> <span class='ocrx_word' id='word_1_25' title='bbox 468 838 529 889; x_wconf 91' lang='lat' dir='ltr'>ut</span> <span class='ocrx_word' id='word_1_26' title='bbox 555 850 627 890; x_wconf 86' lang='lat' dir='ltr'>ex</span> <span class='ocrx_word' id='word_1_27' title='bbox 669 848 729 888; x_wconf 91' lang='lat' dir='ltr'>se</span> <span class='ocrx_word' id='word_1_28' title='bbox 757 832 975 905; x_wconf 90' lang='lat' dir='ltr'>liquet:</span> <span class='ocrx_word' id='word_1_29' title='bbox 1022 832 1178 902; x_wconf 91' lang='lat' dir='ltr'>atqui</span> <span class='ocrx_word' id='word_1_30' title='bbox 1224 831 1619 898; x_wconf 84' lang='lat' dir='ltr'>fundamenta,</span> 
     </span>
     <span class='ocr_line' id='line_1_9' title="bbox 249 912 1623 988; baseline -0.004 -16"><span class='ocrx_word' id='word_1_31' title='bbox 249 920 311 973; x_wconf 88' lang='lat' dir='ltr'>et</span> <span class='ocrx_word' id='word_1_32' title='bbox 339 914 626 988; x_wconf 89' lang='lat' dir='ltr'>principia</span> <span class='ocrx_word' id='word_1_33' title='bbox 650 912 1053 987; x_wconf 77' lang='lat' dir='ltr'>praedictarum</span> <span class='ocrx_word' id='word_1_34' title='bbox 1081 912 1623 969; x_wconf 84' lang='lat' dir='ltr'>denominationum</span> 
     </span>
     <span class='ocr_line' id='line_1_10' title="bbox 253 992 1624 1069; baseline -0.003 -18"><span class='ocrx_word' id='word_1_35' title='bbox 253 995 743 1069; x_wconf 89' lang='lat' dir='ltr'>inimpedibiliter</span> <span class='ocrx_word' id='word_1_36' title='bbox 772 998 1198 1067; x_wconf 83' lang='lat' dir='ltr'>permanerent,</span> <span class='ocrx_word' id='word_1_37' title='bbox 1224 992 1479 1065; x_wconf 89' lang='lat' dir='ltr'>quandiu</span> <span class='ocrx_word' id='word_1_38' title='bbox 1505 1008 1624 1064; x_wconf 88' lang='lat' dir='ltr'>pec-</span> 
     </span>
     <span class='ocr_line' id='line_1_11' title="bbox 248 1075 1623 1148; baseline -0.003 -14"><span class='ocrx_word' id='word_1_39' title='bbox 248 1082 413 1135; x_wconf 87' lang='lat' dir='ltr'>cator</span> <span class='ocrx_word' id='word_1_40' title='bbox 460 1093 576 1134; x_wconf 93' lang='lat' dir='ltr'>non</span> <span class='ocrx_word' id='word_1_41' title='bbox 630 1078 1041 1133; x_wconf 84' lang='lat' dir='ltr'>immutaretur</span> <span class='ocrx_word' id='word_1_42' title='bbox 1079 1075 1432 1131; x_wconf 85' lang='lat' dir='ltr'>intrinsece:</span> <span class='ocrx_word' id='word_1_43' title='bbox 1487 1090 1623 1148; x_wconf 83' lang='lat' dir='ltr'>ergo</span> 
     </span>
     <span class='ocr_line' id='line_1_12' title="bbox 254 1155 1622 1231; baseline -0.004 -16"><span class='ocrx_word' id='word_1_44' title='bbox 254 1159 539 1231; x_wconf 78' lang='lat' dir='ltr'>praedictae</span> <span class='ocrx_word' id='word_1_45' title='bbox 566 1157 1069 1215; x_wconf 84' lang='lat' dir='ltr'>denominationes</span> <span class='ocrx_word' id='word_1_46' title='bbox 1117 1170 1235 1211; x_wconf 93' lang='lat' dir='ltr'>non</span> <span class='ocrx_word' id='word_1_47' title='bbox 1272 1161 1499 1228; x_wconf 84' lang='lat' dir='ltr'>possent</span> <span class='ocrx_word' id='word_1_48' title='bbox 1527 1155 1622 1212; x_wconf 91' lang='lat' dir='ltr'>ad—</span> 
     </span>
     <span class='ocr_line' id='line_1_13' title="bbox 251 1236 1622 1313; baseline -0.003 -16"><span class='ocrx_word' id='word_1_49' title='bbox 251 1241 365 1297; x_wconf 88' lang='lat' dir='ltr'>buc</span> <span class='ocrx_word' id='word_1_50' title='bbox 396 1257 496 1313; x_wconf 91' lang='lat' dir='ltr'>per</span> <span class='ocrx_word' id='word_1_51' title='bbox 537 1240 798 1296; x_wconf 85' lang='lat' dir='ltr'>divinam</span> <span class='ocrx_word' id='word_1_52' title='bbox 829 1238 1141 1311; x_wconf 84' lang='lat' dir='ltr'>potentiam</span> <span class='ocrx_word' id='word_1_53' title='bbox 1169 1253 1387 1294; x_wconf 88' lang='lat' dir='ltr'>cessare</span> <span class='ocrx_word' id='word_1_54' title='bbox 1408 1236 1622 1309; x_wconf 83' lang='lat' dir='ltr'>absque</span> 
     </span>
     <span class='ocr_line' id='line_1_14' title="bbox 253 1322 1621 1393; baseline -0.001 -15"><span class='ocrx_word' id='word_1_55' title='bbox 253 1324 577 1380; x_wconf 88' lang='lat' dir='ltr'>mutatione</span> <span class='ocrx_word' id='word_1_56' title='bbox 644 1322 958 1379; x_wconf 89' lang='lat' dir='ltr'>intrinseca</span> <span class='ocrx_word' id='word_1_57' title='bbox 1028 1322 1352 1393; x_wconf 76' lang='lat' dir='ltr'>peccatoris.</span> <span class='ocrx_word' id='word_1_58' title='bbox 1410 1324 1621 1378; x_wconf 80' lang='lat' dir='ltr'>Caetera</span> 
     </span>
     <span class='ocr_line' id='line_1_15' title="bbox 252 1401 1613 1476; baseline -0.004 -16"><span class='ocrx_word' id='word_1_59' title='bbox 252 1409 540 1470; x_wconf 83' lang='lat' dir='ltr'>constant,</span> <span class='ocrx_word' id='word_1_60' title='bbox 581 1408 637 1459; x_wconf 92' lang='lat' dir='ltr'>et</span> <span class='ocrx_word' id='word_1_61' title='bbox 686 1403 881 1459; x_wconf 88' lang='lat' dir='ltr'>minor</span> <span class='ocrx_word' id='word_1_62' title='bbox 919 1402 979 1458; x_wconf 91' lang='lat' dir='ltr'>in</span> <span class='ocrx_word' id='word_1_63' title='bbox 1030 1419 1143 1476; x_wconf 93' lang='lat' dir='ltr'>qua</span> <span class='ocrx_word' id='word_1_64' title='bbox 1174 1407 1257 1458; x_wconf 86' lang='lat' dir='ltr'>est</span> <span class='ocrx_word' id='word_1_65' title='bbox 1296 1401 1613 1466; x_wconf 79' lang='lat' dir='ltr'>difficultas,</span> 
     </span>
     <span class='ocr_line' id='line_1_16' title="bbox 248 1482 1613 1556; baseline -0.004 -16"><span class='ocrx_word' id='word_1_66' title='bbox 248 1484 526 1542; x_wconf 89' lang='lat' dir='ltr'>suadetur</span> <span class='ocrx_word' id='word_1_67' title='bbox 551 1509 559 1533; x_wconf 73' lang='grc' dir='ltr'><em>ι</em></span> <span class='ocrx_word' id='word_1_68' title='bbox 585 1483 720 1556; x_wconf 88' lang='lat' dir='ltr'>quia</span> <span class='ocrx_word' id='word_1_69' title='bbox 750 1487 1040 1555; x_wconf 87' lang='lat' dir='ltr'>nequeunt</span> <span class='ocrx_word' id='word_1_70' title='bbox 1067 1483 1181 1539; x_wconf 86' lang='lat' dir='ltr'>alia</span> <span class='ocrx_word' id='word_1_71' title='bbox 1212 1482 1613 1544; x_wconf 81' lang='lat' dir='ltr'>fundamenta,</span> 
     </span>
     <span class='ocr_line' id='line_1_17' title="bbox 251 1560 1620 1640; baseline -0.004 -18"><span class='ocrx_word' id='word_1_72' title='bbox 251 1568 346 1624; x_wconf 78' lang='lat' dir='ltr'>vel</span> <span class='ocrx_word' id='word_1_73' title='bbox 389 1566 673 1640; x_wconf 89' lang='lat' dir='ltr'>principia</span> <span class='ocrx_word' id='word_1_74' title='bbox 731 1564 1137 1636; x_wconf 81' lang='lat' dir='ltr'>praedictarum</span> <span class='ocrx_word' id='word_1_75' title='bbox 1191 1560 1620 1619; x_wconf 89' lang='lat' dir='ltr'>denominatio-</span> 
     </span>
     <span class='ocr_line' id='line_1_18' title="bbox 253 1642 1619 1719; baseline -0.005 -16"><span class='ocrx_word' id='word_1_76' title='bbox 253 1663 397 1702; x_wconf 88' lang='lat' dir='ltr'>num</span> <span class='ocrx_word' id='word_1_77' title='bbox 424 1645 753 1719; x_wconf 85' lang='lat' dir='ltr'>excogitari‚</span> <span class='ocrx_word' id='word_1_78' title='bbox 782 1645 894 1700; x_wconf 90' lang='lat' dir='ltr'>nisi</span> <span class='ocrx_word' id='word_1_79' title='bbox 934 1645 1022 1700; x_wconf 82' lang='lat' dir='ltr'>vel</span> <span class='ocrx_word' id='word_1_80' title='bbox 1047 1648 1323 1716; x_wconf 88' lang='lat' dir='ltr'>peccator,</span> <span class='ocrx_word' id='word_1_81' title='bbox 1356 1642 1447 1698; x_wconf 91' lang='lat' dir='ltr'>cui</span> <span class='ocrx_word' id='word_1_82' title='bbox 1476 1656 1619 1697; x_wconf 90' lang='lat' dir='ltr'>con-</span> 
     </span>
     <span class='ocr_line' id='line_1_19' title="bbox 252 1721 1618 1798; baseline -0.004 -15"><span class='ocrx_word' id='word_1_83' title='bbox 252 1728 514 1791; x_wconf 81' lang='lat' dir='ltr'>veniunt,</span> <span class='ocrx_word' id='word_1_84' title='bbox 549 1727 638 1782; x_wconf 80' lang='lat' dir='ltr'>vel</span> <span class='ocrx_word' id='word_1_85' title='bbox 667 1732 823 1783; x_wconf 90' lang='lat' dir='ltr'>actus</span> <span class='ocrx_word' id='word_1_86' title='bbox 876 1726 1303 1798; x_wconf 90' lang='lat' dir='ltr'>peccaminosus</span> <span class='ocrx_word' id='word_1_87' title='bbox 1351 1721 1618 1796; x_wconf 78' lang='lat' dir='ltr'>praeteri-</span> 
     </span>
     <span class='ocr_line' id='line_1_20' title="bbox 254 1803 1618 1880; baseline -0.004 -16"><span class='ocrx_word' id='word_1_88' title='bbox 254 1813 344 1864; x_wconf 90' lang='lat' dir='ltr'>tus</span> <span class='ocrx_word' id='word_1_89' title='bbox 374 1824 490 1864; x_wconf 91' lang='lat' dir='ltr'>non</span> <span class='ocrx_word' id='word_1_90' title='bbox 542 1812 896 1872; x_wconf 78' lang='lat' dir='ltr'>retractatuS,</span> <span class='ocrx_word' id='word_1_91' title='bbox 924 1823 955 1863; x_wconf 91' lang='lat' dir='ltr'>a</span> <span class='ocrx_word' id='word_1_92' title='bbox 994 1822 1105 1880; x_wconf 87' lang='lat' dir='ltr'>quo</span> <span class='ocrx_word' id='word_1_93' title='bbox 1143 1809 1475 1870; x_wconf 86' lang='lat' dir='ltr'>causantur,</span> <span class='ocrx_word' id='word_1_94' title='bbox 1524 1803 1618 1859; x_wconf 87' lang='lat' dir='ltr'>vel</span> 
     </span>
     <span class='ocr_line' id='line_1_21' title="bbox 256 1882 1618 1962; baseline -0.004 -18"><span class='ocrx_word' id='word_1_95' title='bbox 256 1888 501 1962; x_wconf 91' lang='lat' dir='ltr'>denique</span> <span class='ocrx_word' id='word_1_96' title='bbox 536 1890 725 1961; x_wconf 90' lang='lat' dir='ltr'>aliqua</span> <span class='ocrx_word' id='word_1_97' title='bbox 775 1889 1030 1945; x_wconf 89' lang='lat' dir='ltr'>carentia</span> <span class='ocrx_word' id='word_1_98' title='bbox 1053 1887 1412 1944; x_wconf 79' lang='lat' dir='ltr'>rectitudinis</span> <span class='ocrx_word' id='word_1_99' title='bbox 1449 1882 1618 1940; x_wconf 83' lang='lat' dir='ltr'>habi-</span> 
     </span>
     <span class='ocr_line' id='line_1_22' title="bbox 253 1967 1615 2043; baseline -0.003 -20"><span class='ocrx_word' id='word_1_100' title='bbox 253 1969 447 2034; x_wconf 75' lang='lat' dir='ltr'>tuali5‚</span> <span class='ocrx_word' id='word_1_101' title='bbox 472 1987 595 2043; x_wconf 80' lang='lat' dir='ltr'>quae</span> <span class='ocrx_word' id='word_1_102' title='bbox 625 1986 700 2035; x_wconf 29' lang='lat' dir='ltr'>,se</span> <span class='ocrx_word' id='word_1_103' title='bbox 727 1969 932 2026; x_wconf 90' lang='lat' dir='ltr'>habeat</span> <span class='ocrx_word' id='word_1_104' title='bbox 958 1985 1059 2042; x_wconf 93' lang='lat' dir='ltr'>per</span> <span class='ocrx_word' id='word_1_105' title='bbox 1101 1967 1335 2024; x_wconf 90' lang='lat' dir='ltr'>modum</span> <span class='ocrx_word' id='word_1_106' title='bbox 1375 1967 1574 2022; x_wconf 75' lang='lat' dir='ltr'>formae</span> <span class='ocrx_word' id='word_1_107' title='bbox 1602 1985 1615 2020; x_wconf 72' lang='grc' dir='ltr'><strong><em>ε</em></strong></span> 
     </span>
     <span class='ocr_line' id='line_1_23' title="bbox 259 2046 1616 2123; baseline -0.004 -16"><span class='ocrx_word' id='word_1_108' title='bbox 259 2066 394 2107; x_wconf 91' lang='lat' dir='ltr'>nam</span> <span class='ocrx_word' id='word_1_109' title='bbox 443 2052 532 2106; x_wconf 86' lang='lat' dir='ltr'>his</span> <span class='ocrx_word' id='word_1_110' title='bbox 585 2051 801 2123; x_wconf 89' lang='lat' dir='ltr'>positis,</span> <span class='ocrx_word' id='word_1_111' title='bbox 857 2056 914 2108; x_wconf 89' lang='lat' dir='ltr'>et</span> <span class='ocrx_word' id='word_1_112' title='bbox 988 2049 1439 2123; x_wconf 89' lang='lat' dir='ltr'>quibuscumque</span> <span class='ocrx_word' id='word_1_113' title='bbox 1486 2046 1616 2103; x_wconf 88' lang='lat' dir='ltr'>aliis</span> 
     </span>
     <span class='ocr_line' id='line_1_24' title="bbox 259 2132 1610 2204; baseline -0.004 -16"><span class='ocrx_word' id='word_1_114' title='bbox 259 2132 523 2204; x_wconf 80' lang='lat' dir='ltr'>praecisis,</span> <span class='ocrx_word' id='word_1_115' title='bbox 559 2134 714 2189; x_wconf 88' lang='lat' dir='ltr'>adest</span> <span class='ocrx_word' id='word_1_116' title='bbox 758 2132 1203 2189; x_wconf 84' lang='lat' dir='ltr'>fundamentum</span> <span class='ocrx_word' id='word_1_117' title='bbox 1233 2132 1610 2203; x_wconf 82' lang='lat' dir='ltr'>adaequatum,</span> 
     </span>
     <span class='ocr_line' id='line_1_25' title="bbox 261 2212 1610 2286; baseline -0.001 -19"><span class='ocrx_word' id='word_1_118' title='bbox 261 2218 319 2267; x_wconf 91' lang='lat' dir='ltr'>ut</span> <span class='ocrx_word' id='word_1_119' title='bbox 343 2214 512 2270; x_wconf 88' lang='lat' dir='ltr'>homo</span> <span class='ocrx_word' id='word_1_120' title='bbox 538 2213 944 2270; x_wconf 81' lang='lat' dir='ltr'>denominetur</span> <span class='ocrx_word' id='word_1_121' title='bbox 968 2218 1241 2286; x_wconf 87' lang='lat' dir='ltr'>peccator,</span> <span class='ocrx_word' id='word_1_122' title='bbox 1274 2212 1610 2276; x_wconf 81' lang='lat' dir='ltr'>maculatuS,</span> 
     </span>
    </p>
   </div>
   <div class='ocr_carea' id='block_1_4' title="bbox 229 2291 1614 2367">
    <p class='ocr_par' dir='ltr' id='par_1_4' title="bbox 229 2291 1614 2367">
     <span class='ocr_line' id='line_1_26' title="bbox 229 2291 1614 2367; baseline 0 -23"><span class='ocrx_word' id='word_1_123' title='bbox 229 2300 360 2349; x_wconf 67' lang='lat' dir='ltr'>,etc</span> <span class='ocrx_word' id='word_1_124' title='bbox 410 2294 506 2350; x_wconf 89' lang='lat' dir='ltr'>sed</span> <span class='ocrx_word' id='word_1_125' title='bbox 561 2301 814 2367; x_wconf 88' lang='lat' dir='ltr'>peccator</span> <span class='ocrx_word' id='word_1_126' title='bbox 861 2299 1178 2366; x_wconf 89' lang='lat' dir='ltr'>permanet,</span> <span class='ocrx_word' id='word_1_127' title='bbox 1212 2293 1326 2349; x_wconf 90' lang='lat' dir='ltr'>nisi</span> <span class='ocrx_word' id='word_1_128' title='bbox 1382 2291 1614 2347; x_wconf 88' lang='lat' dir='ltr'>desinat</span> 
     </span>
    </p>
   </div>
   <div class='ocr_carea' id='block_1_5' title="bbox 258 2375 1614 3019">
    <p class='ocr_par' dir='ltr' id='par_1_5' title="bbox 258 2375 1614 3019">
     <span class='ocr_line' id='line_1_27' title="bbox 262 2375 1612 2448; baseline 0 -21"><span class='ocrx_word' id='word_1_129' title='bbox 262 2390 381 2427; x_wconf 70' lang='lat' dir='ltr'>esse</span> <span class='ocrx_word' id='word_1_130' title='bbox 404 2400 412 2437; x_wconf 71' lang='grc' dir='ltr'>ς</span> <span class='ocrx_word' id='word_1_131' title='bbox 439 2382 493 2429; x_wconf 87' lang='lat' dir='ltr'>et</span> <span class='ocrx_word' id='word_1_132' title='bbox 521 2382 670 2430; x_wconf 80' lang='lat' dir='ltr'>actus</span> <span class='ocrx_word' id='word_1_133' title='bbox 701 2375 1123 2447; x_wconf 89' lang='lat' dir='ltr'>peccaminosus</span> <span class='ocrx_word' id='word_1_134' title='bbox 1144 2379 1468 2448; x_wconf 81' lang='lat' dir='ltr'>perseverat</span> <span class='ocrx_word' id='word_1_135' title='bbox 1497 2387 1612 2428; x_wconf 90' lang='lat' dir='ltr'>non</span> 
     </span>
     <span class='ocr_line' id='line_1_28' title="bbox 267 2453 1614 2524; baseline 0 -14"><span class='ocrx_word' id='word_1_136' title='bbox 267 2463 463 2510; x_wconf 45' lang='lat' dir='ltr'>retract</span> <span class='ocrx_word' id='word_1_137' title='bbox 494 2463 615 2518; x_wconf 46' lang='grc' dir='ltr'>ωε,</span> <span class='ocrx_word' id='word_1_138' title='bbox 666 2459 771 2509; x_wconf 61' lang='lat' dir='ltr'>imi</span> <span class='ocrx_word' id='word_1_139' title='bbox 837 2463 1214 2524; x_wconf 91' lang='lat' dir='ltr'>retractetur;</span> <span class='ocrx_word' id='word_1_140' title='bbox 1268 2460 1324 2512; x_wconf 90' lang='lat' dir='ltr'>et</span> <span class='ocrx_word' id='word_1_141' title='bbox 1357 2453 1614 2511; x_wconf 89' lang='lat' dir='ltr'>carentia</span> 
     </span>
     <span class='ocr_line' id='line_1_29' title="bbox 272 2537 1614 2601; baseline 0.004 -14"><span class='ocrx_word' id='word_1_142' title='bbox 272 2538 623 2592; x_wconf 51' lang='lat' dir='ltr'>rectitudinis</span> <span class='ocrx_word' id='word_1_143' title='bbox 670 2539 851 2601; x_wconf 56' lang='lat' dir='ltr'>durat,</span> <span class='ocrx_word' id='word_1_144' title='bbox 884 2540 991 2594; x_wconf 64' lang='lat' dir='ltr'>nisi</span> <span class='ocrx_word' id='word_1_145' title='bbox 1039 2537 1315 2596; x_wconf 80' lang='lat' dir='ltr'>rectitudo</span> <span class='ocrx_word' id='word_1_146' title='bbox 1344 2537 1614 2594; x_wconf 86' lang='lat' dir='ltr'>restitua-</span> 
     </span>
     <span class='ocr_line' id='line_1_30' title="bbox 271 2617 1614 2691; baseline 0.003 -23"><span class='ocrx_word' id='word_1_147' title='bbox 271 2621 364 2670; x_wconf 88' lang='lat' dir='ltr'>tur</span> <span class='ocrx_word' id='word_1_148' title='bbox 395 2642 407 2681; x_wconf 66' lang='lat'><em>3</em></span> <span class='ocrx_word' id='word_1_149' title='bbox 438 2630 483 2669; x_wconf 64' lang='lat' dir='ltr'>el</span> <span class='ocrx_word' id='word_1_150' title='bbox 515 2618 655 2672; x_wconf 82' lang='lat' dir='ltr'>nihil</span> <span class='ocrx_word' id='word_1_151' title='bbox 684 2619 884 2674; x_wconf 85' lang='lat' dir='ltr'>horum</span> <span class='ocrx_word' id='word_1_152' title='bbox 914 2617 1039 2674; x_wconf 82' lang='lat' dir='ltr'>fieri</span> <span class='ocrx_word' id='word_1_153' title='bbox 1059 2620 1212 2675; x_wconf 86' lang='lat' dir='ltr'>valet</span> <span class='ocrx_word' id='word_1_154' title='bbox 1240 2617 1448 2691; x_wconf 90' lang='lat' dir='ltr'>absque</span> <span class='ocrx_word' id='word_1_155' title='bbox 1478 2633 1614 2672; x_wconf 92' lang='lat' dir='ltr'>mu-</span> 
     </span>
     <span class='ocr_line' id='line_1_31' title="bbox 266 2697 1613 2771; baseline 0.004 -22"><span class='ocrx_word' id='word_1_156' title='bbox 266 2697 475 2754; x_wconf 86' lang='lat' dir='ltr'>tatione</span> <span class='ocrx_word' id='word_1_157' title='bbox 497 2700 802 2754; x_wconf 71' lang='lat' dir='ltr'>intrinscczi</span> <span class='ocrx_word' id='word_1_158' title='bbox 828 2701 1147 2771; x_wconf 68' lang='lat' dir='ltr'>peccatoris,</span> <span class='ocrx_word' id='word_1_159' title='bbox 1176 2706 1238 2756; x_wconf 90' lang='lat' dir='ltr'>ut</span> <span class='ocrx_word' id='word_1_160' title='bbox 1264 2700 1432 2757; x_wconf 85' lang='lat' dir='ltr'>facile</span> <span class='ocrx_word' id='word_1_161' title='bbox 1472 2715 1613 2755; x_wconf 89' lang='lat' dir='ltr'>con-</span> 
     </span>
     <span class='ocr_line' id='line_1_32' title="bbox 260 2777 1613 2856; baseline 0.001 -23"><span class='ocrx_word' id='word_1_162' title='bbox 260 2777 534 2836; x_wconf 87' lang='lat' dir='ltr'>sideranti</span> <span class='ocrx_word' id='word_1_163' title='bbox 557 2780 835 2837; x_wconf 85' lang='lat' dir='ltr'>constabit</span> <span class='ocrx_word' id='word_1_164' title='bbox 863 2803 874 2836; x_wconf 96' lang='lat'><strong>:</strong></span> <span class='ocrx_word' id='word_1_165' title='bbox 903 2798 1037 2856; x_wconf 82' lang='lat' dir='ltr'>ergo</span> <span class='ocrx_word' id='word_1_166' title='bbox 1066 2782 1352 2855; x_wconf 89' lang='lat' dir='ltr'>principia</span> <span class='ocrx_word' id='word_1_167' title='bbox 1382 2779 1613 2854; x_wconf 64' lang='lat' dir='ltr'>praedic-</span> 
     </span>
     <span class='ocr_line' id='line_1_33' title="bbox 261 2860 1612 2937; baseline 0.001 -21"><span class='ocrx_word' id='word_1_168' title='bbox 261 2870 445 2917; x_wconf 72' lang='lat' dir='ltr'>ttirum</span> <span class='ocrx_word' id='word_1_169' title='bbox 516 2860 1056 2930; x_wconf 75' lang='lat' dir='ltr'>denominationum</span> <span class='ocrx_word' id='word_1_170' title='bbox 1126 2862 1612 2937; x_wconf 91' lang='lat' dir='ltr'>inimpedibiliter</span> 
     </span>
     <span class='ocr_line' id='line_1_34' title="bbox 258 2943 1612 3019; baseline -0.001 -20"><span class='ocrx_word' id='word_1_171' title='bbox 258 2950 662 3015; x_wconf 78' lang='lat' dir='ltr'>permanerent</span> <span class='ocrx_word' id='word_1_172' title='bbox 687 2943 940 3016; x_wconf 91' lang='lat' dir='ltr'>quandiu</span> <span class='ocrx_word' id='word_1_173' title='bbox 969 2952 1223 3019; x_wconf 88' lang='lat' dir='ltr'>peccator</span> <span class='ocrx_word' id='word_1_174' title='bbox 1245 2961 1363 3001; x_wconf 91' lang='lat' dir='ltr'>non</span> <span class='ocrx_word' id='word_1_175' title='bbox 1389 2945 1612 2999; x_wconf 90' lang='lat' dir='ltr'>immu-</span> 
     </span>
    </p>
   </div>
   <div class='ocr_carea' id='block_1_6' title="bbox 256 3025 1612 3175">
    <p class='ocr_par' dir='ltr' id='par_1_6' title="bbox 256 3025 1612 3175">
     <span class='ocr_line' id='line_1_35' title="bbox 256 3025 830 3083; baseline 0.012 -6"><span class='ocrx_word' id='word_1_176' title='bbox 256 3028 471 3080; x_wconf 88' lang='lat' dir='ltr'>taretur</span> <span class='ocrx_word' id='word_1_177' title='bbox 499 3025 830 3083; x_wconf 86' lang='lat' dir='ltr'>intrinsece.</span> 
     </span>
     <span class='ocr_line' id='line_1_36' title="bbox 327 3096 1612 3175; baseline 0.002 -23"><span class='ocrx_word' id='word_1_178' title='bbox 327 3098 732 3165; x_wconf 78' lang='lat' dir='ltr'>confirmatur,</span> <span class='ocrx_word' id='word_1_179' title='bbox 758 3101 893 3175; x_wconf 90' lang='lat' dir='ltr'>quia</span> <span class='ocrx_word' id='word_1_180' title='bbox 920 3100 989 3157; x_wconf 90' lang='lat' dir='ltr'>ad</span> <span class='ocrx_word' id='word_1_181' title='bbox 1016 3099 1464 3157; x_wconf 89' lang='lat' dir='ltr'>destructionem</span> <span class='ocrx_word' id='word_1_182' title='bbox 1488 3096 1612 3171; x_wconf 87' lang='lat' dir='ltr'>pec-</span> 
     </span>
    </p>
   </div>
   <div class='ocr_carea' id='block_1_7' title="bbox 234 3179 1614 5128">
    <p class='ocr_par' dir='ltr' id='par_1_7' title="bbox 234 3179 1614 5128">
     <span class='ocr_line' id='line_1_37' title="bbox 249 3179 1610 3254; baseline 0.001 -21"><span class='ocrx_word' id='word_1_183' title='bbox 249 3179 357 3234; x_wconf 90' lang='lat' dir='ltr'>cati</span> <span class='ocrx_word' id='word_1_184' title='bbox 388 3182 648 3237; x_wconf 88' lang='lat' dir='ltr'>mortalis</span> <span class='ocrx_word' id='word_1_185' title='bbox 699 3182 991 3239; x_wconf 90' lang='lat' dir='ltr'>commissi</span> <span class='ocrx_word' id='word_1_186' title='bbox 1035 3183 1097 3238; x_wconf 91' lang='lat' dir='ltr'>in</span> <span class='ocrx_word' id='word_1_187' title='bbox 1149 3187 1296 3238; x_wconf 79' lang='lat' dir='ltr'>statu</span> <span class='ocrx_word' id='word_1_188' title='bbox 1328 3196 1610 3254; x_wconf 89' lang='lat' dir='ltr'>purorum</span> 
     </span>
     <span class='ocr_line' id='line_1_38' title="bbox 249 3264 1611 3337; baseline 0.001 -20"><span class='ocrx_word' id='word_1_189' title='bbox 249 3264 632 3334; x_wconf 79' lang='lat' dir='ltr'>essentialiter</span> <span class='ocrx_word' id='word_1_190' title='bbox 693 3266 1084 3337; x_wconf 86' lang='lat' dir='ltr'>requireretur</span> <span class='ocrx_word' id='word_1_191' title='bbox 1137 3265 1328 3337; x_wconf 90' lang='lat' dir='ltr'>aliqua</span> <span class='ocrx_word' id='word_1_192' title='bbox 1368 3264 1611 3319; x_wconf 89' lang='lat' dir='ltr'>mutatio</span> 
     </span>
     <span class='ocr_line' id='line_1_39' title="bbox 251 3342 1610 3418; baseline 0.002 -21"><span class='ocrx_word' id='word_1_193' title='bbox 251 3342 422 3399; x_wconf 89' lang='lat' dir='ltr'>realis</span> <span class='ocrx_word' id='word_1_194' title='bbox 454 3364 467 3398; x_wconf 72' lang='grc' dir='ltr'><strong><em>ε</em></strong></span> <span class='ocrx_word' id='word_1_195' title='bbox 496 3359 631 3418; x_wconf 82' lang='lat' dir='ltr'>ergo</span> <span class='ocrx_word' id='word_1_196' title='bbox 656 3345 1046 3416; x_wconf 88' lang='lat' dir='ltr'>requireretur</span> <span class='ocrx_word' id='word_1_197' title='bbox 1067 3362 1136 3402; x_wconf 86' lang='lat' dir='ltr'>ex</span> <span class='ocrx_word' id='word_1_198' title='bbox 1160 3351 1319 3418; x_wconf 89' lang='lat' dir='ltr'>parte</span> <span class='ocrx_word' id='word_1_199' title='bbox 1348 3350 1610 3417; x_wconf 90' lang='lat' dir='ltr'>peccato-</span> 
     </span>
     <span class='ocr_line' id='line_1_40' title="bbox 251 3425 1612 3501; baseline 0.001 -22"><span class='ocrx_word' id='word_1_200' title='bbox 251 3425 332 3479; x_wconf 86' lang='lat' dir='ltr'>ris</span> <span class='ocrx_word' id='word_1_201' title='bbox 365 3441 541 3498; x_wconf 83' lang='lat' dir='ltr'>:ergo</span> <span class='ocrx_word' id='word_1_202' title='bbox 594 3425 802 3498; x_wconf 87' lang='lat' dir='ltr'>absque</span> <span class='ocrx_word' id='word_1_203' title='bbox 845 3427 1012 3501; x_wconf 84' lang='lat' dir='ltr'>hujus</span> <span class='ocrx_word' id='word_1_204' title='bbox 1057 3428 1368 3484; x_wconf 90' lang='lat' dir='ltr'>intrinseca</span> <span class='ocrx_word' id='word_1_205' title='bbox 1419 3430 1612 3481; x_wconf 87' lang='lat' dir='ltr'>muta-</span> 
     </span>
     <span class='ocr_line' id='line_1_41' title="bbox 250 3504 1609 3578; baseline 0.001 -19"><span class='ocrx_word' id='word_1_206' title='bbox 250 3505 407 3560; x_wconf 85' lang='lat' dir='ltr'>tione</span> <span class='ocrx_word' id='word_1_207' title='bbox 442 3505 815 3578; x_wconf 87' lang='lat' dir='ltr'>impossibilis</span> <span class='ocrx_word' id='word_1_208' title='bbox 869 3507 1015 3564; x_wconf 83' lang='lat' dir='ltr'>foret</span> <span class='ocrx_word' id='word_1_209' title='bbox 1063 3507 1325 3564; x_wconf 88' lang='lat' dir='ltr'>remissio</span> <span class='ocrx_word' id='word_1_210' title='bbox 1354 3504 1609 3578; x_wconf 64' lang='lat' dir='ltr'>praedicti</span> 
     </span>
     <span class='ocr_line' id='line_1_42' title="bbox 249 3588 1611 3664; baseline -0.001 -20"><span class='ocrx_word' id='word_1_211' title='bbox 249 3589 483 3660; x_wconf 90' lang='lat' dir='ltr'>peccati.</span> <span class='ocrx_word' id='word_1_212' title='bbox 514 3590 640 3645; x_wconf 79' lang='lat' dir='ltr'>Haec</span> <span class='ocrx_word' id='word_1_213' title='bbox 660 3589 905 3646; x_wconf 89' lang='lat' dir='ltr'>secunda</span> <span class='ocrx_word' id='word_1_214' title='bbox 928 3589 1330 3664; x_wconf 90' lang='lat' dir='ltr'>consequentia</span> <span class='ocrx_word' id='word_1_215' title='bbox 1352 3588 1611 3662; x_wconf 82' lang='lat' dir='ltr'>legitime</span> 
     </span>
     <span class='ocr_line' id='line_1_43' title="bbox 249 3670 1609 3744; baseline 0 -20"><span class='ocrx_word' id='word_1_216' title='bbox 249 3670 501 3726; x_wconf 85' lang='lat' dir='ltr'>infertur</span> <span class='ocrx_word' id='word_1_217' title='bbox 545 3687 613 3727; x_wconf 82' lang='lat' dir='ltr'>ex</span> <span class='ocrx_word' id='word_1_218' title='bbox 643 3672 831 3742; x_wconf 91' lang='lat' dir='ltr'>prima</span> <span class='ocrx_word' id='word_1_219' title='bbox 844 3695 858 3736; x_wconf 73' lang='lat'>3</span> <span class='ocrx_word' id='word_1_220' title='bbox 882 3687 1020 3728; x_wconf 91' lang='lat' dir='ltr'>nam</span> <span class='ocrx_word' id='word_1_221' title='bbox 1068 3671 1326 3744; x_wconf 87' lang='lat' dir='ltr'>implicat</span> <span class='ocrx_word' id='word_1_222' title='bbox 1355 3671 1609 3742; x_wconf 87' lang='lat' dir='ltr'>aliquem</span> 
     </span>
     <span class='ocr_line' id='line_1_44' title="bbox 246 3750 1612 3819; baseline -0.001 -13"><span class='ocrx_word' id='word_1_223' title='bbox 246 3751 547 3807; x_wconf 86' lang='lat' dir='ltr'>immutari</span> <span class='ocrx_word' id='word_1_224' title='bbox 574 3753 821 3819; x_wconf 86' lang='lat' dir='ltr'>realiter,</span> <span class='ocrx_word' id='word_1_225' title='bbox 848 3758 903 3808; x_wconf 92' lang='lat' dir='ltr'>et</span> <span class='ocrx_word' id='word_1_226' title='bbox 926 3769 1042 3809; x_wconf 91' lang='lat' dir='ltr'>non</span> <span class='ocrx_word' id='word_1_227' title='bbox 1067 3751 1367 3809; x_wconf 88' lang='lat' dir='ltr'>immuta-ri</span> <span class='ocrx_word' id='word_1_228' title='bbox 1387 3750 1612 3806; x_wconf 87' lang='lat' dir='ltr'>intrin-</span> 
     </span>
     <span class='ocr_line' id='line_1_45' title="bbox 241 3834 1613 3903; baseline 0.001 -16"><span class='ocrx_word' id='word_1_229' title='bbox 241 3850 363 3891; x_wconf 82' lang='lat' dir='ltr'>sece</span> <span class='ocrx_word' id='word_1_230' title='bbox 390 3851 553 3902; x_wconf 90' lang='lat' dir='ltr'>;cum</span> <span class='ocrx_word' id='word_1_231' title='bbox 575 3836 815 3892; x_wconf 89' lang='lat' dir='ltr'>mutatio</span> <span class='ocrx_word' id='word_1_232' title='bbox 844 3836 1017 3892; x_wconf 90' lang='lat' dir='ltr'>realis</span> <span class='ocrx_word' id='word_1_233' title='bbox 1038 3836 1112 3891; x_wconf 88' lang='lat' dir='ltr'>sit</span> <span class='ocrx_word' id='word_1_234' title='bbox 1133 3852 1288 3903; x_wconf 85' lang='lat' dir='ltr'>vera,</span> <span class='ocrx_word' id='word_1_235' title='bbox 1315 3840 1370 3892; x_wconf 92' lang='lat' dir='ltr'>et</span> <span class='ocrx_word' id='word_1_236' title='bbox 1399 3834 1613 3890; x_wconf 89' lang='lat' dir='ltr'>intrin-</span> 
     </span>
     <span class='ocr_line' id='line_1_46' title="bbox 241 3917 1612 3991; baseline 0.001 -22"><span class='ocrx_word' id='word_1_237' title='bbox 241 3930 366 3971; x_wconf 91' lang='lat' dir='ltr'>seca</span> <span class='ocrx_word' id='word_1_238' title='bbox 393 3918 595 3973; x_wconf 90' lang='lat' dir='ltr'>alietas</span> <span class='ocrx_word' id='word_1_239' title='bbox 621 3939 634 3973; x_wconf 77' lang='grc' dir='ltr'><strong><em>ε</em></strong></span> <span class='ocrx_word' id='word_1_240' title='bbox 664 3934 799 3991; x_wconf 84' lang='lat' dir='ltr'>ergo</span> <span class='ocrx_word' id='word_1_241' title='bbox 826 3918 875 3973; x_wconf 91' lang='lat' dir='ltr'>si</span> <span class='ocrx_word' id='word_1_242' title='bbox 902 3934 972 3974; x_wconf 84' lang='lat' dir='ltr'>ex</span> <span class='ocrx_word' id='word_1_243' title='bbox 1002 3923 1161 3991; x_wconf 89' lang='lat' dir='ltr'>parte</span> <span class='ocrx_word' id='word_1_244' title='bbox 1184 3917 1495 3990; x_wconf 89' lang='lat' dir='ltr'>peccatoris</span> <span class='ocrx_word' id='word_1_245' title='bbox 1525 3932 1612 3972; x_wconf 91' lang='lat' dir='ltr'>re-</span> 
     </span>
     <span class='ocr_line' id='line_1_47' title="bbox 239 3994 1610 4070; baseline 0.002 -21"><span class='ocrx_word' id='word_1_246' title='bbox 239 3994 573 4067; x_wconf 83' lang='lat' dir='ltr'>quireretur</span> <span class='ocrx_word' id='word_1_247' title='bbox 601 3998 840 4054; x_wconf 89' lang='lat' dir='ltr'>mutatio</span> <span class='ocrx_word' id='word_1_248' title='bbox 885 3999 1074 4065; x_wconf 90' lang='lat' dir='ltr'>realis,</span> <span class='ocrx_word' id='word_1_249' title='bbox 1101 4013 1218 4054; x_wconf 92' lang='lat' dir='ltr'>non</span> <span class='ocrx_word' id='word_1_250' title='bbox 1258 4003 1444 4070; x_wconf 89' lang='lat' dir='ltr'>posset</span> <span class='ocrx_word' id='word_1_251' title='bbox 1491 4012 1610 4052; x_wconf 93' lang='lat' dir='ltr'>non</span> 
     </span>
     <span class='ocr_line' id='line_1_48' title="bbox 247 4079 1610 4150; baseline 0.002 -17"><span class='ocrx_word' id='word_1_252' title='bbox 247 4079 470 4150; x_wconf 90' lang='lat' dir='ltr'>requiri</span> <span class='ocrx_word' id='word_1_253' title='bbox 536 4081 775 4138; x_wconf 84' lang='lat' dir='ltr'>mutatio</span> <span class='ocrx_word' id='word_1_254' title='bbox 823 4081 1157 4139; x_wconf 89' lang='lat' dir='ltr'>intrinseca.</span> <span class='ocrx_word' id='word_1_255' title='bbox 1211 4080 1413 4135; x_wconf 87' lang='lat' dir='ltr'>Prima</span> <span class='ocrx_word' id='word_1_256' title='bbox 1470 4095 1610 4136; x_wconf 86' lang='lat' dir='ltr'>vero</span> 
     </span>
     <span class='ocr_line' id='line_1_49' title="bbox 242 4158 1610 4234; baseline 0.001 -21"><span class='ocrx_word' id='word_1_257' title='bbox 242 4158 540 4230; x_wconf 88' lang='lat' dir='ltr'>probatur,</span> <span class='ocrx_word' id='word_1_258' title='bbox 591 4162 725 4234; x_wconf 90' lang='lat' dir='ltr'>quia</span> <span class='ocrx_word' id='word_1_259' title='bbox 751 4162 800 4217; x_wconf 92' lang='lat' dir='ltr'>si</span> <span class='ocrx_word' id='word_1_260' title='bbox 845 4163 1023 4220; x_wconf 86' lang='lat' dir='ltr'>semel</span> <span class='ocrx_word' id='word_1_261' title='bbox 1051 4159 1122 4217; x_wconf 92' lang='lat' dir='ltr'>ad</span> <span class='ocrx_word' id='word_1_262' title='bbox 1166 4160 1610 4217; x_wconf 89' lang='lat' dir='ltr'>destructionem</span> 
     </span>
     <span class='ocr_line' id='line_1_50' title="bbox 243 4240 1611 4313; baseline 0.002 -20"><span class='ocrx_word' id='word_1_263' title='bbox 243 4240 457 4309; x_wconf 90' lang='lat' dir='ltr'>peccati</span> <span class='ocrx_word' id='word_1_264' title='bbox 508 4241 824 4312; x_wconf 88' lang='lat' dir='ltr'>requiritur</span> <span class='ocrx_word' id='word_1_265' title='bbox 863 4240 1104 4298; x_wconf 91' lang='lat' dir='ltr'>mutatio</span> <span class='ocrx_word' id='word_1_266' title='bbox 1132 4240 1325 4307; x_wconf 76' lang='lat' dir='ltr'>realiS,</span> <span class='ocrx_word' id='word_1_267' title='bbox 1358 4256 1428 4297; x_wconf 84' lang='lat' dir='ltr'>ex</span> <span class='ocrx_word' id='word_1_268' title='bbox 1451 4244 1611 4313; x_wconf 88' lang='lat' dir='ltr'>parte</span> 
     </span>
     <span class='ocr_line' id='line_1_51' title="bbox 242 4318 1611 4394; baseline 0.001 -20"><span class='ocrx_word' id='word_1_269' title='bbox 242 4318 365 4390; x_wconf 86' lang='lat' dir='ltr'>ejus</span> <span class='ocrx_word' id='word_1_270' title='bbox 390 4320 789 4378; x_wconf 90' lang='lat' dir='ltr'>constituenda</span> <span class='ocrx_word' id='word_1_271' title='bbox 829 4326 930 4390; x_wconf 90' lang='lat' dir='ltr'>est,</span> <span class='ocrx_word' id='word_1_272' title='bbox 963 4319 1112 4394; x_wconf 90' lang='lat' dir='ltr'>quod</span> <span class='ocrx_word' id='word_1_273' title='bbox 1140 4320 1394 4378; x_wconf 83' lang='lat' dir='ltr'>inficitur</span> <span class='ocrx_word' id='word_1_274' title='bbox 1416 4336 1611 4393; x_wconf 92' lang='lat' dir='ltr'>pecca-</span> 
     </span>
     <span class='ocr_line' id='line_1_52' title="bbox 239 4399 1606 4474; baseline 0.004 -21"><span class='ocrx_word' id='word_1_275' title='bbox 239 4403 315 4464; x_wconf 90' lang='lat' dir='ltr'>to,</span> <span class='ocrx_word' id='word_1_276' title='bbox 345 4405 403 4456; x_wconf 91' lang='lat' dir='ltr'>et</span> <span class='ocrx_word' id='word_1_277' title='bbox 441 4399 594 4472; x_wconf 92' lang='lat' dir='ltr'>quod</span> <span class='ocrx_word' id='word_1_278' title='bbox 637 4407 923 4474; x_wconf 89' lang='lat' dir='ltr'>peccatum</span> <span class='ocrx_word' id='word_1_279' title='bbox 964 4402 1114 4469; x_wconf 88' lang='lat' dir='ltr'>fecit,</span> <span class='ocrx_word' id='word_1_280' title='bbox 1158 4407 1215 4458; x_wconf 89' lang='lat' dir='ltr'>et</span> <span class='ocrx_word' id='word_1_281' title='bbox 1264 4405 1606 4458; x_wconf 85' lang='lat' dir='ltr'>conservat:</span> 
     </span>
     <span class='ocr_line' id='line_1_53' title="bbox 236 4479 1607 4557; baseline 0.002 -22"><span class='ocrx_word' id='word_1_282' title='bbox 236 4479 336 4536; x_wconf 88' lang='lat' dir='ltr'>sed</span> <span class='ocrx_word' id='word_1_283' title='bbox 364 4482 463 4539; x_wconf 91' lang='lat' dir='ltr'>hic</span> <span class='ocrx_word' id='word_1_284' title='bbox 490 4487 574 4538; x_wconf 87' lang='lat' dir='ltr'>est</span> <span class='ocrx_word' id='word_1_285' title='bbox 599 4486 750 4541; x_wconf 89' lang='lat' dir='ltr'>solus</span> <span class='ocrx_word' id='word_1_286' title='bbox 801 4489 1073 4557; x_wconf 90' lang='lat' dir='ltr'>peccator,</span> <span class='ocrx_word' id='word_1_287' title='bbox 1108 4489 1167 4539; x_wconf 90' lang='lat' dir='ltr'>ut</span> <span class='ocrx_word' id='word_1_288' title='bbox 1201 4499 1271 4540; x_wconf 85' lang='lat' dir='ltr'>ex</span> <span class='ocrx_word' id='word_1_289' title='bbox 1292 4501 1353 4541; x_wconf 91' lang='lat' dir='ltr'>se</span> <span class='ocrx_word' id='word_1_290' title='bbox 1383 4484 1562 4556; x_wconf 88' lang='lat' dir='ltr'>liquet</span> <span class='ocrx_word' id='word_1_291' title='bbox 1594 4503 1607 4538; x_wconf 90' lang='lat'><strong>:</strong></span> 
     </span>
     <span class='ocr_line' id='line_1_54' title="bbox 234 4563 1609 4639; baseline 0.001 -20"><span class='ocrx_word' id='word_1_292' title='bbox 234 4576 374 4637; x_wconf 85' lang='lat' dir='ltr'>ergo</span> <span class='ocrx_word' id='word_1_293' title='bbox 403 4565 452 4619; x_wconf 93' lang='lat' dir='ltr'>si</span> <span class='ocrx_word' id='word_1_294' title='bbox 480 4563 550 4620; x_wconf 90' lang='lat' dir='ltr'>ad</span> <span class='ocrx_word' id='word_1_295' title='bbox 577 4564 1021 4623; x_wconf 88' lang='lat' dir='ltr'>destructionem</span> <span class='ocrx_word' id='word_1_296' title='bbox 1059 4566 1263 4639; x_wconf 88' lang='lat' dir='ltr'>peccati</span> <span class='ocrx_word' id='word_1_297' title='bbox 1292 4567 1609 4639; x_wconf 87' lang='lat' dir='ltr'>requiritur</span> 
     </span>
     <span class='ocr_line' id='line_1_55' title="bbox 241 4645 1612 4721; baseline 0.002 -23"><span class='ocrx_word' id='word_1_298' title='bbox 241 4645 491 4701; x_wconf 89' lang='lat' dir='ltr'>mutatio</span> <span class='ocrx_word' id='word_1_299' title='bbox 540 4645 731 4712; x_wconf 78' lang='lat' dir='ltr'>realiS,</span> <span class='ocrx_word' id='word_1_300' title='bbox 775 4661 848 4702; x_wconf 84' lang='lat' dir='ltr'>ex</span> <span class='ocrx_word' id='word_1_301' title='bbox 895 4652 1055 4719; x_wconf 89' lang='lat' dir='ltr'>parte</span> <span class='ocrx_word' id='word_1_302' title='bbox 1100 4647 1422 4721; x_wconf 74' lang='lat' dir='ltr'>peccatoriS,</span> <span class='ocrx_word' id='word_1_303' title='bbox 1456 4652 1511 4703; x_wconf 92' lang='lat' dir='ltr'>et</span> <span class='ocrx_word' id='word_1_304' title='bbox 1548 4647 1612 4702; x_wconf 91' lang='lat' dir='ltr'>in</span> 
     </span>
     <span class='ocr_line' id='line_1_56' title="bbox 243 4727 1603 4798; baseline 0.003 -17"><span class='ocrx_word' id='word_1_305' title='bbox 243 4733 536 4798; x_wconf 87' lang='lat' dir='ltr'>peccatore</span> <span class='ocrx_word' id='word_1_306' title='bbox 606 4728 1003 4785; x_wconf 89' lang='lat' dir='ltr'>constituenda</span> <span class='ocrx_word' id='word_1_307' title='bbox 1065 4734 1166 4787; x_wconf 92' lang='lat' dir='ltr'>est.</span> <span class='ocrx_word' id='word_1_308' title='bbox 1247 4727 1603 4786; x_wconf 88' lang='lat' dir='ltr'>Antecedens</span> 
     </span>
     <span class='ocr_line' id='line_1_57' title="bbox 244 4807 1612 4882; baseline 0.003 -20"><span class='ocrx_word' id='word_1_309' title='bbox 244 4814 435 4864; x_wconf 89' lang='lat' dir='ltr'>autem</span> <span class='ocrx_word' id='word_1_310' title='bbox 480 4807 772 4882; x_wconf 89' lang='lat' dir='ltr'>probatur,</span> <span class='ocrx_word' id='word_1_311' title='bbox 805 4811 941 4882; x_wconf 89' lang='lat' dir='ltr'>quia</span> <span class='ocrx_word' id='word_1_312' title='bbox 988 4810 1085 4866; x_wconf 93' lang='lat' dir='ltr'>ubi</span> <span class='ocrx_word' id='word_1_313' title='bbox 1132 4811 1331 4867; x_wconf 89' lang='lat' dir='ltr'>omnia</span> <span class='ocrx_word' id='word_1_314' title='bbox 1376 4811 1612 4867; x_wconf 89' lang='lat' dir='ltr'>realiter</span> 
     </span>
     <span class='ocr_line' id='line_1_58' title="bbox 243 4887 1611 4959; baseline 0.003 -16"><span class='ocrx_word' id='word_1_315' title='bbox 243 4887 323 4944; x_wconf 89' lang='lat' dir='ltr'>ita</span> <span class='ocrx_word' id='word_1_316' title='bbox 349 4904 410 4945; x_wconf 90' lang='lat' dir='ltr'>se</span> <span class='ocrx_word' id='word_1_317' title='bbox 439 4888 654 4945; x_wconf 88' lang='lat' dir='ltr'>habent</span> <span class='ocrx_word' id='word_1_318' title='bbox 682 4905 851 4959; x_wconf 92' lang='lat' dir='ltr'>nunc,</span> <span class='ocrx_word' id='word_1_319' title='bbox 905 4908 966 4948; x_wconf 92' lang='lat' dir='ltr'>ac</span> <span class='ocrx_word' id='word_1_320' title='bbox 1008 4897 1193 4957; x_wconf 88' lang='lat' dir='ltr'>antea,</span> <span class='ocrx_word' id='word_1_321' title='bbox 1234 4890 1410 4947; x_wconf 92' lang='lat' dir='ltr'>iidem</span> <span class='ocrx_word' id='word_1_322' title='bbox 1439 4890 1611 4947; x_wconf 82' lang='lat' dir='ltr'>effec-</span> 
     </span>
     <span class='ocr_line' id='line_1_59' title="bbox 240 4969 1612 5044; baseline 0.004 -22"><span class='ocrx_word' id='word_1_323' title='bbox 240 4975 352 5035; x_wconf 78' lang='lat' dir='ltr'>tuS‚</span> <span class='ocrx_word' id='word_1_324' title='bbox 385 4969 713 5042; x_wconf 81' lang='lat' dir='ltr'>eaedemque</span> <span class='ocrx_word' id='word_1_325' title='bbox 734 4970 1235 5029; x_wconf 88' lang='lat' dir='ltr'>denominationes</span> <span class='ocrx_word' id='word_1_326' title='bbox 1263 4972 1446 5028; x_wconf 87' lang='lat' dir='ltr'>reales</span> <span class='ocrx_word' id='word_1_327' title='bbox 1475 4988 1612 5044; x_wconf 88' lang='lat' dir='ltr'>per-</span> 
     </span>
     <span class='ocr_line' id='line_1_60' title="bbox 235 5055 1614 5128; baseline 0.003 -21"><span class='ocrx_word' id='word_1_328' title='bbox 235 5058 530 5118; x_wconf 82' lang='lat' dir='ltr'>severant,</span> <span class='ocrx_word' id='word_1_329' title='bbox 559 5059 617 5107; x_wconf 91' lang='lat' dir='ltr'>ut</span> <span class='ocrx_word' id='word_1_330' title='bbox 647 5069 718 5109; x_wconf 85' lang='lat' dir='ltr'>ex</span> <span class='ocrx_word' id='word_1_331' title='bbox 762 5070 822 5111; x_wconf 91' lang='lat' dir='ltr'>se</span> <span class='ocrx_word' id='word_1_332' title='bbox 861 5055 1040 5126; x_wconf 89' lang='lat' dir='ltr'>liquet</span> <span class='ocrx_word' id='word_1_333' title='bbox 1065 5076 1078 5112; x_wconf 74' lang='grc' dir='ltr'><strong><em>ε</em></strong></span> <span class='ocrx_word' id='word_1_334' title='bbox 1109 5070 1244 5128; x_wconf 84' lang='lat' dir='ltr'>ergo</span> <span class='ocrx_word' id='word_1_335' title='bbox 1270 5058 1332 5110; x_wconf 89' lang='lat' dir='ltr'>ut</span> <span class='ocrx_word' id='word_1_336' title='bbox 1369 5060 1614 5111; x_wconf 87' lang='lat' dir='ltr'>cessaret</span> 
     </span>
    </p>
   </div>
   <div class='ocr_carea' id='block_1_8' title="bbox 1640 1154 1665 1169">
    <p class='ocr_par' dir='ltr' id='par_1_8' title="bbox 1640 1154 1665 1169">
     <span class='ocr_line' id='line_1_61' title="bbox 1640 1154 1665 1169; baseline 0 0"><span class='ocrx_word' id='word_1_337' title='bbox 1640 1154 1665 1169; x_wconf 49' lang='lat' dir='ltr'>S</span> 
     </span>
    </p>
   </div>
   <div class='ocr_carea' id='block_1_9' title="bbox 1750 583 3124 1875">
    <p class='ocr_par' dir='ltr' id='par_1_9' title="bbox 1756 583 3124 823">
     <span class='ocr_line' id='line_1_62' title="bbox 1760 583 3124 659; baseline -0.001 -17"><span class='ocrx_word' id='word_1_338' title='bbox 1760 591 2045 659; x_wconf 90' lang='lat' dir='ltr'>peccatum</span> <span class='ocrx_word' id='word_1_339' title='bbox 2077 588 2318 644; x_wconf 88' lang='lat' dir='ltr'>mortale</span> <span class='ocrx_word' id='word_1_340' title='bbox 2365 587 2735 646; x_wconf 90' lang='lat' dir='ltr'>commissum</span> <span class='ocrx_word' id='word_1_341' title='bbox 2787 583 3124 643; x_wconf 88' lang='lat' dir='ltr'>ab-homine</span> 
     </span>
     <span class='ocr_line' id='line_1_63' title="bbox 1759 666 3120 740; baseline 0 -18"><span class='ocrx_word' id='word_1_342' title='bbox 1759 667 1821 722; x_wconf 89' lang='lat' dir='ltr'>in</span> <span class='ocrx_word' id='word_1_343' title='bbox 1849 673 1996 724; x_wconf 88' lang='lat' dir='ltr'>statu</span> <span class='ocrx_word' id='word_1_344' title='bbox 2038 685 2335 740; x_wconf 90' lang='lat' dir='ltr'>purorum,</span> <span class='ocrx_word' id='word_1_345' title='bbox 2368 668 2689 726; x_wconf 87' lang='lat' dir='ltr'>necessaria</span> <span class='ocrx_word' id='word_1_346' title='bbox 2733 666 3120 725; x_wconf 87' lang='lat' dir='ltr'>essentialiter</span> 
     </span>
     <span class='ocr_line' id='line_1_64' title="bbox 1756 751 2596 823; baseline 0 -17"><span class='ocrx_word' id='word_1_347' title='bbox 1756 755 1904 807; x_wconf 89' lang='lat' dir='ltr'>esset</span> <span class='ocrx_word' id='word_1_348' title='bbox 1923 751 2114 823; x_wconf 89' lang='lat' dir='ltr'>aliqua</span> <span class='ocrx_word' id='word_1_349' title='bbox 2135 752 2375 807; x_wconf 90' lang='lat' dir='ltr'>mutatio</span> <span class='ocrx_word' id='word_1_350' title='bbox 2406 752 2596 807; x_wconf 82' lang='lat' dir='ltr'>realis,</span> 
     </span>
    </p>

    <p class='ocr_par' dir='ltr' id='par_1_10' title="bbox 1750 829 3123 1875">
     <span class='ocr_line' id='line_1_65' title="bbox 1832 829 3120 905; baseline -0.001 -20"><span class='ocrx_word' id='word_1_351' title='bbox 1832 829 1917 885; x_wconf 89' lang='lat' dir='ltr'>Ad</span> <span class='ocrx_word' id='word_1_352' title='bbox 1940 830 2053 888; x_wconf 82' lang='lat' dir='ltr'>haec</span> <span class='ocrx_word' id='word_1_353' title='bbox 2081 853 2093 887; x_wconf 71' lang='grc' dir='ltr'><strong><em>ε</em></strong></span> <span class='ocrx_word' id='word_1_354' title='bbox 2123 831 2203 888; x_wconf 91' lang='lat' dir='ltr'>ita</span> <span class='ocrx_word' id='word_1_355' title='bbox 2243 829 2818 905; x_wconf 51' lang='lat' dir='ltr'>¹proportionabiliter</span> <span class='ocrx_word' id='word_1_356' title='bbox 2844 846 2904 886; x_wconf 91' lang='lat' dir='ltr'>se</span> <span class='ocrx_word' id='word_1_357' title='bbox 2948 830 3120 887; x_wconf 88' lang='lat' dir='ltr'>habet</span> 
     </span>
     <span class='ocr_line' id='line_1_66' title="bbox 1758 914 3122 985; baseline -0.001 -17"><span class='ocrx_word' id='word_1_358' title='bbox 1758 917 2045 985; x_wconf 86' lang='lat' dir='ltr'>peccatum</span> <span class='ocrx_word' id='word_1_359' title='bbox 2114 914 2485 970; x_wconf 88' lang='lat' dir='ltr'>commissum</span> <span class='ocrx_word' id='word_1_360' title='bbox 2545 914 2607 968; x_wconf 93' lang='lat' dir='ltr'>in</span> <span class='ocrx_word' id='word_1_361' title='bbox 2689 918 2836 968; x_wconf 87' lang='lat' dir='ltr'>statu</span> <span class='ocrx_word' id='word_1_362' title='bbox 2899 918 3122 968; x_wconf 71' lang='lat' dir='ltr'>naturae</span> 
     </span>
     <span class='ocr_line' id='line_1_67' title="bbox 1759 993 3121 1066; baseline 0.001 -19"><span class='ocrx_word' id='word_1_363' title='bbox 1759 1008 1933 1064; x_wconf 62' lang='grc' dir='ltr'>ραι-ω,</span> <span class='ocrx_word' id='word_1_364' title='bbox 1993 1009 2054 1049; x_wconf 90' lang='lat' dir='ltr'>ac</span> <span class='ocrx_word' id='word_1_365' title='bbox 2101 999 2387 1066; x_wconf 90' lang='lat' dir='ltr'>peccatum</span> <span class='ocrx_word' id='word_1_366' title='bbox 2436 993 2807 1050; x_wconf 87' lang='lat' dir='ltr'>commissum</span> <span class='ocrx_word' id='word_1_367' title='bbox 2862 993 2924 1049; x_wconf 90' lang='lat' dir='ltr'>in</span> <span class='ocrx_word' id='word_1_368' title='bbox 2971 996 3121 1048; x_wconf 87' lang='lat' dir='ltr'>statu</span> 
     </span>
     <span class='ocr_line' id='line_1_68' title="bbox 1756 1071 3123 1146; baseline 0 -18"><span class='ocrx_word' id='word_1_369' title='bbox 1756 1075 1976 1130; x_wconf 82' lang='lat' dir='ltr'>naturae</span> <span class='ocrx_word' id='word_1_370' title='bbox 2044 1076 2314 1142; x_wconf 75' lang='lat' dir='ltr'>elevatae5</span> <span class='ocrx_word' id='word_1_371' title='bbox 2366 1073 2666 1146; x_wconf 85' lang='lat' dir='ltr'>utrobique</span> <span class='ocrx_word' id='word_1_372' title='bbox 2713 1075 2873 1130; x_wconf 89' lang='lat' dir='ltr'>enim</span> <span class='ocrx_word' id='word_1_373' title='bbox 2937 1071 3123 1129; x_wconf 87' lang='lat' dir='ltr'>inficit</span> 
     </span>
     <span class='ocr_line' id='line_1_69' title="bbox 1755 1153 3113 1227; baseline -0.002 -17"><span class='ocrx_word' id='word_1_374' title='bbox 1755 1154 2074 1221; x_wconf 88' lang='lat' dir='ltr'>hominem,</span> <span class='ocrx_word' id='word_1_375' title='bbox 2102 1156 2311 1212; x_wconf 75' lang='lat' dir='ltr'>avertit</span> <span class='ocrx_word' id='word_1_376' title='bbox 2339 1171 2372 1210; x_wconf 93' lang='lat' dir='ltr'>a</span> <span class='ocrx_word' id='word_1_377' title='bbox 2395 1157 2526 1221; x_wconf 85' lang='lat' dir='ltr'>Dec,</span> <span class='ocrx_word' id='word_1_378' title='bbox 2559 1159 2615 1211; x_wconf 86' lang='lat' dir='ltr'>et</span> <span class='ocrx_word' id='word_1_379' title='bbox 2656 1153 2885 1227; x_wconf 90' lang='lat' dir='ltr'>subjicit</span> <span class='ocrx_word' id='word_1_380' title='bbox 2913 1168 3113 1225; x_wconf 82' lang='lat' dir='ltr'>poenae,</span> 
     </span>
     <span class='ocr_line' id='line_1_70' title="bbox 1753 1232 3116 1309; baseline -0.002 -18"><span class='ocrx_word' id='word_1_381' title='bbox 1753 1252 1883 1291; x_wconf 90' lang='lat' dir='ltr'>cum</span> <span class='ocrx_word' id='word_1_382' title='bbox 1906 1234 2232 1309; x_wconf 90' lang='lat' dir='ltr'>hujusmodi</span> <span class='ocrx_word' id='word_1_383' title='bbox 2275 1235 2523 1292; x_wconf 87' lang='lat' dir='ltr'>rationes</span> <span class='ocrx_word' id='word_1_384' title='bbox 2545 1235 2662 1290; x_wconf 89' lang='lat' dir='ltr'>sint</span> <span class='ocrx_word' id='word_1_385' title='bbox 2691 1232 3116 1306; x_wconf 88' lang='lat' dir='ltr'>inseparabiles</span> 
     </span>
     <span class='ocr_line' id='line_1_71' title="bbox 1754 1312 3122 1388; baseline -0.001 -18"><span class='ocrx_word' id='word_1_386' title='bbox 1754 1331 1787 1370; x_wconf 92' lang='lat' dir='ltr'>a</span> <span class='ocrx_word' id='word_1_387' title='bbox 1814 1321 2052 1388; x_wconf 91' lang='lat' dir='ltr'>peccato.</span> <span class='ocrx_word' id='word_1_388' title='bbox 2090 1314 2253 1372; x_wconf 90' lang='lat' dir='ltr'>Unde</span> <span class='ocrx_word' id='word_1_389' title='bbox 2291 1316 2485 1388; x_wconf 88' lang='lat' dir='ltr'>plures</span> <span class='ocrx_word' id='word_1_390' title='bbox 2529 1329 2600 1371; x_wconf 87' lang='lat' dir='ltr'>ex</span> <span class='ocrx_word' id='word_1_391' title='bbox 2627 1313 2990 1370; x_wconf 79' lang='lat' dir='ltr'>Adversariis</span> <span class='ocrx_word' id='word_1_392' title='bbox 3039 1312 3122 1369; x_wconf 83' lang='lat' dir='ltr'>af-</span> 
     </span>
     <span class='ocr_line' id='line_1_72' title="bbox 1752 1393 3111 1469; baseline -0.002 -17"><span class='ocrx_word' id='word_1_393' title='bbox 1752 1396 2005 1465; x_wconf 87' lang='lat' dir='ltr'>firmant,</span> <span class='ocrx_word' id='word_1_394' title='bbox 2062 1402 2350 1468; x_wconf 92' lang='lat' dir='ltr'>peccatum</span> <span class='ocrx_word' id='word_1_395' title='bbox 2390 1396 2700 1464; x_wconf 87' lang='lat' dir='ltr'>habituale,</span> <span class='ocrx_word' id='word_1_396' title='bbox 2735 1413 2789 1452; x_wconf 83' lang='lat' dir='ltr'>v.</span> <span class='ocrx_word' id='word_1_397' title='bbox 2848 1412 2901 1469; x_wconf 83' lang='lat' dir='ltr'>g.</span> <span class='ocrx_word' id='word_1_398' title='bbox 2949 1393 3111 1461; x_wconf 88' lang='lat' dir='ltr'>furti,</span> 
     </span>
     <span class='ocr_line' id='line_1_73' title="bbox 1751 1478 3117 1553; baseline -0.002 -17"><span class='ocrx_word' id='word_1_399' title='bbox 1751 1496 1873 1536; x_wconf 90' lang='lat' dir='ltr'>esse</span> <span class='ocrx_word' id='word_1_400' title='bbox 1899 1478 2150 1553; x_wconf 89' lang='lat' dir='ltr'>ejusdem</span> <span class='ocrx_word' id='word_1_401' title='bbox 2193 1496 2425 1552; x_wconf 90' lang='lat' dir='ltr'>prorsus</span> <span class='ocrx_word' id='word_1_402' title='bbox 2463 1479 2724 1535; x_wconf 65' lang='lat' dir='ltr'>essentias</span> <span class='ocrx_word' id='word_1_403' title='bbox 2765 1478 2825 1534; x_wconf 91' lang='lat' dir='ltr'>in</span> <span class='ocrx_word' id='word_1_404' title='bbox 2876 1483 3117 1549; x_wconf 84' lang='lat' dir='ltr'>utroque</span> 
     </span>
     <span class='ocr_line' id='line_1_74' title="bbox 1751 1559 3115 1627; baseline -0.001 -11"><span class='ocrx_word' id='word_1_405' title='bbox 1751 1566 1919 1627; x_wconf 87' lang='lat' dir='ltr'>statu,</span> <span class='ocrx_word' id='word_1_406' title='bbox 1955 1561 2086 1617; x_wconf 90' lang='lat' dir='ltr'>licet</span> <span class='ocrx_word' id='word_1_407' title='bbox 2117 1579 2271 1618; x_wconf 91' lang='lat' dir='ltr'>nunc</span> <span class='ocrx_word' id='word_1_408' title='bbox 2309 1560 2513 1617; x_wconf 86' lang='lat' dir='ltr'>habeat</span> <span class='ocrx_word' id='word_1_409' title='bbox 2549 1559 2658 1616; x_wconf 90' lang='lat' dir='ltr'>sibi</span> <span class='ocrx_word' id='word_1_410' title='bbox 2690 1560 3115 1617; x_wconf 87' lang='lat' dir='ltr'>accidentaliter</span> 
     </span>
     <span class='ocr_line' id='line_1_75' title="bbox 1752 1639 3116 1715; baseline -0.001 -18"><span class='ocrx_word' id='word_1_411' title='bbox 1752 1640 2088 1715; x_wconf 83' lang='lat' dir='ltr'>adjunctam·</span> <span class='ocrx_word' id='word_1_412' title='bbox 2125 1642 2488 1699; x_wconf 88' lang='lat' dir='ltr'>aversionem</span> <span class='ocrx_word' id='word_1_413' title='bbox 2517 1640 2587 1698; x_wconf 90' lang='lat' dir='ltr'>ab</span> <span class='ocrx_word' id='word_1_414' title='bbox 2639 1640 2845 1697; x_wconf 92' lang='lat' dir='ltr'>ultimo</span> <span class='ocrx_word' id='word_1_415' title='bbox 2873 1639 2988 1695; x_wconf 85' lang='lat' dir='ltr'>fine</span> <span class='ocrx_word' id='word_1_416' title='bbox 3013 1656 3116 1696; x_wconf 92' lang='lat' dir='ltr'>su-</span> 
     </span>
     <span class='ocr_line' id='line_1_76' title="bbox 1753 1721 3115 1796; baseline -0.001 -17"><span class='ocrx_word' id='word_1_417' title='bbox 1753 1723 2135 1796; x_wconf 89' lang='lat' dir='ltr'>pernaturali.</span> <span class='ocrx_word' id='word_1_418' title='bbox 2164 1723 2271 1779; x_wconf 89' lang='lat' dir='ltr'>Sed</span> <span class='ocrx_word' id='word_1_419' title='bbox 2301 1728 2587 1796; x_wconf 90' lang='lat' dir='ltr'>peccatum</span> <span class='ocrx_word' id='word_1_420' title='bbox 2629 1722 3001 1779; x_wconf 90' lang='lat' dir='ltr'>commissum</span> <span class='ocrx_word' id='word_1_421' title='bbox 3049 1721 3115 1778; x_wconf 89' lang='lat' dir='ltr'>in</span> 
     </span>
     <span class='ocr_line' id='line_1_77' title="bbox 1750 1800 3116 1875; baseline -0.001 -17"><span class='ocrx_word' id='word_1_422' title='bbox 1750 1808 1900 1859; x_wconf 89' lang='lat' dir='ltr'>statu</span> <span class='ocrx_word' id='word_1_423' title='bbox 1925 1809 2144 1859; x_wconf 80' lang='lat' dir='ltr'>naturae</span> <span class='ocrx_word' id='word_1_424' title='bbox 2164 1803 2397 1859; x_wconf 84' lang='lat' dir='ltr'>elevatae</span> <span class='ocrx_word' id='word_1_425' title='bbox 2419 1801 2635 1857; x_wconf 88' lang='lat' dir='ltr'>destrui</span> <span class='ocrx_word' id='word_1_426' title='bbox 2654 1817 2771 1857; x_wconf 91' lang='lat' dir='ltr'>non</span> <span class='ocrx_word' id='word_1_427' title='bbox 2798 1805 2972 1875; x_wconf 88' lang='lat' dir='ltr'>potest</span> <span class='ocrx_word' id='word_1_428' title='bbox 2992 1800 3116 1857; x_wconf 91' lang='lat' dir='ltr'>abs-</span> 
     </span>
    </p>
   </div>
   <div class='ocr_carea' id='block_1_10' title="bbox 1750 1884 3133 1958">
    <p class='ocr_par' dir='ltr' id='par_1_11' title="bbox 1750 1884 3133 1958">
     <span class='ocr_line' id='line_1_78' title="bbox 1750 1884 3133 1958; baseline 0.001 -18"><span class='ocrx_word' id='word_1_429' title='bbox 1750 1901 1859 1958; x_wconf 92' lang='lat' dir='ltr'>que</span> <span class='ocrx_word' id='word_1_430' title='bbox 1887 1885 2291 1941; x_wconf 86' lang='lat' dir='ltr'>immutatione</span> <span class='ocrx_word' id='word_1_431' title='bbox 2339 1884 2479 1941; x_wconf 89' lang='lat' dir='ltr'>reali</span> <span class='ocrx_word' id='word_1_432' title='bbox 2529 1885 2852 1956; x_wconf 76' lang='lat' dir='ltr'>peccatoriS,</span> <span class='ocrx_word' id='word_1_433' title='bbox 2887 1889 2948 1939; x_wconf 90' lang='lat' dir='ltr'>ut</span> <span class='ocrx_word' id='word_1_434' title='bbox 2988 1884 3133 1942; x_wconf 88' lang='lat' dir='ltr'>fuse·</span> 
     </span>
    </p>
   </div>
   <div class='ocr_carea' id='block_1_11' title="bbox 1748 1965 3116 2533">
    <p class='ocr_par' dir='ltr' id='par_1_12' title="bbox 1748 1965 3116 2533">
     <span class='ocr_line' id='line_1_79' title="bbox 1750 1965 3112 2039; baseline -0.001 -16"><span class='ocrx_word' id='word_1_435' title='bbox 1750 1966 2107 2023; x_wconf 88' lang='lat' dir='ltr'>ostendimus</span> <span class='ocrx_word' id='word_1_436' title='bbox 2151 1965 2277 2022; x_wconf 82' lang='lat' dir='ltr'>dub.</span> <span class='ocrx_word' id='word_1_437' title='bbox 2329 1967 2422 2022; x_wconf 89' lang='lat' dir='ltr'>VI.</span> <span class='ocrx_word' id='word_1_438' title='bbox 2476 1966 2625 2039; x_wconf 86' lang='lat' dir='ltr'>Ergo</span> <span class='ocrx_word' id='word_1_439' title='bbox 2671 1981 2775 2021; x_wconf 87' lang='lat' dir='ltr'>nec</span> <span class='ocrx_word' id='word_1_440' title='bbox 2820 1970 3112 2038; x_wconf 89' lang='lat' dir='ltr'>peccatum</span> 
     </span>
     <span class='ocr_line' id='line_1_80' title="bbox 1748 2047 3114 2120; baseline -0.001 -14"><span class='ocrx_word' id='word_1_441' title='bbox 1748 2050 2121 2106; x_wconf 89' lang='lat' dir='ltr'>commissum</span> <span class='ocrx_word' id='word_1_442' title='bbox 2151 2050 2214 2104; x_wconf 89' lang='lat' dir='ltr'>in</span> <span class='ocrx_word' id='word_1_443' title='bbox 2254 2053 2402 2105; x_wconf 91' lang='lat' dir='ltr'>statu</span> <span class='ocrx_word' id='word_1_444' title='bbox 2433 2053 2652 2104; x_wconf 79' lang='lat' dir='ltr'>naturae</span> <span class='ocrx_word' id='word_1_445' title='bbox 2694 2054 2850 2120; x_wconf 78' lang='lat' dir='ltr'>purae</span> <span class='ocrx_word' id='word_1_446' title='bbox 2895 2047 3114 2104; x_wconf 89' lang='lat' dir='ltr'>destrui</span> 
     </span>
     <span class='ocr_line' id='line_1_81' title="bbox 1749 2130 3114 2204; baseline -0.001 -17"><span class='ocrx_word' id='word_1_447' title='bbox 1749 2133 1966 2188; x_wconf 85' lang='lat' dir='ltr'>valeret</span> <span class='ocrx_word' id='word_1_448' title='bbox 1989 2130 2197 2204; x_wconf 88' lang='lat' dir='ltr'>absque</span> <span class='ocrx_word' id='word_1_449' title='bbox 2216 2132 2377 2199; x_wconf 90' lang='lat' dir='ltr'>reali,</span> <span class='ocrx_word' id='word_1_450' title='bbox 2394 2136 2449 2188; x_wconf 90' lang='lat' dir='ltr'>et</span> <span class='ocrx_word' id='word_1_451' title='bbox 2474 2131 2788 2187; x_wconf 89' lang='lat' dir='ltr'>intrinseca</span> <span class='ocrx_word' id='word_1_452' title='bbox 2806 2130 3114 2202; x_wconf 87' lang='lat' dir='ltr'>peccatoris</span> 
     </span>
     <span class='ocr_line' id='line_1_82' title="bbox 1750 2212 3115 2286; baseline -0.003 -16"><span class='ocrx_word' id='word_1_453' title='bbox 1750 2215 2170 2271; x_wconf 88' lang='lat' dir='ltr'>immutatione.</span> <span class='ocrx_word' id='word_1_454' title='bbox 2206 2215 2336 2270; x_wconf 86' lang='lat' dir='ltr'>Esto</span> <span class='ocrx_word' id='word_1_455' title='bbox 2357 2213 2506 2286; x_wconf 91' lang='lat' dir='ltr'>quod</span> <span class='ocrx_word' id='word_1_456' title='bbox 2554 2213 2794 2269; x_wconf 89' lang='lat' dir='ltr'>mutatio</span> <span class='ocrx_word' id='word_1_457' title='bbox 2840 2212 2943 2269; x_wconf 93' lang='lat' dir='ltr'>illa</span> <span class='ocrx_word' id='word_1_458' title='bbox 2968 2214 3115 2269; x_wconf 85' lang='lat' dir='ltr'>foret</span> 
     </span>
     <span class='ocr_line' id='line_1_83' title="bbox 1748 2292 3112 2366; baseline 0 -16"><span class='ocrx_word' id='word_1_459' title='bbox 1748 2295 1989 2352; x_wconf 81' lang='lat' dir='ltr'>diversae</span> <span class='ocrx_word' id='word_1_460' title='bbox 2018 2294 2259 2351; x_wconf 89' lang='lat' dir='ltr'>rationis</span> <span class='ocrx_word' id='word_1_461' title='bbox 2282 2293 2351 2350; x_wconf 92' lang='lat' dir='ltr'>ab</span> <span class='ocrx_word' id='word_1_462' title='bbox 2379 2310 2463 2359; x_wconf 91' lang='lat' dir='ltr'>ea,</span> <span class='ocrx_word' id='word_1_463' title='bbox 2495 2309 2619 2366; x_wconf 82' lang='lat' dir='ltr'>quae</span> <span class='ocrx_word' id='word_1_464' title='bbox 2643 2310 2797 2349; x_wconf 93' lang='lat' dir='ltr'>nunc</span> <span class='ocrx_word' id='word_1_465' title='bbox 2816 2292 3112 2349; x_wconf 87' lang='lat' dir='ltr'>desidera-</span> 
     </span>
     <span class='ocr_line' id='line_1_84' title="bbox 1749 2375 3116 2450; baseline 0 -18"><span class='ocrx_word' id='word_1_466' title='bbox 1749 2383 1860 2447; x_wconf 89' lang='lat' dir='ltr'>tur,</span> <span class='ocrx_word' id='word_1_467' title='bbox 1908 2383 1963 2434; x_wconf 87' lang='lat' dir='ltr'>et</span> <span class='ocrx_word' id='word_1_468' title='bbox 2004 2377 2434 2450; x_wconf 90' lang='lat' dir='ltr'>proportionata</span> <span class='ocrx_word' id='word_1_469' title='bbox 2480 2375 2921 2441; x_wconf 80' lang='lat' dir='ltr'>conditionibuS,</span> <span class='ocrx_word' id='word_1_470' title='bbox 2974 2391 3116 2448; x_wconf 86' lang='lat' dir='ltr'>quas</span> 
     </span>
     <span class='ocr_line' id='line_1_85' title="bbox 1749 2455 3111 2533; baseline -0.001 -20"><span class='ocrx_word' id='word_1_471' title='bbox 1749 2458 1850 2515; x_wconf 90' lang='lat' dir='ltr'>ille</span> <span class='ocrx_word' id='word_1_472' title='bbox 1875 2463 2053 2514; x_wconf 90' lang='lat' dir='ltr'>status</span> <span class='ocrx_word' id='word_1_473' title='bbox 2078 2458 2330 2533; x_wconf 84' lang='lat' dir='ltr'>exigeret</span> <span class='ocrx_word' id='word_1_474' title='bbox 2359 2481 2374 2524; x_wconf 89' lang='lat'>;</span> <span class='ocrx_word' id='word_1_475' title='bbox 2411 2457 2479 2514; x_wconf 93' lang='lat' dir='ltr'>de</span> <span class='ocrx_word' id='word_1_476' title='bbox 2506 2473 2618 2530; x_wconf 92' lang='lat' dir='ltr'>quo</span> <span class='ocrx_word' id='word_1_477' title='bbox 2666 2455 2815 2512; x_wconf 91' lang='lat' dir='ltr'>nihil</span> <span class='ocrx_word' id='word_1_478' title='bbox 2847 2468 3000 2511; x_wconf 88' lang='lat' dir='ltr'>nunc</span> <span class='ocrx_word' id='word_1_479' title='bbox 3027 2455 3111 2511; x_wconf 82' lang='lat' dir='ltr'>af-</span> 
     </span>
    </p>
   </div>
   <div class='ocr_carea' id='block_1_12' title="bbox 1748 2538 3107 2685">
    <p class='ocr_par' dir='ltr' id='par_1_13' title="bbox 1748 2538 3107 2685">
     <span class='ocr_line' id='line_1_86' title="bbox 1748 2538 2072 2596; baseline 0.003 -1"><span class='ocrx_word' id='word_1_480' title='bbox 1748 2538 2072 2596; x_wconf 78' lang='lat' dir='ltr'>firmamuS.</span> 
     </span>
     <span class='ocr_line' id='line_1_87' title="bbox 1818 2610 3107 2685; baseline -0.004 -14"><span class='ocrx_word' id='word_1_481' title='bbox 1818 2616 1949 2671; x_wconf 80' lang='lat'>255.</span> <span class='ocrx_word' id='word_1_482' title='bbox 1996 2615 2305 2671; x_wconf 75' lang='lat' dir='ltr'>Evasiones</span> <span class='ocrx_word' id='word_1_483' title='bbox 2344 2618 2533 2670; x_wconf 88' lang='lat' dir='ltr'>autem</span> <span class='ocrx_word' id='word_1_484' title='bbox 2565 2611 2862 2685; x_wconf 80' lang='lat' dir='ltr'>praecipuae</span> <span class='ocrx_word' id='word_1_485' title='bbox 2899 2610 3107 2685; x_wconf 86' lang='lat' dir='ltr'>quibus</span> 
     </span>
    </p>
   </div>
   <div class='ocr_carea' id='block_1_13' title="bbox 1742 2690 3112 5131">
    <p class='ocr_par' dir='ltr' id='par_1_14' title="bbox 1742 2690 3112 5131">
     <span class='ocr_line' id='line_1_88' title="bbox 1746 2690 3109 2770; baseline -0.001 -20"><span class='ocrx_word' id='word_1_486' title='bbox 1746 2700 1933 2767; x_wconf 89' lang='lat' dir='ltr'>posset</span> <span class='ocrx_word' id='word_1_487' title='bbox 1956 2695 2089 2752; x_wconf 84' lang='lat' dir='ltr'>huic</span> <span class='ocrx_word' id='word_1_488' title='bbox 2116 2701 2469 2769; x_wconf 82' lang='lat' dir='ltr'>argumento,</span> <span class='ocrx_word' id='word_1_489' title='bbox 2498 2698 2550 2750; x_wconf 89' lang='lat' dir='ltr'>et</span> <span class='ocrx_word' id='word_1_490' title='bbox 2567 2690 3109 2770; x_wconf 87' lang='lat' dir='ltr'>confirmationibus</span> 
     </span>
     <span class='ocr_line' id='line_1_89' title="bbox 1745 2772 3103 2849; baseline -0.001 -18"><span class='ocrx_word' id='word_1_491' title='bbox 1745 2775 1985 2843; x_wconf 91' lang='lat' dir='ltr'>occurri,</span> <span class='ocrx_word' id='word_1_492' title='bbox 2032 2776 2320 2849; x_wconf 79' lang='lat' dir='ltr'>praeclusae</span> <span class='ocrx_word' id='word_1_493' title='bbox 2361 2779 2600 2831; x_wconf 89' lang='lat' dir='ltr'>manent</span> <span class='ocrx_word' id='word_1_494' title='bbox 2649 2789 2719 2828; x_wconf 85' lang='lat' dir='ltr'>ex</span> <span class='ocrx_word' id='word_1_495' title='bbox 2755 2772 2920 2829; x_wconf 89' lang='lat' dir='ltr'>dictis</span> <span class='ocrx_word' id='word_1_496' title='bbox 2972 2772 3103 2830; x_wconf 78' lang='lat' dir='ltr'>dub.</span> 
     </span>
     <span class='ocr_line' id='line_1_90' title="bbox 1744 2855 3110 2930; baseline 0 -17"><span class='ocrx_word' id='word_1_497' title='bbox 1744 2860 1931 2915; x_wconf 81' lang='lat' dir='ltr'>citato.</span> <span class='ocrx_word' id='word_1_498' title='bbox 1982 2858 2181 2915; x_wconf 87' lang='lat' dir='ltr'>Adhuc</span> <span class='ocrx_word' id='word_1_499' title='bbox 2246 2862 2439 2915; x_wconf 88' lang='lat' dir='ltr'>tamen</span> <span class='ocrx_word' id='word_1_500' title='bbox 2506 2855 2893 2929; x_wconf 89' lang='lat' dir='ltr'>respondebis,</span> <span class='ocrx_word' id='word_1_501' title='bbox 2943 2857 3110 2930; x_wconf 83' lang='lat' dir='ltr'>longe</span> 
     </span>
     <span class='ocr_line' id='line_1_91' title="bbox 1747 2935 3111 2995; baseline -0.001 -1"><span class='ocrx_word' id='word_1_502' title='bbox 1747 2938 1916 2995; x_wconf 91' lang='lat' dir='ltr'>aliter</span> <span class='ocrx_word' id='word_1_503' title='bbox 1954 2937 2393 2995; x_wconf 89' lang='lat' dir='ltr'>discurrendum</span> <span class='ocrx_word' id='word_1_504' title='bbox 2458 2953 2580 2993; x_wconf 90' lang='lat' dir='ltr'>esse</span> <span class='ocrx_word' id='word_1_505' title='bbox 2631 2935 2700 2992; x_wconf 92' lang='lat' dir='ltr'>de</span> <span class='ocrx_word' id='word_1_506' title='bbox 2769 2937 3111 2994; x_wconf 87' lang='lat' dir='ltr'>remissione</span> 
     </span>
     <span class='ocr_line' id='line_1_92' title="bbox 1747 3018 3112 3092; baseline 0 -16"><span class='ocrx_word' id='word_1_507' title='bbox 1747 3021 1954 3092; x_wconf 89' lang='lat' dir='ltr'>peccati</span> <span class='ocrx_word' id='word_1_508' title='bbox 2007 3019 2297 3077; x_wconf 89' lang='lat' dir='ltr'>commissi</span> <span class='ocrx_word' id='word_1_509' title='bbox 2326 3021 2390 3076; x_wconf 91' lang='lat' dir='ltr'>in</span> <span class='ocrx_word' id='word_1_510' title='bbox 2437 3025 2585 3075; x_wconf 89' lang='lat' dir='ltr'>statu</span> <span class='ocrx_word' id='word_1_511' title='bbox 2623 3035 2922 3091; x_wconf 90' lang='lat' dir='ltr'>purorum,</span> <span class='ocrx_word' id='word_1_512' title='bbox 2959 3036 3020 3075; x_wconf 91' lang='lat' dir='ltr'>ac</span> <span class='ocrx_word' id='word_1_513' title='bbox 3042 3018 3112 3076; x_wconf 90' lang='lat' dir='ltr'>de</span> 
     </span>
     <span class='ocr_line' id='line_1_93' title="bbox 1749 3099 3111 3173; baseline -0.001 -17"><span class='ocrx_word' id='word_1_514' title='bbox 1749 3100 2086 3157; x_wconf 89' lang='lat' dir='ltr'>remissione</span> <span class='ocrx_word' id='word_1_515' title='bbox 2116 3100 2324 3173; x_wconf 91' lang='lat' dir='ltr'>peccati</span> <span class='ocrx_word' id='word_1_516' title='bbox 2353 3101 2415 3155; x_wconf 90' lang='lat' dir='ltr'>in</span> <span class='ocrx_word' id='word_1_517' title='bbox 2464 3099 2926 3172; x_wconf 63' lang='lat' dir='ltr'>praesentistatu.</span> <span class='ocrx_word' id='word_1_518' title='bbox 2953 3101 3111 3162; x_wconf 89' lang='lat' dir='ltr'>Quo-</span> 
     </span>
     <span class='ocr_line' id='line_1_94' title="bbox 1747 3180 3109 3254; baseline 0 -17"><span class='ocrx_word' id='word_1_519' title='bbox 1747 3182 1907 3238; x_wconf 90' lang='lat' dir='ltr'>niam</span> <span class='ocrx_word' id='word_1_520' title='bbox 1936 3188 2223 3253; x_wconf 87' lang='lat' dir='ltr'>peccatum</span> <span class='ocrx_word' id='word_1_521' title='bbox 2255 3181 2546 3238; x_wconf 89' lang='lat' dir='ltr'>habituale</span> <span class='ocrx_word' id='word_1_522' title='bbox 2587 3180 2756 3254; x_wconf 89' lang='lat' dir='ltr'>hujus</span> <span class='ocrx_word' id='word_1_523' title='bbox 2782 3184 2961 3236; x_wconf 88' lang='lat' dir='ltr'>status</span> <span class='ocrx_word' id='word_1_524' title='bbox 3003 3196 3109 3252; x_wconf 92' lang='lat' dir='ltr'>po-</span> 
     </span>
     <span class='ocr_line' id='line_1_95' title="bbox 1747 3262 3108 3336; baseline -0.001 -17"><span class='ocrx_word' id='word_1_525' title='bbox 1747 3264 1834 3320; x_wconf 89' lang='lat' dir='ltr'>nit</span> <span class='ocrx_word' id='word_1_526' title='bbox 1861 3264 2079 3336; x_wconf 90' lang='lat' dir='ltr'>aliquid</span> <span class='ocrx_word' id='word_1_527' title='bbox 2109 3265 2489 3321; x_wconf 89' lang='lat' dir='ltr'>intrinsecum</span> <span class='ocrx_word' id='word_1_528' title='bbox 2517 3262 2579 3317; x_wconf 89' lang='lat' dir='ltr'>in</span> <span class='ocrx_word' id='word_1_529' title='bbox 2609 3268 2911 3336; x_wconf 86' lang='lat' dir='ltr'>peccatore,</span> <span class='ocrx_word' id='word_1_530' title='bbox 2947 3277 3108 3318; x_wconf 88' lang='lat' dir='ltr'>nem-</span> 
     </span>
     <span class='ocr_line' id='line_1_96' title="bbox 1747 3343 3109 3419; baseline 0 -17"><span class='ocrx_word' id='word_1_531' title='bbox 1747 3363 1813 3419; x_wconf 90' lang='lat' dir='ltr'>pe</span> <span class='ocrx_word' id='word_1_532' title='bbox 1844 3347 2229 3418; x_wconf 85' lang='lat' dir='ltr'>privationem</span> <span class='ocrx_word' id='word_1_533' title='bbox 2269 3345 2468 3419; x_wconf 82' lang='lat' dir='ltr'>gratiae</span> <span class='ocrx_word' id='word_1_534' title='bbox 2519 3343 2944 3409; x_wconf 88' lang='lat' dir='ltr'>sanctificantis,</span> <span class='ocrx_word' id='word_1_535' title='bbox 2983 3360 3109 3418; x_wconf 80' lang='lat' dir='ltr'>quae</span> 
     </span>
     <span class='ocr_line' id='line_1_97' title="bbox 1742 3423 3107 3497; baseline -0.001 -16"><span class='ocrx_word' id='word_1_536' title='bbox 1742 3426 2057 3482; x_wconf 89' lang='lat' dir='ltr'>secundum</span> <span class='ocrx_word' id='word_1_537' title='bbox 2111 3426 2258 3482; x_wconf 91' lang='lat' dir='ltr'>hanc</span> <span class='ocrx_word' id='word_1_538' title='bbox 2289 3423 2713 3497; x_wconf 83' lang='lat' dir='ltr'>providentiam</span> <span class='ocrx_word' id='word_1_539' title='bbox 2760 3424 3018 3490; x_wconf 89' lang='lat' dir='ltr'>debetur,</span> <span class='ocrx_word' id='word_1_540' title='bbox 3050 3430 3107 3480; x_wconf 91' lang='lat' dir='ltr'>et</span> 
     </span>
     <span class='ocr_line' id='line_1_98' title="bbox 1746 3499 3105 3579; baseline -0.002 -15"><span class='ocrx_word' id='word_1_541' title='bbox 1746 3522 1847 3579; x_wconf 91' lang='lat' dir='ltr'>per</span> <span class='ocrx_word' id='word_1_542' title='bbox 1869 3512 2054 3563; x_wconf 90' lang='lat' dir='ltr'>actum</span> <span class='ocrx_word' id='word_1_543' title='bbox 2080 3506 2287 3578; x_wconf 90' lang='lat' dir='ltr'>peccati</span> <span class='ocrx_word' id='word_1_544' title='bbox 2316 3503 2658 3560; x_wconf 85' lang='lat' dir='ltr'>excluditur.</span> <span class='ocrx_word' id='word_1_545' title='bbox 2696 3504 2859 3561; x_wconf 86' lang='lat' dir='ltr'>Unde</span> <span class='ocrx_word' id='word_1_546' title='bbox 2887 3499 3105 3561; x_wconf 86' lang='lat' dir='ltr'>mirum</span> 
     </span>
     <span class='ocr_line' id='line_1_99' title="bbox 1745 3584 3107 3659; baseline -0.001 -16"><span class='ocrx_word' id='word_1_547' title='bbox 1745 3597 1863 3644; x_wconf 87' lang='lat' dir='ltr'>non</span> <span class='ocrx_word' id='word_1_548' title='bbox 1891 3593 1993 3651; x_wconf 89' lang='lat' dir='ltr'>est,</span> <span class='ocrx_word' id='word_1_549' title='bbox 2019 3586 2168 3659; x_wconf 90' lang='lat' dir='ltr'>quod</span> <span class='ocrx_word' id='word_1_550' title='bbox 2203 3585 2272 3643; x_wconf 92' lang='lat' dir='ltr'>ad</span> <span class='ocrx_word' id='word_1_551' title='bbox 2327 3584 2749 3657; x_wconf 88' lang='lat' dir='ltr'>reparationem</span> <span class='ocrx_word' id='word_1_552' title='bbox 2796 3586 2967 3659; x_wconf 88' lang='lat' dir='ltr'>hujus</span> <span class='ocrx_word' id='word_1_553' title='bbox 3008 3585 3107 3641; x_wconf 90' lang='lat' dir='ltr'>in-</span> 
     </span>
     <span class='ocr_line' id='line_1_100' title="bbox 1742 3663 3105 3733; baseline -0.001 -10"><span class='ocrx_word' id='word_1_554' title='bbox 1742 3668 1976 3725; x_wconf 89' lang='lat' dir='ltr'>trinseci</span> <span class='ocrx_word' id='word_1_555' title='bbox 2008 3667 2228 3733; x_wconf 90' lang='lat' dir='ltr'>damni,</span> <span class='ocrx_word' id='word_1_556' title='bbox 2261 3671 2315 3722; x_wconf 88' lang='lat' dir='ltr'>et</span> <span class='ocrx_word' id='word_1_557' title='bbox 2345 3663 2413 3721; x_wconf 89' lang='lat' dir='ltr'>ad</span> <span class='ocrx_word' id='word_1_558' title='bbox 2441 3665 2832 3722; x_wconf 83' lang='lat' dir='ltr'>exclusionem</span> <span class='ocrx_word' id='word_1_559' title='bbox 2862 3667 3105 3723; x_wconf 83' lang='lat' dir='ltr'>maculae</span> 
     </span>
     <span class='ocr_line' id='line_1_101' title="bbox 1746 3746 3109 3822; baseline -0.001 -17"><span class='ocrx_word' id='word_1_560' title='bbox 1746 3750 1990 3807; x_wconf 60' lang='lat' dir='ltr'>internas</span> <span class='ocrx_word' id='word_1_561' title='bbox 2014 3749 2340 3822; x_wconf 88' lang='lat' dir='ltr'>requiratur</span> <span class='ocrx_word' id='word_1_562' title='bbox 2363 3746 2556 3818; x_wconf 87' lang='lat' dir='ltr'>aliqua</span> <span class='ocrx_word' id='word_1_563' title='bbox 2580 3748 2873 3804; x_wconf 85' lang='lat' dir='ltr'>renovatio</span> <span class='ocrx_word' id='word_1_564' title='bbox 2895 3747 3109 3803; x_wconf 91' lang='lat' dir='ltr'>intrin-</span> 
     </span>
     <span class='ocr_line' id='line_1_102' title="bbox 1743 3828 3106 3905; baseline -0.001 -18"><span class='ocrx_word' id='word_1_565' title='bbox 1743 3847 1888 3898; x_wconf 89' lang='lat' dir='ltr'>seca,</span> <span class='ocrx_word' id='word_1_566' title='bbox 1922 3837 1982 3887; x_wconf 90' lang='lat' dir='ltr'>ut</span> <span class='ocrx_word' id='word_1_567' title='bbox 2014 3832 2093 3887; x_wconf 92' lang='lat' dir='ltr'>ita</span> <span class='ocrx_word' id='word_1_568' title='bbox 2119 3829 2364 3905; x_wconf 89' lang='lat' dir='ltr'>qualitas</span> <span class='ocrx_word' id='word_1_569' title='bbox 2393 3828 3106 3889; x_wconf 80' lang='lat' dir='ltr'>remissionisconditioni</span> 
     </span>
     <span class='ocr_line' id='line_1_103' title="bbox 1746 3909 3109 3986; baseline -0.002 -15"><span class='ocrx_word' id='word_1_570' title='bbox 1746 3909 1960 3986; x_wconf 79' lang='lat' dir='ltr'>peccati</span> <span class='ocrx_word' id='word_1_571' title='bbox 1983 3912 2341 3986; x_wconf 89' lang='lat' dir='ltr'>respondeat.</span> <span class='ocrx_word' id='word_1_572' title='bbox 2368 3913 2645 3967; x_wconf 85' lang='lat' dir='ltr'>Caeterum</span> <span class='ocrx_word' id='word_1_573' title='bbox 2690 3917 2977 3985; x_wconf 89' lang='lat' dir='ltr'>peccatum</span> <span class='ocrx_word' id='word_1_574' title='bbox 2999 3912 3109 3968; x_wconf 89' lang='lat' dir='ltr'>ha-</span> 
     </span>
     <span class='ocr_line' id='line_1_104' title="bbox 1746 3993 3109 4067; baseline 0 -17"><span class='ocrx_word' id='word_1_575' title='bbox 1746 3993 1960 4052; x_wconf 89' lang='lat' dir='ltr'>bituale</span> <span class='ocrx_word' id='word_1_576' title='bbox 1981 3995 2045 4050; x_wconf 91' lang='lat' dir='ltr'>in</span> <span class='ocrx_word' id='word_1_577' title='bbox 2078 4000 2226 4050; x_wconf 88' lang='lat' dir='ltr'>statu</span> <span class='ocrx_word' id='word_1_578' title='bbox 2257 4009 2536 4067; x_wconf 89' lang='lat' dir='ltr'>purorum</span> <span class='ocrx_word' id='word_1_579' title='bbox 2568 3994 2795 4049; x_wconf 91' lang='lat' dir='ltr'>nullum</span> <span class='ocrx_word' id='word_1_580' title='bbox 2827 3993 3109 4050; x_wconf 88' lang='lat' dir='ltr'>intrinse-</span> 
     </span>
     <span class='ocr_line' id='line_1_105' title="bbox 1744 4075 3109 4151; baseline -0.001 -16"><span class='ocrx_word' id='word_1_581' title='bbox 1744 4094 1874 4135; x_wconf 91' lang='lat' dir='ltr'>cum</span> <span class='ocrx_word' id='word_1_582' title='bbox 1896 4077 2176 4134; x_wconf 91' lang='lat' dir='ltr'>damnum</span> <span class='ocrx_word' id='word_1_583' title='bbox 2204 4078 2542 4151; x_wconf 88' lang='lat' dir='ltr'>importaret</span> <span class='ocrx_word' id='word_1_584' title='bbox 2570 4098 2582 4132; x_wconf 76' lang='grc' dir='ltr'><strong><em>ε</em></strong></span> <span class='ocrx_word' id='word_1_585' title='bbox 2615 4093 2730 4133; x_wconf 87' lang='lat' dir='ltr'>non</span> <span class='ocrx_word' id='word_1_586' title='bbox 2751 4075 2982 4149; x_wconf 88' lang='lat' dir='ltr'>quidem</span> <span class='ocrx_word' id='word_1_587' title='bbox 3013 4091 3109 4148; x_wconf 86' lang='lat' dir='ltr'>po-</span> 
     </span>
     <span class='ocr_line' id='line_1_106' title="bbox 1743 4157 3107 4233; baseline -0.001 -18"><span class='ocrx_word' id='word_1_588' title='bbox 1743 4160 2002 4227; x_wconf 77' lang='lat' dir='ltr'>sitivum,</span> <span class='ocrx_word' id='word_1_589' title='bbox 2031 4176 2159 4216; x_wconf 91' lang='lat' dir='ltr'>cum</span> <span class='ocrx_word' id='word_1_590' title='bbox 2206 4159 2357 4216; x_wconf 88' lang='lat' dir='ltr'>istud</span> <span class='ocrx_word' id='word_1_591' title='bbox 2385 4165 2627 4231; x_wconf 89' lang='lat' dir='ltr'>nequeat</span> <span class='ocrx_word' id='word_1_592' title='bbox 2674 4157 2955 4233; x_wconf 82' lang='lat' dir='ltr'>assignari</span> <span class='ocrx_word' id='word_1_593' title='bbox 3003 4172 3107 4214; x_wconf 92' lang='lat' dir='ltr'>nec</span> 
     </span>
     <span class='ocr_line' id='line_1_107' title="bbox 1742 4237 3107 4315; baseline -0.004 -18"><span class='ocrx_word' id='word_1_594' title='bbox 1742 4241 1918 4298; x_wconf 88' lang='lat' dir='ltr'>etiam</span> <span class='ocrx_word' id='word_1_595' title='bbox 1968 4241 2342 4315; x_wconf 84' lang='lat' dir='ltr'>privativum,</span> <span class='ocrx_word' id='word_1_596' title='bbox 2387 4258 2517 4297; x_wconf 90' lang='lat' dir='ltr'>cum</span> <span class='ocrx_word' id='word_1_597' title='bbox 2567 4241 2730 4296; x_wconf 89' lang='lat' dir='ltr'>nulla</span> <span class='ocrx_word' id='word_1_598' title='bbox 2797 4237 3107 4296; x_wconf 89' lang='lat' dir='ltr'>habitualis</span> 
     </span>
     <span class='ocr_line' id='line_1_108' title="bbox 1745 4320 3104 4395; baseline -0.002 -16"><span class='ocrx_word' id='word_1_599' title='bbox 1745 4324 1934 4380; x_wconf 84' lang='lat' dir='ltr'>forma</span> <span class='ocrx_word' id='word_1_600' title='bbox 1981 4323 2207 4380; x_wconf 91' lang='lat' dir='ltr'>homini</span> <span class='ocrx_word' id='word_1_601' title='bbox 2255 4327 2389 4378; x_wconf 88' lang='lat' dir='ltr'>tunc</span> <span class='ocrx_word' id='word_1_602' title='bbox 2439 4320 2632 4378; x_wconf 89' lang='lat' dir='ltr'>debita</span> <span class='ocrx_word' id='word_1_603' title='bbox 2670 4337 2770 4394; x_wconf 92' lang='lat' dir='ltr'>per</span> <span class='ocrx_word' id='word_1_604' title='bbox 2818 4326 3104 4395; x_wconf 90' lang='lat' dir='ltr'>peccatum</span> 
     </span>
     <span class='ocr_line' id='line_1_109' title="bbox 1744 4401 3105 4475; baseline -0.003 -14"><span class='ocrx_word' id='word_1_605' title='bbox 1744 4404 2157 4461; x_wconf 85' lang='lat' dir='ltr'>excluderetur.</span> <span class='ocrx_word' id='word_1_606' title='bbox 2208 4401 2316 4474; x_wconf 86' lang='lat' dir='ltr'>Sed</span> <span class='ocrx_word' id='word_1_607' title='bbox 2355 4402 2425 4459; x_wconf 91' lang='lat' dir='ltr'>ad</span> <span class='ocrx_word' id='word_1_608' title='bbox 2465 4419 2761 4458; x_wconf 89' lang='lat' dir='ltr'>summum</span> <span class='ocrx_word' id='word_1_609' title='bbox 2817 4408 3105 4475; x_wconf 88' lang='lat' dir='ltr'>peccatum</span> 
     </span>
     <span class='ocr_line' id='line_1_110' title="bbox 1747 4484 3110 4558; baseline -0.001 -16"><span class='ocrx_word' id='word_1_610' title='bbox 1747 4486 2035 4542; x_wconf 66' lang='lat' dir='ltr'>habituale</span> <span class='ocrx_word' id='word_1_611' title='bbox 2065 4484 2317 4558; x_wconf 82' lang='lat' dir='ltr'>praedicti</span> <span class='ocrx_word' id='word_1_612' title='bbox 2338 4490 2514 4541; x_wconf 88' lang='lat' dir='ltr'>status</span> <span class='ocrx_word' id='word_1_613' title='bbox 2558 4486 2888 4542; x_wconf 89' lang='lat' dir='ltr'>consisteret</span> <span class='ocrx_word' id='word_1_614' title='bbox 2909 4485 2971 4541; x_wconf 88' lang='lat' dir='ltr'>in</span> <span class='ocrx_word' id='word_1_615' title='bbox 2994 4484 3110 4541; x_wconf 89' lang='lat' dir='ltr'>ali-</span> 
     </span>
     <span class='ocr_line' id='line_1_111' title="bbox 1744 4565 3108 4639; baseline 0.001 -18"><span class='ocrx_word' id='word_1_616' title='bbox 1744 4583 1858 4639; x_wconf 91' lang='lat' dir='ltr'>qua</span> <span class='ocrx_word' id='word_1_617' title='bbox 1907 4566 2377 4622; x_wconf 90' lang='lat' dir='ltr'>denominatione</span> <span class='ocrx_word' id='word_1_618' title='bbox 2422 4565 2740 4622; x_wconf 86' lang='lat' dir='ltr'>extrinseca</span> <span class='ocrx_word' id='word_1_619' title='bbox 2790 4565 2988 4622; x_wconf 89' lang='lat' dir='ltr'>relicta</span> <span class='ocrx_word' id='word_1_620' title='bbox 3036 4582 3108 4622; x_wconf 89' lang='lat' dir='ltr'>ex</span> 
     </span>
     <span class='ocr_line' id='line_1_112' title="bbox 1747 4646 3107 4721; baseline -0.001 -16"><span class='ocrx_word' id='word_1_621' title='bbox 1747 4654 1969 4721; x_wconf 89' lang='lat' dir='ltr'>peccato</span> <span class='ocrx_word' id='word_1_622' title='bbox 2020 4649 2224 4704; x_wconf 90' lang='lat' dir='ltr'>actuali</span> <span class='ocrx_word' id='word_1_623' title='bbox 2255 4647 2616 4720; x_wconf 83' lang='lat' dir='ltr'>praecedenti.</span> <span class='ocrx_word' id='word_1_624' title='bbox 2644 4646 2727 4702; x_wconf 84' lang='lat' dir='ltr'>Ad</span> <span class='ocrx_word' id='word_1_625' title='bbox 2763 4647 3107 4705; x_wconf 88' lang='lat' dir='ltr'>destructio-</span> 
     </span>
     <span class='ocr_line' id='line_1_113' title="bbox 1747 4734 2143 4786; baseline -0.005 0"><span class='ocrx_word' id='word_1_626' title='bbox 1747 4746 1881 4786; x_wconf 90' lang='lat' dir='ltr'>nem</span> <span class='ocrx_word' id='word_1_627' title='bbox 1954 4734 2143 4786; x_wconf 86' lang='lat' dir='ltr'>autem</span> 
     </span>
     <span class='ocr_line' id='line_1_114' title="bbox 1745 4810 3107 4884; baseline 0.001 -16"><span class='ocrx_word' id='word_1_628' title='bbox 1745 4812 1901 4876; x_wconf 89' lang='lat' dir='ltr'>satis,</span> <span class='ocrx_word' id='word_1_629' title='bbox 1933 4827 2213 4884; x_wconf 91' lang='lat' dir='ltr'>superque</span> <span class='ocrx_word' id='word_1_630' title='bbox 2228 4811 2512 4868; x_wconf 86' lang='lat' dir='ltr'>sufficiens</span> <span class='ocrx_word' id='word_1_631' title='bbox 2533 4810 2761 4867; x_wconf 82' lang='lat' dir='ltr'>videtur</span> <span class='ocrx_word' id='word_1_632' title='bbox 2783 4812 3107 4869; x_wconf 84' lang='lat' dir='ltr'>extrinseca</span> 
     </span>
     <span class='ocr_line' id='line_1_115' title="bbox 1744 4890 3107 4967; baseline 0.001 -18"><span class='ocrx_word' id='word_1_633' title='bbox 1744 4891 2007 4949; x_wconf 90' lang='lat' dir='ltr'>mutatio.</span> <span class='ocrx_word' id='word_1_634' title='bbox 2041 4890 2205 4947; x_wconf 91' lang='lat' dir='ltr'>Unde</span> <span class='ocrx_word' id='word_1_635' title='bbox 2226 4891 2361 4959; x_wconf 82' lang='lat' dir='ltr'>haec,</span> <span class='ocrx_word' id='word_1_636' title='bbox 2387 4898 2442 4948; x_wconf 90' lang='lat' dir='ltr'>et</span> <span class='ocrx_word' id='word_1_637' title='bbox 2470 4907 2588 4948; x_wconf 90' lang='lat' dir='ltr'>non</span> <span class='ocrx_word' id='word_1_638' title='bbox 2630 4893 2814 4966; x_wconf 90' lang='lat' dir='ltr'>major</span> <span class='ocrx_word' id='word_1_639' title='bbox 2844 4894 3107 4967; x_wconf 89' lang='lat' dir='ltr'>require-</span> 
     </span>
     <span class='ocr_line' id='line_1_116' title="bbox 1747 4971 3110 5049; baseline 0.003 -19"><span class='ocrx_word' id='word_1_640' title='bbox 1747 4980 1907 5032; x_wconf 90' lang='lat' dir='ltr'>retur</span> <span class='ocrx_word' id='word_1_641' title='bbox 1947 4971 2016 5030; x_wconf 91' lang='lat' dir='ltr'>ad</span> <span class='ocrx_word' id='word_1_642' title='bbox 2047 4973 2446 5030; x_wconf 89' lang='lat' dir='ltr'>remissionem</span> <span class='ocrx_word' id='word_1_643' title='bbox 2487 4975 2713 5047; x_wconf 88' lang='lat' dir='ltr'>peccati,</span> <span class='ocrx_word' id='word_1_644' title='bbox 2745 4976 2892 5049; x_wconf 89' lang='lat' dir='ltr'>quod</span> <span class='ocrx_word' id='word_1_645' title='bbox 2937 4977 3110 5034; x_wconf 90' lang='lat' dir='ltr'>homo</span> 
     </span>
     <span class='ocr_line' id='line_1_117' title="bbox 1746 5057 2707 5131; baseline 0.004 -19"><span class='ocrx_word' id='word_1_646' title='bbox 1746 5057 1809 5112; x_wconf 90' lang='lat' dir='ltr'>in</span> <span class='ocrx_word' id='word_1_647' title='bbox 1831 5062 1979 5114; x_wconf 89' lang='lat' dir='ltr'>statu</span> <span class='ocrx_word' id='word_1_648' title='bbox 2003 5073 2280 5131; x_wconf 88' lang='lat' dir='ltr'>purorum</span> <span class='ocrx_word' id='word_1_649' title='bbox 2307 5059 2707 5116; x_wconf 90' lang='lat' dir='ltr'>committeret.</span> 
     </span>
    </p>
   </div>
   <div class='ocr_carea' id='block_1_14' title="bbox 3014 413 3131 471">
    <p class='ocr_par' dir='ltr' id='par_1_15' title="bbox 3014 413 3131 471">
     <span class='ocr_line' id='line_1_118' title="bbox 3014 413 3131 471; baseline 0.017 -2"><span class='ocrx_word' id='word_1_650' title='bbox 3014 413 3131 471; x_wconf 82' lang='lat'>477</span> 
     </span>
    </p>
   </div>
   <div class='ocr_carea' id='block_1_15' title="bbox 2214 4728 3126 4788">
    <p class='ocr_par' dir='ltr' id='par_1_16' title="bbox 2214 4728 3126 4788">
     <span class='ocr_line' id='line_1_119' title="bbox 2214 4728 3126 4788; baseline 0.004 -4"><span class='ocrx_word' id='word_1_651' title='bbox 2214 4728 2699 4786; x_wconf 89' lang='lat' dir='ltr'>denominationis</span> <span class='ocrx_word' id='word_1_652' title='bbox 2766 4728 3126 4788; x_wconf 66' lang='lat' dir='ltr'>extrinsecae‘</span> 
     </span>
    </p>
   </div>
   <div class='ocr_carea' id='block_1_16' title="bbox 3149 849 3304 945">
    <p class='ocr_par' dir='ltr' id='par_1_17' title="bbox 3149 849 3304 945">
     <span class='ocr_line' id='line_1_120' title="bbox 3181 849 3259 892; baseline 0 -13"><span class='ocrx_word' id='word_1_653' title='bbox 3181 849 3259 892; x_wconf 67' lang='lat' dir='ltr'>Se-</span> 
     </span>
     <span class='ocr_line' id='line_1_121' title="bbox 3149 898 3304 945; baseline 0.026 -4"><span class='ocrx_word' id='word_1_654' title='bbox 3149 898 3304 945; x_wconf 81' lang='lat' dir='ltr'>cundo.</span> 
     </span>
    </p>
   </div>
   <div class='ocr_carea' id='block_1_17' title="bbox 3161 2622 3271 2666">
    <p class='ocr_par' dir='ltr' id='par_1_18' title="bbox 3161 2622 3271 2666">
     <span class='ocr_line' id='line_1_122' title="bbox 3161 2622 3271 2666; baseline 0.009 -1"><span class='ocrx_word' id='word_1_655' title='bbox 3161 2622 3271 2666; x_wconf 78' lang='lat' dir='ltr'>Effu-</span> 
     </span>
    </p>
   </div>
  </div>
 </body>
</html>
