3647 5753
1412 301 1586 354 DISP.
1633 300 1701 364 11,
1749 298 1913 354 DUB.
1958 299 2104 354 vm.
3032 311 3138 364 517

291 470 362 528 ad
379 488 579 528 earum
609 472 1072 530 destructionem.
1106 472 1264 538 Quod
1288 480 1478 530 autem
1507 472 1652 529 dici-

291 560 387 610 tur
425 554 496 609 de
542 554 713 611 modo
760 555 983 620 nitoriS,
1030 562 1113 611 est
1160 556 1408 629 profecto
1455 555 1652 628 petitio

292 636 602 709 principii;
644 638 778 710 quia
821 637 1008 711 gratia
1055 638 1315 695 redditur
1344 640 1553 704 nitens,
1597 641 1654 693 et

293 718 524 775 fervens
554 736 654 791 per
700 719 1018 776 absentiam
1063 727 1418 793 peccatorum
1448 720 1653 776 venia-

295 801 477 867 lium,
532 820 634 874 pro
679 818 926 875 quorum
974 802 1357 861 destructione
1404 802 1653 859 formam

295 882 668 939 sufficientem
698 884 1133 957 investigamus,

371 965 498 1020 310.
531 964 639 1020 Sed
685 964 953 1038 oincies:
988 981 1124 1021 nam
1177 964 1395 1021 donum
1441 962 1655 1021 confir-

299 1047 572 1103 mationis
612 1051 695 1101 est
741 1047 960 1119 aliquid
1005 1047 1324 1114 habituale;
1372 1054 1428 1105 et
1461 1053 1655 1103 tamen

299 1133 479 1199 potest
504 1127 630 1182 dari
675 1128 903 1201 aliquod
943 1129 1158 1185 donum
1200 1127 1655 1185 confirmationis

297 1207 436 1265 adeo
491 1208 821 1280 perfectum,
875 1215 936 1264 ut
981 1215 1201 1282 peccata
1241 1210 1493 1266 venialia
1540 1223 1656 1264 non

298 1289 610 1361 permittat,
646 1295 703 1344 ut
730 1293 876 1361 patet
899 1290 961 1345 in
990 1292 1052 1345 Β.
1079 1291 1354 1363 Virgine:
1389 1306 1523 1363 ergo
1546 1290 1657 1345 ali-

297 1368 446 1442 quod
475 1368 690 1426 douum
721 1370 1011 1427 habituale
1045 1378 1222 1444 potest
1250 1370 1459 1428 habere
1499 1370 1659 1426 suffi-

299 1452 546 1508 cientem
617 1454 1032 1525 oppositionem
1107 1454 1176 1511 ad
1239 1453 1658 1511 excludendum

304 1538 525 1604 peccata
552 1534 823 1591 venialia.
857 1535 1120 1606 Idemque
1149 1551 1180 1590 a
1210 1533 1434 1592 fortiori
1463 1534 1659 1590 dicen-

303 1612 442 1667 dum
471 1617 555 1668 est
580 1612 651 1669 de
678 1614 873 1669 habitu
899 1615 1139 1670 luminis
1158 1616 1373 1689 gloriae,
1399 1615 1495 1687 qui
1517 1615 1661 1670 sicut

304 1692 598 1750 constituit
634 1694 928 1751 hominem
959 1695 1203 1761 beatum,
1237 1699 1315 1753 ita
1358 1694 1543 1753 reddit
1567 1696 1662 1768 ip-

301 1790 429 1829 sum
455 1775 780 1830 immunem
805 1792 837 1831 a
861 1776 1093 1832 miseria
1114 1776 1413 1850 cujuslibet
1428 1776 1658 1849 pcccati.

299 1859 369 1911 Et
410 1856 804 1921 confirmatur,
838 1858 969 1929 quia
1011 1860 1148 1916 unio
1191 1860 1542 1934 hypostatica
1580 1864 1665 1916 est

301 1934 518 2008 aliquid
559 1936 890 1993 habituale:
933 1938 1029 1994 sed
1076 1940 1205 1996 talis
1250 1941 1392 1996 unio
1433 1941 1661 1996 nullum

303 2020 582 2092 permittit
632 2026 921 2091 peccatum
975 2023 1220 2090 veniale,
1274 2040 1375 2080 nec
1423 2022 1658 2086 actuale,

305 2116 405 2156 nec
426 2099 739 2168 habituale‚
765 2107 827 2156 ut
852 2101 1087 2158 tradunt
1112 2105 1497 2160 communiter
1519 2103 1665 2158 Tho-

305 2181 488 2236 mistae
537 2182 572 2235 3
609 2190 757 2254 part.
807 2190 985 2259 quoest.
1047 2185 1148 2249 153
1195 2201 1329 2258 ergo
1378 2189 1664 2256 peccatum

306 2262 532 2318 veniale
556 2274 676 2318 'non
704 2265 955 2334 exposcit
992 2264 1523 2337 indispensabiliter
1551 2265 1666 2320 ali-

303 2358 476 2412 quam
499 2342 754 2397 hominis
780 2345 1194 2414 operationem,
1227 2346 1323 2402 sed
1351 2346 1532 2402 deleri
1563 2344 1667 2402 ab-

304 2424 488 2558 εοίιῗῑο
544 2424 690 2478 valet
738 2439 835 2495 per
889 2425 1141 2498 aliquam
1194 2427 1442 2500 gratiam
1496 2424 1667 2482 habi-

306 2509 406 2560 tua
432 2520 545 2560 em.

384 2576 779 2649 Respondetur
794 2578 863 2634 ad
879 2579 1270 2652 objectionem,
1286 2580 1434 2654 quod
1450 2581 1665 2638 donum

304 2657 765 2716 confirmationis
790 2675 859 2715 ex
897 2677 1105 2733 genere
1145 2678 1246 2719 suo
1274 2678 1391 2718 non
1420 2661 1669 2719 excludit

303 2741 505 2799 omnia
534 2748 753 2815 peccata
781 2744 1052 2809 venialia,
1080 2749 1141 2800 ut
1170 2749 1319 2816 patet
1348 2744 1411 2799 in
1438 2747 1671 2817 Aposto-

301 2822 398 2890 lis,
419 2824 585 2898 juxta
618 2839 683 2880 ea
710 2839 834 2895 quae
857 2840 1030 2898 supra
1058 2825 1312 2880 diximus
1339 2843 1492 2896 num.
1536 2826 1665 2881 299.

301 2906 498 2960 Potest
538 2910 731 2962 tamen
759 2903 887 2964 dari
931 2905 1159 2978 aliquod
1199 2906 1415 2963 donum
1455 2905 1670 2963 confir-

300 2985 581 3042 mationis
606 2984 745 3042 adeo
777 2987 1109 3058 perfectum,
1145 2993 1205 3042 ut
1233 2990 1395 3045 tollat
1434 2991 1669 3062 (partim

301 3067 374 3125 ab
404 3067 733 3131 intrinseco,
765 3074 820 3124 et
847 3071 1057 3140 partim
1100 3068 1171 3126 ab
1198 3071 1540 3142 extrinseco)
1568 3088 1671 3143 po-

299 3151 571 3204 testatem
634 3148 957 3219 proximam
1015 3150 1281 3222 peccandi
1340 3152 1666 3219 venialiter,

300 3231 591 3302 quatenus
618 3227 859 3300 impedit
887 3245 1056 3286 omne
1084 3231 1369 3287 dictamen
1397 3230 1674 3288 defectuo-

300 3326 460 3375 sum,
505 3313 560 3365 et
597 3325 829 3366 omnem
873 3310 1264 3368 inordinatam
1294 3311 1668 3370 affectionem.

14 3459 15 3462 Ἴ
305 3393 380 3446 Et
429 3389 757 3462 hujusmodi
798 3390 1015 3446 donum
1063 3392 1353 3449 credimus
1403 3395 1674 3450 collatum

98 3487 143 3526 D.
163 3485 268 3529 Tho.
310 3471 496 3526 fuisse
538 3472 602 3526 B.
657 3471 907 3544 Virgini,
958 3479 1019 3527 ut
1059 3472 1229 3529 tradit
1276 3476 1339 3529 D.
1386 3474 1593 3530 Thom.
1641 3475 1676 3528 3

309 3559 464 3625 part.
492 3558 671 3625 quaest.
702 3554 790 3616 27,
815 3560 923 3610 art.
956 3555 991 3608 3
1015 3561 1063 3608 et
1095 3555 1150 3609 4.
1184 3556 1461 3610 Caeterum
1490 3569 1676 3627 quan—

312 3635 405 3691 vis
446 3633 776 3707 huJusmodi
805 3633 1020 3690 donum
1061 3636 1135 3691 sit
1174 3635 1313 3692 adeo
1341 3635 1672 3708 perfectum,

308 3714 566 3771 minime
593 3719 785 3770 tamen
812 3714 1135 3772 excluderet
1161 3720 1385 3788 peccata
1426 3716 1679 3772 venialia

310 3796 657 3860 habitualia,
683 3812 807 3867 quae
837 3796 897 3852 in
928 3798 1160 3869 proprio
1186 3798 1505 3869 susceptivo
1533 3814 1679 3870 prae-

311 3881 685 3950 supponeret,
742 3877 854 3932 nisi
913 3878 1301 3951 dependenter
1359 3879 1430 3935 ab
1489 3880 1681 3952 aliqua

312 3955 673 4029 operatione,
708 3973 806 4029 per
824 3974 995 4030 quam
1026 3960 1279 4015 venialia
1308 3965 1682 4017 retractaren-

309 4045 435 4106 tur,
468 4044 526 4093 et
561 4038 751 4095 servor
783 4039 1076 4096 charitatis
1106 4042 1490 4099 revivisceret.
1523 4042 1681 4107 Quod

312 4122 461 4177 satis
502 4120 680 4192 liquet
726 4121 785 4176 in
833 4122 1137 4178 animabus
1177 4125 1523 4198 Purgatorii,
1556 4140 1681 4196 quae

314 4204 397 4259 ita
427 4207 566 4257 sunt
592 4200 940 4259 confirmatae
963 4205 1023 4259 in
1049 4204 1216 4270 b0n0,
1246 4211 1304 4260 ut
1328 4221 1443 4262 non
1467 4205 1684 4277 possint

312 4283 590 4355 deinceps
606 4285 724 4340 ullo
748 4285 914 4341 modo
936 4302 1195 4358 peccare;
1220 4293 1277 4343 et
1297 4287 1683 4343 nihilominus

312 4381 421 4439 per
451 4364 780 4438 huJusmodi
822 4365 1038 4421 donum
1082 4383 1198 4423 non
1232 4367 1622 4424 emundantur
1651 4384 1685 4424 a

312 4446 564 4521 peccatis
625 4448 966 4515 venialibuS,
1023 4448 1122 4505 sed
1181 4449 1442 4523 indigent
1493 4450 1685 4522 aliquo

315 4536 468 4593 actu,
496 4529 621 4584 sive
641 4530 973 4601 operatione
999 4548 1031 4587 a
1059 4548 1119 4587 se
1147 4532 1355 4596 elicita,
1376 4537 1439 4587 ut
1467 4536 1686 4604 peccata

315 4612 382 4667 in
403 4611 515 4666 hac
542 4611 660 4664 vita
687 4611 1009 4676 commissa,
1041 4617 1097 4667 et
1116 4611 1298 4683 quoad
1320 4613 1544 4686 culpam
1569 4629 1685 4670 non

315 4692 584 4756 dimissa,
618 4690 1175 4762 possintexcludere,
1204 4699 1265 4748 ut
1292 4693 1466 4750 tradit
1485 4697 1548 4749 D.
1575 4694 1681 4749 Th.

316 4778 509 4850 quaest.
540 4773 595 4838 7,
624 4773 687 4826 de
716 4770 887 4835 Male,
925 4780 1033 4830 art.
1087 4775 1173 4841 11,
1216 4776 1275 4828 in
1314 4773 1589 4847 coerubi
1617 4772 1688 4829 de

317 4848 613 4925 praedictis
641 4849 944 4906 animabus
966 4868 1137 4926 agens
1166 4852 1384 4925 inquit:
1416 4873 1442 4904 «
1467 4854 1535 4907 Et
1561 4851 1689 4909 ideo

325 4956 353 4987 (t
397 4937 627 5005 oportet
646 4931 855 5000 dicere,
876 4934 1023 5005 quod
1040 4933 1293 4991 venialia
1317 4933 1690 4989 remittuntur

108 963 254 1023 objce-

146 1020 222 1058 tio.

84 2597 289 2642 Diluitur.

1789 493 1815 523 «
1856 471 1940 528 eis
1982 473 2277 545 posthanc
2308 474 2508 544 vitam,
2548 479 2722 535 etiam
2765 486 3043 553 quantum
3073 481 3142 537 ad

1789 574 1815 605 α
1855 555 2084 626 culpam
2111 569 2179 610 eo
2200 554 2389 623 modo,
2422 573 2531 628 quo
2555 561 2928 617 remittuntur
2959 563 3019 618 in
3043 560 3145 618 hac

1791 658 1816 689 α
1857 636 2010 703 vita,
2068 636 2282 693 scilicet
2336 655 2436 710 per
2495 648 2682 698 actum
2741 645 3036 701 charitatis
3083 645 3144 700 in

1791 737 1817 768 «
1861 717 2060 784 Deum,
2110 725 2525 789 repugnantem
2577 723 2902 780 venialibus
2941 725 3003 780 in
3044 725 3145 781 hac

1792 819 1817 850 «
1860 798 1978 853 vita
2006 799 2340 854 commissis.
2369 820 2393 850 »
2417 800 2493 857 Et
2517 804 2574 857 in
2598 822 2733 876 resp.
2756 807 2830 859 ad
2850 808 2904 872 9,
2939 809 3146 883 inquit:

1792 902 1817 932 (ι
1861 881 2194 936 Remittitur
2244 895 2379 953 ergo
2425 883 2487 937 in
2534 888 2863 958 purgatorio
2921 889 3148 945 veniale

1793 980 1818 1011 «
1860 964 2139 1031 quantum
2174 958 2244 1015 ad
2273 962 2499 1032 culpam
2530 964 2744 1021 virtute
2782 968 2998 1040 gratiae,
3032 983 3147 1024 non

1793 1062 1819 1094 α
1861 1041 2046 1096 solum
2074 1040 2385 1098 secundum
2414 1042 2561 1116 quod
2583 1051 2665 1100 est
2690 1046 2752 1102 in
2776 1047 2992 1115 habitu,
3015 1050 3149 1122 quia

1795 1144 1819 1171 rs
1862 1123 1941 1177 sic
1992 1124 2333 1194 compatitur
2394 1127 2622 1183 veniale
2676 1137 2995 1201 peccatum;
3051 1131 3150 1187 sed

1795 1225 1821 1257 «
1864 1208 2033 1275 prout
2066 1203 2184 1259 exit
2211 1202 2272 1259 in
2296 1210 2481 1261 actum
2506 1207 2799 1265 charitatis
2821 1209 3151 1267 detestantis

1796 1308 1821 1339 α
1864 1285 2091 1341 veniale
2132 1293 2440 1358 peccatum.
2486 1310 2512 1340 »
2563 1292 2630 1345 Et
2669 1293 2813 1348 ratio
2855 1292 3154 1367 utrobique

1790 1371 1875 1423 est
1900 1365 2117 1448 eadem,
2150 1368 2283 1440 quia
2314 1369 2598 1426 nimirum
2641 1372 2772 1429 licet
2799 1373 2901 1429 illa
2943 1374 3149 1441 forma,

1790 1462 1915 1519 quae
1941 1462 2132 1503 secum
2170 1448 2454 1520 permittit
2495 1465 2710 1507 novum
2742 1459 3051 1525 peccatum,
3082 1454 3157 1510 sit

1792 1526 2141 1584 insufficiens
2180 1527 2251 1584 ad
2297 1531 2700 1602 expellendum
2752 1536 3156 1607 antiquum3e

1792 1623 2068 1664 converso
2088 1613 2280 1664 tamen
2303 1625 2420 1665 non
2448 1612 2639 1667 omnis
2665 1613 2870 1677 forma,
2898 1631 3021 1689 quai
3049 1617 3156 1672 im-

1796 1687 1949 1760 pedit
1977 1693 2263 1760 peccatum
2293 1704 2530 1756 novum,
2562 1691 2763 1748 sufficit
2788 1693 2853 1749 ad
2880 1697 3156 1767 praeexis-

1794 1771 1966 1827 tentis
1994 1769 2459 1827 destructionem.
2485 1773 2573 1828 Sic
2600 1775 2759 1830 enim
2789 1779 2980 1848 plures
3003 1783 3157 1834 actus

1794 1850 2093 1907 entitative
2142 1852 2435 1909 naturales
2485 1861 2699 1924 queunt
2751 1856 3034 1928 impedire
3093 1860 3156 1914 in

1794 1948 1965 1988 sensu
1994 1934 2303 2005 composito
2332 1936 2811 2006 perpetrationem
2855 1941 2991 1995 novi
3027 1957 3157 2013 pec-

1796 2013 1923 2077 cati,
1944 2013 2040 2085 qui
2065 2019 2258 2071 tamen
2283 2015 2692 2074 insufficientes
2712 2025 2844 2074 sunt
2873 2018 2941 2075 ad
2966 2037 3158 2093 pecca-

1799 2098 1920 2148 tum
1950 2093 2179 2166 aliquod
2208 2095 2271 2149 in
2310 2095 2417 2151 hoc
2441 2102 2587 2152 statu
2628 2099 3052 2169 expellendum,
3097 2108 3159 2157 ut

1797 2193 1968 2250 supra
1996 2175 2250 2232 diximus
2279 2196 2428 2233 nunt.
2463 2180 2594 2234 287.
2631 2182 2748 2237 Hoc
2785 2182 2963 2256 igitur
2991 2182 3160 2240 modo

1798 2258 2014 2315 donum
2051 2259 2527 2332 perfectissimum
2558 2261 3017 2321 confirmationis
3044 2266 3161 2321 im-

1798 2337 2086 2395 mobilitat
2126 2339 2460 2413 subjectum,
2514 2357 2586 2397 ne
2625 2341 2894 2416 deinceps
2942 2350 3160 2418 peccet:

1800 2419 1994 2490 nequit
2035 2425 2227 2476 tamen
2258 2426 2480 2493 peccata
2519 2422 2777 2478 venialia
2823 2423 3158 2489 habitualia‚

1799 2514 1923 2572 quae
1963 2499 2025 2555 in
2067 2499 2317 2573 subjecto
2356 2502 2647 2573 supponit,
2680 2503 3000 2570 excludere,
3047 2505 3161 2560 nisi

1801 2579 1990 2637 medio
2012 2581 2203 2654 aliquo
2231 2588 2353 2638 actu
2386 2584 2509 2654 ipsa
2530 2582 2855 2642 detestetur.
2889 2587 3163 2659 Alioquin

1800 2661 1945 2717 sicut
1974 2661 2294 2718 remanebit
2311 2665 2455 2719 ratio
2479 2665 2793 2720 voluntarii
2813 2682 2926 2722 non
2951 2673 3167 2724 retrac—

1802 2743 1944 2799 tati:
1993 2743 2072 2799 ita
2106 2743 2362 2801 manebit
2404 2745 2549 2801 ratio
2592 2748 2826 2804 maculae
2852 2764 2922 2806 ex
2965 2765 3031 2805 eo
3074 2767 3166 2807 re-

1802 2824 1966 2881 lictae.
1993 2824 2157 2882 Unde
2182 2824 2358 2881 etiam
2386 2830 2604 2882 constat
2629 2824 2702 2882 ad
2735 2827 2810 2892 id,
2841 2829 2991 2902 quod
3022 2828 3162 2887 dici-

1802 2909 1898 2959 tur
1949 2903 2018 2960 de
2077 2905 2302 2961 lumine
2359 2906 2587 2978 gloriae;
2643 2907 2791 2963 istud
2837 2909 3065 2982 quippe,
3118 2912 3168 2965 si

1804 2985 2163 3042 conterretur
2202 2987 2471 3043 existenti
2503 2989 2566 3043 in
2595 2994 2816 3058 peccato
2844 2991 3084 3055 veniali,
3114 2996 3169 3045 et

1805 3070 2033 3125 nullum
2063 3074 2249 3125 actum
2296 3068 2593 3124 charitatis
2633 3076 2877 3142 pareret,
2923 3071 3170 3126 minime

1804 3149 1954 3206 illud
2003 3150 2362 3206 excluderet.
2423 3149 2744 3212 Videantur
2795 3169 2969 3224 supra
3022 3151 3171 3208 dicta

1805 3229 1935 3284 dub.
1964 3231 2021 3296 6,
2046 3233 2076 3298 ξ
2105 3231 2158 3295 3,
2191 3245 2315 3302 quae
2342 3230 2489 3284 hanc
2516 3228 2841 3287 doctrinam
2883 3249 2915 3288 a
2943 3231 3168 3289 fortiori

1807 3309 2174 3368 confirmant.

1882 3389 1968 3445 Ad
2032 3388 2531 3447 confirmationem
2597 3393 2999 3464 respondetur,
3073 3411 3172 3467 per

1806 3473 2086 3530 unionem
2141 3472 2553 3545 hypostaticam
2615 3475 2741 3528 tolli
2788 3477 3167 3547 suppositum,

1809 3554 1957 3630 quod
1998 3554 2160 3626 prius
2202 3559 2561 3628 peccaverat;
2590 3559 2645 3609 et
2672 3554 2752 3611 ita
2779 3555 2995 3614 destrui
3023 3559 3173 3632 phy-

1809 3637 1922 3692 sice
1952 3634 2233 3691 rationem
2261 3633 2595 3700 voluntarii,
2629 3650 2755 3706 quae
2779 3635 2850 3692 ab
2878 3638 3000 3710 ipso
3030 3653 3172 3711 pen-

1810 3716 1996 3782 debat,
2018 3722 2074 3772 et
2094 3713 2559 3772 conservabatur.
2585 3716 2836 3774 Aliunde
2856 3720 3030 3775 etiam
3056 3736 3172 3776 non

1812 3802 2074 3855 remanet
2099 3797 2455 3870 suppositum
2486 3812 2737 3869 peccanS,
2763 3800 2851 3855 cui
2877 3801 3053 3873 possit
3071 3817 3174 3856 ve-

1815 3878 1970 3935 niale
1994 3877 2210 3934 remitti
2232 3900 2245 3943 ;
2269 3878 2424 3947 etita
2448 3877 2671 3932 tollitur
2693 3876 2762 3935 de
2783 3879 2972 3937 medio
2996 3885 3174 3936 status

1811 3959 2161 4032 quaestionis,
2209 3958 2553 4014 Recolantur
2598 3976 2723 4031 quae
2771 3959 3024 4016 diximus
3064 3961 3174 4016 loco

1814 4043 1906 4098 cit.
1931 4060 2082 4098 nunt.
2114 4042 2244 4097 251.

1889 4123 2018 4178 311.
2062 4122 2361 4193 Supposito
2388 4137 2542 4195 erge,
2576 4123 2724 4193 quod
2767 4122 2837 4179 ad
2880 4118 3368 4210 remissio-usg’ffflff·

1815 4218 1949 4259 nem
1981 4202 2187 4275 peccati
2226 4203 2472 4258 venialis
2502 4204 2829 4274 requiratur
2857 4205 3048 4276 aliqua
3074 4214 3386 4275 su-quauhu

1817 4283 2202 4357 pernaturalis
2244 4283 2500 4339 hominis
2544 4285 2816 4354 operatio,
2863 4284 3172 4344 videndum
3189 4266 3361 4360 diffinget-

1814 4369 2091 4436 superest,
2140 4363 2326 4434 qualis
2373 4364 2628 4436 operatio
2687 4362 3058 4423 desideretur.
3111 4370 3177 4424 In

1816 4460 1929 4517 quo
1951 4442 2270 4516 plurimum
2295 4444 2521 4498 variant
2550 4442 2834 4498 authores
2857 4444 2924 4498 Et
2944 4445 3176 4517 quidem

1817 4531 2035 4583 certum
2063 4529 2163 4589 est,
2198 4539 2314 4579 non
2339 4523 2657 4595 quamlibet
2691 4524 2944 4580 hominis
2971 4544 3178 4599 opera-

1819 4607 2035 4662 tionem
2060 4603 2128 4659 ad
2153 4603 2209 4659 id
2232 4602 2504 4670 sufficere,
2536 4620 2664 4660 cum
2694 4604 2888 4677 plures
2911 4605 3048 4673 sint,
3079 4611 3177 4680 qui

1819 4687 2064 4752 nullam,
2092 4692 2190 4742 aut
2212 4686 2533 4753 formalem,
2563 4690 2659 4741 aut
2682 4686 2990 4743 virtualem
3012 4704 3181 4762 oppo-

1819 4769 2089 4826 sitionem
2155 4767 2403 4825 habeant
2459 4785 2588 4824 cum
2641 4767 2968 4825 venialibus
3022 4771 3181 4842 prius

1819 4849 2160 4915 commissis,
2219 4865 2321 4906 nec
2373 4850 2556 4905 ullam
2609 4848 2852 4905 afferant
2902 4849 3180 4906 efficacem

1820 4948 2024 4990 eorum
2047 4930 2500 4989 detestationem.
2521 4932 2745 5004 Optime
2764 4933 2974 5005 quippe
2993 4932 3181 4991 cohae-
3278 4986 3289 4999 ,
