3647 5753
1528 348 1704 407 DISP.
1749 352 1793 416 1,
1839 351 2002 408 DUB.
2047 353 2116 409 11.
3010 348 3015 355 ’
3120 359 3229 414 313

144 520 746 664 ladsscm‘ssluffiamei'clgs
789 527 1001 662 vestris.
1047 527 1194 660 Etdl
1242 523 1612 662 abdutcoriltith.
1643 526 1734 661 86εά

265 624 276 633 ·
582 625 618 661 ιι
711 624 764 661 m
846 623 1126 673 uisis,se
1222 623 1258 660 a
1383 624 1589 673 iesus,

159 665 328 758 ‘’⁸333''
369 624 706 754 suffrag-scaci
724 609 873 744 eslii.
898 690 967 743 Et
989 688 1204 744 Psalm.
1232 689 1336 745 50:
1360 688 1625 762 Anieryes
1649 703 1733 742 ma

369 772 626 843 hyssopo,
644 777 695 824 et
719 769 1026 825 mundabor
1055 769 1312 824 :lavabis
1350 786 1449 837 me,
1479 776 1527 824 et
1571 784 1733 841 super

145 855 552 907 nsoan.1.nivem
578 850 890 907 dealbabor.
921 852 991 904 Et
1017 850 1082 904 in
1111 849 1302 922 prima
1328 851 1494 906 Joan.
1518 865 1641 922 cap.
1679 849 1727 905 1:

368 932 618 1003 Sanquis
634 931 848 990 Christi
862 930 1122 987 emundat
1137 948 1236 986 nos
1249 931 1319 987 ab
1332 934 1483 987 omni
1485 937 1724 1005 peccato.

151 1010 294 1062 Apoc.
316 1012 352 1053 ¹·
369 1015 441 1068 Et
466 1014 772 1086 Apocalyp.
814 1015 855 1080 1,
881 1027 1030 1069 vers,
1061 1013 1097 1067 6
1127 1032 1139 1067 :
1169 1011 1339 1068 Lavit
1363 1030 1463 1067 nos
1487 1030 1522 1066 a
1542 1028 1731 1084 pecca·

367 1096 442 1149 tis
465 1096 671 1149 nostris
696 1095 758 1149 in
782 1095 1049 1163 sanquine
1089 1109 1205 1149 suo.
1259 1094 1407 1166 Ergo
1432 1092 1578 1148 sicut
1601 1107 1730 1148 sor-

365 1173 466 1231 des
480 1174 807 1246 corporales
832 1189 948 1230 non
961 1172 1283 1229 manentia
1303 1187 1558 1244 corpore,
1577 1170 1727 1244 quod

363 1268 504 1311 vere
530 1252 806 1320 abluitur,
838 1258 896 1311 et
921 1252 1279 1319 mundatur}
1315 1251 1414 1308 sed
1437 1251 1730 1325 deponun-

362 1340 478 1402 tur,
511 1342 568 1393 et
587 1341 936 1393 evanescunt
967 1358 980 1392 ε
1006 1336 1087 1392 ita
1108 1334 1347 1392 maculae
1369 1339 1727 1406 peccatorum

361 1432 483 1474 non
511 1423 750 1475 manent
770 1423 892 1492 post
911 1417 1348 1494 ablutionem,et
1363 1414 1729 1472 emundatio-

362 1511 520 1565 nem,
576 1513 703 1570 quae
758 1498 822 1554 in
870 1495 1278 1572 iustificatione
1318 1494 1399 1564 tit,
1454 1493 1554 1552 sed
1593 1508 1729 1551 vere

362 1580 600 1643 cessant,
626 1581 684 1633 et
707 1577 1103 1635 destruuntur.

438 1657 726 1715 Similiter
773 1659 1104 1732 frequenter
1166 1657 1460 1729 Scriptura
1506 1659 1728 1728 peccata

363 1737 619 1809 appellat
645 1737 896 1805 vincula,
920 1742 977 1795 et
1003 1739 1232 1811 laqueos
1262 1737 1492 1803 animae,
1520 1733 1729 1808 quibus

364 1820 625 1889 peccator
651 1817 758 1874 sub
801 1822 1074 1891 potestate
1112 1817 1376 1873 Sathanae
1411 1815 1721 1880 detinetur,

157 1909 347 1968 Profert).
367 1902 430 1953 ut
453 1898 729 1955 Proverb.
756 1901 820 1956 5:
848 1900 1180 1977 Iniquitates
1205 1916 1313 1954 suae
1349 1901 1577 1972 capiunt
1616 1898 1728 1951 im-

224 1970 261 1999 a.
356 1982 539 2051 pium,
558 1988 610 2034 et
629 1979 859 2051 funibus
865 1987 1445 2052 peccatorumsuorum
1461 1980 1729 2034 constrin-

359 2062 516 2129 9itur
540 2079 557 2113 .·
584 2066 640 2116 et
667 2060 1055 2117 nihilominus
1095 2059 1381 2134 significat
1427 2059 1725 2116 hominem

365 2140 432 2195 in
451 2142 480 2193 J
488 2139 865 2197 ustificatione
886 2139 957 2196 ab
985 2141 1076 2195 his
1103 2140 1353 2197 vinculis
1382 2137 1641 2203 liberari,
1673 2142 1729 2193 et

162 2234 321 2278 psalm.
364 2219 533 2275 illam
573 2225 913 2277 vetustatem
957 2224 1234 2288 excutere,
1282 2225 1344 2274 ut
1366 2220 1580 2276 Psalm.
1619 2220 1676 2274 ll
1711 2238 1726 2274 ε

135 2285 348 2376 Adliiom.
367 2300 648 2376 Dirupisti
672 2304 900 2359 Domine
925 2304 1153 2359 vincula
1190 2321 1331 2359 mea.
1367 2304 1435 2357 Et
1463 2300 1533 2358 ad
1556 2304 1723 2358 Rom.

224 2385 266 2423 6·
362 2381 623 2438 sszNunc
667 2400 791 2437 vero
819 2382 1037 2438 liberati
1061 2400 1099 2437 a
1137 2389 1375 2455 peccato,
1405 2383 1550 2437 servi
1588 2381 1729 2453 sacti

151 2431 330 2523 1ῗὲῩῖ
361 2463 495 2517 estis
524 2461 654 2518 Deo.
680 2465 751 2517 Et
777 2461 845 2518 ad
866 2463 1179 2520 ColossenS.
1215 2465 1262 2518 l:
1293 2461 1526 2535 Eripuit
1546 2478 1645 2516 nos
1664 2461 1728 2516 de

355 2549 629 2616 potestate
656 2543 1011 2611 tenebrarum,
1040 2551 1091 2599 et
1119 2543 1407 2599 transtulit
1420 2545 1480 2597 in
1501 2560 1728 2613 reanum

359 2622 478 2695 filii
503 2622 806 2679 dilectionis
827 2641 933 2681 sua
961 2643 979 2681 .·
1004 2629 1060 2681 et
1080 2623 1223 2705 alibi
1249 2639 1414 2696 saepe.
1469 2623 1578 2686 Qui
1621 2622 1728 2680 auss-

360 2708 483 2759 tem
533 2702 808 2760 liberatur
846 2720 879 2760 a
924 2704 1221 2767 servitute,
1265 2719 1384 2760 nen
1426 2708 1623 2759 manet
1663 2702 1727 2758 in

356 2783 633 2852 vinculiS,
660 2783 756 2841 sed
782 2800 849 2841 ea
873 2783 1109 2857 deponit
1142 2805 1164 2840 ε·
1183 2799 1319 2858 ergo
1359 2784 1531 2840 homo
1554 2782 1727 2856 justi-

356 2863 560 2921 ficatus
576 2882 711 2923 vere
723 2864 1074 2940 derelinquit
1088 2866 1322 2923 vincula
1344 2867 1722 2938 peccatorum.

105 2960 253 3002 Joan.
273 2961 319 3000 s.
356 2944 521 3011 Quod
547 2945 847 3015 evidenter
884 2951 1103 3005 constat
1127 2964 1198 3005 ex
1220 2947 1324 3003 illo
1352 2948 1517 3002 Joan.
1548 2947 1583 3001 8
1617 2967 1631 3001 ε
1658 2948 1728 3002 Si

353 3045 457 3084 vos
475 3028 628 3093 filius
651 3030 924 3096 liberavit,
956 3047 1077 3085 vere
1103 3029 1259 3085 liberi
1277 3030 1428 3084 estis.

437 3109 655 3166 Deinde
682 3115 971 3184 peccatum
995 3112 1240 3167 mortale
1264 3109 1406 3166 solet
1436 3108 1500 3164 in
1533 3107 1728 3180 Scrip-

355 3194 495 3246 tura
533 3191 818 3263 appellari
847 3189 1180 3256 infirmitaS,
1212 3194 1267 3246 et
1307 3204 1465 3245 mors
1491 3187 1722 3254 animas,

113 3268 325 3361 {1}th
357 3276 424 3325 ut
450 3270 624 3327 Mich.
666 3273 684 3326 1
720 3292 734 3326 ε
787 3269 1084 3344 Desperata
1136 3278 1213 3326 est
1251 3270 1424 3343 playa
1474 3271 1634 3341 ejus:
1672 3272 1729 3325 et

327 3347 339 3358 ’
354 3352 567 3425 primae
585 3354 615 3405 J
620 3367 750 3409 oan.
779 3353 816 3407 3
835 3374 850 3409 z
874 3351 1164 3410 Translata*
1174 3368 1367 3406 sumus
1385 3349 1448 3404 de
1465 3357 1636 3405 morte
1654 3351 1729 3405 ad

353 3436 558 3489 vitam.
582 3431 690 3490 Sed
729 3433 930 3490 eadem
969 3433 1264 3505 Scriptura
1281 3429 1586 3505 significat,
1630 3430 1729 3487 ho-

353 3514 587 3570 minem
605 3513 667 3568 in
685 3512 1088 3587 justificatione
1102 3511 1316 3580 sanari,
1341 3515 1399 3568 et
1417 3509 1723 3578 vivificari,

119 3609 338 3653 Adssom.
358 3599 429 3649 ut
454 3592 522 3649 ad
549 3593 795 3650 Roman.
829 3596 863 3649 8
898 3592 1100 3651 :Nihil
1118 3591 1494 3647 damnationis
1517 3597 1592 3644 est
1633 3592 1726 3656 iis,

139 3662 308 3751 &fi-5,
357 3669 464 3752 q'ui
500 3682 627 3731 sunt
670 3677 731 3731 in
778 3673 1000 3733 Christo
1037 3672 1193 3730 Iesu.
1229 3675 1300 3754 Et
1338 3670 1407 3727 ad
1435 3672 1633 3727 Titum
1656 3672 1727 3727 3:

146 3767 236 3802 1¹¹1¹¹
251 3761 300 3801 3·
357 3755 568 3814 Salvos
593 3772 704 3811 non
718 3756 848 3827 fecit
860 3772 963 3828 per
977 3756 1264 3811 lavacrum
1283 3752 1727 3823 re9enerationis.

100 3857 172 3901 Ad
187 3859 340 3900 Rom.
361 3838 435 3891 Et
459 3835 528 3891 ad
557 3837 722 3893 Rom.
754 3838 789 3890 5
828 3851 949 3908 cap.
977 3851 1125 3893 vers.
1160 3836 1244 3891 11:
1269 3833 1611 3891 Eoeistimate
1635 3848 1732 3887 vos

193 3909 240 3949 ⁶·
360 3923 610 3972 mortuos
645 3933 754 3971 esse
777 3923 1012 3988 peccato,
1056 3917 1298 3971 viventes
1322 3921 1506 3970 autem
1532 3914 1645 3969 Deo
1671 3914 1732 3967 in

363 3997 591 4057 Christo
635 3997 767 4055 Jesu
817 3999 1056 4054 Domino
1104 4005 1309 4054 nostro.
1377 3995 1488 4052 Ubi
1540 3999 1731 4051 autem

359 4078 539 4136 datur
563 4079 735 4144 salus,
767 4084 824 4136 et
847 4079 986 4145 vita,
1012 4094 1149 4136 vere
1175 4078 1436 4134 aufertur
1471 4073 1733 4132 infirmi-

355 4168 473 4226 tas,
515 4165 571 4217 et
616 4176 772 4217 mors
817 4183 830 4216 :
872 4177 1010 4236 ergo
1043 4161 1106 4217 in
1144 4158 1552 4235 justificatione
1595 4173 1732 4216 vere

355 4240 626 4299 aufertur
649 4256 825 4308 mors,
854 4247 911 4299 et
937 4240 1253 4298 infirmitas
1280 4239 1503 4313 peccati.

432 4319 695 4377 Tandem
719 4321 868 4378 hanc
890 4322 1209 4396 rigorosam
1234 4318 1442 4394 peccati
1469 4317 1733 4375 mortalis

348 4401 812 4459 destructionem
837 4403 1199 4476 apertissime
1224 4400 1506 4477 significat
1538 4397 1735 4472 Scrip-

347 4489 514 4550 tura,
539 4482 679 4539 dum
706 4484 909 4542 asserit
933 4483 1082 4541 illud
1110 4484 1254 4552 tolli,
1279 4482 1479 4551 deleri,
1510 4482 1734 4540 exhau-

102 4548 105 4629 Ῥ
351 4565 498 4632 riri,
527 4570 585 4622 et
612 4566 814 4641 projici
843 4565 1030 4639 :quod
1045 4568 1208 4623 enim
1224 4566 1467 4632 tollitur,
1492 4565 1730 4632 deletur,

102 4658 103 4667 ¹
348 4647 730 4714 exhauritur,
762 4652 817 4704 et
845 4649 1165 4723 projicitur,
1209 4663 1345 4705 vere
1372 4648 1650 4714 aufertur,
1679 4651 1738 4704 et

354 4742 488 4785 non
532 4727 770 4800 praecise
796 4728 1024 4802 tegitur,
1056 4730 1150 4787 vel
1192 4728 1523 4785 occultatur.
1573 4729 1736 4785 Cele-

121 4836 238 4879 stan.
279 4834 328 4874 1.
350 4809 569 4866 hriora
588 4808 899 4880 scripturae
936 4809 1272 4866 testimonia
1308 4813 1446 4864 sunt
1481 4811 1644 4866 Joan.
1684 4810 1732 4874 l,

157 4888 226 4930 ²9·
346 4893 434 4952 29
468 4888 649 4947 :Ecce
678 4908 856 4961 aynus
897 4890 1018 4958 Dei,
1063 4908 1175 4948 ecce
1216 4892 1312 4968 qui
1339 4891 1479 4947 tollit
1513 4897 1738 4964 peccata

120 5001 256 5045 mor,
272 4998 324 5043 8.
347 4972 580 5032 mundi.
602 4972 795 5028 Actor.
821 4970 1324 5039 32Poenitemini‚et
1338 4971 1735 5039 convertimini,

100 5094 108 5429 Ῐ
513 5050 808 5112 Salmant.
867 5050 1031 5112 Curs.
1083 5051 1311 5125 theoloq.
1362 5057 1492 5110 tom.
1545 5050 1614 5110 X.

1866 531 1929 578 ut
1955 523 2238 581 deleantur
2256 534 2503 598 peccata.
2535 527 2619 583 Ad
2643 528 2911 586 Hebraeos
2936 532 3005 585 9:
3031 528 3227 588 Chris-
3241 540 3307 584 Ad
3328 541 3434 586 net).

1868 608 1956 658 tus
1997 606 2159 661 semel
2201 605 2416 663 oblatus
2464 615 2539 663 est
2592 608 2666 662 ad
2704 610 2977 665 malorum
3019 612 3228 666 exhau-

1864 684 2059 740 rienda
2076 684 2316 757 peccata.
2336 688 2570 744 Micheae
2586 684 2647 743 7:
2672 687 2900 760 Projicit
2918 692 2977 745 in
2988 692 3367 764 profan-nich.
3400 708 3436 751 7.

1864 764 1998 819 dum
2023 770 2199 822 maris
2236 769 2424 823 omnia
2445 777 2667 841 peccata
2695 778 2897 828 vestra.
2943 773 3011 825 Et
3056 772 3227 828 innu-

1867 860 2027 901 mera
2055 852 2190 902 sunt
2212 848 2328 904 alia
2356 849 2475 905 loca
2503 850 2594 905 his
2627 850 2865 916 similia,
2890 868 3014 922 quae
3041 852 3223 909 videri

1867 930 2101 997 possunt
2129 926 2278 1000 apud
2306 930 2588 986 Authores
2608 929 2824 987 citatos

1938 1009 2030 1064 2l.
2076 1011 2189 1064 Nec
2229 1010 2468 1083 alicujus
2504 1010 2785 1067 momenti
2820 1018 2906 1067 est
2931 1013 3227 1071 haeretico-
3280 1018 3387 1074 nau·

1867 1103 1997 1144 rum
2027 1090 2338 1161 responsiO,
2358 1091 2455 1164 qui
2486 1091 2749 1163 praedicta
2777 1094 3105 1151 testimonia
3148 1096 3228 1153 sic
3272 1077 3398 1120 gmm.

1866 1166 2338 1240 interpretantur,
2365 1176 2427 1225 ut
2452 1170 2664 1237 dicant,
2687 1172 2846 1229 ineis
2864 1190 2980 1230 non
3007 1174 3229 1248 signifi-

1864 1248 1982 1305 cari
2009 1264 2208 1305 veram
2233 1256 2590 1321 peccatorum
2620 1250 2993 1319 ablationem,
3024 1261 3081 1311 et
3106 1254 3228 1312 des-

1864 1329 2245 1398 tructionem5
2270 1330 2368 1388 sed
2393 1336 2615 1388 tantum
2644 1333 2793 1405 quod
2817 1350 2918 1407 per
2940 1337 3226 1409 justitiam

1864 1409 2074 1465 Christi
2120 1417 2404 1485 tegantur,
2452 1418 2509 1469 et
2548 1418 2923 1484 occultentur,
2962 1425 3020 1475 et
3077 1420 3227 1492 quod

1862 1491 2069 1550 deinde
2088 1494 2315 1551 homini
2345 1509 2463 1552 non
2493 1494 2851 1569 imputentur
2873 1499 2942 1556 ad
2972 1516 3220 1574 poenam.

1863 1575 2009 1638 Non,
2042 1573 2302 1646 inquam,
2334 1576 2487 1633 valet
2513 1577 2631 1633 haic
2660 1580 2975 1653 responsio,
3006 1581 3104 1638 sed
3130 1577 3421 1671 fa-Pgffiu·

1863 1653 1971 1709 cile
1994 1653 2296 1711 refellitur.
2329 1656 2477 1711 Tum
2504 1657 2640 1729 quia
2680 1659 3092 1719 absurdissime
3123 1680 3228 1721 ex·
3382 1659 3392 1669 ’

1864 1734 2024 1808 ponit
2048 1734 2318 1807 praedicta
2337 1737 2686 1806 testimonia,
2707 1742 2797 1797 vel
2821 1743 3008 1814 potius
3022 1745 3224 1802 eludit.

1863 1814 2000 1878 Quis
2022 1815 2183 1871 enim
2205 1815 2395 1872 credet
2413 1816 2534 1873 haec
2561 1818 2714 1876 idem
2744 1839 2977 1894 prorsus
2998 1824 3224 1882 valere:

1861 1893 2057 1963 Aqnus
2102 1894 2206 1951 Dei
2238 1898 2334 1970 qui
2379 1898 2540 1963 tollit,
2595 1906 2644 1953 et
2684 1903 2782 1974 qui
2832 1904 2959 1972 teyit
3003 1915 3229 1975 peccata

1861 1975 2106 2030 mundi?
2122 1975 2419 2049 Dirupisti,
2439 1986 2489 2033 et
2518 1980 2803 2036 occultasti
2830 1985 3055 2039 vincula
3071 2003 3189 2040 mea
3212 2005 3230 2039 .·

1861 2060 1911 2108 et
1952 2053 2206 2112 Christus
2245 2057 2455 2113 oblatus
2496 2066 2573 2115 est
2622 2062 2698 2116 acl
2735 2063 3136 2130 eoeleaurienda,
3179 2073 3235 2120 et

1862 2136 1938 2191 ad
1957 2139 2282 2194 occultanda
2300 2148 2540 2211 peccata,
2566 2147 2623 2198 et
2661 2143 2742 2199 sic
2767 2143 2838 2200 de
2876 2145 3008 2201 aliis
3040 2171 3054 2212 ;
3097 2163 3229 2203 cum

1862 2230 1942 2271 eae
1964 2232 2149 2285 voces,
2174 2221 2231 2274 et
2256 2233 2458 2274 earum
2479 2219 2800 2294 significata
2821 2227 2935 2280 toto
2955 2225 3095 2281 coelo
3121 2225 3230 2281 dif-

1863 2294 2053 2352 ferant
2086 2297 2241 2353 inter
2271 2313 2332 2354 se
2358 2300 2384 2354 '?
2430 2300 2576 2353 Tum
2617 2300 2817 2366 etiam,
2867 2303 3003 2375 quia
3048 2307 3227 2360 Deum

1863 2375 2013 2432 nihil
2044 2376 2199 2443 latet,
2243 2377 2341 2434 sed
2370 2379 2570 2435 omnia
2597 2380 2752 2437 nuda
2791 2388 2848 2438 et
2874 2389 3070 2455 aperta
3096 2391 3230 2440 sunt

1863 2456 2040 2513 oculis
2083 2457 2223 2531 ejus,
2254 2462 2316 2513 ut
2342 2457 2551 2515 dicitur
2570 2459 2827 2517 adHebr.
2857 2465 2892 2517 4
2914 2486 2928 2530 ;
2952 2480 3087 2537 ergo
3110 2480 3228 2522 non

1862 2537 2127 2603 cohaeret,
2158 2538 2310 2611 quod
2339 2539 2402 2594 in
2442 2539 2680 2598 homine
2721 2547 2845 2614 post
2865 2543 3229 2617 iustificatio-

1862 2634 1997 2676 nem
2027 2625 2303 2676 maneant
2342 2625 2582 2693 peccata,
2636 2627 2692 2679 et
2737 2623 2885 2696 quod
2941 2631 3223 2699 tegantur,

1861 2701 1954 2756 vel
1981 2699 2335 2756 occultentur
2353 2707 2607 2773 respectu
2620 2701 2833 2759 divinae
2854 2706 3195 2777 cognitionis
3213 2728 3225 2762 ε

1862 2780 1955 2836 vel
1982 2779 2030 2834 si
2060 2782 2208 2835 Deus
2231 2795 2347 2837 non
2376 2780 2531 2837 videt
2557 2782 2620 2837 in
2649 2782 2885 2840 homine
2924 2785 3230 2857 justificato

1862 2866 2105 2935 peccata,
2157 2878 2294 2919 vere
2335 2861 2398 2918 in
2428 2862 2694 2936 praedicto
2739 2865 2978 2925 homine
3006 2874 3229 2941 peccata

1862 2959 1980 3000 non
2007 2949 2162 3001 sunt.
2188 2948 2312 3009 Quo
2347 2953 2687 3020 argumento
2712 2950 2894 3005 utitur
2923 2953 2984 3006 D.
3019 2952 3224 3008 Thom.
3260 2950 3421 2992 D·T¹¹0·

1861 3025 1923 3078 in
1967 3026 2022 3092 4,
2066 3025 2197 3080 dist.
2228 3026 2319 3090 22,
2375 3035 2560 3098 quast.
2617 3031 2635 3084 1
2688 3037 2799 3086 art.
2854 3033 2872 3087 l
2931 3031 3007 3085 ad
3060 3034 3113 3098 2,
3140 3032 3232 3088 his
3338 3093 3343 3098 0

1863 3101 2057 3160 verbis
2108 3126 2121 3160 ε
2173 3103 2439 3162 Charitas
2487 3108 2695 3165 dicitur
2746 3113 2954 3180 operire
3004 3120 3230 3184 peccata

1862 3181 1993 3248 Deo,
2027 3187 2123 3261 qui
2143 3187 2330 3241 omnia
2358 3187 2503 3242 videt
2537 3206 2557 3241 .·
2580 3189 2723 3244 unde
2743 3197 2965 3263 oporte-t,
2998 3192 3142 3268 quod
3166 3210 3230 3248 ea

1861 3262 2125 3319 destruat.
2159 3264 2306 3319 Tum
2348 3269 2641 3337 praeterea,
2669 3268 2804 3339 quia
2817 3271 3098 3341 judicium
3126 3271 3231 3327 Dei

1861 3349 1938 3397 est
1958 3342 2251 3398 secundum
2279 3347 2583 3411 veritatem,
2627 3350 2689 3400 ut
2715 3347 2906 3420 inquit
2933 3352 3123 3422 Apost.
3156 3353 3231 3406 acl

1863 3422 2018 3481 Rom.
2037 3425 2103 3490 23
2132 3421 2231 3479 sed
2247 3440 2364 3481 non
2384 3430 2530 3482 esset
2553 3426 2869 3484 secundum
2900 3431 3224 3510 veritatem,
3240 3425 3305 3467 Ad
3317 3426 3442 3516 {³⁰¹³-

1862 3504 1913 3559 si
1934 3504 2252 3573 hominem,
2269 3503 2332 3560 in
2354 3522 2465 3578 quo
2486 3521 2622 3563 vere
2638 3507 2956 3566 residerent
2970 3513 3226 3579 maculat,
3346 3506 3355 3515 '

1863 3590 1920 3642 et
1943 3583 2142 3641 sordes
2176 3590 2555 3656 peccatorum,
2589 3593 2879 3659 reputaret
2902 3591 3141 3663 justum,
3174 3597 3231 3649 et

1863 3662 2169 3729 mundum,
2196 3670 2253 3721 et
2281 3681 2398 3722 non
2425 3666 2740 3742 subjectum
2771 3685 2984 3741 poenae:
3018 3688 3153 3746 ergo
3178 3673 3228 3728 si

1865 3748 1928 3805 in
1943 3745 2350 3822 justificatione
2376 3750 2736 3807 occultantur
2764 3758 2987 3825 peccata
3010 3756 3145 3819 Dee,
3175 3759 3232 3811 et

1865 3846 1982 3889 non
2010 3831 2371 3903 imputantur
2398 3832 2635 3889 ,homini
2664 3834 2736 3890 ad
2786 3852 3037 3908 poenam,
3095 3854 3232 3894 vere

1865 3916 1989 3984 post
2009 3907 2478 3983 justificationem
2512 3929 2629 3970 non
2658 3921 2916 3983 manent,
2970 3916 3066 3972 sed
3093 3933 3229 3974 vere

1864 3992 2258 4050 destruuntur.
2291 3993 2439 4049 Tum
2466 3993 2732 4068 denique,
2764 3997 2900 4069 quia
2933 4002 2991 4053 ut
3017 3998 3230 4055 dicitur

1865 4074 2115 4146 Sapient.
2157 4076 2221 4131 14
2248 4074 2425 4132 :odio
2449 4085 2580 4132 sunt
2612 4077 2725 4134 Deo
2764 4081 2987 4151 impius,
3032 4089 3079 4135 et
3119 4084 3230 4137 im·
3245 4111 3339 4162 sap,
3374 4111 3434 4152 14.

1862 4155 2040 4227 pietas
2079 4155 2197 4226 ejus
2223 4172 2241 4208 .·
2266 4170 2403 4228 ergo
2447 4156 2497 4212 si
2543 4155 2604 4212 in
2639 4157 3046 4232 Justificatione
3084 4163 3232 4217 Deus

1864 4235 2102 4309 deponit
2119 4235 2316 4294 odium
2342 4253 2478 4311 erga
2500 4244 2871 4312 peccatorem,
2902 4247 2958 4297 et
2980 4241 3052 4298 ob
3081 4259 3231 4316 prae—

1864 4316 2125 4374 cedentia
2143 4317 2351 4375 delicta
2396 4334 2517 4375 non
2541 4318 2791 4394 deputat,
2823 4328 2880 4380 et
2918 4323 3133 4398 obligat
3159 4325 3231 4382 ad

1868 4412 2096 4470 poenam
2142 4402 2438 4465 aeternam,
2485 4397 2615 4456 ideo
2652 4405 2754 4466 est,
2786 4403 2925 4474 quia
2966 4405 3231 4475 praedicta

1865 4481 2092 4552 peccata
2122 4493 2253 4534 vere
2273 4478 2635 4549 auferuntur,
2670 4481 2816 4538 alias
2835 4499 3087 4557 semper.
3104 4503 3233 4544 mo-

1868 4563 2071 4617 verent
2121 4558 2301 4614 Deum
2344 4558 2415 4614 ad
2461 4558 2682 4626 odium,
2745 4567 2804 4618 et
2844 4566 3227 4636 punitionem.

1869 4638 2035 4697 Unde
2069 4640 2305 4712 August.
2335 4655 2407 4696 ex
2431 4654 2519 4706 ec,
2550 4640 2701 4711 quod
2723 4644 2869 4700 Deus
2897 4661 3015 4703 non
3043 4648 3235 4705 videat

1870 4717 2184 4795 peccataad
2230 4718 2615 4792 puniendum,
2663 4724 2882 4799 colligit
2914 4730 3063 4802 quod
3104 4746 3235 4804 pec-

1869 4808 1992 4860 cata
2011 4818 2149 4860 vere
2183 4817 2301 4859 non
2342 4803 2478 4870 sint,
2522 4803 2622 4860 sed
2664 4816 3045 4880 evanescant;
3097 4830 3232 4871 nam

1871 4891 2119 4940 enarrat.
2146 4884 2202 4952 2,
2223 4885 2284 4938 in
2295 4883 2502 4956 psalm.
2528 4884 2620 4953 31,
2639 4888 2888 4945 tractans
2911 4891 3013 4949 illa
3035 4894 3229 4953 verba:
3251 4911 3361 4955 psat.
3383 4914 3447 4956 31.

1882 4988 1908 5020 α
1939 4964 2099 5022 Beati
2127 4979 2375 5038 quorum
2404 4965 2658 5025 remissae
2701 4974 2837 5026 sunt
2879 4971 3231 5049 iniquitates,
3434 4967 3437 4970 ’

3014 5060 3080 5116 21
