3647 5753
68 1939 272 2041 ³331}le
448 2020 460 2030 .
734 2020 744 2030 .
918 2020 929 2030 .
1281 2018 1291 2027 .
1621 2016 1631 2026 .

95 2037 262 2090 impug-
301 2036 848 2093 ponsio:quon1am
890 2021 1023 2076 licet
1061 2017 1130 2074 ad
1171 2022 1474 2074 veritatem
1501 2014 1656 2081 fidei,

103 2088 240 2131 natio.
297 2103 451 2161 etad
482 2106 594 2159 PP.
628 2103 973 2176 primariam
1016 2102 1400 2158 intentionem
1440 2097 1662 2154 suffice-

1407 377 1585 435 DISP.
1628 378 1726 444 VI,

296 576 325 608 α
358 553 679 609 auferretur
700 552 892 609 omnis
912 557 1117 609 vestrae
1138 551 1401 627 caliginis
1415 551 1652 618 latebra,

295 638 658 707 «propterea
708 634 969 707 geminos
1021 636 1161 690 tales
1214 635 1503 707 proposui,
1559 634 1656 705 qui

298 740 325 771 α
358 732 540 788 neque
589 722 891 789 parentum
933 718 1156 772 meritis
1196 717 1559 791 juvarentur,
1603 721 1660 772 et

299 823 325 853 «
357 797 526 855 ambo
552 798 813 853 infantiae
850 797 1186 869 primordio,
1220 812 1373 852 unus
1400 796 1658 869 baptiza-

297 902 325 934 α
355 885 463 945 tuS,
497 880 640 935 alter
669 879 793 934 sine
833 879 1124 950 Baptismo
1152 883 1554 942 morerentur;
1586 892 1659 934 ne

294 985 321 1012 a
353 961 619 1018 diceretis
647 962 845 1023 Deum,
890 960 1036 1015 sicut
1077 958 1147 1016 de
1171 957 1363 1025 Jacob,
1408 964 1464 1015 et
1510 959 1657 1014 Esau

296 1066 321 1096 o
354 1047 553 1100 contra
599 1042 934 1113 Apostolum
982 1039 1198 1111 dicitis„
1245 1054 1418 1112 opera
1456 1053 1657 1096 eorum

298 1146 324 1177 «
356 1123 549 1179 futura
571 1122 873 1194 praescisse.
897 1142 921 1171 22
946 1122 1027 1176 Ex
1044 1121 1250 1194 quibus
1272 1119 1489 1194 liquido
1502 1134 1659 1176 cons·

292 1212 393 1267 tat,
444 1202 718 1265 Concilia,
763 1207 819 1257 et
846 1203 1063 1267 Patre3‚
1108 1200 1246 1256 dum
1297 1202 1653 1275 Pelagianos,

288 1289 348 1340 et
373 1282 862 1356 semipelagianos
908 1284 1273 1356 impugnant,
1316 1282 1501 1355 egisse
1540 1293 1658 1335 non

289 1366 485 1422 solum
530 1363 599 1420 de
636 1363 861 1419 meritis
902 1368 1159 1436 tempore
1209 1359 1660 1435 praecedentibus

289 1447 563 1520 gratiam,
596 1444 693 1501 sed
721 1446 897 1501 etiam
938 1444 1007 1501 de
1049 1446 1190 1507 illis,
1221 1461 1346 1517 quae
1381 1447 1505 1516 post
1524 1458 1661 1515 gra-

295 1529 435 1586 tiam
482 1535 913 1600 consequuntur
940 1553 954 1596 3
981 1534 1037 1584 et
1078 1537 1318 1601 utraque
1355 1525 1661 1583 exclusisse

292 1610 515 1676 eodem,
542 1615 596 1665 et
616 1610 821 1682 saepius
848 1610 1086 1682 repetito
1116 1608 1420 1682 principiO,
1455 1620 1662 1677 nempe

290 1695 479 1764 ‚qratt'a
501 1694 688 1757 datur,
715 1700 774 1747 ut
802 1693 927 1747 bene
948 1710 1228 1765 operemur
1249 1710 1266 1745 .·
1291 1708 1414 1762 cryo
1436 1707 1545 1745 non
1564 1688 1662 1743 da-

296 1783 391 1831 tur
421 1782 643 1847 propter·
693 1774 833 1828 bona
877 1791 1059 1846 opera,
1117 1774 1200 1829 vel
1242 1772 1531 1845 pra-terito,
1578 1768 1663 1824 vel

296 1857 516 1930 fictura.

382 1940 464 1994 10.
500 1938 662 1995 Unde
700 1938 878 1993 etiam
924 1937 1211 1994 refellitur
1252 1932 1496 1992 secunda
1538 1950 1664 1990 res-

302 2191 388 2242 ret
428 2184 745 2251 ostendere,
777 2184 926 2256 quod
953 2185 1138 2258 gratia
1179 2181 1248 2239 de
1276 2181 1438 2245 facto,
1470 2185 1525 2236 et
1571 2194 1662 2235 se·

298 2267 551 2324 cundum
579 2274 918 2339 praesentem
946 2264 1370 2338 providentiam
1415 2277 1532 2318 non
1559 2259 1665 2316 da-

298 2354 393 2405 tur
420 2365 490 2405 ex
535 2349 743 2404 merito
771 2362 1007 2419 operum
1056 2347 1147 2402 vel
1194 2342 1659 2418 praecedentium,

303 2431 396 2487 vel
440 2428 912 2502 subsequentium
957 2428 1240 2502 gratiam;
1279 2422 1665 2482 nihilominus

304 2512 619 2585 pelagiani,
646 2517 928 2567 eteorum
970 2510 1031 2565 in
1073 2508 1177 2565 hac
1217 2512 1377 2581 parte
1402 2519 1666 2577 sequaces

305 2593 675 2650 recurrebant
709 2592 778 2649 ad
807 2610 967 2650 casus
993 2593 1057 2648 in
1096 2607 1299 2649 eorum
1328 2587 1665 2661 opinatione

302 2676 558 2734 absolute
580 2675 897 2748 possibiles,
917 2682 973 2730 et
994 2675 1065 2731 ad
1088 2675 1297 2731 merita
1317 2674 1422 2730 illa
1443 2673 1658 2736 futura,

298 2763 357 2813 et
384 2774 416 2813 a
459 2760 569 2815 Deo
617 2757 894 2829 praescita,
935 2773 1060 2828 quae
1099 2755 1207 2828 ipsi
1260 2751 1667 2811 comminisce-

301 2839 532 2904 bantur,
591 2854 663 2894 ne
713 2838 962 2913 gratiam
1017 2853 1251 2911 prorsus
1295 2835 1475 2909 gratis
1535 2832 1663 2891 dari

298 2922 690 2980 concederent.
751 2922 912 2978 Unde
953 2924 1152 2977 Patres
1196 2918 1476 2991 compulsi
1530 2921 1667 2973 sunt

300 3003 687 3060 difficultatem
713 3003 877 3059 illam
907 3003 969 3059 in
996 3002 1199 3060 eodem
1229 3017 1400 3058 sensu
1423 3016 1456 3055 a
1474 2997 1665 3055 Semi-

304 3085 619 3159 pelagianis
648 3085 869 3141 intento
909 3087 1172 3138 tractare.
1219 3083 1284 3136 ln
1319 3096 1430 3153 quo
1470 3085 1668 3133 tamen

306 3165 668 3236 persistentes
692 3171 993 3238 negarunt,
1021 3165 1267 3232 qratiam
1294 3162 1424 3215 dari
1447 3164 1668 3230 propter

298 3245 441 3301 bona
469 3263 666 3317 opertu
690 3246 825 3316 quia
848 3245 1153 3308 nimirum,
1186 3248 1248 3297 ut
1275 3257 1345 3296 ex
1372 3238 1668 3310 Scriptura

300 3325 623 3390 edocemur,
647 3328 835 3394 qratia
875 3325 1062 3390 datur,
1094 3330 1154 3378 ut
1190 3337 1472 3393 operemur
1493 3337 1511 3385 ,·
1535 3333 1667 3373 cum

302 3422 414 3477 qua
444 3406 828 3477 propositione
868 3404 1068 3475 nequit
1110 3403 1305 3474 prima
1342 3398 1662 3457 conciliari.

308 3484 471 3541 L'nde
514 3486 643 3541 licet
682 3485 988 3542 materiam
1031 3484 1327 3556 praesentis
1356 3479 1669 3554 providen-

308 3567 401 3622 tiae
430 3567 804 3638 respexerint,
836 3565 1159 3622 doctrinam
1187 3570 1383 3620 tamen
1410 3560 1670 3618 tradide-

310 3653 464 3710 runt,
497 3664 620 3719 quae
647 3648 707 3703 in
739 3649 860 3721 ipsa
902 3648 1211 3704 intrinseca
1243 3660 1439 3703 rerum
1468 3644 1669 3702 condi-

309 3729 463 3786 tione
491 3728 779 3794 fundetur,
811 3729 956 3788 etad
979 3744 1212 3798 omnem
1242 3726 1669 3801 providentiam

304 3811 653 3870 extenditur.
700 3812 973 3887 Alioquin
1000 3811 1426 3886 subterfugium
1465 3807 1614 3865 illud
1638 3825 1670 3865 a

308 3893 783 3968 semipelagianis
797 3896 1175 3969 excogitatum
1195 3908 1311 3949 non
1328 3891 1669 3965 praeclusum

310 3974 724 4046 relinquerent,
767 3975 864 4032 sed
904 3976 1241 4032 firmitatem
1270 3973 1531 4030 veritatis
1572 3988 1670 4029 ca-

309 4055 533 4113 tholicae
557 4057 647 4113 illi
669 4057 925 4114 evasioni
955 4057 1255 4130 apparenti
1277 4059 1631 4129 exponerent
1653 4078 1667 4121 ;

310 4135 381 4191 ad
438 4136 588 4209 quod
635 4142 829 4193 tamen
875 4138 1263 4195 Massilienses
1304 4140 1671 4193 recurrerunt

309 4221 372 4271 ut
395 4232 570 4289 supra
592 4215 864 4272 vidimus.

382 4298 766 4363 Quamobrem
812 4304 871 4354 ut
917 4302 1154 4374 August.
1208 4300 1375 4357 illam
1428 4299 1671 4357 omnino

310 4380 701 4452 praecluderet.
727 4380 992 4438 adhibuit
1014 4380 1174 4438 aliud
1200 4382 1532 4454 exemplum
1555 4397 1672 4439 non

306 4461 620 4519 secundum
637 4479 1003 4521 communem
1029 4481 1227 4521 rerum
1244 4463 1671 4537 providentiam

308 4544 661 4618 contingens,
716 4544 814 4601 sed
868 4547 930 4602 in
976 4561 1087 4619 quo
1140 4547 1309 4618 plura
1367 4545 1667 4613 miracula,

307 4641 488 4698 eaque
506 4626 644 4682 satis
667 4627 1133 4684 extraordinaria
1163 4628 1551 4694 intervenere;
1577 4627 1674 4683 ni-

313 4707 531 4762 mirum
579 4709 1041 4766 Incarnationem
1084 4708 1465 4774 Dominicam,
1497 4724 1671 4781 quam

314 4786 514 4859 probat
539 4786 715 4845 fuisse
741 4789 981 4845 omnino
1018 4789 1351 4863 gratuitam,
1399 4789 1675 4863 nullaque

312 4869 524 4923 Christi
553 4869 786 4926 Domini
810 4871 1019 4927 merita
1039 4886 1358 4928 coronasse.
1379 4873 1527 4927 Nam
1552 4877 1676 4945 post

310 4950 640 5022 exemplum
668 4967 842 5023 supra
869 4952 1117 5024 positum
1141 4953 1537 5024 parvulorum,
1564 4969 1676 5025 quo

311 5030 559 5092 ostendit
585 5035 848 5108 consequi
877 5036 1125 5109 gratiam
1162 5033 1615 5109 independenter
1640 5052 1670 5093 a

1769 377 1939 434 DUB.
1982 378 2029 435 1.
3037 376 3153 431 797

1791 551 2003 608 futuris
2030 551 2273 620 meritis,
2305 551 2375 608 ad
2401 568 2525 626 quae
2551 552 2939 608 Massilienses
2968 566 3157 608 recur-

1793 631 2015 698 rebant,
2046 632 2279 689 subdit:
2316 656 2340 687 «
2372 636 2563 705 Itaque
2601 633 2812 705 quippe
2851 631 3013 689 daret
3057 632 3157 689 in-

1796 736 1823 767 «
1854 714 2069 771 victum
2113 730 2235 772 esse
2273 714 2421 788 quod
2462 714 2727 780 dicimus,
2758 715 3006 789 gratiam
3054 714 3155 770 Dei

1796 816 1822 849 α
1855 811 1972 853 non
1993 797 2306 853 secundum
2329 798 2535 853 merita
2553 803 2748 853 nostra
2764 796 2912 862 dari,
2942 800 3002 850 ut
3023 795 3156 851 huic

1796 898 1822 929 α
1855 876 2084 933 veritati
2131 878 2584 935 contradicentes
2637 877 2921 951 ingeniosi
2960 875 3157 932 homi-

1799 979 1826 1011 «
1856 974 1975 1023 nes,
2009 958 2124 1014 haec
2152 959 2221 1014 ab
2248 960 2513 1017 omnium
2549 960 2805 1025 auribu5‚
2847 963 2904 1016 et
2941 958 3159 1032 cogita-

1800 1038 2109 1093 «tionibus
2161 1037 2441 1112 abigenda
2487 1039 2676 1097 dicere
2729 1043 3092 1112 cogerentur.
3125 1056 3152 1088 »

1793 1123 1863 1176 Et
1882 1122 2076 1177 statim
2099 1121 2330 1177 inchoat
2349 1139 2468 1194 cap.
2508 1124 2589 1187 15,
2617 1123 2679 1179 in
2703 1121 2853 1177 hunc
2876 1119 3114 1177 modum
3142 1136 3156 1170 ε

1799 1225 1826 1256 α
1857 1205 1953 1258 Est
1995 1202 2170 1259 etiam
2219 1203 2730 1273 praeclarissimum
2774 1203 2974 1257 lumen
3011 1216 3162 1273 praa-

1799 1307 1826 1339 «
1854 1283 2259 1341 destinationis
2300 1284 2500 1358 gratias
2540 1286 2661 1358 ipse
2713 1287 2993 1349 Salvator,
3040 1284 3163 1356 ipse

1798 1389 1825 1420 (ι
1856 1364 2140 1423 Mediator
2181 1367 2302 1430 Dei,
2339 1373 2397 1422 et
2424 1367 2729 1423 hominum
2759 1367 2931 1423 homo
2958 1366 3164 1422 Chris-

1801 1472 1828 1505 «
1857 1455 1947 1506 tus
1972 1452 2153 1516 Jesus,
2181 1451 2280 1523 qui
2305 1457 2364 1506 ut
2392 1451 2497 1507 hoc
2516 1454 2678 1511 esset,
2699 1448 2905 1521 quibus
2927 1447 3161 1504 tandem

1801 1554 1828 1585 α
1857 1531 1996 1596 suis,
2028 1531 2119 1587 vel
2147 1547 2408 1603 operum,
2436 1530 2526 1586 vel
2548 1528 2680 1585 fidei
2712 1527 3163 1601 praecedentibus

1802 1636 1830 1667 α
1859 1614 2102 1680 meritis,
2131 1620 2337 1671 natura
2376 1615 2650 1678 humana,
2677 1628 2803 1684 quae
2831 1612 2893 1666 in
2933 1612 3037 1667 illo
3056 1616 3159 1677 est,

1802 1718 1829 1748 α
1857 1696 2256 1768 comparavit?
2301 1694 2753 1767 Respondeatur,
2797 1708 3026 1765 quaeso:
3062 1690 3165 1748 ille

1802 1799 1829 1831 α
1859 1777 2050 1842 homo,
2081 1782 2139 1833 ut
2167 1794 2199 1834 a
2221 1775 2408 1834 Verbo
2439 1778 2595 1832 Patri
2622 1780 2902 1831 coaeterno
2935 1774 2995 1828 in
3025 1772 3165 1829 uni-

1803 1882 1830 1913 c<
1857 1864 2032 1916 tatem
2057 1874 2312 1933 personae
2335 1864 2677 1931 assumptus,
2706 1856 2890 1912 Filius
2912 1855 3011 1910 Dei
3035 1855 3164 1910 uni-

1801 1962 1828 1993 «
1857 1940 2087 2013 genitus
2104 1946 2269 2005 esset,
2300 1938 2449 1995 unde
2470 1940 2575 1996 hoc
2596 1939 2847 1996 meruit?
2876 1957 2901 1989 υ
2937 1935 3068 2002 Ubi,
3103 1941 3164 1992 ut

1798 2021 1978 2089 vides,
2025 2021 2290 2095 permisit
2329 2024 2387 2077 S.
2431 2024 2635 2079 Doctor
2662 2019 3159 2094 Semipelagianis‚

1798 2110 1861 2161 ut
1888 2104 2094 2160 merita
2122 2101 2509 2176 designarent,
2557 2107 2789 2177 propter
2814 2117 2937 2175 quae
2976 2101 3163 2175 gratia

1799 2184 2221 2242 Incarnationis
2238 2184 2384 2240 facta
2401 2183 2596 2240 fuerit.
2615 2186 2867 2257 Cumque
2889 2182 3168 2238 facillime

1799 2271 2027 2341 possent
2069 2264 2354 2339 ingeniosi
2397 2265 2487 2321 illi
2532 2265 2797 2322 homines
2824 2265 2924 2335 (sic
2951 2278 3044 2319 eos
3072 2278 3168 2335 ap-

1800 2350 1975 2421 pellat
1998 2347 2371 2421 Augustinus)
2400 2345 2469 2402 ad
2499 2347 2708 2404 merita
2737 2345 2946 2401 Christi
2971 2344 3166 2400 futura

1802 2444 2117 2493 recurrere,
2150 2429 2268 2484 imo
2307 2426 2377 2483 ad
2424 2427 2546 2500 ipsa
2587 2427 2658 2485 de
2704 2428 2849 2485 facto
2901 2441 3166 2483 recurre·
3263 2450 3272 2465 x

1801 2518 1964 2578 rent;
1991 2510 2374 2567 nihilominus
2402 2511 2460 2565 S.
2492 2513 2693 2567 Doctor
2716 2511 2819 2566 illa
2849 2516 2909 2565 ut
2931 2524 3166 2581 prorsus

1798 2592 2223 2659 commentitia,
2252 2597 2310 2649 et
2347 2592 2673 2649 chimaerica
2694 2592 2930 2665 sprevit,
2955 2595 3011 2647 et
3031 2596 3166 2647 tan-

1801 2681 1924 2732 tum
1968 2674 2036 2733 ad
2065 2675 2276 2732 merita
2303 2690 2426 2748 quae
2453 2678 2681 2748 possent
2711 2673 3045 2746 praecedere,
3079 2677 3171 2729 at-

1800 2757 1985 2814 tendit
2015 2778 2028 2812 :
2060 2753 2219 2828 Quod
2245 2759 2362 2829 ejus
2388 2757 2588 2811 bonum
2611 2756 3017 2829 (prosequitur)
3038 2772 3173 2828 qua·

1800 2838 2078 2917 tecumque
2117 2839 2432 2910 praeessu?
2489 2836 2639 2911 Quid
2682 2839 2788 2908 eyit
2835 2843 2979 2902 ante,
3037 2835 3172 2914 quid

1798 2924 2049 2988 credidit,
2082 2922 2217 2999 quid
2236 2924 2453 2996 petivit,
2487 2929 2547 2977 ut
2574 2922 2650 2976 ad
2675 2922 2818 2976 hanc
2840 2919 3173 2992 ineffabilem

1799 3004 2181 3059 excellentiam
2245 3002 2600 3074 perveniret?
2663 2999 2922 3054 Exclusis
2981 2998 3173 3071 itaque

1800 3083 2028 3140 meritis
2050 3079 2500 3154 praecedentibus
2526 3095 2655 3136 eam
2681 3080 2950 3152 gratiam,
2976 3077 3048 3133 de
3077 3077 3175 3133 fu-

1800 3166 1950 3219 turis
2011 3176 2136 3234 quae
2180 3161 2571 3216 Massilienses
2614 3156 2996 3232 assignabant,
3054 3173 3172 3214 non

1802 3243 1913 3298 fuit
1953 3242 2227 3304 solicitus,
2268 3240 2404 3313 quia
2450 3255 2518 3295 ea
2564 3256 2799 3312 prorsus
2844 3238 3174 3297 chimaerica

1801 3322 2176 3380 existimavit.
2231 3321 2296 3374 In
2336 3336 2446 3392 quo
2495 3319 2744 3390 profecto
2784 3319 3073 3377 diminute
3110 3336 3173 3377 se

1801 3402 2085 3477 gessisset,
2115 3401 2165 3455 si
2217 3415 2420 3456 revera
2448 3399 2551 3455 illa
2589 3399 2775 3473 gratia
2816 3400 2941 3456 dari
2986 3406 3172 3472 posset

1804 3485 2063 3542 absolute
2087 3498 2160 3539 ex
2188 3483 2398 3539 merito
2418 3497 2658 3554 operum
2688 3482 3036 3539 futurorum.
3063 3481 3171 3539 Sed

1803 3566 2162 3642 Augustinus
2186 3565 2574 3636 perseveravit
2592 3579 2820 3637 semper
2842 3565 2903 3619 in
2925 3580 2992 3621 eo
3015 3563 3174 3636 prin·

1803 3650 1973 3723 cipio,
2019 3647 2168 3720 quod
2193 3648 2242 3703 si
2267 3650 2457 3716 yratia
2499 3649 2685 3715 datur,
2717 3654 2777 3702 ut
2817 3647 2943 3702 bene
2986 3665 3174 3722 opere-

1802 3749 1950 3797 mur,
1983 3735 2047 3785 ut
2072 3729 2368 3802 Scriptura
2407 3730 2636 3794 clamat,
2691 3746 2799 3784 non
2844 3729 3031 3795 datur,
3077 3746 3172 3787 nec

1803 3815 1934 3870 dari
1952 3819 2125 3886 potest
2148 3819 2371 3884 propter
2396 3812 2658 3867 bonorum
2685 3829 2909 3886 operum
2950 3813 3164 3879 merita,

1803 3895 1898 3952 vel
1942 3909 2068 3966 quae
2111 3894 2367 3960 fecimus,
2402 3894 2492 3951 vel
2530 3909 2655 3966 quaa
2695 3893 2899 3950 facturi
2943 3910 3165 3952 sumus.

1804 3976 1988 4033 Sentit
2028 3973 2223 4050 igitur,
2269 3973 2601 4048 praedictum
2647 3974 2999 4047 principium
3046 3990 3170 4033 esse

1804 4063 2043 4122 certum,
2060 4062 2183 4113 tum
2204 4056 2516 4114 secundum
2538 4058 2973 4113 connaturalem
3000 4056 3168 4114 rebus

1806 4139 2264 4213 providentiam,
2316 4140 2464 4214 quod
2518 4155 2621 4212 pro
2672 4140 2793 4212 ejus
2843 4140 3168 4198 intentione

1804 4220 2141 4286 sufficiehat;
2169 4225 2293 4278 tum
2319 4219 2633 4280 secundum
2656 4221 2970 4295 potentiam
2995 4221 3164 4280 abso-

1805 4303 2008 4369 lutam,
2028 4300 2099 4358 ad
2114 4318 2286 4375 quam
2310 4300 2679 4358 recurrebant
2697 4302 3163 4376 Semipelagiani,

1804 4389 1864 4442 et
1908 4384 1977 4441 ad
2029 4400 2201 4458 quam
2247 4385 2421 4442 etiam
2468 4384 2760 4441 attendere
2806 4382 3169 4459 obligabatur

1806 4469 2175 4542 Augustinus,
2221 4471 2286 4523 ut
2328 4467 2545 4525 erroris
2596 4469 2822 4541 asylum
2861 4474 3163 4526 everteret.

1808 4550 2063 4621 Cumque
2100 4546 2420 4605 Concilium
2463 4546 2608 4603 illud
2651 4548 3069 4604 Arausicanum
3118 4551 3169 4605 11

1807 4630 2094 4687 contineat
2131 4629 2443 4686 sententias
2485 4629 2789 4702 Augustini
2826 4645 2858 4686 a
2886 4630 3169 4703 Prospero

1808 4712 2085 4778 collectaS,
2117 4715 2225 4767 eta
2252 4712 2439 4766 Leone
2464 4709 2672 4784 Magno
2699 4709 3086 4778 transmissas,
3108 4717 3171 4768 ut

1808 4791 2242 4850 observavimus
2262 4796 2423 4846 tract.
2459 4791 2540 4856 14,
2567 4790 2711 4863 disp.
2750 4792 2794 4858 l,
2827 4809 2947 4864 cap.
2980 4793 3163 4862 5,§5‚

1808 4871 2186 4937 convincitur,
2212 4871 2276 4927 in
2302 4868 2502 4927 eodem
2524 4885 2695 4926 sensu
2718 4868 3164 4944 intelligendum

1807 4969 1931 5011 esse
1966 4968 2097 5011 cum
2125 4952 2397 5009 adversus
2425 4951 2810 5007 Massilienses
2838 4951 3039 5023 probat
3059 4953 3171 5009 ho-

1809 5038 2032 5094 minem
2073 5050 2191 5093 non
2218 5034 2485 5107 consequi
2505 5034 2752 5109 gratiam
2782 5033 2990 5091 merito
3010 5032 3165 5102 fidei,
