3647 5753
472 442 585 503 402

480 625 728 682 poenam,
771 614 828 667 et
864 608 947 667 ita
988 610 1328 669 relabuntur
1378 612 1442 668 in
1493 610 1844 669 sententiam

476 690 897 747 Nominalium.
947 691 1148 760 Tertia,
1178 692 1315 765 quia
1340 708 1459 750 non
1479 691 1840 760 condonatio,

478 770 610 828 licet
640 787 784 829 sono
833 777 1000 830 tenus
1024 771 1308 849 significet
1333 774 1741 847 privationem,
1781 790 1846 831 re

481 857 675 908 tamen
696 850 848 907 nihil
866 852 1023 909 aliud
1036 858 1136 921 est,
1158 870 1332 927 quam
1353 859 1511 911 actus
1535 855 1840 921 increatus,

482 949 593 1008 quo
614 934 762 991 Deus
782 932 1038 992 decernit
1062 951 1313 1008 poenam,
1352 941 1409 993 et
1434 937 1560 994 vult
1581 952 1698 995 non
1720 952 1848 1010 par-

480 1030 608 1073 cere
666 1015 944 1088 peccatori
973 1036 990 1073 2
1041 1032 1178 1074 nam
1231 1016 1467 1076 libertas
1503 1017 1705 1076 divina
1743 1033 1849 1075 nec

481 1096 636 1154 valet
656 1111 893 1154 manere
919 1112 1212 1170 suspensa,
1245 1113 1348 1155 nec
1385 1099 1642 1156 exerceri
1669 1102 1850 1171 potest

486 1195 587 1253 per
614 1178 974 1247 omissiones,
1016 1178 1118 1237 sed
1145 1179 1297 1237 circa
1338 1179 1633 1253 quodlibet
1658 1180 1849 1256 objec-

486 1267 610 1317 tum
639 1257 809 1316 habet
832 1260 1170 1318 exercitium
1201 1261 1533 1335 positivum,
1566 1266 1628 1318 ut
1653 1269 1851 1319 osten-

488 1340 681 1398 dimus
701 1347 831 1396 tom.
862 1342 918 1408 2,
944 1347 1108 1399 tract.
1130 1342 1194 1397 de
1224 1344 1435 1401 volunt.
1466 1345 1590 1414 Dei,
1620 1345 1761 1419 disp.
1793 1346 1846 1413 5,

491 1424 619 1481 dub.
651 1424 687 1479 3
714 1440 725 1486 ;
747 1421 847 1480 sed
873 1427 1022 1482 Deus
1040 1424 1355 1483 decernens
1394 1442 1642 1501 posnam,
1670 1432 1727 1484 et
1745 1443 1853 1486 vo-

494 1506 619 1562 lens
640 1518 758 1561 non
786 1520 1018 1577 parcere
1041 1507 1337 1578 peccatori,
1363 1508 1635 1581 supponit
1660 1508 1852 1581 ipsum

492 1591 844 1659 peccatorem
891 1587 1263 1655 maculatum,
1294 1587 1538 1662 dignum
1579 1605 1767 1661 poena,
1798 1594 1857 1646 et

490 1669 802 1744 indignum
833 1668 1249 1738 misericordia,
1274 1687 1400 1743 quae
1421 1670 1856 1729 denominatio—

493 1768 595 1810 nes
619 1757 753 1810 sunt
774 1749 1114 1820 habituales,
1145 1757 1203 1809 et
1216 1759 1562 1826 praestantur
1598 1753 1668 1811 ab
1696 1752 1859 1810 habi-

491 1835 636 1891 tuali
659 1838 881 1907 peccato
912 1855 926 1890 ε
953 1850 1090 1909 ergo
1111 1850 1230 1894 non
1275 1834 1620 1894 condonatio
1644 1852 1860 1909 suppo-

496 1916 585 1973 nit
607 1920 895 1988 peccatum
937 1914 1232 1974 habituale
1275 1917 1523 1975 existere
1548 1917 1861 1974 intrinsece

501 2000 564 2055 in
615 2001 920 2071 peccatore,
977 2001 1145 2073 atque
1185 1998 1313 2057 ideo
1358 2015 1477 2056 non
1519 2002 1733 2071 spectat
1788 1996 1861 2054 ad

500 2080 622 2154 ejus
647 2080 1137 2138 constitutionem.

310 2165 473 2216 Imaus·
579 2160 965 2220 Confirmatur
998 2184 1012 2220 ε
1060 2165 1337 2239 quoniam
1385 2163 1545 2221 aliud
1573 2168 1675 2231 est,
1713 2161 1865 2237 quod

292 2219 484 2315 ι’ἶιῗῖιῗῖιιε.
503 2244 575 2303 ad
617 2244 1002 2315 existentiam,
1051 2252 1108 2304 et
1148 2247 1612 2320 permanentiam
1654 2245 1862 2319 peccati

503 2326 814 2385 habitualis
843 2329 1172 2401 requiratur
1198 2344 1315 2387 non
1343 2328 1683 2387 condonatio
1711 2328 1868 2384 divi-

502 2425 611 2476 na;
641 2409 797 2467 aliud
824 2425 981 2476 vero,
1006 2409 1155 2483 quod
1184 2410 1469 2484 pertineat
1490 2409 1560 2467 ad
1612 2409 1735 2483 ejus
1774 2425 1869 2466 es-

499 2494 830 2556 sentiam‚et
854 2493 1320 2550 constitutionem
1338 2492 1707 2565 adaequatam.
1735 2493 1870 2549 Pri-

505 2590 669 2630 mum
724 2572 972 2631 libenter
1016 2572 1400 2639 concedimus,
1427 2588 1563 2629 nam
1610 2572 1872 2644 implicat

508 2670 746 2711 manere
769 2660 1078 2727 peccatum,
1107 2651 1256 2727 quod
1291 2655 1437 2709 Deus
1468 2652 1709 2709 remittit
1736 2672 1750 2708 ε
1780 2656 1865 2709 at-

507 2751 616 2808 que
636 2734 766 2792 ideo
788 2738 849 2791 ut
877 2738 1165 2808 peccatum
1187 2731 1481 2788 habituale
1521 2737 1867 2805 perseveret,

509 2815 827 2890 requiritur
853 2812 1002 2889 quod
1032 2815 1180 2869 Deus
1238 2811 1383 2868 illud
1424 2827 1542 2869 non
1568 2812 1868 2879 condonet,

508 2913 606 2955 seu
642 2897 913 2954 remittat.
948 2895 1095 2949 Hinc
1134 2897 1325 2950 autem
1368 2908 1669 2965 perperam
1698 2893 1876 2950 infer-

511 2985 608 3034 tur
627 2974 940 3033 secundum
974 2994 987 3027 ε
1023 2988 1160 3028 nam
1179 2973 1395 3045 optime
1432 2972 1693 3040 cohaeret,
1724 2973 1875 3047 quod

513 3056 744 3130 aliquod
772 3053 1099 3126 requiratur
1125 3067 1226 3124 per
1253 3053 1490 3111 modum
1530 3055 1878 3112 conditionis

517 3139 587 3196 ad
610 3138 864 3210 aliquam
891 3133 1450 3203 denominationem,
1481 3138 1573 3195 vel
1589 3137 1872 3205 effectum,

517 3224 575 3276 et
594 3217 743 3292 quod
766 3214 1155 3271 nihilominus
1176 3214 1248 3273 ad
1261 3216 1382 3290 ejus
1392 3219 1875 3283 constitutionem,

477 3292 481 3296 ’
518 3305 575 3356 et
601 3296 909 3355 essentiam
923 3311 1042 3353 non
1062 3297 1367 3369 pertineat.
1393 3300 1626 3357 Sicutin
1649 3305 1883 3357 natura-

521 3378 690 3444 libus,
724 3382 786 3434 ut
812 3378 985 3435 homo
1012 3385 1247 3435 maneat
1268 3379 1644 3440 habitualiter
1681 3399 1877 3449 caecus,

522 3459 841 3533 requiritur
888 3474 1005 3516 non
1050 3459 1270 3518 infusio
1321 3461 1508 3520 activa
1551 3464 1728 3531 visuS,
1758 3464 1885 3521 sive

518 3539 668 3616 quod
696 3541 842 3597 Deus
892 3555 1012 3598 non
1053 3545 1282 3614 reparet
1320 3542 1511 3599 visum
1543 3568 1558 3612 ;
1587 3549 1644 3602 et
1688 3550 1885 3604 tamen

528 3639 699 3681 nemo
724 3636 880 3678 sanae
916 3623 1130 3679 mentis
1167 3621 1332 3693 dicat,
1374 3625 1681 3684 caecitatem
1716 3626 1878 3684 habi·

524 3704 737 3760 tualem
782 3702 1049 3759 constitui
1078 3719 1181 3776 per
1220 3718 1338 3761 non
1360 3705 1712 3764 infusionem
1743 3708 1889 3764 acti-

525 3801 658 3842 vam
707 3784 885 3850 visus,
909 3782 1008 3840 sed
1036 3800 1240 3842 omnes
1270 3794 1535 3844 asserunt
1577 3788 1888 3846 consistere

528 3868 814 3940 adaequate
839 3868 901 3923 in
924 3867 1249 3940 privatione
1268 3868 1447 3927 visus.
1479 3872 1615 3935 Quae
1641 3871 1891 3943 privatio

530 3953 726 4005 manet
746 3949 1059 4005 intrinsece
1073 3946 1363 4025 adaequate
1389 3949 1452 4005 in
1475 3949 1731 4017 homine,
1759 3951 1893 4008 licet

531 4029 601 4088 ad
626 4030 715 4085 sui
741 4030 1109 4086 existentiam
1146 4029 1409 4102 postulet,
1452 4029 1604 4103 quod
1626 4033 1772 4087 Deus
1797 4031 1893 4087 vi-

530 4126 657 4170 sum
687 4125 807 4167 non
868 4110 1256 4167 communicet
1287 4134 1301 4178 ;
1351 4110 1495 4178 sive,
1526 4114 1583 4167 et
1621 4110 1684 4166 in
1737 4110 1893 4168 idem

527 4194 698 4261 redit,
739 4191 888 4266 quod
952 4194 1099 4248 Deus
1142 4191 1410 4248 decernat
1471 4206 1590 4249 non
1626 4208 1897 4266 reparare

534 4278 727 4346 visum
758 4295 771 4330 ε
800 4272 948 4346 quod
974 4271 1264 4330 decretum
1293 4277 1377 4329 est
1404 4273 1717 4332 intrinsece
1743 4273 1898 4331 adae-

534 4364 702 4433 quate
753 4357 817 4412 in
870 4357 1003 4412 Deo.
1054 4355 1219 4413 Unde
1251 4356 1398 4412 sicut
1421 4372 1493 4413 ex
1529 4372 1615 4426 eo,
1654 4357 1804 4430 quod
1850 4357 1899 4413 si

444 4463 445 4466 ¹
538 4443 686 4496 Deus
730 4435 987 4495 decernit
1032 4435 1328 4494 destruere
1371 4437 1695 4503 caecitatem,
1754 4443 1903 4496 recte

539 4522 808 4590 infertur,
839 4518 988 4593 quod
1026 4521 1245 4577 caecitas
1284 4520 1564 4579 cessabit:
1632 4522 1711 4579 ita
1754 4526 1904 4579 recte

539 4601 818 4676 sequitur,
843 4599 993 4674 quod
1037 4601 1091 4657 si
1116 4603 1264 4657 Deus
1310 4602 1434 4658 vult
1455 4607 1746 4674 peccatum
1774 4618 1906 4660 con-

543 4683 781 4748 donare,
847 4685 1134 4754 peccatum
1210 4680 1558 4740 destruetur.
1616 4684 1903 4740 Caeterum

542 4765 689 4822 sicut
716 4763 974 4836 implicat
1000 4765 1179 4820 Deum
1202 4764 1353 4821 velle
1371 4762 1666 4822 destruere
1687 4765 1908 4822 caecita-

546 4852 683 4912 tem,
711 4849 768 4901 et
787 4841 938 4916 quod
960 4858 1077 4900 non
1099 4844 1241 4902 velit
1261 4845 1573 4902 immutare
1594 4845 1910 4902 intrinsece

548 4925 851 4985 hominem
892 4924 1377 4984 communicando
1399 4926 1595 4983 visum
1629 4947 1642 4982 :
1674 4926 1755 4983 ita
1793 4927 1912 4983 im-

551 5010 724 5083 plicat
746 5010 925 5064 Deum
955 5008 1104 5065 velle
1123 5008 1418 5066 destruere
1439 5013 1727 5082 peccatum
1745 5008 1914 5066 habi-

555 5093 723 5158 tuale,
749 5097 808 5148 et
830 5090 977 5163 quod
1020 5105 1137 5148 non
1176 5092 1317 5148 velit
1356 5092 1669 5150 immutare
1697 5092 1917 5148 intrin—

1299 469 1303 473 .
1402 439 1497 494 DE
1535 438 2119 495 JUSTIFICATIONE
2160 437 2363 493 IMPII.

1974 624 2098 667 eece
2136 607 2431 666 hominem
2481 606 2959 665 communicando
3002 605 3224 680 aliquid
3251 607 3342 664 in-

1976 691 2222 748 haerens.
2266 692 2415 746 Nam
2466 688 2952 762 quemadmodum
2995 689 3214 747 caecitas
3252 693 3337 746 est

1975 770 2266 844 adaequate
2290 770 2602 828 intrinsece
2621 770 2684 827 in
2730 770 2970 828 homine
2996 792 3009 827 ε
3034 772 3112 828 ita
3143 785 3340 845 pecca-

1979 856 2102 908 tum
2150 849 2442 909 habituale
2474 855 2561 909 est
2597 850 2885 925 adaequate
2923 851 3238 909 intrinsece
3276 852 3341 907 in

1979 936 2298 1007 peccatore3
2319 937 2377 991 et
2403 937 2598 990 utrum
2645 933 2928 1006 praevenit
2968 938 3156 991 actum
3183 932 3343 990 divi-

1978 1030 2145 1082 num,
2174 1031 2289 1088 quo
2315 1016 2464 1074 Deus
2508 1014 2766 1073 decernit
2789 1029 2858 1072 ea
2903 1013 3215 1084 destruere,
3242 1014 3339 1071 vel

1980 1112 2100 1155 non
2125 1096 2441 1156 destruere.
3369 1152 3378 1153 ff

2063 1180 2185 1237 149.
2229 1181 2344 1237 Nec
2366 1176 2662 1247 satisfacit,
2691 1176 2843 1251 quod
2871 1176 3218 1251 respondent
3246 1177 3340 1233 illi
3381 1203 3516 1245 nov·

1980 1262 2270 1330 Juniores,
2317 1263 2608 1335 peccatum
2645 1259 2864 1316 scilicet
2901 1257 3195 1316 habituale
3222 1272 3344 1315 non
3377 1259 3564 1345 ’ἔξω

1982 1351 2269 1417 utcunque
2321 1343 2640 1417 importare
2692 1357 2811 1398 non
2860 1340 3344 1399 condonationem
3484 1331 3499 1342 ’

1983 1425 2264 1493 divinam,
2289 1424 2388 1481 sed
2410 1424 2573 1481 illam
2595 1422 2786 1481 dicere
2810 1427 3088 1495 tanquam
3118 1427 3343 1495 partem

1985 1507 2074 1565 sui
2094 1506 2480 1573 essentialem,
2511 1510 2568 1563 et
2594 1519 2718 1567 non,
2738 1510 2802 1560 ut
2821 1518 3047 1561 meram
3068 1503 3347 1561 conditio·

1988 1605 2144 1648 nem.
2175 1588 2344 1647 Unde
2381 1589 2518 1661 quia
2542 1592 2796 1646 cessante
2823 1592 2985 1661 parte
3024 1586 3345 1653 essentiali,

1987 1689 2130 1747 opus
2153 1677 2257 1740 est,
2290 1671 2439 1745 quod
2462 1675 2580 1729 tota
2606 1670 2856 1729 essentia
2876 1669 3224 1737 destruatur,
3256 1669 3347 1726 fa-

1989 1756 2208 1813 cillime
2240 1754 2351 1811 sibi
2380 1754 2654 1811 videntur
2679 1754 2926 1820 salvare,
2975 1751 3124 1824 quod
3167 1750 3352 1825 posita

1990 1835 2416 1893 condonatione
2448 1834 2792 1900 extrinseca,
2824 1837 3124 1890 evanescat
3151 1846 3352 1905 pecca-

1991 1924 2115 1975 tum
2156 1915 2470 1974 habituale.
2504 1919 2570 1972 In
2608 1931 2721 1989 quo
2746 1959 2759 1983 ,
2813 1916 3122 1989 inquiunt,
3180 1912 3353 1970 aliter

1994 1999 2521 2076 philosophandum
2565 2005 2685 2065 est,
2731 2015 2793 2055 ac
2822 1999 2884 2055 in
2907 1997 3233 2072 privatione
3256 1995 3355 2053 vi·

1993 2099 2117 2146 sus;
2144 2082 2261 2138 haec
2285 2081 2504 2154 quippe
2521 2078 2658 2152 quid
2687 2078 2989 2154 physicum
3017 2082 3119 2144 est,
3151 2083 3207 2134 et
3229 2076 3355 2133 des·

1997 2164 2113 2220 trui
2160 2179 2279 2219 non
2319 2164 2471 2219 valet
2515 2176 2616 2233 per
2658 2160 2905 2217 formam
2944 2160 3226 2216 moralem
3248 2172 3356 2214 ex-

1998 2246 2305 2303 trinsecam
2334 2249 2490 2301 actus
2514 2240 2739 2309 divini;
2769 2241 2868 2298 sed
2896 2238 3241 2298 destruenda
3268 2243 3360 2296 est

2001 2343 2102 2399 per
2124 2327 2394 2392 formam,
2419 2340 2531 2397 qua
2558 2323 2790 2398 physice
2818 2323 3029 2396 privat.
3111 2348 3114 2349 ⁷
3605 2386 3614 2403 Ι

2081 2410 2215 2475 Hoc,
2244 2408 2503 2481 inquam,
2525 2421 2629 2462 nec
2648 2404 2940 2471 satisfacit,
2962 2418 3065 2461 nec
3079 2402 3359 2459 sustineri
3395 2418 3572 2459 εῖναι-ιε·
3619 2446 3622 2459 .

2003 2493 2176 2549 valet.
2204 2494 2272 2546 Et
2291 2506 2430 2547 sane
2456 2490 2594 2547 satis
2621 2489 2766 2547 foret
2795 2487 2864 2544 ad
2891 2484 3357 2545 confirmandam
3436 2471 3523 2509 ω’·
3615 2508 3622 2529 ι

2002 2574 2305 2632 veritatem
2334 2576 2544 2627 nostrae
2571 2569 2905 2627 assertionis
2931 2568 3213 2641 obligasse
3233 2569 3360 2621 Au-

2004 2656 2196 2711 thores
2241 2651 2515 2717 adversm,
2562 2658 2625 2706 ut
2668 2650 2981 2707 concedant
3024 2654 3211 2705 actum
3255 2647 3361 2703 Dei

2005 2737 2348 2800 increatum,
2401 2749 2632 2805 purum,
2681 2737 2964 2797 sanctum,
3014 2730 3366 2786 immacula-

2006 2822 2150 2882 tum,
2175 2829 2297 2870 esse
2326 2818 2548 2888 partem
2571 2812 2934 2890 essentialem
2965 2809 3208 2883 peccati;
3249 2825 3371 2883 quo

2007 2897 2160 2954 nihil
2184 2901 2363 2969 potest
2382 2895 2692 2968 excogitari
2715 2893 2986 2959 deterius,
3012 2897 3068 2948 et
3098 2891 3371 2948 immun-

2007 2979 2157 3046 diuS,
2189 2982 2244 3033 et
2267 2978 2379 3033 Deo
2400 2976 2584 3050 magis
2606 2973 3015 3033 abominabile.
3042 2975 3187 3028 Sunt
3203 2971 3370 3029 enim

2011 3059 2320 3135 positiones
2348 3059 2554 3131 aliquae
2576 3056 2715 3114 adeo
2741 3054 3041 3113 evidenter
3077 3051 3368 3119 absurdae,

2012 3145 2074 3198 ut
2110 3153 2598 3211 supervacaneum
2619 3137 2694 3194 sit
2714 3151 2917 3193 earum
2962 3133 3277 3207 publicam,
3304 3136 3374 3187 ut

2011 3224 2094 3280 sic
2130 3220 2408 3287 dicamus,
2440 3220 2749 3277 falsitatem
2790 3216 3148 3292 argumentis
3175 3220 3371 3272 osten-

2012 3304 2169 3368 dere.
2218 3300 2318 3360 sed
2357 3301 2495 3358 satis
2522 3300 2700 3357 fuerit
2726 3297 2795 3356 ad
2822 3313 2920 3356 eas
2948 3294 3372 3371 amplectendas

2014 3385 2376 3460 coegisseaet
2414 3383 2486 3441 de
2529 3398 2733 3441 earum
2783 3396 3029 3438 numero
3072 3393 3374 3436 censemus

2016 3470 2168 3526 hanc
2191 3466 2676 3525 Adversariorum
2729 3463 3071 3521 doctrinam.
3121 3460 3230 3519 Sed
3276 3460 3375 3517 ni-
3392 3480 3577 3525 Primum

2018 3550 2339 3609 hilominus
2367 3545 2736 3613 refelluntur,
2755 3545 3032 3619 quoniam
3054 3544 3102 3598 si
3125 3543 3378 3601 essentia
3406 3531 3576 3625 ⁰333*

2019 3633 2229 3709 peccati
2271 3631 2584 3689 habitualis
2622 3629 2954 3686 consisteret
2983 3625 3270 3699 adaequate
3311 3625 3379 3682 in
3407 3635 3569 3674 conm-

2020 3722 2145 3774 actu
2175 3712 2567 3788 peccaminoso
2595 3707 2900 3785 praeterito,
2931 3713 2988 3763 et
3009 3707 3071 3764 in
3102 3723 3219 3764 non
3239 3721 3382 3764 con-
3396 3679 3580 3773 ⁵313.

1973 3862 1978 3868 ‚
2020 3798 2333 3856 donatione
2370 3794 2602 3860 divina;
2631 3792 2775 3860 sive,
2817 3788 2969 3864 quod
2999 3788 3153 3846 idem
3179 3793 3282 3855 est,
3315 3788 3381 3844 in

2024 3885 2148 3937 actu
2176 3877 2298 3944 Dei,
2323 3892 2435 3949 quo
2453 3877 2580 3931 vult
2602 3891 2719 3932 non
2743 3873 3038 3931 remittere
3067 3873 3383 3944 peccatum,

2025 3962 2226 4034 plura,
2275 3963 2332 4014 et
2376 3955 2771 4014 intolerabilia
2799 3952 3046 4011 absurda
3071 3964 3388 4024 sequeren-

2024 4047 2143 4098 tur.
2168 4043 2315 4096 Nam
2339 4039 2403 4094 in
2431 4038 2640 4112 primis
2665 4037 2924 4110 sequitur
2967 4035 3253 4107 peccatum
3280 4029 3390 4087 ha-

2028 4122 2256 4180 bituale
2282 4119 2434 4178 nihil
2488 4118 2874 4175 intrinsecum
2917 4114 3241 4190 physicum,
3291 4112 3390 4168 vel

2028 4205 2250 4263 morale
2293 4218 2416 4260 esse
2445 4202 2509 4258 in
2532 4206 2854 4275 peccatore;
2884 4213 3022 4255 nam
3052 4200 3208 4252 actus
3235 4209 3390 4267 prze-

2031 4286 2235 4344 teritus
2261 4299 2380 4340 non
2404 4288 2490 4340 est
2517 4281 2737 4356 aliquid
2785 4279 3105 4355 physicum,
3137 4275 3234 4333 vel
3261 4290 3393 4332 mo-

2034 4369 2157 4426 rale
2187 4366 2250 4422 in
2289 4365 2494 4437 seipso,
2543 4369 2606 4420 ut
2642 4380 2715 4420 ex
2742 4377 2802 4418 se
2830 4362 3128 4438 liquet3et
3156 4354 3395 4414 aliunde

2034 4445 2532 4512 non'admittitur,
2569 4443 2718 4519 quod
2754 4440 2972 4515 aliquid
3008 4439 3394 4496 intrinsecum

2038 4530 2325 4602 relinquat
2346 4527 2410 4583 in
2438 4531 2771 4599 pecccatore,
2790 4524 2852 4580 in
2866 4538 2979 4596 quo
2994 4521 3114 4593 ipse
3136 4518 3395 4576 habitua-

2038 4611 2171 4668 liter
2194 4613 2540 4682 perseverat,
2570 4611 2628 4666 et
2645 4602 2796 4678 quod
2823 4603 2900 4660 sit
2924 4606 3215 4675 peccatum
3237 4598 3403 4656 habi·

2040 4691 2193 4749 tuale
2220 4710 2234 4745 ε
2261 4693 2417 4746 actus
2442 4686 2617 4742 etiam
2646 4686 2952 4749 increatus,
2984 4682 3108 4739 sive
3131 4695 3250 4738 non
3270 4695 3404 4738 con-

2040 4771 2273 4830 donatio
2300 4770 2402 4826 Dei
2425 4773 2622 4825 manet
2648 4766 2940 4840 adaequate
2967 4762 3296 4820 formaliter
3339 4762 3406 4817 in

2043 4858 2174 4921 Deo,
2206 4857 2262 4911 et
2288 4851 2441 4908 nihil
2488 4850 2651 4924 ponit
2699 4850 2764 4905 in
2805 4850 3117 4922 peccatore,
3154 4842 3306 4917 quod
3331 4844 3413 4900 sit

2047 4936 2355 5009 peccatum,
2380 4935 2444 4988 ut
2461 4946 2532 4987 ex
2557 4945 2617 4987 se
2643 4932 2863 4986 constat
2893 4948 2907 4983 τ
2937 4941 3073 5001 ergo
3112 4929 3408 4998 peccatum

2048 5015 2339 5074 habituale
2383 5019 2469 5072 est
2521 5028 2730 5087 purum
2779 5011 2930 5068 nihil
2977 5010 3044 5066 in
3092 5012 3405 5084 peccatore.

2051 5097 2290 5154 Falsitas
2352 5100 2544 5153 autem
2598 5091 2997 5166 consequentis
3041 5087 3406 5172 ostenditur„

3281 5178 3420 5235 quia
