3647 5753
1457 410 1633 468 DlSP.
1680 414 1749 479 11,
1799 413 1961 470 DUB.
2007 414 2102 469 lv,
3048 419 3158 473 389

294 586 593 661 Repugnat
616 585 791 642 etiarn
815 585 1029 642 divinae
1049 584 1311 653 bonitati,
1342 586 1493 659 quod
1516 587 1662 642 Deus

295 664 500 723 habeat
522 682 627 739 pro
648 665 773 723 filio
800 665 1068 738 adoptivo
1095 665 1393 723 hominem
1414 666 1661 722 existen-

291 751 409 802 tem
465 747 526 803 in
569 751 832 820 peccato;
878 752 934 802 et
978 745 1176 820 nequit
1227 746 1399 803 homo
1448 744 1659 802 habere

290 827 539 900 gratiam
567 830 631 885 in
653 844 731 894 se,
765 827 907 899 quin
934 827 1009 882 sit
1030 825 1182 882 filius
1203 827 1304 883 Dei
1332 826 1651 899 adoptivae,

292 915 353 965 ut
373 911 731 968 ostendimus
753 926 785 966 a
807 925 1052 966 numero
1087 911 1207 965 128.
1479 904 1485 910 ’

373 994 494 1050 132.
542 992 650 1050 Sed
694 996 893 1050 contra
934 992 1242 1065 insurgunt
1277 990 1651 1049 Adversarii:

289 1079 410 1130 tum
439 1075 572 1147 quia
601 1073 864 1147 expulsio
892 1073 1098 1145 peccati
1137 1080 1220 1129 est
1248 1071 1319 1129 ad
1356 1089 1651 1129 summum

289 1153 519 1212 effectus
582 1151 955 1212 secundarius
1024 1154 1222 1228 gratias
1247 1177 1261 1221 ;
1336 1154 1651 1227 primarius

288 1234 499 1308 quippe
527 1234 694 1292 debet
720 1233 1028 1291 consistere
1055 1232 1118 1288 in
1147 1233 1337 1306 aliquo
1364 1233 1645 1305 positivo:

284 1313 383 1370 sed
424 1315 841 1389 omnipotentia
866 1311 1068 1370 divina
1088 1314 1211 1386 quit
1238 1330 1505 1394 separare
1527 1315 1650 1372 ior-

290 1411 447 1454 mam
477 1414 508 1454 a
536 1415 639 1455 suo
663 1398 856 1455 effectu
885 1395 1242 1463 secundario,
1283 1412 1410 1452 cum
1440 1395 1547 1453 iste
1574 1397 1649 1453 sit

83 986 272 1038 Replicae.

288 1484 451 1535 extra
489 1479 795 1535 essentiam
824 1477 1016 1533 illius:
1045 1491 1180 1550 ergo
1221 1491 1338 1532 non
1366 1482 1649 1550 repugnat

286 1560 502 1617 divinae
527 1559 956 1631 omnipotentioe
979 1555 1287 1631 producere
1307 1557 1552 1632 gratiam
1583 1558 1646 1615 in

286 1645 594 1713 peccatore.
621 1645 676 1696 et
692 1637 974 1712 impedire
994 1637 1435 1694 destructionem
1460 1653 1646 1710 pecca-

283 1722 345 1779 ti.
369 1724 517 1780 Tum
540 1722 734 1787 etiam,
757 1736 891 1776 nam
910 1719 966 1776 id
981 1718 1130 1794 quod
1157 1726 1241 1776 est
1266 1721 1504 1786 morale,
1526 1736 1643 1778 non

286 1804 614 1876 expellitur,
648 1808 745 1858 aut
769 1800 1084 1858 destruitur
1112 1799 1644 1873 indispensabiliter

283 1899 378 1956 per
404 1881 625 1957 aliquid
667 1882 965 1957 physicum
990 1901 1003 1937 ε
1032 1880 1129 1938 sed
1161 1885 1445 1954 peccatum
1473 1881 1643 1938 habi-

285 1966 432 2021 tuale
454 1969 538 2022 est
559 1962 696 2036 quid
721 1962 1150 2036 morale,gratia
1170 1967 1405 2019 vero'est
1422 1961 1641 2035 aliquid

283 2045 598 2119 physicum,
650 2048 713 2098 ut
752 2059 823 2099 ex
869 2059 930 2099 se
975 2047 1230 2099 constat:
1279 2058 1414 2116 ergo
1459 2042 1641 2114 posita

279 2126 478 2199 gratia,
524 2141 643 2182 non
688 2129 772 2180 est
817 2121 1287 2196 indispensabile,
1332 2121 1481 2195 quod
1508 2123 1640 2180 des-

278 2211 498 2262 truatur
527 2211 834 2278 peccatum,
863 2202 963 2261 sed
1005 2210 1200 2260 manet
1226 2202 1480 2260 absolute
1509 2220 1639 2276 pos-

277 2285 457 2342 sibilis
516 2283 735 2342 eorum
768 2284 1111 2360 conjunctio.
1168 2286 1314 2339 Tum
1368 2283 1632 2359 denique,

278 2366 410 2438 quia
434 2371 589 2422 actus
635 2365 859 2438 peccati,
904 2371 960 2421 et
1003 2365 1191 2439 gratia
1225 2364 1295 2421 ad
1339 2380 1636 2421 summum

282 2452 512 2517 possunt
532 2446 742 2518 opponi
764 2445 1011 2519 physice,
1038 2446 1395 2517 oppositione
1415 2450 1637 2502 contra-

207 2591 210 2592 ,
281 2526 402 2588 ria;
442 2527 724 2599 siquidem
763 2532 879 2583 tam
917 2533 1071 2584 actus
1101 2529 1219 2594 ille,
1251 2543 1423 2602 quam
1449 2528 1636 2603 gratia

279 2609 560 2682 suntquid
584 2609 906 2683 positivum,
931 2611 987 2668 et
1007 2611 1332 2670 absolutum
1361 2612 1493 2670 :sed
1516 2629 1633 2670 non

281 2689 553 2762 implicat,
598 2690 744 2763 quod
785 2691 848 2747 in
884 2691 1083 2749 eodem
1111 2693 1360 2768 subjecto
1399 2710 1633 2751 conser-

277 2774 485 2827 ventur
506 2770 617 2828 duo
637 2773 944 2838 contraria,
966 2773 1096 2829 licet
1121 2773 1292 2831 valde
1317 2774 1626 2841 contraria,

271 2855 328 2908 et
354 2850 574 2909 intensa
594 2851 730 2920 sint,
764 2857 826 2908 ut
850 2853 1236 2911 communiter
1261 2852 1462 2912 docent
1490 2854 1633 2911 Phi-

272 2931 490 3004 losophi
516 2955 529 2988 ι
559 2948 694 3006 ergo
721 2949 837 2989 non
862 2933 1119 3007 implicat
1144 2936 1468 3009 conjunctio
1495 2951 1631 3009 gra-

269 3011 380 3077 tim,
401 3018 456 3069 et
475 3019 627 3069 actus
651 3014 893 3085 peccati;
927 3014 1163 3071 aliunde
1183 3032 1321 3073 vero
1342 3021 1629 3089 peccatum

267 3091 555 3149 habituale
581 3093 733 3148 nihil
763 3093 922 3150 aliud
961 3101 1060 3163 est,
1105 3111 1278 3168 quam
1319 3101 1472 3152 actus
1501 3113 1630 3169 pec-

263 3174 373 3228 cati
414 3179 475 3229 ut
522 3175 827 3231 moraliter
873 3191 1285 3248 perseverans:
1329 3193 1465 3253 ergo
1512 3194 1630 3234 non

263 3259 560 3328 repugnat,
612 3255 762 3329 quod
800 3256 1004 3331 gratia,
1037 3263 1092 3313 et
1118 3262 1405 3329 peccatum
1451 3258 1628 3313 simul

257 3337 593 3393 coexistant.
691 3386 702 3390 -

57 3440 230 3484 onum„-
333 3419 432 3474 Hm
472 3426 672 3476 tamen
715 3421 1180 3495 impugnationes
1225 3426 1463 3478 manent
1488 3438 1628 3480 con-

81 3500 215 3539 pnma.
257 3500 434 3556 vulsae
458 3517 533 3557 ex
560 3501 924 3574 supradictis.
969 3502 1054 3558 Ad
1084 3503 1336 3576 primam
1385 3519 1627 3576 respon-

252 3580 438 3649 detur,
471 3599 596 3640 non
624 3600 747 3641 esse
774 3586 1182 3643 universaliter
1222 3600 1445 3653 verum,
1476 3585 1626 3657 quod

252 3662 439 3720 forma
461 3665 644 3737 possit
673 3664 894 3737 privari
921 3682 1022 3723 suo
1042 3665 1239 3723 effectu
1260 3664 1620 3733 secundariO,

249 3750 514 3818 utsupra
548 3744 822 3814 diximus,
854 3751 909 3801 et
944 3746 1121 3818 liquet
1149 3746 1213 3802 in
1241 3745 1429 3803 forma
1455 3744 1626 3802 cada-

197 3866 201 3869 *
247 3828 458 3892 verica,
515 3843 650 3901 quae
683 3841 794 3883 'nec
840 3844 939 3900 per
988 3827 1252 3884 divinam
1307 3828 1622 3902 potentiam

248 3908 525 3981 impediri
554 3909 723 3973 valet,
751 3924 822 3965 ne
843 3908 1092 3966 sormam
1114 3908 1409 3966 viventem
1437 3910 1625 3966 exclu-

244 3987 373 4056 dat;
417 3995 476 4046 et
522 3990 589 4051 in
633 3988 775 4054 luce,
823 4006 946 4062 quae
988 3989 1258 4063 impediri
1300 3989 1516 4063 nequit,
1551 4004 1624 4047 ne

247 4067 549 4125 tenebram
573 4071 849 4141 expellat.
871 4068 1030 4135 Quod
1053 4071 1341 4144 praecipue
1367 4068 1624 4126 verifica-

244 4154 357 4216 tur,
402 4149 644 4223 quando
681 4148 910 4205 effectus
953 4149 1324 4207 secundarius
1375 4166 1493 4207 non
1538 4155 1623 4206 est

242 4232 507 4302 expulsio
554 4230 763 4287 formae·
807 4230 1082 4302 positivae,
1132 4230 1229 4286 sed
1279 4229 1622 4302 privationis

241 4311 424 4384 ipsius
466 4312 694 4377 sorr'nae,
727 4328 852 4384 quae
891 4311 1200 4380 inducitur,
1234 4316 1297 4367 ut
1330 4310 1529 4369 accidit
1558 4312 1620 4367 in

241 4394 511 4465 exemplo
559 4391 898 4450 immediate
945 4391 1203 4459 adducto,
1247 4397 1303 4448 et
1340 4390 1622 4465 contingit

241 4470 304 4527 in
346 4477 551 4529 nostro
601 4487 769 4539 casu;
820 4488 956 4529 nam
1000 4477 1286 4545 peccatum
1328 4470 1622 4527 habituale

237 4558 321 4610 est
349 4554 607 4627 privatio
635 4554 852 4628 gratiae,
877 4555 969 4611 vel
987 4556 1230 4631 ,alicujus
1258 4552 1619 4610 rectitudinis

241 4639 652 4707 praecontentae
673 4634 738 4689 in
758 4632 963 4709 gratia.
996 4634 1382 4701 Quamobrem
1411 4634 1621 4705 impos-

237 4714 410 4773 sibile
435 4721 523 4773 est
547 4713 785 4770 infundi
814 4716 1085 4788 gratiam,
1116 4721 1173 4773 et
1194 4720 1482 4789 peccatum
1511 4714 1619 4770 ha-

237 4798 458 4856 bituale
500 4813 628 4854 non
656 4798 892 4868 expelli.
926 4799 995 4853 Et
1033 4796 1232 4855 eadem
1260 4801 1344 4853 est
1374 4795 1521 4852 ratio
1547 4794 1618 4853 de

240 4886 464 4953 peccato
487 4876 709 4937 actuali
735 4900 750 4944 ;
782 4878 888 4936 hoc
925 4880 1136 4952 quippe
1169 4878 1298 4934 lieet
1326 4877 1390 4933 in
1420 4875 1617 4949 priva-

237 4961 395 5019 tione
414 4961 625 5036 gratiae
649 4957 978 5015 formaliter
1001 4974 1118 5016 non
1147 4955 1619 5022 consistat,infert

235 5052 434 5102 tamen
481 5058 556 5100 ex
603 5056 669 5098 se
710 5040 1241 5113 indispensabiliter
1285 5036 1617 5113 praedictam

1795 585 2274 658 privationem,ut
2293 604 2467 661 supra
2491 589 2762 645 vidimus.
2790 591 2856 645 Et
2875 591 2924 646 si
2945 589 3156 663 replica

1794 666 2015 738 aliquid
2060 667 2348 741 probaret,
2393 671 2685 727 evinceret
2731 669 2931 727 eodem
2985 671 3155 728 modo

1794 745 2127 819 possibilem
2149 764 2272 807 esse
2290 751 2751 824 conjunctionem
2781 752 3015 807 unionis
3042 750 3154 825 hy-

1792 830 2094 899 postaticae,
2145 834 2203 887 et
2255 833 2463 904 peccati
2505 832 2569 889 in
2615 833 2977 890 humanitate
3021 838 3154 890 ante

1789 908 2067 965 unionem
2121 916 2342 983 peccato
2390 912 2625 979 affecta3
2688 928 2824 968 nam
2889 913 3152 985 expulsio

1789 988 2000 1059 peccati
2027 995 2112 1046 est
2135 991 2310 1047 etiam
2332 992 2563 1049 effectus
2590 991 2961 1048 secundarius
2990 993 3152 1048 illius

1789 1068 2063 1137 unionis;
2114 1077 2280 1145 atque
2308 1071 2435 1130 ideo
2481 1072 2690 1147 poterit
2714 1077 2900 1129 stante
2934 1073 3150 1130 unione

1786 1147 2081 1222 impediri.

1859 1228 1945 1284 Ad
1996 1229 2305 1287 secundam
2358 1230 2620 1301 dicimus,
2685 1238 2971 1307 peccatum
3026 1249 3143 1292 non
3161 1227 3349 1321 qffiugf·

1781 1325 1905 1368 esse
1934 1327 2076 1384 pure
2114 1313 2253 1386 quid
2296 1317 2537 1383 morale,
2573 1316 2670 1372 sed
2703 1317 3015 1389 importare
3038 1333 3144 1375 ve·
3178 1327 3339 1372 cundae.

1783 1407 1931 1459 ram,
1974 1398 2030 1449 et
2069 1393 2365 1468 physicam
2395 1396 2781 1469 privationem
2821 1400 3038 1473 gratiae,
3081 1404 3146 1455 ut

1780 1473 1987 1545 saepius
2031 1473 2289 1532 diximus
2313 1500 2328 1545 3
2375 1483 2433 1533 et
2477 1478 2749 1536 similiter
2775 1480 3020 1553 gratiam
3063 1482 3145 1539 ita

1779 1569 1902 1610 esse
1952 1554 2279 1613 formaliter
2333 1557 2551 1630 aliquid
2610 1559 2930 1634 physicum,
2993 1561 3144 1634 quod

1778 1635 2107 1695 eminenter
2156 1644 2240 1696 est
2291 1639 2510 1713 aliquid
2562 1642 2783 1699 morale
2809 1664 2822 1697 ε
2872 1641 3145 1699 rectificat

1777 1715 1937 1771 enim
1953 1717 2296 1791 simpliciter
2314 1721 2613 1778 hominem
2631 1722 2695 1778 in
2724 1722 2928 1780 ordine
2946 1740 3143 1781 mora-

1776 1794 2018 1856 li.Unde
2037 1798 2276 1872 obiectio
2297 1817 2368 1857 ex
2391 1801 2494 1857 hac
2522 1808 2682 1874 parte
2704 1804 2855 1859 nihil
2881 1805 3098 1861 evincit
3124 1829 3138 1871 ;

1775 1879 1994 1951 optime
2018 1882 2229 1954 quippe
2273 1881 2399 1939 fieri
2448 1889 2645 1956 potest,
2681 1891 2742 1941 ut
2767 1885 2957 1942 forma
2990 1886 3141 1943 emi-

1775 1965 1983 2016 nenter
2023 1961 2264 2018 moralis
2302 1963 2552 2034 expellat
2593 1963 2682 2019 sui
2724 1965 3133 2036 privationem,

1774 2043 1893 2118 tam
1923 2039 2238 2114 physicam,
2269 2057 2442 2114 quam
2471 2044 2772 2099 moralem.
2806 2046 3136 2103 Praesertim

1772 2118 1909 2191 quia
1938 2119 2084 2176 illud
2124 2122 2364 2188 morale,
2412 2124 2476 2178 in
2502 2139 2614 2195 quo
2652 2125 2898 2181 essentia
2927 2126 3136 2197 peccati

1772 2199 2049 2266 consistit,
2083 2203 2280 2276 nequit
2326 2203 2395 2260 ab
2437 2203 2674 2262 homine
2696 2207 3041 2265 conservari
3070 2207 3134 2263 in

1774 2280 2076 2351 praesentia
2117 2282 2337 2356 gratias,
2384 2299 2512 2339 cum
2544 2283 2658 2340 haec
2685 2300 2755 2341 ex
2784 2292 2991 2342 natura
3030 2302 3135 2342 sua

1772 2365 2062 2431 peccatum
2083 2364 2350 2434 expellat,
2384 2368 2446 2418 ut
2472 2362 2786 2421 nobiliores
2812 2380 2883 2422 ex
2910 2365 3135 2422 Adver-

1769 2440 1941 2496 sariis
1963 2441 2246 2498 fatentur:
2274 2443 2425 2500 unde
2451 2443 2542 2501 vel
2567 2444 2746 2516 posita
2765 2445 2968 2519 gratia,
2994 2461 3133 2504 eva-

1770 2522 2279 2580 nescitnecessario
2294 2529 2603 2596 peccatum,
2621 2524 2771 2597 quod
2794 2525 3131 2594 asserimus;
3232 2595 3237 2598 .

1767 2604 1864 2660 vel
1913 2619 2031 2661 non
2074 2603 2509 2662 conservabitur
2556 2606 2627 2662 ab
2673 2606 2928 2675 homine,
2971 2608 3071 2665 sed
3097 2625 3132 2665 a

1768 2688 1912 2752 Deo;
1954 2693 2121 2762 atque
2166 2688 2293 2746 ideo
2341 2691 2488 2745 Deus
2533 2690 2647 2746 erit
2685 2706 2854 2747 causa
2896 2692 3127 2763 peccati,

1765 2765 1920 2839 quod
1945 2772 2030 2823 est
2059 2766 2393 2834 absurdum,
2419 2775 2476 2826 et
2502 2769 2879 2841 impossibile.
2915 2772 3136 2827 Potest-

1764 2862 1876 2920 que
1937 2847 2201 2905 doctrina
2262 2849 2385 2906 haec
2459 2849 2793 2908 confirmari
2868 2852 3137 2925 exemplo

1764 2927 2032 3001 proxime
2076 2929 2316 2987 adducto
2343 2931 2579 2987 unionis
2601 2932 2982 3006 hypostaticae,
3011 2949 3136 3006 quae

1765 3012 1852 3065 est
1878 3008 2203 3067 formaliter
2231 3012 2450 3085 aliquid
2480 3013 2811 3087 physicum,
2839 3019 2896 3069 et
2921 3013 3136 3072 nihilo-

1763 3092 1961 3147 minus
1990 3109 2118 3149 cum
2161 3100 2385 3166 peccato
2428 3111 2545 3152 non
2573 3095 2837 3162 cohaeret,
2863 3094 2961 3152 sed
2983 3096 3130 3152 illud

1762 3169 2297 3245 indispensabiliter
2317 3174 2591 3232 excludit.

1833 3252 1921 3306 Ad
1949 3254 2183 3311 tertiam
2208 3256 2329 3329 jam
2360 3262 2578 3312 constat
2616 3272 2685 3312 ex
2713 3257 2880 3313 dictis
2905 3257 3033 3313 dub.
3064 3260 3119 3325 2,
3163 3277 3317 3320 'tertia

1760 3328 1990 3393 a‘num.
2023 3338 2115 3404 92,
2162 3342 2451 3410 peccatum
2499 3341 2738 3407 actuale,
2781 3343 2835 3395 et
2875 3340 3123 3414 gratiam
3150 3326 3310 3369 ΜΒΝ·

1760 3416 1974 3487 opponi
2004 3417 2292 3489 privative
2320 3418 2568 3474 mediate
2592 3443 2607 3485 ;
2638 3435 2774 3476 nam
2807 3424 2961 3476 actus
2989 3438 3121 3493 pec-

1757 3496 1868 3551 cati
1894 3496 2073 3553 infert
2093 3492 2578 3572 inimpedibiliter
2594 3500 2977 3571 privationem
2998 3519 3126 3576 gra·

1757 3577 1872 3644 tiae,
1920 3594 2044 3651 quae
2083 3596 2215 3637 cum
2246 3581 2370 3653 ipsa
2395 3582 2579 3654 gratia
2622 3597 2740 3637 non
2762 3583 2916 3638 valet
2942 3582 3126 3642 adhuc

1758 3659 2042 3717 divinitus
2078 3661 2369 3735 conjungi.
2426 3660 2677 3718 Aliunde
2720 3662 2897 3718 etiam
2944 3680 3126 3737 oppo-

1758 3744 1985 3796 nuntur
2004 3740 2336 3798 virtualiter
2356 3739 2814 3810 contradictorie,
2836 3741 2906 3798 ob
2930 3744 3123 3814 plures

1757 3820 2201 3893 implicationes,
2233 3837 2359 3894 quae
2397 3837 2469 3878 ex
2495 3837 2697 3878 eorum
2723 3824 3123 3897 conjunctione

1757 3903 2063 3973 resultant,
2090 3910 2153 3960 ut
2182 3905 2453 3961 hactenus
2480 3902 3027 3961 demonstravimus
3051 3908 3122 3961 Et

1756 3981 1923 4049 false,
1950 4000 2012 4041 ac
2033 3985 2162 4041 sine
2188 3985 2566 4042 fundamento
2594 3985 2925 4052 assumitur,
2960 4001 3121 4059 posse

1756 4063 1953 4120 omnia
1980 4066 2286 4135 contraria,
2318 4067 2411 4124 vel
2439 4070 2697 4122 extrema
2728 4065 2970 4138 positive
3013 4082 3121 4138 op-

1756 4146 1936 4218 posita
1956 4146 2019 4203 in
2040 4147 2239 4205 eodem
2261 4148 2511 4222 subjecto
2531 4149 2799 4223 conjungi
2820 4172 2834 4215 3
2858 4148 3118 4221 alioquin

1755 4232 1941 4299 posset
1980 4229 2226 4286 materia
2269 4229 2482 4285 habere
2525 4228 2705 4283 simul
2746 4230 2998 4285 formam
3025 4228 3118 4284 vi-

1753 4315 2004 4379 ventem,
2037 4314 2094 4368 et
2133 4310 2380 4368 formam
2408 4309 2839 4377 cadaverinam
2880 4316 2937 4367 et
2962 4308 3117 4366 idem
3212 4352 3221 4361 ,

1753 4388 1969 4446 mobile
1997 4396 2180 4462 posset
2207 4391 2403 4457 simul,
2434 4398 2492 4447 et
2520 4406 2621 4462 per
2647 4405 2707 4446 se
2733 4390 2956 4447 moveri
2983 4405 3119 4446 sur-

1751 4486 1898 4538 sum,
1928 4477 1986 4527 et
2010 4471 2281 4530 deorsum
2302 4494 2315 4536 ;
2337 4478 2392 4529 et
2411 4472 2611 4529 eadem
2638 4471 2969 4528 humanitas
2997 4488 3120 4546 pos·

1751 4556 1836 4608 set
1856 4551 2034 4607 simul
2061 4568 2184 4609 esse
2211 4558 2502 4625 assumpta
2530 4549 2601 4608 ad
2631 4567 2933 4624 personam
2961 4551 3119 4610 divi·

1752 4647 1910 4697 nam,
1934 4637 1991 4688 et
2018 4648 2386 4704 perseverare
2424 4633 2489 4688 in
2519 4637 2742 4705 peccato
2764 4633 2992 4699 actuali,
3023 4634 3117 4690 vel

1752 4710 2033 4768 habituali
2057 4731 2070 4776 ;
2092 4728 2218 4785 quae
2238 4717 2433 4769 tamen
2453 4726 2576 4769 esse
2604 4710 3035 4780 absurdissima,
3060 4718 3119 4770 et

1751 4791 2159 4865 impossibilia,
2201 4799 2440 4851 'censent
2464 4793 2853 4850 communiter
2890 4791 3117 4850 Adver-

1749 4871 1910 4928 sarii.
1956 4872 2112 4929 Sicut
2149 4889 2286 4948 ergo
2325 4873 2511 4930 forma
2549 4871 2883 4948 objectionis
2930 4873 2993 4928 in
3025 4872 3120 4929 his

1748 4953 2032 5026 exemplis
2071 4954 2223 5011 nihil
2262 4953 2571 5024 concludit,
2603 4954 2683 5011 ita
2711 4952 2863 5010 nihil
2911 4952 3115 5026 probat

1750 5036 1816 5092 in
1845 5035 2113 5109 praesenti
2140 5036 2406 5095 materia.
