<?xml version="1.0" encoding="UTF-8"?>
<!DOCTYPE html PUBLIC "-//W3C//DTD XHTML 1.0 Transitional//EN"
    "http://www.w3.org/TR/xhtml1/DTD/xhtml1-transitional.dtd">
<html xmlns="http://www.w3.org/1999/xhtml" xml:lang="en" lang="en">
 <head>
  <title>
</title>
<meta http-equiv="Content-Type" content="text/html;charset=utf-8" />
  <meta name='ocr-system' content='tesseract 3.04.00' />
  <meta name='ocr-capabilities' content='ocr_page ocr_carea ocr_par ocr_line ocrx_word'/>
</head>
<body>
  <div class='ocr_page' id='page_1' title='image "./collegiisalmant00carmgoog_0157.png"; bbox 0 0 3647 5753; ppageno 0'>
   <div class='ocr_carea' id='block_1_1' title="bbox 1226 346 3038 413">
    <p class='ocr_par' dir='ltr' id='par_1_1' title="bbox 1226 346 3038 413">
     <span class='ocr_line' id='line_1_1' title="bbox 1226 346 3038 413; baseline -0.002 -10"><span class='ocrx_word' id='word_1_1' title='bbox 1226 347 1400 403; x_wconf 77' lang='lat' dir='ltr'><strong>DISP.</strong></span> <span class='ocrx_word' id='word_1_2' title='bbox 1448 347 1565 413; x_wconf 84' lang='lat' dir='ltr'>vn,</span> <span class='ocrx_word' id='word_1_3' title='bbox 1612 348 1777 400; x_wconf 89' lang='lat' dir='ltr'><strong>DUB.</strong></span> <span class='ocrx_word' id='word_1_4' title='bbox 1823 347 1915 403; x_wconf 82' lang='lat' dir='ltr'>lv.</span> <span class='ocrx_word' id='word_1_5' title='bbox 2934 346 3038 400; x_wconf 74' lang='lat'>135</span> 
     </span>
    </p>
   </div>
   <div class='ocr_carea' id='block_1_2' title="bbox 165 520 1552 1797">
    <p class='ocr_par' dir='ltr' id='par_1_2' title="bbox 165 520 1552 1797">
     <span class='ocr_line' id='line_1_2' title="bbox 165 520 1541 587; baseline 0.001 -14"><span class='ocrx_word' id='word_1_6' title='bbox 165 536 481 575; x_wconf 70' lang='lat' dir='ltr'><strong><em>concursus</em></strong></span> <span class='ocrx_word' id='word_1_7' title='bbox 521 520 642 584; x_wconf 79' lang='lat' dir='ltr'>Dei,</span> <span class='ocrx_word' id='word_1_8' title='bbox 680 521 800 576; x_wconf 70' lang='lat' dir='ltr'>licet</span> <span class='ocrx_word' id='word_1_9' title='bbox 826 523 1130 587; x_wconf 80' lang='lat' dir='ltr'>comitetur,</span> <span class='ocrx_word' id='word_1_10' title='bbox 1156 521 1216 575; x_wconf 80' lang='lat' dir='ltr'>ut</span> <span class='ocrx_word' id='word_1_11' title='bbox 1237 521 1416 584; x_wconf 80' lang='lat' dir='ltr'>aiunt,</span> <span class='ocrx_word' id='word_1_12' title='bbox 1441 535 1541 574; x_wconf 87' lang='lat' dir='ltr'>ac·</span> 
     </span>
     <span class='ocr_line' id='line_1_3' title="bbox 173 600 1542 676; baseline 0.001 -25"><span class='ocrx_word' id='word_1_13' title='bbox 173 601 381 653; x_wconf 68' lang='lat' dir='ltr'>sionem</span> <span class='ocrx_word' id='word_1_14' title='bbox 414 618 435 664; x_wconf 88' lang='lat'>,·</span> <span class='ocrx_word' id='word_1_15' title='bbox 464 603 539 654; x_wconf 79' lang='lat' dir='ltr'>sit</span> <span class='ocrx_word' id='word_1_16' title='bbox 570 602 932 657; x_wconf 70' lang='lat' dir='ltr'>nihilominus</span> <span class='ocrx_word' id='word_1_17' title='bbox 959 602 1152 674; x_wconf 76' lang='lat' dir='ltr'>cuique</span> <span class='ocrx_word' id='word_1_18' title='bbox 1176 618 1347 655; x_wconf 64' lang='lat' dir='ltr'>cauam</span> <span class='ocrx_word' id='word_1_19' title='bbox 1365 600 1542 676; x_wconf 82' lang='lat' dir='ltr'>requi·</span> 
     </span>
     <span class='ocr_line' id='line_1_4' title="bbox 176 680 1542 752; baseline 0.001 -21"><span class='ocrx_word' id='word_1_20' title='bbox 176 680 320 733; x_wconf 74' lang='lat' dir='ltr'>situs·</span> <span class='ocrx_word' id='word_1_21' title='bbox 339 681 418 734; x_wconf 80' lang='lat' dir='ltr'>ad</span> <span class='ocrx_word' id='word_1_22' title='bbox 436 680 725 750; x_wconf 52' lang='lat' dir='ltr'>oflendunt,</span> <span class='ocrx_word' id='word_1_23' title='bbox 766 683 874 735; x_wconf 84' lang='lat' dir='ltr'>imo</span> <span class='ocrx_word' id='word_1_24' title='bbox 902 697 1025 735; x_wconf 84' lang='lat' dir='ltr'>vero</span> <span class='ocrx_word' id='word_1_25' title='bbox 1044 688 1093 735; x_wconf 82' lang='lat' dir='ltr'>et</span> <span class='ocrx_word' id='word_1_26' title='bbox 1115 687 1318 735; x_wconf 81' lang='lat' dir='ltr'>natura</span> <span class='ocrx_word' id='word_1_27' title='bbox 1342 695 1542 752; x_wconf 70' lang='lat' dir='ltr'>praere-</span> 
     </span>
     <span class='ocr_line' id='line_1_5' title="bbox 167 759 1541 836; baseline 0 -23"><span class='ocrx_word' id='word_1_28' title='bbox 167 761 423 836; x_wconf 75' lang='lat' dir='ltr'>quisilus</span> <span class='ocrx_word' id='word_1_29' title='bbox 449 778 468 812; x_wconf 92' lang='lat'>.·</span> <span class='ocrx_word' id='word_1_30' title='bbox 487 761 746 836; x_wconf 80' lang='lat' dir='ltr'>quoniam</span> <span class='ocrx_word' id='word_1_31' title='bbox 768 777 877 815; x_wconf 78' lang='lat' dir='ltr'>non</span> <span class='ocrx_word' id='word_1_32' title='bbox 901 760 1078 815; x_wconf 79' lang='lat' dir='ltr'>solum</span> <span class='ocrx_word' id='word_1_33' title='bbox 1107 759 1252 816; x_wconf 79' lang='lat' dir='ltr'>Deus</span> <span class='ocrx_word' id='word_1_34' title='bbox 1277 768 1352 814; x_wconf 79' lang='lat' dir='ltr'>est</span> <span class='ocrx_word' id='word_1_35' title='bbox 1373 775 1541 825; x_wconf 65' lang='lat' dir='ltr'>causa</span> 
     </span>
     <span class='ocr_line' id='line_1_6' title="bbox 169 839 1545 913; baseline 0 -20"><span class='ocrx_word' id='word_1_36' title='bbox 169 840 402 910; x_wconf 70' lang='lat' dir='ltr'>effectus</span> <span class='ocrx_word' id='word_1_37' title='bbox 421 839 662 894; x_wconf 64' lang='lat' dir='ltr'>secundas</span> <span class='ocrx_word' id='word_1_38' title='bbox 680 857 873 904; x_wconf 70' lang='lat' dir='ltr'>causoe,</span> <span class='ocrx_word' id='word_1_39' title='bbox 899 858 1086 897; x_wconf 78' lang='lat' dir='ltr'>verum</span> <span class='ocrx_word' id='word_1_40' title='bbox 1109 843 1223 913; x_wconf 57' lang='lat' dir='ltr'>ipse</span> <span class='ocrx_word' id='word_1_41' title='bbox 1247 842 1412 895; x_wconf 81' lang='lat' dir='ltr'>etiam</span> <span class='ocrx_word' id='word_1_42' title='bbox 1434 857 1545 893; x_wconf 85' lang='lat' dir='ltr'>mo-</span> 
     </span>
     <span class='ocr_line' id='line_1_7' title="bbox 180 919 1545 994; baseline 0 -21"><span class='ocrx_word' id='word_1_43' title='bbox 180 927 265 974; x_wconf 82' lang='lat' dir='ltr'>vet</span> <span class='ocrx_word' id='word_1_44' title='bbox 290 937 416 973; x_wconf 83' lang='lat' dir='ltr'>eam</span> <span class='ocrx_word' id='word_1_45' title='bbox 438 921 515 973; x_wconf 82' lang='lat' dir='ltr'>ad</span> <span class='ocrx_word' id='word_1_46' title='bbox 534 920 818 990; x_wconf 66' lang='lat' dir='ltr'>(mendum.</span> <span class='ocrx_word' id='word_1_47' title='bbox 840 919 986 984; x_wconf 87' lang='lat' dir='ltr'>Quid</span> <span class='ocrx_word' id='word_1_48' title='bbox 1012 922 1337 994; x_wconf 86' lang='lat' dir='ltr'>expressius</span> <span class='ocrx_word' id='word_1_49' title='bbox 1366 924 1545 992; x_wconf 89' lang='lat' dir='ltr'>potest</span> 
     </span>
     <span class='ocr_line' id='line_1_8' title="bbox 171 998 1545 1074; baseline -0.001 -20"><span class='ocrx_word' id='word_1_50' title='bbox 171 998 503 1056; x_wconf 80' lang='lat' dir='ltr'>desiderari</span> <span class='ocrx_word' id='word_1_51' title='bbox 537 1016 640 1072; x_wconf 88' lang='lat' dir='ltr'>pro</span> <span class='ocrx_word' id='word_1_52' title='bbox 685 999 904 1057; x_wconf 83' lang='lat' dir='ltr'>auxilio</span> <span class='ocrx_word' id='word_1_53' title='bbox 934 1001 1168 1074; x_wconf 78' lang='lat' dir='ltr'>praeviO,</span> <span class='ocrx_word' id='word_1_54' title='bbox 1210 999 1358 1073; x_wconf 92' lang='lat' dir='ltr'>quod</span> <span class='ocrx_word' id='word_1_55' title='bbox 1381 999 1545 1056; x_wconf 86' lang='lat' dir='ltr'>toties</span> 
     </span>
     <span class='ocr_line' id='line_1_9' title="bbox 179 1080 1545 1155; baseline 0 -19"><span class='ocrx_word' id='word_1_56' title='bbox 179 1080 501 1137; x_wconf 84' lang='lat' dir='ltr'>excludunt</span> <span class='ocrx_word' id='word_1_57' title='bbox 541 1080 872 1138; x_wconf 82' lang='lat' dir='ltr'>Adversarii</span> <span class='ocrx_word' id='word_1_58' title='bbox 922 1087 981 1137; x_wconf 91' lang='lat' dir='ltr'>ut</span> <span class='ocrx_word' id='word_1_59' title='bbox 1022 1082 1271 1155; x_wconf 88' lang='lat' dir='ltr'>propriis</span> <span class='ocrx_word' id='word_1_60' title='bbox 1295 1081 1545 1138; x_wconf 76' lang='lat' dir='ltr'><strong>scientiae</strong></span> 
     </span>
     <span class='ocr_line' id='line_1_10' title="bbox 189 1159 1545 1235; baseline 0 -19"><span class='ocrx_word' id='word_1_61' title='bbox 189 1159 394 1216; x_wconf 77' lang='lat' dir='ltr'>mediae</span> <span class='ocrx_word' id='word_1_62' title='bbox 443 1160 746 1235; x_wconf 78' lang='lat' dir='ltr'>principiis</span> <span class='ocrx_word' id='word_1_63' title='bbox 793 1177 1025 1233; x_wconf 88' lang='lat' dir='ltr'>prorsus</span> <span class='ocrx_word' id='word_1_64' title='bbox 1064 1167 1424 1225; x_wconf 82' lang='lat' dir='ltr'>extraneum,</span> <span class='ocrx_word' id='word_1_65' title='bbox 1490 1167 1545 1219; x_wconf 90' lang='lat' dir='ltr'>et</span> 
     </span>
     <span class='ocr_line' id='line_1_11' title="bbox 181 1240 1548 1313; baseline -0.001 -16"><span class='ocrx_word' id='word_1_66' title='bbox 181 1240 526 1313; x_wconf 83' lang='lat' dir='ltr'>neutiquam</span> <span class='ocrx_word' id='word_1_67' title='bbox 551 1241 840 1297; x_wconf 80' lang='lat' dir='ltr'>cohaerens</span> <span class='ocrx_word' id='word_1_68' title='bbox 868 1243 895 1297; x_wconf 69' lang='grc' dir='ltr'>Ρ</span> <span class='ocrx_word' id='word_1_69' title='bbox 940 1240 1155 1297; x_wconf 82' lang='lat' dir='ltr'>Deinde</span> <span class='ocrx_word' id='word_1_70' title='bbox 1203 1242 1438 1313; x_wconf 90' lang='lat' dir='ltr'>loquens</span> <span class='ocrx_word' id='word_1_71' title='bbox 1477 1241 1548 1297; x_wconf 89' lang='lat' dir='ltr'>de</span> 
     </span>
     <span class='ocr_line' id='line_1_12' title="bbox 187 1318 1549 1394; baseline 0 -18"><span class='ocrx_word' id='word_1_72' title='bbox 187 1320 404 1376; x_wconf 86' lang='lat' dir='ltr'>nostris</span> <span class='ocrx_word' id='word_1_73' title='bbox 434 1318 652 1376; x_wconf 89' lang='lat' dir='ltr'>actibus</span> <span class='ocrx_word' id='word_1_74' title='bbox 698 1319 915 1386; x_wconf 74' lang='lat' dir='ltr'>liberie,</span> <span class='ocrx_word' id='word_1_75' title='bbox 945 1319 1134 1375; x_wconf 82' lang='lat' dir='ltr'>subdit</span> <span class='ocrx_word' id='word_1_76' title='bbox 1181 1343 1194 1377; x_wconf 73' lang='grc' dir='ltr'><strong>ε</strong></span> <span class='ocrx_word' id='word_1_77' title='bbox 1238 1320 1367 1377; x_wconf 82' lang='grc' dir='ltr'>Νοη</span> <span class='ocrx_word' id='word_1_78' title='bbox 1387 1324 1549 1394; x_wconf 78' lang='lat' dir='ltr'>prius</span> 
     </span>
     <span class='ocr_line' id='line_1_13' title="bbox 185 1401 1548 1480; baseline 0.002 -25"><span class='ocrx_word' id='word_1_79' title='bbox 185 1411 426 1476; x_wconf 70' lang='lat' dir='ltr'>tempore</span> <span class='ocrx_word' id='word_1_80' title='bbox 470 1421 508 1457; x_wconf 83' lang='lat' dir='ltr'>a</span> <span class='ocrx_word' id='word_1_81' title='bbox 538 1401 666 1469; x_wconf 87' lang='lat' dir='ltr'>Deo,</span> <span class='ocrx_word' id='word_1_82' title='bbox 698 1421 861 1480; x_wconf 81' lang='lat' dir='ltr'>quam</span> <span class='ocrx_word' id='word_1_83' title='bbox 903 1422 939 1458; x_wconf 87' lang='grc' dir='ltr'><em>α</em></span> <span class='ocrx_word' id='word_1_84' title='bbox 966 1403 1119 1459; x_wconf 81' lang='lat' dir='ltr'>nobis</span> <span class='ocrx_word' id='word_1_85' title='bbox 1138 1422 1158 1471; x_wconf 90' lang='lat'>,·</span> <span class='ocrx_word' id='word_1_86' title='bbox 1202 1403 1294 1459; x_wconf 83' lang='lat' dir='ltr'>sed</span> <span class='ocrx_word' id='word_1_87' title='bbox 1319 1404 1488 1459; x_wconf 78' lang='lat' dir='ltr'>simul</span> <span class='ocrx_word' id='word_1_88' title='bbox 1512 1422 1548 1458; x_wconf 87' lang='grc' dir='ltr'><em>α</em></span> 
     </span>
     <span class='ocr_line' id='line_1_14' title="bbox 197 1483 1550 1556; baseline 0 -17"><span class='ocrx_word' id='word_1_89' title='bbox 197 1483 324 1548; x_wconf 68' lang='lat' dir='ltr'>Deo,</span> <span class='ocrx_word' id='word_1_90' title='bbox 347 1491 397 1537; x_wconf 83' lang='lat' dir='ltr'>et</span> <span class='ocrx_word' id='word_1_91' title='bbox 419 1502 453 1538; x_wconf 83' lang='grc' dir='ltr'><em>α</em></span> <span class='ocrx_word' id='word_1_92' title='bbox 479 1483 633 1539; x_wconf 73' lang='lat' dir='ltr'>nobis</span> <span class='ocrx_word' id='word_1_93' title='bbox 668 1485 808 1555; x_wconf 79' lang='lat' dir='ltr'>fiunt</span> <span class='ocrx_word' id='word_1_94' title='bbox 835 1484 939 1550; x_wconf 83' lang='lat' dir='ltr'>,·ab</span> <span class='ocrx_word' id='word_1_95' title='bbox 966 1502 1024 1538; x_wconf 85' lang='lat' dir='ltr'>eo</span> <span class='ocrx_word' id='word_1_96' title='bbox 1058 1492 1240 1538; x_wconf 69' lang='lat' dir='ltr'>tarnem</span> <span class='ocrx_word' id='word_1_97' title='bbox 1263 1484 1421 1556; x_wconf 79' lang='lat' dir='ltr'>prius</span> <span class='ocrx_word' id='word_1_98' title='bbox 1441 1501 1550 1539; x_wconf 77' lang='lat' dir='ltr'>na·-</span> 
     </span>
     <span class='ocr_line' id='line_1_15' title="bbox 189 1563 1551 1631; baseline 0 -13"><span class='ocrx_word' id='word_1_99' title='bbox 189 1571 339 1619; x_wconf 73' lang='lat' dir='ltr'>Iura.</span> <span class='ocrx_word' id='word_1_100' title='bbox 373 1564 445 1618; x_wconf 85' lang='lat' dir='ltr'>Et</span> <span class='ocrx_word' id='word_1_101' title='bbox 471 1563 628 1620; x_wconf 76' lang='lat' dir='ltr'>infra</span> <span class='ocrx_word' id='word_1_102' title='bbox 660 1564 789 1621; x_wconf 84' lang='lat' dir='ltr'>:Jea</span> <span class='ocrx_word' id='word_1_103' title='bbox 811 1581 992 1620; x_wconf 80' lang='lat' dir='ltr'>omnes</span> <span class='ocrx_word' id='word_1_104' title='bbox 1018 1570 1364 1631; x_wconf 74' lang='lat' dir='ltr'>attestantur,</span> <span class='ocrx_word' id='word_1_105' title='bbox 1382 1566 1551 1619; x_wconf 73' lang='lat' dir='ltr'>Deum</span> 
     </span>
     <span class='ocr_line' id='line_1_16' title="bbox 189 1646 1552 1722; baseline 0.001 -22"><span class='ocrx_word' id='word_1_106' title='bbox 189 1663 304 1700; x_wconf 61' lang='lat' dir='ltr'>esse</span> <span class='ocrx_word' id='word_1_107' title='bbox 330 1663 562 1701; x_wconf 65' lang='lat' dir='ltr'>causam</span> <span class='ocrx_word' id='word_1_108' title='bbox 603 1648 985 1711; x_wconf 51' lang='lat' dir='ltr'>conversioni&amp;</span> <span class='ocrx_word' id='word_1_109' title='bbox 1022 1646 1322 1722; x_wconf 78' lang='lat' dir='ltr'>salutisque</span> <span class='ocrx_word' id='word_1_110' title='bbox 1361 1654 1552 1701; x_wconf 73' lang='lat' dir='ltr'>nostrae</span> 
     </span>
     <span class='ocr_line' id='line_1_17' title="bbox 183 1720 1551 1797; baseline -0.001 -17"><span class='ocrx_word' id='word_1_111' title='bbox 183 1725 563 1797; x_wconf 71' lang='lat' dir='ltr'>prmnovendo</span> <span class='ocrx_word' id='word_1_112' title='bbox 615 1743 712 1781; x_wconf 76' lang='lat' dir='ltr'>nos</span> <span class='ocrx_word' id='word_1_113' title='bbox 731 1744 751 1791; x_wconf 92' lang='lat'>,·</span> <span class='ocrx_word' id='word_1_114' title='bbox 798 1732 847 1781; x_wconf 85' lang='lat' dir='ltr'>et</span> <span class='ocrx_word' id='word_1_115' title='bbox 892 1733 1094 1792; x_wconf 82' lang='lat' dir='ltr'>tamen,</span> <span class='ocrx_word' id='word_1_116' title='bbox 1147 1720 1260 1780; x_wconf 69' lang='lat' dir='ltr'>nisi</span> <span class='ocrx_word' id='word_1_117' title='bbox 1309 1742 1406 1781; x_wconf 79' lang='lat' dir='ltr'>nos</span> <span class='ocrx_word' id='word_1_118' title='bbox 1442 1743 1551 1780; x_wconf 84' lang='lat' dir='ltr'>an-</span> 
     </span>
    </p>
   </div>
   <div class='ocr_carea' id='block_1_3' title="bbox 185 1800 1578 1878">
    <p class='ocr_par' dir='ltr' id='par_1_3' title="bbox 185 1800 1578 1878">
     <span class='ocr_line' id='line_1_18' title="bbox 185 1800 1578 1878; baseline -0.001 -17"><span class='ocrx_word' id='word_1_119' title='bbox 185 1809 492 1861; x_wconf 34' lang='lat' dir='ltr'>ntoerimus,</span> <span class='ocrx_word' id='word_1_120' title='bbox 529 1807 666 1862; x_wconf 15' lang='lat' dir='ltr'>*siluit</span> <span class='ocrx_word' id='word_1_121' title='bbox 689 1809 795 1876; x_wconf 75' lang='lat' dir='ltr'>fiet.</span> <span class='ocrx_word' id='word_1_122' title='bbox 829 1808 950 1863; x_wconf 89' lang='lat' dir='ltr'>Imo</span> <span class='ocrx_word' id='word_1_123' title='bbox 979 1807 1213 1878; x_wconf 89' lang='lat' dir='ltr'>loquens</span> <span class='ocrx_word' id='word_1_124' title='bbox 1247 1805 1316 1862; x_wconf 88' lang='lat' dir='ltr'>de</span> <span class='ocrx_word' id='word_1_125' title='bbox 1336 1800 1578 1861; x_wconf 82' lang='lat' dir='ltr'>actibus</span> 
     </span>
    </p>
   </div>
   <div class='ocr_carea' id='block_1_4' title="bbox 98 1885 1561 3899">
    <p class='ocr_par' dir='ltr' id='par_1_4' title="bbox 98 1885 1561 3899">
     <span class='ocr_line' id='line_1_19' title="bbox 189 1885 1553 1959; baseline -0.001 -18"><span class='ocrx_word' id='word_1_126' title='bbox 189 1886 384 1951; x_wconf 55' lang='lat' dir='ltr'>malis</span> <span class='ocrx_word' id='word_1_127' title='bbox 420 1885 581 1942; x_wconf 79' lang='lat' dir='ltr'>addit</span> <span class='ocrx_word' id='word_1_128' title='bbox 612 1892 1023 1957; x_wconf 77' lang='lat' dir='ltr'>consequenter</span> <span class='ocrx_word' id='word_1_129' title='bbox 1063 1902 1183 1959; x_wconf 86' lang='lat' dir='ltr'>cap.</span> <span class='ocrx_word' id='word_1_130' title='bbox 1232 1887 1293 1942; x_wconf 89' lang='lat'>18</span> <span class='ocrx_word' id='word_1_131' title='bbox 1324 1907 1335 1943; x_wconf 91' lang='lat'>:</span> <span class='ocrx_word' id='word_1_132' title='bbox 1380 1885 1553 1944; x_wconf 79' lang='lat' dir='ltr'>Haud</span> 
     </span>
     <span class='ocr_line' id='line_1_20' title="bbox 186 1964 1552 2042; baseline -0.001 -22"><span class='ocrx_word' id='word_1_133' title='bbox 186 1966 441 2042; x_wconf 76' lang='lat' dir='ltr'>equidem</span> <span class='ocrx_word' id='word_1_134' title='bbox 485 1965 787 2038; x_wconf 75' lang='lat' dir='ltr'>diffitentur</span> <span class='ocrx_word' id='word_1_135' title='bbox 843 1964 1112 2035; x_wconf 73' lang='lat' dir='ltr'>Theoloqi,</span> <span class='ocrx_word' id='word_1_136' title='bbox 1157 1968 1404 2022; x_wconf 77' lang='lat' dir='ltr'>entitatis</span> <span class='ocrx_word' id='word_1_137' title='bbox 1449 1967 1552 2035; x_wconf 79' lang='lat' dir='ltr'>(ita</span> 
     </span>
     <span class='ocr_line' id='line_1_21' title="bbox 188 2047 1552 2122; baseline -0.002 -20"><span class='ocrx_word' id='word_1_138' title='bbox 188 2049 411 2114; x_wconf 79' lang='lat' dir='ltr'>vocant)</span> <span class='ocrx_word' id='word_1_139' title='bbox 433 2063 548 2122; x_wconf 67' lang='lat' dir='ltr'>quse</span> <span class='ocrx_word' id='word_1_140' title='bbox 572 2052 647 2099; x_wconf 69' lang='lat' dir='ltr'>esst</span> <span class='ocrx_word' id='word_1_141' title='bbox 669 2054 968 2118; x_wconf 79' lang='lat' dir='ltr'>peccatum,</span> <span class='ocrx_word' id='word_1_142' title='bbox 995 2047 1168 2103; x_wconf 77' lang='lat' dir='ltr'>Deum</span> <span class='ocrx_word' id='word_1_143' title='bbox 1193 2064 1301 2101; x_wconf 77' lang='lat' dir='ltr'>esse</span> <span class='ocrx_word' id='word_1_144' title='bbox 1326 2063 1552 2103; x_wconf 80' lang='lat' dir='ltr'>causam</span> 
     </span>
     <span class='ocr_line' id='line_1_22' title="bbox 186 2128 1547 2201; baseline -0.001 -20"><span class='ocrx_word' id='word_1_145' title='bbox 186 2144 248 2181; x_wconf 82' lang='lat' dir='ltr'>eo</span> <span class='ocrx_word' id='word_1_146' title='bbox 273 2128 574 2201; x_wconf 57' lang='lat' dir='ltr'>efficientis</span> <span class='ocrx_word' id='word_1_147' title='bbox 612 2143 815 2194; x_wconf 73' lang='lat' dir='ltr'>yenere,</span> <span class='ocrx_word' id='word_1_148' title='bbox 860 2145 963 2201; x_wconf 85' lang='lat' dir='ltr'>quo</span> <span class='ocrx_word' id='word_1_149' title='bbox 989 2136 1184 2183; x_wconf 82' lang='lat' dir='ltr'>cuncta</span> <span class='ocrx_word' id='word_1_150' title='bbox 1212 2128 1547 2191; x_wconf 81' lang='lat' dir='ltr'>animantia,</span> 
     </span>
     <span class='ocr_line' id='line_1_23' title="bbox 185 2207 1554 2264; baseline 0.001 -5"><span class='ocrx_word' id='word_1_151' title='bbox 185 2216 240 2261; x_wconf 75' lang='lat' dir='ltr'>et</span> <span class='ocrx_word' id='word_1_152' title='bbox 284 2208 665 2261; x_wconf 67' lang='lat' dir='ltr'>Inanimantla</span> <span class='ocrx_word' id='word_1_153' title='bbox 710 2207 785 2261; x_wconf 79' lang='lat' dir='ltr'>ad</span> <span class='ocrx_word' id='word_1_154' title='bbox 828 2224 960 2262; x_wconf 79' lang='lat' dir='ltr'>suas</span> <span class='ocrx_word' id='word_1_155' title='bbox 984 2209 1270 2264; x_wconf 74' lang='lat' dir='ltr'>naturales</span> <span class='ocrx_word' id='word_1_156' title='bbox 1314 2209 1554 2262; x_wconf 80' lang='lat' dir='ltr'>actiones</span> 
     </span>
     <span class='ocr_line' id='line_1_24' title="bbox 186 2288 1553 2360; baseline 0.001 -18"><span class='ocrx_word' id='word_1_157' title='bbox 186 2294 487 2360; x_wconf 77' lang='lat' dir='ltr'><strong><em>permovet.</em></strong></span> <span class='ocrx_word' id='word_1_158' title='bbox 518 2288 644 2342; x_wconf 65' lang='lat' dir='ltr'>Haec</span> <span class='ocrx_word' id='word_1_159' title='bbox 690 2293 879 2343; x_wconf 85' lang='lat' dir='ltr'>autem</span> <span class='ocrx_word' id='word_1_160' title='bbox 910 2288 1087 2344; x_wconf 88' lang='lat' dir='ltr'>motio</span> <span class='ocrx_word' id='word_1_161' title='bbox 1110 2304 1225 2345; x_wconf 90' lang='lat' dir='ltr'>non</span> <span class='ocrx_word' id='word_1_162' title='bbox 1251 2293 1335 2344; x_wconf 90' lang='lat' dir='ltr'>est</span> <span class='ocrx_word' id='word_1_163' title='bbox 1358 2303 1553 2344; x_wconf 88' lang='lat' dir='ltr'>mora-</span> 
     </span>
     <span class='ocr_line' id='line_1_25' title="bbox 192 2366 1075 2440; baseline -0.001 -17"><span class='ocrx_word' id='word_1_164' title='bbox 192 2369 285 2433; x_wconf 78' lang='lat' dir='ltr'>lis„</span> <span class='ocrx_word' id='word_1_165' title='bbox 313 2366 413 2424; x_wconf 87' lang='lat' dir='ltr'>sed</span> <span class='ocrx_word' id='word_1_166' title='bbox 438 2366 687 2440; x_wconf 86' lang='lat' dir='ltr'>physica,</span> <span class='ocrx_word' id='word_1_167' title='bbox 719 2372 774 2423; x_wconf 90' lang='lat' dir='ltr'>et</span> <span class='ocrx_word' id='word_1_168' title='bbox 798 2367 1075 2424; x_wconf 79' lang='lat' dir='ltr'>effectiva.</span> 
     </span>
     <span class='ocr_line' id='line_1_26' title="bbox 98 2446 1554 2525; baseline 0.001 -23"><span class='ocrx_word' id='word_1_169' title='bbox 98 2502 118 2525; x_wconf 39' lang='lat' dir='ltr'>L</span> <span class='ocrx_word' id='word_1_170' title='bbox 274 2447 385 2504; x_wconf 87' lang='lat' dir='ltr'>Ubi</span> <span class='ocrx_word' id='word_1_171' title='bbox 415 2446 677 2514; x_wconf 80' lang='lat' dir='ltr'>observa,</span> <span class='ocrx_word' id='word_1_172' title='bbox 732 2447 881 2521; x_wconf 89' lang='lat' dir='ltr'>quod</span> <span class='ocrx_word' id='word_1_173' title='bbox 922 2462 1050 2504; x_wconf 88' lang='lat' dir='ltr'>cum</span> <span class='ocrx_word' id='word_1_174' title='bbox 1075 2450 1241 2504; x_wconf 85' lang='lat' dir='ltr'>Sotus</span> <span class='ocrx_word' id='word_1_175' title='bbox 1267 2448 1392 2504; x_wconf 90' lang='lat' dir='ltr'>istis</span> <span class='ocrx_word' id='word_1_176' title='bbox 1419 2447 1554 2505; x_wconf 87' lang='lat' dir='ltr'>locis</span> 
     </span>
     <span class='ocr_line' id='line_1_27' title="bbox 195 2529 1554 2601; baseline 0.001 -17"><span class='ocrx_word' id='word_1_177' title='bbox 195 2536 348 2588; x_wconf 86' lang='lat' dir='ltr'>totus</span> <span class='ocrx_word' id='word_1_178' title='bbox 402 2530 479 2585; x_wconf 89' lang='lat' dir='ltr'>sit</span> <span class='ocrx_word' id='word_1_179' title='bbox 523 2530 587 2585; x_wconf 90' lang='lat' dir='ltr'>in</span> <span class='ocrx_word' id='word_1_180' title='bbox 655 2529 1047 2601; x_wconf 86' lang='lat' dir='ltr'>respondendo</span> <span class='ocrx_word' id='word_1_181' title='bbox 1094 2530 1554 2586; x_wconf 87' lang='lat' dir='ltr'>Lutheranorum</span> 
     </span>
     <span class='ocr_line' id='line_1_28' title="bbox 196 2608 1557 2684; baseline -0.001 -18"><span class='ocrx_word' id='word_1_182' title='bbox 196 2613 565 2684; x_wconf 87' lang='lat' dir='ltr'>argument0‚</span> <span class='ocrx_word' id='word_1_183' title='bbox 595 2625 707 2681; x_wconf 92' lang='lat' dir='ltr'>quo</span> <span class='ocrx_word' id='word_1_184' title='bbox 751 2625 820 2663; x_wconf 75' lang='lat' dir='ltr'>ex</span> <span class='ocrx_word' id='word_1_185' title='bbox 847 2608 1090 2665; x_wconf 85' lang='lat' dir='ltr'>efficacia</span> <span class='ocrx_word' id='word_1_186' title='bbox 1113 2609 1311 2682; x_wconf 73' lang='lat' dir='ltr'>gratiae</span> <span class='ocrx_word' id='word_1_187' title='bbox 1338 2608 1557 2665; x_wconf 84' lang='lat' dir='ltr'>infere-</span> 
     </span>
     <span class='ocr_line' id='line_1_29' title="bbox 194 2688 1554 2746; baseline -0.002 0"><span class='ocrx_word' id='word_1_188' title='bbox 194 2691 337 2746; x_wconf 86' lang='lat' dir='ltr'>bant</span> <span class='ocrx_word' id='word_1_189' title='bbox 386 2689 742 2745; x_wconf 74' lang='lat' dir='ltr'>voluntatem</span> <span class='ocrx_word' id='word_1_190' title='bbox 791 2695 1045 2746; x_wconf 87' lang='lat' dir='ltr'>nostram</span> <span class='ocrx_word' id='word_1_191' title='bbox 1093 2688 1164 2745; x_wconf 86' lang='lat' dir='ltr'>ad</span> <span class='ocrx_word' id='word_1_192' title='bbox 1213 2704 1554 2745; x_wconf 89' lang='lat' dir='ltr'>consensum</span> 
     </span>
     <span class='ocr_line' id='line_1_30' title="bbox 195 2764 1556 2844; baseline -0.002 -15"><span class='ocrx_word' id='word_1_193' title='bbox 195 2771 532 2828; x_wconf 87' lang='lat' dir='ltr'>necessitari</span> <span class='ocrx_word' id='word_1_194' title='bbox 566 2794 580 2837; x_wconf 86' lang='lat'>;</span> <span class='ocrx_word' id='word_1_195' title='bbox 612 2770 701 2826; x_wconf 87' lang='lat' dir='ltr'>cui</span> <span class='ocrx_word' id='word_1_196' title='bbox 743 2775 1103 2844; x_wconf 88' lang='lat' dir='ltr'>argumento,</span> <span class='ocrx_word' id='word_1_197' title='bbox 1137 2776 1197 2824; x_wconf 92' lang='lat' dir='ltr'>ut</span> <span class='ocrx_word' id='word_1_198' title='bbox 1222 2764 1556 2827; x_wconf 82' lang='lat' dir='ltr'>Adversarii</span> 
     </span>
     <span class='ocr_line' id='line_1_31' title="bbox 193 2850 1556 2926; baseline -0.001 -17"><span class='ocrx_word' id='word_1_199' title='bbox 193 2853 389 2926; x_wconf 88' lang='lat' dir='ltr'>palam</span> <span class='ocrx_word' id='word_1_200' title='bbox 418 2851 636 2917; x_wconf 87' lang='lat' dir='ltr'>dicunt,</span> <span class='ocrx_word' id='word_1_201' title='bbox 657 2851 819 2925; x_wconf 77' lang='lat' dir='ltr'>Juxta</span> <span class='ocrx_word' id='word_1_202' title='bbox 849 2851 1130 2925; x_wconf 89' lang='lat' dir='ltr'>principia</span> <span class='ocrx_word' id='word_1_203' title='bbox 1151 2850 1404 2908; x_wconf 80' lang='lat' dir='ltr'>scientiae</span> <span class='ocrx_word' id='word_1_204' title='bbox 1430 2867 1556 2908; x_wconf 90' lang='lat' dir='ltr'>me-</span> 
     </span>
     <span class='ocr_line' id='line_1_32' title="bbox 187 2931 1558 3005; baseline 0 -17"><span class='ocrx_word' id='word_1_205' title='bbox 187 2934 302 2990; x_wconf 83' lang='lat' dir='ltr'>diae</span> <span class='ocrx_word' id='word_1_206' title='bbox 333 2931 575 3005; x_wconf 87' lang='lat' dir='ltr'>liquido,</span> <span class='ocrx_word' id='word_1_207' title='bbox 629 2931 746 2988; x_wconf 89' lang='lat' dir='ltr'>imo</span> <span class='ocrx_word' id='word_1_208' title='bbox 789 2932 1086 2988; x_wconf 80' lang='lat' dir='ltr'>evidenter</span> <span class='ocrx_word' id='word_1_209' title='bbox 1111 2931 1354 2988; x_wconf 87' lang='lat' dir='ltr'>satisfit:</span> <span class='ocrx_word' id='word_1_210' title='bbox 1394 2935 1558 2989; x_wconf 88' lang='lat' dir='ltr'>Sotus</span> 
     </span>
     <span class='ocr_line' id='line_1_33' title="bbox 197 3010 1558 3085; baseline 0 -17"><span class='ocrx_word' id='word_1_211' title='bbox 197 3022 394 3071; x_wconf 85' lang='lat' dir='ltr'>tamen</span> <span class='ocrx_word' id='word_1_212' title='bbox 444 3029 548 3070; x_wconf 85' lang='lat' dir='ltr'>nec</span> <span class='ocrx_word' id='word_1_213' title='bbox 592 3010 767 3069; x_wconf 81' lang='lat' dir='ltr'>verbo</span> <span class='ocrx_word' id='word_1_214' title='bbox 812 3018 978 3068; x_wconf 89' lang='lat' dir='ltr'>tenus</span> <span class='ocrx_word' id='word_1_215' title='bbox 1024 3011 1093 3068; x_wconf 92' lang='lat' dir='ltr'>ad</span> <span class='ocrx_word' id='word_1_216' title='bbox 1140 3014 1365 3085; x_wconf 84' lang='lat' dir='ltr'>asylum</span> <span class='ocrx_word' id='word_1_217' title='bbox 1390 3012 1558 3085; x_wconf 81' lang='lat' dir='ltr'>hujus</span> 
     </span>
     <span class='ocr_line' id='line_1_34' title="bbox 189 3091 1559 3168; baseline -0.002 -16"><span class='ocrx_word' id='word_1_218' title='bbox 189 3096 458 3153; x_wconf 63' lang='lat' dir='ltr'>sezentiae</span> <span class='ocrx_word' id='word_1_219' title='bbox 504 3093 774 3166; x_wconf 80' lang='lat' dir='ltr'>confugit,</span> <span class='ocrx_word' id='word_1_220' title='bbox 836 3093 932 3150; x_wconf 90' lang='lat' dir='ltr'>sed</span> <span class='ocrx_word' id='word_1_221' title='bbox 988 3091 1131 3149; x_wconf 93' lang='lat' dir='ltr'>illud</span> <span class='ocrx_word' id='word_1_222' title='bbox 1170 3092 1342 3149; x_wconf 90' lang='lat' dir='ltr'>diluit</span> <span class='ocrx_word' id='word_1_223' title='bbox 1393 3095 1559 3168; x_wconf 80' lang='lat' dir='ltr'>juxta</span> 
     </span>
     <span class='ocr_line' id='line_1_35' title="bbox 196 3173 1559 3251; baseline -0.001 -17"><span class='ocrx_word' id='word_1_224' title='bbox 196 3177 490 3251; x_wconf 87' lang='lat' dir='ltr'>principia</span> <span class='ocrx_word' id='word_1_225' title='bbox 547 3176 878 3232; x_wconf 88' lang='lat' dir='ltr'>communia</span> <span class='ocrx_word' id='word_1_226' title='bbox 928 3173 1395 3241; x_wconf 86' lang='lat' dir='ltr'>Thomistarum,</span> <span class='ocrx_word' id='word_1_227' title='bbox 1456 3192 1559 3249; x_wconf 87' lang='lat' dir='ltr'>per</span> 
     </span>
     <span class='ocr_line' id='line_1_36' title="bbox 190 3256 1552 3331; baseline -0.001 -15"><span class='ocrx_word' id='word_1_228' title='bbox 190 3260 630 3316; x_wconf 82' lang='lat' dir='ltr'>distinctionem</span> <span class='ocrx_word' id='word_1_229' title='bbox 669 3274 870 3314; x_wconf 88' lang='lat' dir='ltr'>sensus</span> <span class='ocrx_word' id='word_1_230' title='bbox 919 3256 1114 3323; x_wconf 87' lang='lat' dir='ltr'>divisi,</span> <span class='ocrx_word' id='word_1_231' title='bbox 1158 3264 1213 3315; x_wconf 87' lang='lat' dir='ltr'>et</span> <span class='ocrx_word' id='word_1_232' title='bbox 1233 3258 1552 3331; x_wconf 89' lang='lat' dir='ltr'>compositi.</span> 
     </span>
     <span class='ocr_line' id='line_1_37' title="bbox 199 3339 1560 3415; baseline -0.003 -18"><span class='ocrx_word' id='word_1_233' title='bbox 199 3340 365 3399; x_wconf 85' lang='lat' dir='ltr'>Unde</span> <span class='ocrx_word' id='word_1_234' title='bbox 395 3341 585 3415; x_wconf 89' lang='lat' dir='ltr'>inquit</span> <span class='ocrx_word' id='word_1_235' title='bbox 618 3361 631 3395; x_wconf 89' lang='lat'>:</span> <span class='ocrx_word' id='word_1_236' title='bbox 660 3363 687 3394; x_wconf 77' lang='grc' dir='ltr'><strong><em>α</em></strong></span> <span class='ocrx_word' id='word_1_237' title='bbox 710 3343 831 3405; x_wconf 92' lang='lat' dir='ltr'>Quo</span> <span class='ocrx_word' id='word_1_238' title='bbox 859 3345 1195 3413; x_wconf 87' lang='lat' dir='ltr'>argumento</span> <span class='ocrx_word' id='word_1_239' title='bbox 1219 3339 1560 3413; x_wconf 87' lang='lat' dir='ltr'>persuadent</span> 
     </span>
     <span class='ocr_line' id='line_1_38' title="bbox 201 3420 1559 3493; baseline 0.001 -19"><span class='ocrx_word' id='word_1_240' title='bbox 201 3445 229 3474; x_wconf 68' lang='lat' dir='ltr'>a</span> <span class='ocrx_word' id='word_1_241' title='bbox 271 3422 410 3488; x_wconf 89' lang='lat' dir='ltr'>sibi,</span> <span class='ocrx_word' id='word_1_242' title='bbox 443 3421 663 3493; x_wconf 88' lang='lat' dir='ltr'>quoties</span> <span class='ocrx_word' id='word_1_243' title='bbox 704 3436 808 3477; x_wconf 84' lang='lat' dir='ltr'>nos</span> <span class='ocrx_word' id='word_1_244' title='bbox 849 3421 995 3476; x_wconf 87' lang='lat' dir='ltr'>Deus</span> <span class='ocrx_word' id='word_1_245' title='bbox 1015 3425 1226 3487; x_wconf 83' lang='lat' dir='ltr'>movet,</span> <span class='ocrx_word' id='word_1_246' title='bbox 1252 3420 1559 3478; x_wconf 85' lang='lat' dir='ltr'>necessita-</span> 
     </span>
     <span class='ocr_line' id='line_1_39' title="bbox 201 3500 1560 3558; baseline 0.003 -4"><span class='ocrx_word' id='word_1_247' title='bbox 201 3525 230 3554; x_wconf 70' lang='lat'>«</span> <span class='ocrx_word' id='word_1_248' title='bbox 274 3507 395 3558; x_wconf 85' lang='lat' dir='ltr'>tem</span> <span class='ocrx_word' id='word_1_249' title='bbox 423 3500 589 3557; x_wconf 90' lang='lat' dir='ltr'>nobis</span> <span class='ocrx_word' id='word_1_250' title='bbox 617 3500 854 3557; x_wconf 80' lang='lat' dir='ltr'>inferre.</span> <span class='ocrx_word' id='word_1_251' title='bbox 888 3500 1077 3557; x_wconf 80' lang='lat' dir='ltr'>illatio</span> <span class='ocrx_word' id='word_1_252' title='bbox 1095 3506 1288 3557; x_wconf 88' lang='lat' dir='ltr'>tamen</span> <span class='ocrx_word' id='word_1_253' title='bbox 1303 3517 1403 3557; x_wconf 90' lang='lat' dir='ltr'>sua</span> <span class='ocrx_word' id='word_1_254' title='bbox 1435 3502 1560 3558; x_wconf 90' lang='lat' dir='ltr'>nul-</span> 
     </span>
     <span class='ocr_line' id='line_1_40' title="bbox 200 3578 1561 3654; baseline 0.001 -20"><span class='ocrx_word' id='word_1_255' title='bbox 200 3604 230 3634; x_wconf 74' lang='lat'><strong>«</strong></span> <span class='ocrx_word' id='word_1_256' title='bbox 273 3581 392 3636; x_wconf 90' lang='lat' dir='ltr'>lius</span> <span class='ocrx_word' id='word_1_257' title='bbox 433 3586 516 3636; x_wconf 91' lang='lat' dir='ltr'>est</span> <span class='ocrx_word' id='word_1_258' title='bbox 566 3581 797 3654; x_wconf 84' lang='lat' dir='ltr'>vigoris.</span> <span class='ocrx_word' id='word_1_259' title='bbox 855 3578 1013 3644; x_wconf 90' lang='lat' dir='ltr'>Quod</span> <span class='ocrx_word' id='word_1_260' title='bbox 1067 3580 1225 3635; x_wconf 89' lang='lat' dir='ltr'>enim</span> <span class='ocrx_word' id='word_1_261' title='bbox 1276 3596 1377 3637; x_wconf 87' lang='lat' dir='ltr'>nos</span> <span class='ocrx_word' id='word_1_262' title='bbox 1414 3582 1561 3637; x_wconf 90' lang='lat' dir='ltr'>Deus</span> 
     </span>
     <span class='ocr_line' id='line_1_41' title="bbox 207 3661 1560 3736; baseline 0.002 -20"><span class='ocrx_word' id='word_1_263' title='bbox 207 3687 234 3716; x_wconf 77' lang='grc' dir='ltr'>α</span> <span class='ocrx_word' id='word_1_264' title='bbox 280 3663 470 3719; x_wconf 85' lang='lat' dir='ltr'>libere</span> <span class='ocrx_word' id='word_1_265' title='bbox 497 3668 742 3728; x_wconf 80' lang='lat' dir='ltr'>moveat,</span> <span class='ocrx_word' id='word_1_266' title='bbox 795 3661 947 3717; x_wconf 90' lang='lat' dir='ltr'>nihil</span> <span class='ocrx_word' id='word_1_267' title='bbox 973 3667 1170 3718; x_wconf 91' lang='lat' dir='ltr'>contra</span> <span class='ocrx_word' id='word_1_268' title='bbox 1192 3664 1313 3736; x_wconf 89' lang='lat' dir='ltr'>ejus</span> <span class='ocrx_word' id='word_1_269' title='bbox 1338 3664 1560 3719; x_wconf 89' lang='lat' dir='ltr'>cuncti-</span> 
     </span>
     <span class='ocr_line' id='line_1_42' title="bbox 212 3742 1561 3818; baseline 0.002 -19"><span class='ocrx_word' id='word_1_270' title='bbox 212 3769 236 3799; x_wconf 72' lang='grc' dir='ltr'><strong>α</strong></span> <span class='ocrx_word' id='word_1_271' title='bbox 279 3745 619 3818; x_wconf 86' lang='lat' dir='ltr'>potentiam,</span> <span class='ocrx_word' id='word_1_272' title='bbox 639 3749 694 3799; x_wconf 91' lang='lat' dir='ltr'>et</span> <span class='ocrx_word' id='word_1_273' title='bbox 714 3742 1016 3799; x_wconf 83' lang='lat' dir='ltr'>efficaciam</span> <span class='ocrx_word' id='word_1_274' title='bbox 1042 3745 1561 3815; x_wconf 84' lang='lat' dir='ltr'>pugnat.Quinimo</span> 
     </span>
     <span class='ocr_line' id='line_1_43' title="bbox 209 3822 1561 3899; baseline 0.001 -20"><span class='ocrx_word' id='word_1_275' title='bbox 209 3850 235 3879; x_wconf 63' lang='grc' dir='ltr'>(ι</span> <span class='ocrx_word' id='word_1_276' title='bbox 276 3824 421 3882; x_wconf 91' lang='lat' dir='ltr'>inde</span> <span class='ocrx_word' id='word_1_277' title='bbox 460 3824 817 3897; x_wconf 85' lang='lat' dir='ltr'>amplissime</span> <span class='ocrx_word' id='word_1_278' title='bbox 853 3829 1003 3896; x_wconf 91' lang='lat' dir='ltr'>patet</span> <span class='ocrx_word' id='word_1_279' title='bbox 1025 3822 1260 3880; x_wconf 60' lang='lat' dir='ltr'>&gt;infinita</span> <span class='ocrx_word' id='word_1_280' title='bbox 1295 3826 1415 3899; x_wconf 87' lang='lat' dir='ltr'>ejus</span> <span class='ocrx_word' id='word_1_281' title='bbox 1437 3825 1561 3881; x_wconf 82' lang='lat' dir='ltr'>vir-</span> 
     </span>
    </p>
   </div>
   <div class='ocr_carea' id='block_1_5' title="bbox 209 3902 1586 3978">
    <p class='ocr_par' dir='ltr' id='par_1_5' title="bbox 209 3902 1586 3978">
     <span class='ocr_line' id='line_1_44' title="bbox 209 3902 1586 3978; baseline 0.001 -20"><span class='ocrx_word' id='word_1_282' title='bbox 209 3929 236 3958; x_wconf 75' lang='lat'><strong>«</strong></span> <span class='ocrx_word' id='word_1_283' title='bbox 279 3910 392 3970; x_wconf 89' lang='lat' dir='ltr'>tus,</span> <span class='ocrx_word' id='word_1_284' title='bbox 419 3911 476 3961; x_wconf 90' lang='lat' dir='ltr'>et</span> <span class='ocrx_word' id='word_1_285' title='bbox 499 3904 798 3978; x_wconf 83' lang='lat' dir='ltr'>sapientia,</span> <span class='ocrx_word' id='word_1_286' title='bbox 824 3902 972 3976; x_wconf 90' lang='lat' dir='ltr'>quod</span> <span class='ocrx_word' id='word_1_287' title='bbox 996 3903 1137 3959; x_wconf 87' lang='lat' dir='ltr'>alias</span> <span class='ocrx_word' id='word_1_288' title='bbox 1159 3920 1356 3961; x_wconf 87' lang='lat' dir='ltr'>causas</span> <span class='ocrx_word' id='word_1_289' title='bbox 1392 3905 1586 3961; x_wconf 44' lang='lat' dir='ltr'>insti-1</span> 
     </span>
    </p>
   </div>
   <div class='ocr_carea' id='block_1_6' title="bbox 211 3986 1571 5025">
    <p class='ocr_par' dir='ltr' id='par_1_6' title="bbox 211 3986 1570 4945">
     <span class='ocr_line' id='line_1_45' title="bbox 211 3986 1557 4056; baseline 0.002 -14"><span class='ocrx_word' id='word_1_290' title='bbox 211 4011 240 4042; x_wconf 77' lang='lat'><strong>«</strong></span> <span class='ocrx_word' id='word_1_291' title='bbox 281 3989 394 4045; x_wconf 83' lang='lat' dir='ltr'>tuit</span> <span class='ocrx_word' id='word_1_292' title='bbox 436 3987 780 4043; x_wconf 86' lang='lat' dir='ltr'>naturaliter</span> <span class='ocrx_word' id='word_1_293' title='bbox 827 4002 1078 4050; x_wconf 78' lang='lat' dir='ltr'>movere,</span> <span class='ocrx_word' id='word_1_294' title='bbox 1110 3992 1162 4042; x_wconf 86' lang='lat' dir='ltr'>et</span> <span class='ocrx_word' id='word_1_295' title='bbox 1187 3988 1330 4044; x_wconf 86' lang='lat' dir='ltr'>alias</span> <span class='ocrx_word' id='word_1_296' title='bbox 1359 3986 1557 4056; x_wconf 85' lang='lat' dir='ltr'>libere,</span> 
     </span>
     <span class='ocr_line' id='line_1_46' title="bbox 213 4065 1564 4140; baseline 0.002 -20"><span class='ocrx_word' id='word_1_297' title='bbox 213 4091 239 4120; x_wconf 58' lang='lat' dir='ltr'>a</span> <span class='ocrx_word' id='word_1_298' title='bbox 279 4073 340 4125; x_wconf 91' lang='lat' dir='ltr'>et</span> <span class='ocrx_word' id='word_1_299' title='bbox 391 4083 523 4123; x_wconf 90' lang='lat' dir='ltr'>cum</span> <span class='ocrx_word' id='word_1_300' title='bbox 551 4066 794 4140; x_wconf 87' lang='lat' dir='ltr'>singulis</span> <span class='ocrx_word' id='word_1_301' title='bbox 838 4065 1009 4122; x_wconf 90' lang='lat' dir='ltr'>modo</span> <span class='ocrx_word' id='word_1_302' title='bbox 1063 4067 1296 4139; x_wconf 87' lang='lat' dir='ltr'>proprio</span> <span class='ocrx_word' id='word_1_303' title='bbox 1323 4082 1564 4123; x_wconf 90' lang='lat' dir='ltr'>concur-</span> 
     </span>
     <span class='ocr_line' id='line_1_47' title="bbox 216 4145 1565 4224; baseline 0.001 -24"><span class='ocrx_word' id='word_1_304' title='bbox 216 4171 240 4200; x_wconf 68' lang='lat'>«</span> <span class='ocrx_word' id='word_1_305' title='bbox 284 4163 440 4205; x_wconf 88' lang='lat' dir='ltr'>rere.</span> <span class='ocrx_word' id='word_1_306' title='bbox 466 4167 490 4197; x_wconf 74' lang='lat' dir='ltr'><strong>n</strong></span> <span class='ocrx_word' id='word_1_307' title='bbox 520 4147 589 4201; x_wconf 85' lang='lat' dir='ltr'>Et</span> <span class='ocrx_word' id='word_1_308' title='bbox 615 4146 769 4202; x_wconf 86' lang='lat' dir='ltr'>infra</span> <span class='ocrx_word' id='word_1_309' title='bbox 800 4167 813 4202; x_wconf 76' lang='grc' dir='ltr'><strong><em>ε</em></strong></span> <span class='ocrx_word' id='word_1_310' title='bbox 849 4168 874 4197; x_wconf 75' lang='grc' dir='ltr'><strong>α</strong></span> <span class='ocrx_word' id='word_1_311' title='bbox 904 4147 1140 4212; x_wconf 82' lang='lat' dir='ltr'>SolutiO,</span> <span class='ocrx_word' id='word_1_312' title='bbox 1167 4148 1366 4224; x_wconf 73' lang='lat' dir='ltr'>inquit,</span> <span class='ocrx_word' id='word_1_313' title='bbox 1393 4145 1565 4202; x_wconf 90' lang='lat' dir='ltr'>dubi-</span> 
     </span>
     <span class='ocr_line' id='line_1_48' title="bbox 217 4224 1565 4299; baseline 0.001 -20"><span class='ocrx_word' id='word_1_314' title='bbox 217 4251 241 4279; x_wconf 68' lang='lat' dir='ltr'>a</span> <span class='ocrx_word' id='word_1_315' title='bbox 283 4228 521 4284; x_wconf 84' lang='lat' dir='ltr'>tationis</span> <span class='ocrx_word' id='word_1_316' title='bbox 589 4232 690 4291; x_wconf 66' lang='lat' dir='ltr'>est,</span> <span class='ocrx_word' id='word_1_317' title='bbox 740 4224 886 4298; x_wconf 92' lang='lat' dir='ltr'>quod</span> <span class='ocrx_word' id='word_1_318' title='bbox 938 4227 1042 4283; x_wconf 92' lang='lat' dir='ltr'>illo</span> <span class='ocrx_word' id='word_1_319' title='bbox 1105 4231 1238 4282; x_wconf 91' lang='lat' dir='ltr'>tunc</span> <span class='ocrx_word' id='word_1_320' title='bbox 1291 4227 1565 4299; x_wconf 79' lang='lat' dir='ltr'>temporis</span> 
     </span>
     <span class='ocr_line' id='line_1_49' title="bbox 217 4307 1560 4379; baseline -0.001 -16"><span class='ocrx_word' id='word_1_321' title='bbox 217 4333 242 4363; x_wconf 74' lang='lat' dir='ltr'>a</span> <span class='ocrx_word' id='word_1_322' title='bbox 282 4313 599 4372; x_wconf 83' lang='lat' dir='ltr'>momento,</span> <span class='ocrx_word' id='word_1_323' title='bbox 650 4323 760 4379; x_wconf 90' lang='lat' dir='ltr'>quo</span> <span class='ocrx_word' id='word_1_324' title='bbox 811 4309 957 4364; x_wconf 90' lang='lat' dir='ltr'>Deus</span> <span class='ocrx_word' id='word_1_325' title='bbox 998 4323 1219 4364; x_wconf 88' lang='lat' dir='ltr'>mecum</span> <span class='ocrx_word' id='word_1_326' title='bbox 1252 4307 1560 4374; x_wconf 83' lang='lat' dir='ltr'>concurrit,</span> 
     </span>
     <span class='ocr_line' id='line_1_50' title="bbox 217 4387 1565 4461; baseline 0.001 -21"><span class='ocrx_word' id='word_1_327' title='bbox 217 4413 244 4440; x_wconf 66' lang='grc' dir='ltr'>«ι</span> <span class='ocrx_word' id='word_1_328' title='bbox 283 4406 416 4445; x_wconf 80' lang='lat' dir='ltr'>sum</span> <span class='ocrx_word' id='word_1_329' title='bbox 440 4387 607 4452; x_wconf 88' lang='lat' dir='ltr'>liber,</span> <span class='ocrx_word' id='word_1_330' title='bbox 635 4393 695 4443; x_wconf 93' lang='lat' dir='ltr'>ut</span> <span class='ocrx_word' id='word_1_331' title='bbox 717 4393 847 4443; x_wconf 90' lang='lat' dir='ltr'>tunc</span> <span class='ocrx_word' id='word_1_332' title='bbox 868 4402 1034 4461; x_wconf 85' lang='lat' dir='ltr'>agere</span> <span class='ocrx_word' id='word_1_333' title='bbox 1055 4403 1314 4444; x_wconf 89' lang='lat' dir='ltr'>renuam.</span> <span class='ocrx_word' id='word_1_334' title='bbox 1339 4388 1565 4444; x_wconf 80' lang='lat' dir='ltr'>Etenim</span> 
     </span>
     <span class='ocr_line' id='line_1_51' title="bbox 215 4467 1564 4539; baseline 0.001 -17"><span class='ocrx_word' id='word_1_335' title='bbox 215 4492 244 4522; x_wconf 67' lang='lat' dir='ltr'>a</span> <span class='ocrx_word' id='word_1_336' title='bbox 283 4470 426 4525; x_wconf 88' lang='lat' dir='ltr'>dum</span> <span class='ocrx_word' id='word_1_337' title='bbox 456 4467 640 4524; x_wconf 84' lang='lat' dir='ltr'>libere</span> <span class='ocrx_word' id='word_1_338' title='bbox 661 4483 906 4534; x_wconf 79' lang='lat' dir='ltr'>moveor,</span> <span class='ocrx_word' id='word_1_339' title='bbox 940 4483 1165 4539; x_wconf 88' lang='lat' dir='ltr'>possum</span> <span class='ocrx_word' id='word_1_340' title='bbox 1196 4467 1257 4522; x_wconf 90' lang='lat' dir='ltr'>in</span> <span class='ocrx_word' id='word_1_341' title='bbox 1281 4483 1449 4524; x_wconf 86' lang='lat' dir='ltr'>sensu</span> <span class='ocrx_word' id='word_1_342' title='bbox 1474 4467 1564 4524; x_wconf 90' lang='lat' dir='ltr'>di-</span> 
     </span>
     <span class='ocr_line' id='line_1_52' title="bbox 216 4551 1567 4622; baseline 0 -18"><span class='ocrx_word' id='word_1_343' title='bbox 216 4575 242 4604; x_wconf 74' lang='lat'>«</span> <span class='ocrx_word' id='word_1_344' title='bbox 284 4551 415 4608; x_wconf 78' lang='lat' dir='ltr'>viso</span> <span class='ocrx_word' id='word_1_345' title='bbox 437 4565 557 4607; x_wconf 91' lang='lat' dir='ltr'>non</span> <span class='ocrx_word' id='word_1_346' title='bbox 584 4564 778 4622; x_wconf 75' lang='lat' dir='ltr'>agere3</span> <span class='ocrx_word' id='word_1_347' title='bbox 807 4555 860 4605; x_wconf 92' lang='lat' dir='ltr'>et</span> <span class='ocrx_word' id='word_1_348' title='bbox 890 4554 1025 4605; x_wconf 91' lang='lat' dir='ltr'>tunc</span> <span class='ocrx_word' id='word_1_349' title='bbox 1045 4551 1275 4621; x_wconf 88' lang='lat' dir='ltr'>(nempe</span> <span class='ocrx_word' id='word_1_350' title='bbox 1295 4565 1425 4604; x_wconf 90' lang='lat' dir='ltr'>cum</span> <span class='ocrx_word' id='word_1_351' title='bbox 1450 4565 1567 4606; x_wconf 91' lang='lat' dir='ltr'>non</span> 
     </span>
     <span class='ocr_line' id='line_1_53' title="bbox 218 4630 1565 4708; baseline 0.002 -24"><span class='ocrx_word' id='word_1_352' title='bbox 218 4657 244 4684; x_wconf 66' lang='grc' dir='ltr'>«ι</span> <span class='ocrx_word' id='word_1_353' title='bbox 283 4634 533 4708; x_wconf 77' lang='lat' dir='ltr'>egerim)</span> <span class='ocrx_word' id='word_1_354' title='bbox 570 4630 806 4686; x_wconf 83' lang='lat' dir='ltr'>cessabit</span> <span class='ocrx_word' id='word_1_355' title='bbox 844 4647 1148 4688; x_wconf 84' lang='lat' dir='ltr'>concursus</span> <span class='ocrx_word' id='word_1_356' title='bbox 1175 4631 1311 4697; x_wconf 86' lang='lat' dir='ltr'>Dei;</span> <span class='ocrx_word' id='word_1_357' title='bbox 1344 4631 1565 4687; x_wconf 86' lang='lat' dir='ltr'>tametsi</span> 
     </span>
     <span class='ocr_line' id='line_1_54' title="bbox 218 4711 1567 4782; baseline 0.001 -18"><span class='ocrx_word' id='word_1_358' title='bbox 218 4735 244 4764; x_wconf 72' lang='grc' dir='ltr'><strong>α</strong></span> <span class='ocrx_word' id='word_1_359' title='bbox 286 4714 350 4769; x_wconf 89' lang='lat' dir='ltr'>in</span> <span class='ocrx_word' id='word_1_360' title='bbox 390 4726 567 4768; x_wconf 88' lang='lat' dir='ltr'>sensu</span> <span class='ocrx_word' id='word_1_361' title='bbox 616 4711 919 4782; x_wconf 88' lang='lat' dir='ltr'>composito</span> <span class='ocrx_word' id='word_1_362' title='bbox 962 4716 1161 4767; x_wconf 88' lang='lat' dir='ltr'>contra</span> <span class='ocrx_word' id='word_1_363' title='bbox 1203 4727 1264 4766; x_wconf 91' lang='lat' dir='ltr'>se</span> <span class='ocrx_word' id='word_1_364' title='bbox 1318 4711 1567 4767; x_wconf 81' lang='lat' dir='ltr'>invicem</span> 
     </span>
     <span class='ocr_line' id='line_1_55' title="bbox 218 4790 1570 4867; baseline 0.001 -22"><span class='ocrx_word' id='word_1_365' title='bbox 218 4816 245 4845; x_wconf 69' lang='grc' dir='ltr'><strong>α</strong></span> <span class='ocrx_word' id='word_1_366' title='bbox 288 4795 572 4867; x_wconf 81' lang='lat' dir='ltr'>pugnent,</span> <span class='ocrx_word' id='word_1_367' title='bbox 624 4792 799 4845; x_wconf 89' lang='lat' dir='ltr'>Deum</span> <span class='ocrx_word' id='word_1_368' title='bbox 846 4805 1009 4864; x_wconf 87' lang='lat' dir='ltr'>agere</span> <span class='ocrx_word' id='word_1_369' title='bbox 1061 4806 1197 4864; x_wconf 88' lang='lat' dir='ltr'>erga</span> <span class='ocrx_word' id='word_1_370' title='bbox 1235 4807 1328 4847; x_wconf 89' lang='lat' dir='ltr'>me</span> <span class='ocrx_word' id='word_1_371' title='bbox 1350 4790 1570 4848; x_wconf 89' lang='lat' dir='ltr'>actione</span> 
     </span>
     <span class='ocr_line' id='line_1_56' title="bbox 219 4875 1376 4945; baseline -0.003 -18"><span class='ocrx_word' id='word_1_372' title='bbox 219 4897 246 4927; x_wconf 67' lang='lat' dir='ltr'>a</span> <span class='ocrx_word' id='word_1_373' title='bbox 287 4875 412 4938; x_wconf 87' lang='lat' dir='ltr'>illa,</span> <span class='ocrx_word' id='word_1_374' title='bbox 446 4878 505 4929; x_wconf 91' lang='lat' dir='ltr'>et</span> <span class='ocrx_word' id='word_1_375' title='bbox 528 4886 624 4926; x_wconf 88' lang='lat' dir='ltr'>me</span> <span class='ocrx_word' id='word_1_376' title='bbox 659 4886 774 4926; x_wconf 91' lang='lat' dir='ltr'>non</span> <span class='ocrx_word' id='word_1_377' title='bbox 795 4887 973 4945; x_wconf 85' lang='lat' dir='ltr'>agere.</span> <span class='ocrx_word' id='word_1_378' title='bbox 1019 4893 1046 4924; x_wconf 71' lang='lat' dir='ltr'><strong>n</strong></span> <span class='ocrx_word' id='word_1_379' title='bbox 1371 4899 1376 4905; x_wconf 90' lang='lat'><strong>·</strong></span> 
     </span>
    </p>

    <p class='ocr_par' dir='ltr' id='par_1_7' title="bbox 287 4950 1571 5025">
     <span class='ocr_line' id='line_1_57' title="bbox 287 4950 1571 5025; baseline -0.002 -15"><span class='ocrx_word' id='word_1_380' title='bbox 287 4955 374 5010; x_wconf 84' lang='lat' dir='ltr'>Ex</span> <span class='ocrx_word' id='word_1_381' title='bbox 399 4950 617 5025; x_wconf 89' lang='lat' dir='ltr'>quibus</span> <span class='ocrx_word' id='word_1_382' title='bbox 666 4950 839 5022; x_wconf 89' lang='lat' dir='ltr'>liquet</span> <span class='ocrx_word' id='word_1_383' title='bbox 858 4954 1048 5024; x_wconf 73' lang='lat' dir='ltr'>primo,</span> <span class='ocrx_word' id='word_1_384' title='bbox 1079 4953 1274 5009; x_wconf 91' lang='lat' dir='ltr'>Sotum</span> <span class='ocrx_word' id='word_1_385' title='bbox 1322 4968 1438 5008; x_wconf 89' lang='lat' dir='ltr'>non</span> <span class='ocrx_word' id='word_1_386' title='bbox 1466 4966 1571 5007; x_wconf 89' lang='lat' dir='ltr'>ne-</span> 
     </span>
    </p>
   </div>
   <div class='ocr_carea' id='block_1_7' title="bbox 1627 516 3038 592">
    <p class='ocr_par' dir='ltr' id='par_1_8' title="bbox 1627 516 3038 592">
     <span class='ocr_line' id='line_1_58' title="bbox 1627 516 3038 592; baseline 0.001 -19"><span class='ocrx_word' id='word_1_387' title='bbox 1627 516 1648 527; x_wconf 69' lang='grc'>““</span> <span class='ocrx_word' id='word_1_388' title='bbox 1670 532 1830 591; x_wconf 84' lang='lat' dir='ltr'>gasse</span> <span class='ocrx_word' id='word_1_389' title='bbox 1849 518 2095 592; x_wconf 82' lang='lat' dir='ltr'>gratiam</span> <span class='ocrx_word' id='word_1_390' title='bbox 2122 534 2191 574; x_wconf 86' lang='lat' dir='ltr'>ex</span> <span class='ocrx_word' id='word_1_391' title='bbox 2214 534 2274 574; x_wconf 87' lang='lat' dir='ltr'>se</span> <span class='ocrx_word' id='word_1_392' title='bbox 2299 517 2602 580; x_wconf 84' lang='lat' dir='ltr'>efficacem,</span> <span class='ocrx_word' id='word_1_393' title='bbox 2627 533 2800 590; x_wconf 88' lang='lat' dir='ltr'>quam</span> <span class='ocrx_word' id='word_1_394' title='bbox 2832 517 3038 574; x_wconf 86' lang='lat' dir='ltr'>Luthe·</span> 
     </span>
    </p>
   </div>
   <div class='ocr_carea' id='block_1_8' title="bbox 1675 598 3254 2370">
    <p class='ocr_par' dir='ltr' id='par_1_9' title="bbox 1675 598 3254 2370">
     <span class='ocr_line' id='line_1_59' title="bbox 1676 598 3035 673; baseline -0.001 -18"><span class='ocrx_word' id='word_1_395' title='bbox 1676 600 1803 656; x_wconf 87' lang='lat' dir='ltr'>rani</span> <span class='ocrx_word' id='word_1_396' title='bbox 1826 605 1887 655; x_wconf 91' lang='lat' dir='ltr'>ut</span> <span class='ocrx_word' id='word_1_397' title='bbox 1909 598 2350 656; x_wconf 84' lang='lat' dir='ltr'>fundamentum</span> <span class='ocrx_word' id='word_1_398' title='bbox 2372 617 2490 656; x_wconf 81' lang='lat' dir='ltr'>suae</span> <span class='ocrx_word' id='word_1_399' title='bbox 2517 598 3035 673; x_wconf 83' lang='lat' dir='ltr'>argumentationis</span> 
     </span>
     <span class='ocr_line' id='line_1_60' title="bbox 1676 676 3026 753; baseline -0.001 -18"><span class='ocrx_word' id='word_1_400' title='bbox 1676 678 2101 753; x_wconf 71' lang='lat' dir='ltr'>praeJaciebantz</span> <span class='ocrx_word' id='word_1_401' title='bbox 2143 676 2241 734; x_wconf 87' lang='lat' dir='ltr'>sed</span> <span class='ocrx_word' id='word_1_402' title='bbox 2267 694 2334 735; x_wconf 89' lang='lat' dir='ltr'>ea</span> <span class='ocrx_word' id='word_1_403' title='bbox 2362 679 2633 746; x_wconf 88' lang='lat' dir='ltr'>admissa,</span> <span class='ocrx_word' id='word_1_404' title='bbox 2663 685 2718 735; x_wconf 89' lang='lat' dir='ltr'>et</span> <span class='ocrx_word' id='word_1_405' title='bbox 2744 693 3026 735; x_wconf 90' lang='lat' dir='ltr'>concessa.</span> 
     </span>
     <span class='ocr_line' id='line_1_61' title="bbox 1675 759 3028 835; baseline -0.003 -18"><span class='ocrx_word' id='word_1_406' title='bbox 1675 761 1930 832; x_wconf 84' lang='lat' dir='ltr'>ineptam</span> <span class='ocrx_word' id='word_1_407' title='bbox 1974 776 2174 818; x_wconf 89' lang='lat' dir='ltr'>eorum</span> <span class='ocrx_word' id='word_1_408' title='bbox 2218 761 2724 835; x_wconf 84' lang='lat' dir='ltr'>consequutionem</span> <span class='ocrx_word' id='word_1_409' title='bbox 2772 759 3028 815; x_wconf 88' lang='lat' dir='ltr'>diluisse.</span> 
     </span>
     <span class='ocr_line' id='line_1_62' title="bbox 1676 831 3254 923; baseline 0 -28"><span class='ocrx_word' id='word_1_410' title='bbox 1676 842 1876 913; x_wconf 86' lang='lat' dir='ltr'>Liquet</span> <span class='ocrx_word' id='word_1_411' title='bbox 1917 842 2165 904; x_wconf 80' lang='lat' dir='ltr'>secundo,</span> <span class='ocrx_word' id='word_1_412' title='bbox 2197 839 2345 912; x_wconf 89' lang='lat' dir='ltr'>quod</span> <span class='ocrx_word' id='word_1_413' title='bbox 2391 857 2521 897; x_wconf 89' lang='lat' dir='ltr'>cum</span> <span class='ocrx_word' id='word_1_414' title='bbox 2569 842 2734 896; x_wconf 92' lang='lat' dir='ltr'>Sotus</span> <span class='ocrx_word' id='word_1_415' title='bbox 2779 839 3035 896; x_wconf 90' lang='lat' dir='ltr'>Concilio</span> <span class='ocrx_word' id='word_1_416' title='bbox 3051 831 3254 923; x_wconf 46' lang='grc' dir='ltr'>Ῐξξῑζιὲξιξ·</span> 
     </span>
     <span class='ocr_line' id='line_1_63' title="bbox 1675 918 3246 992; baseline -0.003 -16"><span class='ocrx_word' id='word_1_417' title='bbox 1675 921 2014 989; x_wconf 81' lang='lat' dir='ltr'>Tridentino</span> <span class='ocrx_word' id='word_1_418' title='bbox 2043 920 2391 987; x_wconf 80' lang='lat' dir='ltr'>interfuerit,</span> <span class='ocrx_word' id='word_1_419' title='bbox 2440 922 2501 975; x_wconf 91' lang='lat' dir='ltr'>in</span> <span class='ocrx_word' id='word_1_420' title='bbox 2528 937 2637 992; x_wconf 89' lang='lat' dir='ltr'>quo</span> <span class='ocrx_word' id='word_1_421' title='bbox 2664 918 2846 976; x_wconf 89' lang='lat' dir='ltr'>edidit</span> <span class='ocrx_word' id='word_1_422' title='bbox 2893 936 3034 992; x_wconf 88' lang='lat' dir='ltr'>opus</span> <span class='ocrx_word' id='word_1_423' title='bbox 3049 933 3131 973; x_wconf 76' lang='lat' dir='ltr'>tem</span> <span class='ocrx_word' id='word_1_424' title='bbox 3150 930 3246 987; x_wconf 64' lang='grc' dir='ltr'>Τῇ-</span> 
     </span>
     <span class='ocr_line' id='line_1_64' title="bbox 1677 978 3229 1074; baseline -0.001 -18"><span class='ocrx_word' id='word_1_425' title='bbox 1677 1000 1819 1057; x_wconf 93' lang='lat' dir='ltr'>illud</span> <span class='ocrx_word' id='word_1_426' title='bbox 1848 1000 1918 1057; x_wconf 90' lang='lat' dir='ltr'>de</span> <span class='ocrx_word' id='word_1_427' title='bbox 1942 1007 2164 1066; x_wconf 84' lang='lat' dir='ltr'>natura,</span> <span class='ocrx_word' id='word_1_428' title='bbox 2194 1005 2250 1056; x_wconf 91' lang='lat' dir='ltr'>et</span> <span class='ocrx_word' id='word_1_429' title='bbox 2274 1000 2479 1074; x_wconf 87' lang='lat' dir='ltr'>gratia,</span> <span class='ocrx_word' id='word_1_430' title='bbox 2530 998 2680 1072; x_wconf 90' lang='lat' dir='ltr'>quod</span> <span class='ocrx_word' id='word_1_431' title='bbox 2711 1016 2742 1055; x_wconf 89' lang='lat' dir='ltr'>a</span> <span class='ocrx_word' id='word_1_432' title='bbox 2789 978 3229 1056; x_wconf 68' lang='lat' dir='ltr'>Conciliid⁰¹¹¹¹¹¹¹·</span> 
     </span>
     <span class='ocr_line' id='line_1_65' title="bbox 1676 1079 3033 1155; baseline -0.003 -17"><span class='ocrx_word' id='word_1_433' title='bbox 1676 1082 1898 1155; x_wconf 89' lang='lat' dir='ltr'>Legatis</span> <span class='ocrx_word' id='word_1_434' title='bbox 1926 1081 2301 1153; x_wconf 86' lang='lat' dir='ltr'>approbatum</span> <span class='ocrx_word' id='word_1_435' title='bbox 2331 1080 2438 1136; x_wconf 82' lang='lat' dir='ltr'>fuit</span> <span class='ocrx_word' id='word_1_436' title='bbox 2455 1104 2468 1145; x_wconf 91' lang='lat'>;</span> <span class='ocrx_word' id='word_1_437' title='bbox 2497 1080 2637 1136; x_wconf 90' lang='lat' dir='ltr'>satis</span> <span class='ocrx_word' id='word_1_438' title='bbox 2660 1079 3033 1136; x_wconf 73' lang='lat' dir='ltr'>manifestum</span> 
     </span>
     <span class='ocr_line' id='line_1_66' title="bbox 1678 1161 3036 1228; baseline -0.002 -9"><span class='ocrx_word' id='word_1_439' title='bbox 1678 1163 1923 1228; x_wconf 83' lang='lat' dir='ltr'>videtur,</span> <span class='ocrx_word' id='word_1_440' title='bbox 1956 1164 2155 1219; x_wconf 87' lang='lat' dir='ltr'>Patres</span> <span class='ocrx_word' id='word_1_441' title='bbox 2178 1162 2331 1219; x_wconf 85' lang='lat' dir='ltr'>Sacri</span> <span class='ocrx_word' id='word_1_442' title='bbox 2362 1161 2604 1219; x_wconf 89' lang='lat' dir='ltr'>Concilii</span> <span class='ocrx_word' id='word_1_443' title='bbox 2646 1161 3036 1219; x_wconf 89' lang='lat' dir='ltr'>communiter</span> 
     </span>
     <span class='ocr_line' id='line_1_67' title="bbox 1677 1241 3037 1319; baseline -0.004 -16"><span class='ocrx_word' id='word_1_444' title='bbox 1677 1243 1919 1303; x_wconf 87' lang='lat' dir='ltr'>eandem</span> <span class='ocrx_word' id='word_1_445' title='bbox 1946 1245 2192 1319; x_wconf 80' lang='lat' dir='ltr'>gratiam</span> <span class='ocrx_word' id='word_1_446' title='bbox 2219 1259 2291 1301; x_wconf 85' lang='lat' dir='ltr'>ex</span> <span class='ocrx_word' id='word_1_447' title='bbox 2317 1260 2377 1300; x_wconf 89' lang='lat' dir='ltr'>se</span> <span class='ocrx_word' id='word_1_448' title='bbox 2404 1243 2683 1300; x_wconf 87' lang='lat' dir='ltr'>efficacem</span> <span class='ocrx_word' id='word_1_449' title='bbox 2713 1243 2802 1299; x_wconf 84' lang='lat' dir='ltr'>vel</span> <span class='ocrx_word' id='word_1_450' title='bbox 2831 1241 3037 1298; x_wconf 79' lang='lat' dir='ltr'>defen-</span> 
     </span>
     <span class='ocr_line' id='line_1_68' title="bbox 1680 1323 3036 1399; baseline -0.003 -17"><span class='ocrx_word' id='word_1_451' title='bbox 1680 1324 1846 1395; x_wconf 88' lang='lat' dir='ltr'>disse,</span> <span class='ocrx_word' id='word_1_452' title='bbox 1875 1329 1965 1383; x_wconf 86' lang='lat' dir='ltr'>vel</span> <span class='ocrx_word' id='word_1_453' title='bbox 1987 1326 2377 1399; x_wconf 85' lang='lat' dir='ltr'>supposuisse;</span> <span class='ocrx_word' id='word_1_454' title='bbox 2398 1324 2737 1381; x_wconf 89' lang='lat' dir='ltr'>incredibile</span> <span class='ocrx_word' id='word_1_455' title='bbox 2758 1323 2918 1380; x_wconf 89' lang='lat' dir='ltr'>enim</span> <span class='ocrx_word' id='word_1_456' title='bbox 2935 1330 3036 1387; x_wconf 85' lang='lat' dir='ltr'>est,</span> 
     </span>
     <span class='ocr_line' id='line_1_69' title="bbox 1682 1403 3043 1478; baseline -0.003 -14"><span class='ocrx_word' id='word_1_457' title='bbox 1682 1408 1874 1464; x_wconf 86' lang='lat' dir='ltr'>virum</span> <span class='ocrx_word' id='word_1_458' title='bbox 1914 1406 2161 1472; x_wconf 88' lang='lat' dir='ltr'>doctum,</span> <span class='ocrx_word' id='word_1_459' title='bbox 2194 1410 2249 1462; x_wconf 93' lang='lat' dir='ltr'>et</span> <span class='ocrx_word' id='word_1_460' title='bbox 2288 1403 2428 1461; x_wconf 87' lang='lat' dir='ltr'>adeo</span> <span class='ocrx_word' id='word_1_461' title='bbox 2457 1405 2615 1478; x_wconf 90' lang='lat' dir='ltr'>pium</span> <span class='ocrx_word' id='word_1_462' title='bbox 2666 1405 2836 1461; x_wconf 87' lang='lat' dir='ltr'>aliter</span> <span class='ocrx_word' id='word_1_463' title='bbox 2864 1420 3043 1478; x_wconf 88' lang='lat' dir='ltr'>argu-</span> 
     </span>
     <span class='ocr_line' id='line_1_70' title="bbox 1683 1485 3036 1559; baseline -0.004 -13"><span class='ocrx_word' id='word_1_464' title='bbox 1683 1489 1892 1546; x_wconf 86' lang='lat' dir='ltr'>mentis</span> <span class='ocrx_word' id='word_1_465' title='bbox 1913 1488 2313 1545; x_wconf 80' lang='lat' dir='ltr'>haereticorum</span> <span class='ocrx_word' id='word_1_466' title='bbox 2333 1486 2690 1558; x_wconf 88' lang='lat' dir='ltr'>respondisse</span> <span class='ocrx_word' id='word_1_467' title='bbox 2711 1486 2772 1541; x_wconf 92' lang='lat' dir='ltr'>in</span> <span class='ocrx_word' id='word_1_468' title='bbox 2788 1486 2897 1542; x_wconf 89' lang='lat' dir='ltr'>scri</span> <span class='ocrx_word' id='word_1_469' title='bbox 2905 1485 3036 1559; x_wconf 91' lang='lat' dir='ltr'>ptis,</span> 
     </span>
     <span class='ocr_line' id='line_1_71' title="bbox 1681 1564 3038 1644; baseline -0.003 -20"><span class='ocrx_word' id='word_1_470' title='bbox 1681 1586 1853 1644; x_wconf 90' lang='lat' dir='ltr'>quam</span> <span class='ocrx_word' id='word_1_471' title='bbox 1881 1567 2090 1624; x_wconf 89' lang='lat' dir='ltr'>sciebat</span> <span class='ocrx_word' id='word_1_472' title='bbox 2118 1566 2334 1623; x_wconf 82' lang='lat' dir='ltr'>sentire</span> <span class='ocrx_word' id='word_1_473' title='bbox 2364 1568 2579 1631; x_wconf 78' lang='lat' dir='ltr'>PatreS,</span> <span class='ocrx_word' id='word_1_474' title='bbox 2611 1564 2819 1637; x_wconf 89' lang='lat' dir='ltr'>quibus</span> <span class='ocrx_word' id='word_1_475' title='bbox 2843 1581 3038 1622; x_wconf 88' lang='lat' dir='ltr'>coram</span> 
     </span>
     <span class='ocr_line' id='line_1_72' title="bbox 1683 1646 3038 1725; baseline -0.004 -17"><span class='ocrx_word' id='word_1_476' title='bbox 1683 1668 1822 1725; x_wconf 91' lang='lat' dir='ltr'>opus</span> <span class='ocrx_word' id='word_1_477' title='bbox 1850 1647 2136 1724; x_wconf 79' lang='lat' dir='ltr'>vulgabat,</span> <span class='ocrx_word' id='word_1_478' title='bbox 2167 1653 2224 1705; x_wconf 89' lang='lat' dir='ltr'>et</span> <span class='ocrx_word' id='word_1_479' title='bbox 2248 1648 2455 1720; x_wconf 77' lang='lat' dir='ltr'>saepius</span> <span class='ocrx_word' id='word_1_480' title='bbox 2480 1646 2870 1719; x_wconf 85' lang='lat' dir='ltr'>disputaverat</span> <span class='ocrx_word' id='word_1_481' title='bbox 2907 1663 3038 1703; x_wconf 91' lang='lat' dir='ltr'>cum</span> 
     </span>
     <span class='ocr_line' id='line_1_73' title="bbox 1683 1726 3044 1800; baseline -0.004 -12"><span class='ocrx_word' id='word_1_482' title='bbox 1683 1730 1987 1788; x_wconf 76' lang='lat' dir='ltr'>haereticiS.</span> <span class='ocrx_word' id='word_1_483' title='bbox 2023 1728 2223 1800; x_wconf 89' lang='lat' dir='ltr'>Liquet</span> <span class='ocrx_word' id='word_1_484' title='bbox 2248 1730 2424 1796; x_wconf 83' lang='lat' dir='ltr'>tertio,</span> <span class='ocrx_word' id='word_1_485' title='bbox 2457 1727 2594 1783; x_wconf 87' lang='lat' dir='ltr'>satis</span> <span class='ocrx_word' id='word_1_486' title='bbox 2621 1726 2829 1784; x_wconf 78' lang='lat' dir='ltr'>frivole</span> <span class='ocrx_word' id='word_1_487' title='bbox 2858 1729 3044 1783; x_wconf 85' lang='lat' dir='ltr'>Fran-</span> 
     </span>
     <span class='ocr_line' id='line_1_74' title="bbox 1684 1810 3041 1875; baseline -0.004 -5"><span class='ocrx_word' id='word_1_488' title='bbox 1684 1814 1894 1870; x_wconf 89' lang='lat' dir='ltr'>ciscum</span> <span class='ocrx_word' id='word_1_489' title='bbox 1923 1814 2217 1867; x_wconf 89' lang='lat' dir='ltr'>Annatum</span> <span class='ocrx_word' id='word_1_490' title='bbox 2264 1812 2324 1865; x_wconf 82' lang='lat' dir='ltr'>in</span> <span class='ocrx_word' id='word_1_491' title='bbox 2353 1810 2444 1865; x_wconf 75' lang='lat' dir='ltr'>lib.</span> <span class='ocrx_word' id='word_1_492' title='bbox 2477 1810 2541 1864; x_wconf 81' lang='lat' dir='ltr'>de</span> <span class='ocrx_word' id='word_1_493' title='bbox 2584 1811 2814 1865; x_wconf 83' lang='lat' dir='ltr'>scientia</span> <span class='ocrx_word' id='word_1_494' title='bbox 2840 1810 3041 1875; x_wconf 81' lang='lat' dir='ltr'>media,</span> 
     </span>
     <span class='ocr_line' id='line_1_75' title="bbox 1683 1887 3042 1967; baseline -0.004 -16"><span class='ocrx_word' id='word_1_495' title='bbox 1683 1895 2022 1967; x_wconf 85' lang='lat' dir='ltr'>conjectasse</span> <span class='ocrx_word' id='word_1_496' title='bbox 2050 1891 2153 1947; x_wconf 90' lang='lat' dir='ltr'>illa</span> <span class='ocrx_word' id='word_1_497' title='bbox 2177 1889 2351 1945; x_wconf 73' lang='lat' dir='ltr'>verba</span> <span class='ocrx_word' id='word_1_498' title='bbox 2378 1889 2494 1946; x_wconf 92' lang='lat' dir='ltr'>Soti</span> <span class='ocrx_word' id='word_1_499' title='bbox 2521 1887 2620 1945; x_wconf 91' lang='lat' dir='ltr'>lib.</span> <span class='ocrx_word' id='word_1_500' title='bbox 2661 1891 2706 1954; x_wconf 93' lang='lat' dir='ltr'>l,</span> <span class='ocrx_word' id='word_1_501' title='bbox 2741 1889 2811 1946; x_wconf 88' lang='lat' dir='ltr'>de</span> <span class='ocrx_word' id='word_1_502' title='bbox 2834 1890 3042 1963; x_wconf 86' lang='lat' dir='ltr'>gratia,</span> 
     </span>
     <span class='ocr_line' id='line_1_76' title="bbox 1685 1969 3040 2036; baseline -0.004 -5"><span class='ocrx_word' id='word_1_503' title='bbox 1685 1991 1730 2031; x_wconf 89' lang='lat' dir='ltr'>c.</span> <span class='ocrx_word' id='word_1_504' title='bbox 1773 1977 1855 2030; x_wconf 86' lang='lat'>15.</span> <span class='ocrx_word' id='word_1_505' title='bbox 1909 1995 1935 2026; x_wconf 78' lang='grc' dir='ltr'><em>α</em></span> <span class='ocrx_word' id='word_1_506' title='bbox 1965 1972 2116 2036; x_wconf 88' lang='lat' dir='ltr'>Quin</span> <span class='ocrx_word' id='word_1_507' title='bbox 2156 1971 2331 2028; x_wconf 89' lang='lat' dir='ltr'>etiam</span> <span class='ocrx_word' id='word_1_508' title='bbox 2359 1975 2496 2024; x_wconf 89' lang='lat' dir='ltr'>sunt</span> <span class='ocrx_word' id='word_1_509' title='bbox 2523 1969 2675 2026; x_wconf 90' lang='lat' dir='ltr'>inter</span> <span class='ocrx_word' id='word_1_510' title='bbox 2704 1970 3040 2034; x_wconf 77' lang='lat' dir='ltr'>CatholicoS,</span> 
     </span>
     <span class='ocr_line' id='line_1_77' title="bbox 1692 2048 3037 2127; baseline -0.003 -18"><span class='ocrx_word' id='word_1_511' title='bbox 1692 2076 1717 2109; x_wconf 74' lang='grc' dir='ltr'>(ι</span> <span class='ocrx_word' id='word_1_512' title='bbox 1759 2070 1900 2127; x_wconf 91' lang='lat' dir='ltr'>quos</span> <span class='ocrx_word' id='word_1_513' title='bbox 1945 2052 2080 2107; x_wconf 82' lang='lat' dir='ltr'>viva</span> <span class='ocrx_word' id='word_1_514' title='bbox 2127 2066 2260 2107; x_wconf 83' lang='lat' dir='ltr'>voce</span> <span class='ocrx_word' id='word_1_515' title='bbox 2305 2048 2512 2121; x_wconf 84' lang='lat' dir='ltr'>dogma</span> <span class='ocrx_word' id='word_1_516' title='bbox 2556 2048 2660 2106; x_wconf 91' lang='lat' dir='ltr'>hoc</span> <span class='ocrx_word' id='word_1_517' title='bbox 2703 2056 3037 2113; x_wconf 87' lang='lat' dir='ltr'>asserentes,</span> 
     </span>
     <span class='ocr_line' id='line_1_78' title="bbox 1692 2126 3043 2206; baseline -0.004 -15"><span class='ocrx_word' id='word_1_518' title='bbox 1692 2159 1717 2191; x_wconf 75' lang='grc' dir='ltr'><strong>α</strong></span> <span class='ocrx_word' id='word_1_519' title='bbox 1761 2135 2037 2206; x_wconf 87' lang='lat' dir='ltr'>nobisque</span> <span class='ocrx_word' id='word_1_520' title='bbox 2061 2130 2523 2196; x_wconf 82' lang='lat' dir='ltr'>reclamantibus,</span> <span class='ocrx_word' id='word_1_521' title='bbox 2554 2126 2914 2188; x_wconf 75' lang='lat' dir='ltr'>defensantes</span> <span class='ocrx_word' id='word_1_522' title='bbox 2936 2148 3043 2189; x_wconf 86' lang='lat' dir='ltr'>au·-</span> 
     </span>
     <span class='ocr_line' id='line_1_79' title="bbox 1692 2211 3037 2287; baseline -0.002 -16"><span class='ocrx_word' id='word_1_523' title='bbox 1692 2240 1718 2271; x_wconf 76' lang='grc' dir='ltr'><strong>α</strong></span> <span class='ocrx_word' id='word_1_524' title='bbox 1760 2216 2035 2282; x_wconf 79' lang='lat' dir='ltr'>divimus;</span> <span class='ocrx_word' id='word_1_525' title='bbox 2061 2219 2211 2287; x_wconf 88' lang='lat' dir='ltr'>puta,</span> <span class='ocrx_word' id='word_1_526' title='bbox 2230 2211 2379 2285; x_wconf 91' lang='lat' dir='ltr'>quod</span> <span class='ocrx_word' id='word_1_527' title='bbox 2402 2214 2547 2268; x_wconf 90' lang='lat' dir='ltr'>Deus</span> <span class='ocrx_word' id='word_1_528' title='bbox 2560 2211 2807 2284; x_wconf 90' lang='lat' dir='ltr'>quadam</span> <span class='ocrx_word' id='word_1_529' title='bbox 2833 2229 2935 2269; x_wconf 89' lang='lat' dir='ltr'>nos</span> <span class='ocrx_word' id='word_1_530' title='bbox 2956 2214 3037 2277; x_wconf 87' lang='lat' dir='ltr'>vi,</span> 
     </span>
     <span class='ocr_line' id='line_1_80' title="bbox 1693 2293 3044 2370; baseline -0.002 -18"><span class='ocrx_word' id='word_1_531' title='bbox 1693 2322 1719 2352; x_wconf 74' lang='lat' dir='ltr'>a</span> <span class='ocrx_word' id='word_1_532' title='bbox 1763 2315 1825 2370; x_wconf 73' lang='lat' dir='ltr'>ac</span> <span class='ocrx_word' id='word_1_533' title='bbox 1853 2298 2184 2354; x_wconf 88' lang='lat' dir='ltr'>necessitate</span> <span class='ocrx_word' id='word_1_534' title='bbox 2223 2293 2291 2351; x_wconf 89' lang='lat' dir='ltr'>ad</span> <span class='ocrx_word' id='word_1_535' title='bbox 2319 2310 2378 2350; x_wconf 89' lang='lat' dir='ltr'>se</span> <span class='ocrx_word' id='word_1_536' title='bbox 2425 2293 2734 2366; x_wconf 88' lang='lat' dir='ltr'>pertrahat,</span> <span class='ocrx_word' id='word_1_537' title='bbox 2767 2293 2845 2349; x_wconf 85' lang='lat' dir='ltr'>ita</span> <span class='ocrx_word' id='word_1_538' title='bbox 2874 2300 2935 2349; x_wconf 89' lang='lat' dir='ltr'>ut</span> <span class='ocrx_word' id='word_1_539' title='bbox 2981 2294 3044 2350; x_wconf 90' lang='lat' dir='ltr'>in</span> 
     </span>
    </p>
   </div>
   <div class='ocr_carea' id='block_1_9' title="bbox 1605 2374 3048 2443">
    <p class='ocr_par' dir='ltr' id='par_1_10' title="bbox 1605 2374 3048 2443">
     <span class='ocr_line' id='line_1_81' title="bbox 1605 2374 3048 2443; baseline -0.003 -8"><span class='ocrx_word' id='word_1_540' title='bbox 1605 2428 1613 2443; x_wconf 81' lang='lat'>,</span> <span class='ocrx_word' id='word_1_541' title='bbox 1693 2405 1718 2435; x_wconf 80' lang='grc' dir='ltr'>α</span> <span class='ocrx_word' id='word_1_542' title='bbox 1763 2386 1959 2437; x_wconf 69' lang='lat' dir='ltr'>nostra</span> <span class='ocrx_word' id='word_1_543' title='bbox 1985 2377 2356 2435; x_wconf 71' lang='lat' dir='ltr'>conversione</span> <span class='ocrx_word' id='word_1_544' title='bbox 2384 2391 2543 2433; x_wconf 74' lang='lat' dir='ltr'>mere</span> <span class='ocrx_word' id='word_1_545' title='bbox 2584 2374 2895 2431; x_wconf 73' lang='lat' dir='ltr'>habeamus</span> <span class='ocrx_word' id='word_1_546' title='bbox 2945 2392 3048 2433; x_wconf 88' lang='lat' dir='ltr'>nos</span> 
     </span>
    </p>
   </div>
   <div class='ocr_carea' id='block_1_10' title="bbox 1689 2455 3245 5027">
    <p class='ocr_par' dir='ltr' id='par_1_11' title="bbox 1689 2455 3245 5027">
     <span class='ocr_line' id='line_1_82' title="bbox 1694 2455 3235 2536; baseline -0.005 -17"><span class='ocrx_word' id='word_1_547' title='bbox 1694 2488 1719 2518; x_wconf 76' lang='grc' dir='ltr'>α</span> <span class='ocrx_word' id='word_1_548' title='bbox 1753 2463 1992 2536; x_wconf 82' lang='lat' dir='ltr'>passive,</span> <span class='ocrx_word' id='word_1_549' title='bbox 2017 2465 2074 2518; x_wconf 88' lang='lat' dir='ltr'>et</span> <span class='ocrx_word' id='word_1_550' title='bbox 2096 2458 2394 2531; x_wconf 86' lang='lat' dir='ltr'>receptive.</span> <span class='ocrx_word' id='word_1_551' title='bbox 2424 2456 2719 2513; x_wconf 89' lang='lat' dir='ltr'>Nimirum</span> <span class='ocrx_word' id='word_1_552' title='bbox 2742 2455 3048 2527; x_wconf 82' lang='lat' dir='ltr'>(subinfert</span> <span class='ocrx_word' id='word_1_553' title='bbox 3228 2526 3235 2533; x_wconf 37' lang='lat'>‚</span> 
     </span>
     <span class='ocr_line' id='line_1_83' title="bbox 1689 2526 3241 2626; baseline -0.005 -26"><span class='ocrx_word' id='word_1_554' title='bbox 1689 2556 1720 2599; x_wconf 78' lang='grc' dir='ltr'>ἀ</span> <span class='ocrx_word' id='word_1_555' title='bbox 1761 2545 2042 2613; x_wconf 85' lang='lat' dir='ltr'>Annatus)</span> <span class='ocrx_word' id='word_1_556' title='bbox 2060 2541 2233 2597; x_wconf 91' lang='lat' dir='ltr'>iidem</span> <span class='ocrx_word' id='word_1_557' title='bbox 2257 2544 2423 2596; x_wconf 88' lang='lat' dir='ltr'>erant</span> <span class='ocrx_word' id='word_1_558' title='bbox 2442 2537 2780 2604; x_wconf 89' lang='lat' dir='ltr'>sinedubio,</span> <span class='ocrx_word' id='word_1_559' title='bbox 2800 2554 3045 2610; x_wconf 86' lang='lat' dir='ltr'>quorum</span> <span class='ocrx_word' id='word_1_560' title='bbox 3078 2526 3241 2626; x_wconf 40' lang='lat'>3232&amp;</span> 
     </span>
     <span class='ocr_line' id='line_1_84' title="bbox 1694 2619 3245 2693; baseline -0.005 -12"><span class='ocrx_word' id='word_1_561' title='bbox 1694 2649 1720 2680; x_wconf 74' lang='grc' dir='ltr'><strong>α</strong></span> <span class='ocrx_word' id='word_1_562' title='bbox 1762 2624 2033 2681; x_wconf 90' lang='lat' dir='ltr'>meminit</span> <span class='ocrx_word' id='word_1_563' title='bbox 2063 2621 2215 2679; x_wconf 89' lang='lat' dir='ltr'>idem</span> <span class='ocrx_word' id='word_1_564' title='bbox 2245 2622 2376 2677; x_wconf 87' lang='lat' dir='ltr'>Soto</span> <span class='ocrx_word' id='word_1_565' title='bbox 2398 2635 2518 2693; x_wconf 88' lang='lat' dir='ltr'>cap.</span> <span class='ocrx_word' id='word_1_566' title='bbox 2551 2636 2668 2692; x_wconf 78' lang='lat' dir='ltr'>seq.</span> <span class='ocrx_word' id='word_1_567' title='bbox 2693 2619 2832 2676; x_wconf 88' lang='lat' dir='ltr'>dum</span> <span class='ocrx_word' id='word_1_568' title='bbox 2859 2619 2995 2677; x_wconf 89' lang='lat' dir='ltr'>dicit</span> <span class='ocrx_word' id='word_1_569' title='bbox 3028 2624 3245 2681; x_wconf 35' lang='lat' dir='ltr'>:tura-ais-</span> 
     </span>
     <span class='ocr_line' id='line_1_85' title="bbox 1694 2675 3245 2778; baseline -0.004 -19"><span class='ocrx_word' id='word_1_570' title='bbox 1694 2728 1720 2759; x_wconf 81' lang='lat'>«</span> <span class='ocrx_word' id='word_1_571' title='bbox 1761 2708 1905 2763; x_wconf 89' lang='lat' dir='ltr'>Sunt</span> <span class='ocrx_word' id='word_1_572' title='bbox 1930 2720 2066 2778; x_wconf 88' lang='lat' dir='ltr'>ergo</span> <span class='ocrx_word' id='word_1_573' title='bbox 2093 2703 2244 2759; x_wconf 90' lang='lat' dir='ltr'>inter</span> <span class='ocrx_word' id='word_1_574' title='bbox 2271 2699 2660 2765; x_wconf 77' lang='lat' dir='ltr'>scholasticos,</span> <span class='ocrx_word' id='word_1_575' title='bbox 2686 2700 2784 2773; x_wconf 90' lang='lat' dir='ltr'>qui</span> <span class='ocrx_word' id='word_1_576' title='bbox 2820 2675 3245 2764; x_wconf 66' lang='lat' dir='ltr'>docent,‘&#39;⁹‘¹¹¹¹¹‘·</span> 
     </span>
     <span class='ocr_line' id='line_1_86' title="bbox 1695 2782 3049 2859; baseline -0.001 -20"><span class='ocrx_word' id='word_1_577' title='bbox 1695 2809 1720 2839; x_wconf 76' lang='grc' dir='ltr'><strong>α</strong></span> <span class='ocrx_word' id='word_1_578' title='bbox 1765 2786 1946 2859; x_wconf 90' lang='lat' dir='ltr'>posito</span> <span class='ocrx_word' id='word_1_579' title='bbox 1971 2799 2245 2843; x_wconf 88' lang='lat' dir='ltr'>concursu</span> <span class='ocrx_word' id='word_1_580' title='bbox 2281 2782 2401 2847; x_wconf 86' lang='lat' dir='ltr'>Dei,</span> <span class='ocrx_word' id='word_1_581' title='bbox 2434 2797 2552 2838; x_wconf 91' lang='lat' dir='ltr'>non</span> <span class='ocrx_word' id='word_1_582' title='bbox 2578 2797 2701 2838; x_wconf 89' lang='lat' dir='ltr'>esse</span> <span class='ocrx_word' id='word_1_583' title='bbox 2744 2787 3049 2856; x_wconf 86' lang='lat' dir='ltr'>utrumque</span> 
     </span>
     <span class='ocr_line' id='line_1_87' title="bbox 1695 2863 3052 2940; baseline -0.003 -18"><span class='ocrx_word' id='word_1_584' title='bbox 1695 2891 1722 2922; x_wconf 76' lang='grc' dir='ltr'><strong>α</strong></span> <span class='ocrx_word' id='word_1_585' title='bbox 1765 2867 1827 2924; x_wconf 93' lang='lat' dir='ltr'>in</span> <span class='ocrx_word' id='word_1_586' title='bbox 1876 2870 2146 2940; x_wconf 87' lang='lat' dir='ltr'>potestate</span> <span class='ocrx_word' id='word_1_587' title='bbox 2194 2863 2528 2929; x_wconf 68' lang='lat' dir='ltr'>voluntatis»,</span> <span class='ocrx_word' id='word_1_588' title='bbox 2582 2878 2779 2938; x_wconf 85' lang='lat' dir='ltr'>agere,</span> <span class='ocrx_word' id='word_1_589' title='bbox 2830 2867 2886 2920; x_wconf 89' lang='lat' dir='ltr'>et</span> <span class='ocrx_word' id='word_1_590' title='bbox 2934 2879 3052 2920; x_wconf 92' lang='lat' dir='ltr'>non</span> 
     </span>
     <span class='ocr_line' id='line_1_88' title="bbox 1696 2945 3051 3024; baseline -0.001 -21"><span class='ocrx_word' id='word_1_591' title='bbox 1696 2972 1721 3003; x_wconf 76' lang='grc' dir='ltr'><strong>σ</strong></span> <span class='ocrx_word' id='word_1_592' title='bbox 1764 2965 1949 3024; x_wconf 88' lang='lat' dir='ltr'>agere,</span> <span class='ocrx_word' id='word_1_593' title='bbox 1974 2953 2082 3005; x_wconf 89' lang='lat' dir='ltr'>etc.</span> <span class='ocrx_word' id='word_1_594' title='bbox 2109 2968 2133 2998; x_wconf 69' lang='grc' dir='ltr'><strong>υ</strong></span> <span class='ocrx_word' id='word_1_595' title='bbox 2163 2945 2435 3002; x_wconf 82' lang='lat' dir='ltr'>advorsus</span> <span class='ocrx_word' id='word_1_596' title='bbox 2456 2945 2782 3001; x_wconf 84' lang='lat' dir='ltr'>Thomistas</span> <span class='ocrx_word' id='word_1_597' title='bbox 2805 2945 3051 3018; x_wconf 59' lang='lat' dir='ltr'>physicen</span> 
     </span>
     <span class='ocr_line' id='line_1_89' title="bbox 1691 3024 3053 3105; baseline -0.004 -18"><span class='ocrx_word' id='word_1_598' title='bbox 1691 3030 2081 3105; x_wconf 80' lang='lat' dir='ltr'>praemotionis</span> <span class='ocrx_word' id='word_1_599' title='bbox 2103 3032 2452 3085; x_wconf 87' lang='lat' dir='ltr'>assertoresa</span> <span class='ocrx_word' id='word_1_600' title='bbox 2467 3027 2597 3083; x_wconf 89' lang='lat' dir='ltr'>Soto</span> <span class='ocrx_word' id='word_1_601' title='bbox 2619 3024 2835 3083; x_wconf 87' lang='lat' dir='ltr'>directa</span> <span class='ocrx_word' id='word_1_602' title='bbox 2855 3026 3053 3083; x_wconf 83' lang='lat' dir='ltr'>fuisse:</span> 
     </span>
     <span class='ocr_line' id='line_1_90' title="bbox 1692 3105 3052 3181; baseline -0.004 -13"><span class='ocrx_word' id='word_1_603' title='bbox 1692 3128 1808 3169; x_wconf 93' lang='lat' dir='ltr'>non</span> <span class='ocrx_word' id='word_1_604' title='bbox 1853 3110 2011 3167; x_wconf 85' lang='lat' dir='ltr'>enim</span> <span class='ocrx_word' id='word_1_605' title='bbox 2059 3113 2292 3181; x_wconf 89' lang='lat' dir='ltr'>apparet</span> <span class='ocrx_word' id='word_1_606' title='bbox 2343 3108 2585 3179; x_wconf 89' lang='lat' dir='ltr'>quinam</span> <span class='ocrx_word' id='word_1_607' title='bbox 2639 3106 2729 3162; x_wconf 92' lang='lat' dir='ltr'>illi</span> <span class='ocrx_word' id='word_1_608' title='bbox 2777 3105 3052 3164; x_wconf 70' lang='lat' dir='ltr'>Catholici</span> 
     </span>
     <span class='ocr_line' id='line_1_91' title="bbox 1692 3188 3057 3263; baseline -0.004 -15"><span class='ocrx_word' id='word_1_609' title='bbox 1692 3193 1927 3256; x_wconf 74' lang='lat' dir='ltr'>fuerint,</span> <span class='ocrx_word' id='word_1_610' title='bbox 1954 3190 2066 3246; x_wconf 90' lang='lat' dir='ltr'>nisi</span> <span class='ocrx_word' id='word_1_611' title='bbox 2087 3188 2317 3263; x_wconf 80' lang='lat' dir='ltr'>physice</span> <span class='ocrx_word' id='word_1_612' title='bbox 2340 3191 2772 3261; x_wconf 75' lang='lat' dir='ltr'>praemoventeS.</span> <span class='ocrx_word' id='word_1_613' title='bbox 2802 3189 2947 3253; x_wconf 80' lang='lat' dir='ltr'>Haec,</span> <span class='ocrx_word' id='word_1_614' title='bbox 2969 3188 3057 3243; x_wconf 90' lang='lat' dir='ltr'>in-</span> 
     </span>
     <span class='ocr_line' id='line_1_92' title="bbox 1689 3268 3056 3345; baseline -0.003 -17"><span class='ocrx_word' id='word_1_615' title='bbox 1689 3289 1882 3344; x_wconf 89' lang='lat' dir='ltr'>quam,</span> <span class='ocrx_word' id='word_1_616' title='bbox 1902 3271 2227 3345; x_wconf 86' lang='lat' dir='ltr'>conjectura</span> <span class='ocrx_word' id='word_1_617' title='bbox 2250 3268 2461 3325; x_wconf 80' lang='lat' dir='ltr'>frivola</span> <span class='ocrx_word' id='word_1_618' title='bbox 2485 3283 2719 3340; x_wconf 87' lang='lat' dir='ltr'>prorsus</span> <span class='ocrx_word' id='word_1_619' title='bbox 2739 3272 2838 3335; x_wconf 88' lang='lat' dir='ltr'>est,</span> <span class='ocrx_word' id='word_1_620' title='bbox 2856 3272 2912 3325; x_wconf 87' lang='lat' dir='ltr'>et</span> <span class='ocrx_word' id='word_1_621' title='bbox 2931 3283 3056 3340; x_wconf 83' lang='lat' dir='ltr'>quae</span> 
     </span>
     <span class='ocr_line' id='line_1_93' title="bbox 1691 3348 3051 3427; baseline -0.001 -19"><span class='ocrx_word' id='word_1_622' title='bbox 1691 3352 2017 3427; x_wconf 90' lang='lat' dir='ltr'>dispellitur</span> <span class='ocrx_word' id='word_1_623' title='bbox 2056 3349 2176 3406; x_wconf 87' lang='lat' dir='ltr'>sola</span> <span class='ocrx_word' id='word_1_624' title='bbox 2204 3348 2558 3406; x_wconf 83' lang='lat' dir='ltr'>confessione</span> <span class='ocrx_word' id='word_1_625' title='bbox 2605 3348 2821 3425; x_wconf 72' lang='lat' dir='ltr'>Annali</span> <span class='ocrx_word' id='word_1_626' title='bbox 2869 3351 2930 3403; x_wconf 81' lang='lat' dir='ltr'>in</span> <span class='ocrx_word' id='word_1_627' title='bbox 2957 3349 3051 3406; x_wconf 83' lang='lat' dir='ltr'>lib.</span> 
     </span>
     <span class='ocr_line' id='line_1_94' title="bbox 1690 3428 3053 3502; baseline -0.004 -11"><span class='ocrx_word' id='word_1_628' title='bbox 1690 3436 1753 3490; x_wconf 84' lang='lat' dir='ltr'>de</span> <span class='ocrx_word' id='word_1_629' title='bbox 1798 3435 2042 3491; x_wconf 81' lang='lat' dir='ltr'>libertate</span> <span class='ocrx_word' id='word_1_630' title='bbox 2087 3431 2343 3486; x_wconf 79' lang='lat' dir='ltr'>inchoata</span> <span class='ocrx_word' id='word_1_631' title='bbox 2385 3447 2505 3502; x_wconf 79' lang='lat' dir='ltr'>cap.</span> <span class='ocrx_word' id='word_1_632' title='bbox 2539 3431 2592 3497; x_wconf 77' lang='lat'>2,</span> <span class='ocrx_word' id='word_1_633' title='bbox 2641 3433 2672 3498; x_wconf 66' lang='grc' dir='ltr'>ἓ</span> <span class='ocrx_word' id='word_1_634' title='bbox 2722 3432 2765 3496; x_wconf 93' lang='lat'>1,</span> <span class='ocrx_word' id='word_1_635' title='bbox 2800 3428 2897 3485; x_wconf 91' lang='lat' dir='ltr'>ubi</span> <span class='ocrx_word' id='word_1_636' title='bbox 2927 3431 3008 3486; x_wconf 87' lang='lat' dir='ltr'>ait</span> <span class='ocrx_word' id='word_1_637' title='bbox 3041 3452 3053 3486; x_wconf 93' lang='lat'><strong>:</strong></span> 
     </span>
     <span class='ocr_line' id='line_1_95' title="bbox 1699 3508 3055 3578; baseline -0.001 -11"><span class='ocrx_word' id='word_1_638' title='bbox 1699 3536 1724 3567; x_wconf 77' lang='grc' dir='ltr'>ιι</span> <span class='ocrx_word' id='word_1_639' title='bbox 1767 3516 1946 3578; x_wconf 89' lang='lat' dir='ltr'>Quem</span> <span class='ocrx_word' id='word_1_640' title='bbox 1977 3509 2279 3568; x_wconf 80' lang='lat' dir='ltr'>invenient</span> <span class='ocrx_word' id='word_1_641' title='bbox 2322 3508 2658 3564; x_wconf 79' lang='lat' dir='ltr'>Janseniani</span> <span class='ocrx_word' id='word_1_642' title='bbox 2708 3508 2860 3565; x_wconf 88' lang='lat' dir='ltr'>inter</span> <span class='ocrx_word' id='word_1_643' title='bbox 2900 3509 3055 3565; x_wconf 88' lang='lat' dir='ltr'>Tho-</span> 
     </span>
     <span class='ocr_line' id='line_1_96' title="bbox 1699 3586 3057 3662; baseline -0.002 -15"><span class='ocrx_word' id='word_1_644' title='bbox 1699 3616 1726 3647; x_wconf 78' lang='lat'>«</span> <span class='ocrx_word' id='word_1_645' title='bbox 1766 3593 1986 3658; x_wconf 77' lang='lat' dir='ltr'>mistaS,</span> <span class='ocrx_word' id='word_1_646' title='bbox 2025 3589 2135 3662; x_wconf 17' lang='lat' dir='ltr'>&amp;qui</span> <span class='ocrx_word' id='word_1_647' title='bbox 2183 3588 2399 3644; x_wconf 90' lang='lat' dir='ltr'>dixerit</span> <span class='ocrx_word' id='word_1_648' title='bbox 2445 3591 2801 3645; x_wconf 81' lang='lat' dir='ltr'>voluntatem</span> <span class='ocrx_word' id='word_1_649' title='bbox 2854 3586 3057 3644; x_wconf 86' lang='lat' dir='ltr'>divina</span> 
     </span>
     <span class='ocr_line' id='line_1_97' title="bbox 1699 3667 3058 3748; baseline -0.003 -20"><span class='ocrx_word' id='word_1_650' title='bbox 1699 3696 1727 3727; x_wconf 77' lang='grc' dir='ltr'>α</span> <span class='ocrx_word' id='word_1_651' title='bbox 1766 3671 1955 3748; x_wconf 86' lang='lat' dir='ltr'>gratia</span> <span class='ocrx_word' id='word_1_652' title='bbox 1985 3667 2546 3743; x_wconf 84' lang='lat' dir='ltr'>praedeterminatam</span> <span class='ocrx_word' id='word_1_653' title='bbox 2569 3682 2762 3723; x_wconf 88' lang='lat' dir='ltr'>carere</span> <span class='ocrx_word' id='word_1_654' title='bbox 2792 3667 3058 3738; x_wconf 83' lang='lat' dir='ltr'>proxima</span> 
     </span>
     <span class='ocr_line' id='line_1_98' title="bbox 1701 3745 3058 3819; baseline -0.003 -13"><span class='ocrx_word' id='word_1_655' title='bbox 1701 3775 1727 3806; x_wconf 79' lang='grc' dir='ltr'>α</span> <span class='ocrx_word' id='word_1_656' title='bbox 1768 3751 1838 3808; x_wconf 90' lang='lat' dir='ltr'>ad</span> <span class='ocrx_word' id='word_1_657' title='bbox 1884 3746 2339 3807; x_wconf 87' lang='lat' dir='ltr'>dissentiendum</span> <span class='ocrx_word' id='word_1_658' title='bbox 2391 3747 2680 3819; x_wconf 81' lang='lat' dir='ltr'>potentia?</span> <span class='ocrx_word' id='word_1_659' title='bbox 2726 3749 2905 3811; x_wconf 89' lang='lat' dir='ltr'>Quem</span> <span class='ocrx_word' id='word_1_660' title='bbox 2952 3745 3058 3803; x_wconf 88' lang='lat' dir='ltr'>da-</span> 
     </span>
     <span class='ocr_line' id='line_1_99' title="bbox 1701 3826 3059 3902; baseline -0.003 -15"><span class='ocrx_word' id='word_1_661' title='bbox 1701 3854 1727 3886; x_wconf 78' lang='lat'>«</span> <span class='ocrx_word' id='word_1_662' title='bbox 1769 3830 1931 3895; x_wconf 90' lang='lat' dir='ltr'>bunt,</span> <span class='ocrx_word' id='word_1_663' title='bbox 1982 3829 2079 3902; x_wconf 89' lang='lat' dir='ltr'>qui</span> <span class='ocrx_word' id='word_1_664' title='bbox 2121 3826 2548 3882; x_wconf 89' lang='lat' dir='ltr'>distinctionem</span> <span class='ocrx_word' id='word_1_665' title='bbox 2589 3842 2788 3881; x_wconf 89' lang='lat' dir='ltr'>sensus</span> <span class='ocrx_word' id='word_1_666' title='bbox 2823 3841 3059 3898; x_wconf 89' lang='lat' dir='ltr'>compo-</span> 
     </span>
     <span class='ocr_line' id='line_1_100' title="bbox 1701 3906 3058 3977; baseline -0.003 -12"><span class='ocrx_word' id='word_1_667' title='bbox 1701 3934 1727 3965; x_wconf 87' lang='lat'>«</span> <span class='ocrx_word' id='word_1_668' title='bbox 1768 3911 1884 3977; x_wconf 89' lang='lat' dir='ltr'>siti,</span> <span class='ocrx_word' id='word_1_669' title='bbox 1918 3915 1974 3966; x_wconf 90' lang='lat' dir='ltr'>et</span> <span class='ocrx_word' id='word_1_670' title='bbox 1999 3906 2171 3964; x_wconf 86' lang='lat' dir='ltr'>divisi</span> <span class='ocrx_word' id='word_1_671' title='bbox 2201 3907 2281 3963; x_wconf 88' lang='lat' dir='ltr'>sic</span> <span class='ocrx_word' id='word_1_672' title='bbox 2311 3906 2736 3977; x_wconf 85' lang='lat' dir='ltr'>interpretetur,</span> <span class='ocrx_word' id='word_1_673' title='bbox 2769 3911 2830 3961; x_wconf 92' lang='lat' dir='ltr'>ut</span> <span class='ocrx_word' id='word_1_674' title='bbox 2856 3922 3058 3963; x_wconf 89' lang='lat' dir='ltr'>sensus</span> 
     </span>
     <span class='ocr_line' id='line_1_101' title="bbox 1702 3985 3058 4058; baseline -0.002 -13"><span class='ocrx_word' id='word_1_675' title='bbox 1702 4014 1728 4045; x_wconf 75' lang='grc' dir='ltr'>α</span> <span class='ocrx_word' id='word_1_676' title='bbox 1768 3990 1861 4056; x_wconf 87' lang='lat' dir='ltr'>sit,</span> <span class='ocrx_word' id='word_1_677' title='bbox 1895 3990 2248 4047; x_wconf 83' lang='lat' dir='ltr'>voluntatem</span> <span class='ocrx_word' id='word_1_678' title='bbox 2291 4002 2322 4041; x_wconf 91' lang='lat' dir='ltr'>a</span> <span class='ocrx_word' id='word_1_679' title='bbox 2363 3987 2477 4041; x_wconf 89' lang='lat' dir='ltr'>Deo</span> <span class='ocrx_word' id='word_1_680' title='bbox 2507 3989 2701 4041; x_wconf 90' lang='lat' dir='ltr'>notam</span> <span class='ocrx_word' id='word_1_681' title='bbox 2732 4001 2893 4058; x_wconf 90' lang='lat' dir='ltr'>posse</span> <span class='ocrx_word' id='word_1_682' title='bbox 2935 3985 3058 4042; x_wconf 91' lang='lat' dir='ltr'>dis-</span> 
     </span>
     <span class='ocr_line' id='line_1_102' title="bbox 1703 4062 3055 4139; baseline -0.002 -16"><span class='ocrx_word' id='word_1_683' title='bbox 1703 4092 1728 4123; x_wconf 82' lang='lat'>«</span> <span class='ocrx_word' id='word_1_684' title='bbox 1770 4068 2005 4134; x_wconf 89' lang='lat' dir='ltr'>sentire,</span> <span class='ocrx_word' id='word_1_685' title='bbox 2031 4064 2259 4139; x_wconf 89' lang='lat' dir='ltr'>quando</span> <span class='ocrx_word' id='word_1_686' title='bbox 2283 4064 2384 4119; x_wconf 91' lang='lat' dir='ltr'>illa</span> <span class='ocrx_word' id='word_1_687' title='bbox 2407 4063 2585 4119; x_wconf 84' lang='lat' dir='ltr'>motio</span> <span class='ocrx_word' id='word_1_688' title='bbox 2613 4062 2837 4128; x_wconf 87' lang='lat' dir='ltr'>abierit,</span> <span class='ocrx_word' id='word_1_689' title='bbox 2870 4070 2926 4120; x_wconf 92' lang='lat' dir='ltr'>et</span> <span class='ocrx_word' id='word_1_690' title='bbox 2949 4064 3055 4121; x_wconf 89' lang='lat' dir='ltr'>ad-</span> 
     </span>
     <span class='ocr_line' id='line_1_103' title="bbox 1704 4142 3060 4207; baseline -0.001 -4"><span class='ocrx_word' id='word_1_691' title='bbox 1704 4173 1729 4204; x_wconf 90' lang='lat'>«</span> <span class='ocrx_word' id='word_1_692' title='bbox 1772 4148 1999 4207; x_wconf 81' lang='lat' dir='ltr'>venerit</span> <span class='ocrx_word' id='word_1_693' title='bbox 2025 4147 2159 4203; x_wconf 88' lang='lat' dir='ltr'>alia.</span> <span class='ocrx_word' id='word_1_694' title='bbox 2194 4167 2218 4197; x_wconf 88' lang='lat'>»</span> <span class='ocrx_word' id='word_1_695' title='bbox 2255 4142 2417 4201; x_wconf 91' lang='lat' dir='ltr'>Unde</span> <span class='ocrx_word' id='word_1_696' title='bbox 2445 4158 2560 4201; x_wconf 90' lang='lat' dir='ltr'>non</span> <span class='ocrx_word' id='word_1_697' title='bbox 2591 4144 2767 4201; x_wconf 89' lang='lat' dir='ltr'>semel</span> <span class='ocrx_word' id='word_1_698' title='bbox 2789 4143 3060 4202; x_wconf 87' lang='lat' dir='ltr'>demirati</span> 
     </span>
     <span class='ocr_line' id='line_1_104' title="bbox 1696 4222 3054 4297; baseline -0.004 -11"><span class='ocrx_word' id='word_1_699' title='bbox 1696 4245 1894 4286; x_wconf 86' lang='lat' dir='ltr'>sumus</span> <span class='ocrx_word' id='word_1_700' title='bbox 1934 4225 2192 4283; x_wconf 79' lang='lat' dir='ltr'>volubile</span> <span class='ocrx_word' id='word_1_701' title='bbox 2221 4224 2389 4297; x_wconf 73' lang='lat' dir='ltr'>huius</span> <span class='ocrx_word' id='word_1_702' title='bbox 2432 4222 2706 4278; x_wconf 90' lang='lat' dir='ltr'>Authoris</span> <span class='ocrx_word' id='word_1_703' title='bbox 2734 4222 3054 4297; x_wconf 87' lang='lat' dir='ltr'>ingenium.</span> 
     </span>
     <span class='ocr_line' id='line_1_105' title="bbox 1696 4304 3064 4384; baseline -0.004 -18"><span class='ocrx_word' id='word_1_704' title='bbox 1696 4311 1793 4384; x_wconf 89' lang='lat' dir='ltr'>qui</span> <span class='ocrx_word' id='word_1_705' title='bbox 1840 4308 1979 4365; x_wconf 89' lang='lat' dir='ltr'>dum</span> <span class='ocrx_word' id='word_1_706' title='bbox 2025 4305 2407 4362; x_wconf 87' lang='lat' dir='ltr'>Jansenianos</span> <span class='ocrx_word' id='word_1_707' title='bbox 2450 4304 2784 4377; x_wconf 83' lang='lat' dir='ltr'>impugnat,</span> <span class='ocrx_word' id='word_1_708' title='bbox 2833 4311 3064 4362; x_wconf 83' lang='lat' dir='ltr'>excusat</span> 
     </span>
     <span class='ocr_line' id='line_1_106' title="bbox 1700 4384 3065 4464; baseline -0.005 -16"><span class='ocrx_word' id='word_1_709' title='bbox 1700 4406 1933 4464; x_wconf 88' lang='lat' dir='ltr'>prorsus</span> <span class='ocrx_word' id='word_1_710' title='bbox 1979 4386 2049 4444; x_wconf 92' lang='lat' dir='ltr'>ab</span> <span class='ocrx_word' id='word_1_711' title='bbox 2090 4401 2295 4442; x_wconf 85' lang='lat' dir='ltr'>eorum</span> <span class='ocrx_word' id='word_1_712' title='bbox 2341 4400 2541 4441; x_wconf 89' lang='lat' dir='ltr'>errore</span> <span class='ocrx_word' id='word_1_713' title='bbox 2585 4384 2959 4453; x_wconf 86' lang='lat' dir='ltr'>Thomistas;</span> <span class='ocrx_word' id='word_1_714' title='bbox 3006 4391 3065 4443; x_wconf 88' lang='lat' dir='ltr'>et</span> 
     </span>
     <span class='ocr_line' id='line_1_107' title="bbox 1699 4465 3064 4537; baseline -0.003 -9"><span class='ocrx_word' id='word_1_715' title='bbox 1699 4472 1837 4529; x_wconf 90' lang='lat' dir='ltr'>dum</span> <span class='ocrx_word' id='word_1_716' title='bbox 1868 4472 1930 4526; x_wconf 90' lang='lat' dir='ltr'>in</span> <span class='ocrx_word' id='word_1_717' title='bbox 1958 4467 2285 4525; x_wconf 88' lang='lat' dir='ltr'>Thomistas</span> <span class='ocrx_word' id='word_1_718' title='bbox 2314 4465 2634 4532; x_wconf 82' lang='lat' dir='ltr'>invehitur,</span> <span class='ocrx_word' id='word_1_719' title='bbox 2667 4465 2819 4537; x_wconf 87' lang='lat' dir='ltr'>ipsos</span> <span class='ocrx_word' id='word_1_720' title='bbox 2856 4468 3064 4525; x_wconf 84' lang='lat' dir='ltr'>Janse-</span> 
     </span>
     <span class='ocr_line' id='line_1_108' title="bbox 1702 4545 3065 4619; baseline -0.003 -11"><span class='ocrx_word' id='word_1_721' title='bbox 1702 4550 1883 4612; x_wconf 77' lang='lat' dir='ltr'>aistis,</span> <span class='ocrx_word' id='word_1_722' title='bbox 1916 4549 2035 4605; x_wconf 90' lang='lat' dir='ltr'>imo</span> <span class='ocrx_word' id='word_1_723' title='bbox 2075 4552 2131 4604; x_wconf 84' lang='lat' dir='ltr'>et</span> <span class='ocrx_word' id='word_1_724' title='bbox 2157 4545 2493 4602; x_wconf 78' lang='lat' dir='ltr'>calvinistis</span> <span class='ocrx_word' id='word_1_725' title='bbox 2534 4549 2805 4612; x_wconf 88' lang='lat' dir='ltr'>accenset,</span> <span class='ocrx_word' id='word_1_726' title='bbox 2833 4560 3065 4619; x_wconf 85' lang='lat' dir='ltr'>semper</span> 
     </span>
     <span class='ocr_line' id='line_1_109' title="bbox 1700 4623 3062 4699; baseline -0.003 -10"><span class='ocrx_word' id='word_1_727' title='bbox 1700 4632 1963 4695; x_wconf 86' lang='lat' dir='ltr'>discolor,</span> <span class='ocrx_word' id='word_1_728' title='bbox 2014 4631 2091 4685; x_wconf 61' lang='lat' dir='ltr'>et“</span> <span class='ocrx_word' id='word_1_729' title='bbox 2118 4642 2417 4699; x_wconf 87' lang='lat' dir='ltr'>nunquam</span> <span class='ocrx_word' id='word_1_730' title='bbox 2464 4623 2595 4691; x_wconf 92' lang='lat' dir='ltr'>sibi,</span> <span class='ocrx_word' id='word_1_731' title='bbox 2629 4624 2826 4680; x_wconf 90' lang='lat' dir='ltr'>minus</span> <span class='ocrx_word' id='word_1_732' title='bbox 2872 4633 3062 4694; x_wconf 85' lang='lat' dir='ltr'>autem</span> 
     </span>
     <span class='ocr_line' id='line_1_110' title="bbox 1702 4707 3065 4780; baseline -0.004 -8"><span class='ocrx_word' id='word_1_733' title='bbox 1702 4712 1929 4772; x_wconf 85' lang='lat' dir='ltr'>veritati</span> <span class='ocrx_word' id='word_1_734' title='bbox 1952 4710 2268 4768; x_wconf 65' lang='lat' dir='ltr'>cohaerens.</span> <span class='ocrx_word' id='word_1_735' title='bbox 2294 4707 2421 4762; x_wconf 87' lang='lat' dir='ltr'>Viri</span> <span class='ocrx_word' id='word_1_736' title='bbox 2443 4722 2580 4779; x_wconf 89' lang='lat' dir='ltr'>ergo</span> <span class='ocrx_word' id='word_1_737' title='bbox 2601 4707 2894 4776; x_wconf 87' lang='lat' dir='ltr'>Catholici,</span> <span class='ocrx_word' id='word_1_738' title='bbox 2919 4725 3065 4780; x_wconf 90' lang='lat' dir='ltr'>quo-</span> 
     </span>
     <span class='ocr_line' id='line_1_111' title="bbox 1703 4786 3061 4856; baseline -0.004 -5"><span class='ocrx_word' id='word_1_739' title='bbox 1703 4811 1834 4851; x_wconf 88' lang='lat' dir='ltr'>rum</span> <span class='ocrx_word' id='word_1_740' title='bbox 1862 4794 2026 4849; x_wconf 88' lang='lat' dir='ltr'>Sotus</span> <span class='ocrx_word' id='word_1_741' title='bbox 2054 4788 2344 4853; x_wconf 89' lang='lat' dir='ltr'>meminit,</span> <span class='ocrx_word' id='word_1_742' title='bbox 2378 4786 2690 4843; x_wconf 85' lang='lat' dir='ltr'>Thomistae</span> <span class='ocrx_word' id='word_1_743' title='bbox 2718 4802 2835 4843; x_wconf 92' lang='lat' dir='ltr'>non</span> <span class='ocrx_word' id='word_1_744' title='bbox 2863 4796 3061 4856; x_wconf 87' lang='lat' dir='ltr'>erant;</span> 
     </span>
     <span class='ocr_line' id='line_1_112' title="bbox 1701 4865 3061 4945; baseline -0.003 -14"><span class='ocrx_word' id='word_1_745' title='bbox 1701 4872 1799 4932; x_wconf 86' lang='lat' dir='ltr'>sed</span> <span class='ocrx_word' id='word_1_746' title='bbox 1838 4870 2072 4945; x_wconf 88' lang='lat' dir='ltr'>quidam</span> <span class='ocrx_word' id='word_1_747' title='bbox 2115 4869 2216 4925; x_wconf 90' lang='lat' dir='ltr'>alii</span> <span class='ocrx_word' id='word_1_748' title='bbox 2250 4883 2317 4925; x_wconf 89' lang='lat' dir='ltr'>eo</span> <span class='ocrx_word' id='word_1_749' title='bbox 2343 4881 2543 4923; x_wconf 88' lang='lat' dir='ltr'>errore</span> <span class='ocrx_word' id='word_1_750' title='bbox 2570 4865 2858 4933; x_wconf 64' lang='lat' dir='ltr'>infamati,</span> <span class='ocrx_word' id='word_1_751' title='bbox 2891 4884 3061 4941; x_wconf 88' lang='lat' dir='ltr'>quem</span> 
     </span>
     <span class='ocr_line' id='line_1_113' title="bbox 1704 4945 3066 5027; baseline -0.012 -17"><span class='ocrx_word' id='word_1_752' title='bbox 1704 4958 1897 5027; x_wconf 88' lang='lat' dir='ltr'>postea</span> <span class='ocrx_word' id='word_1_753' title='bbox 1925 4948 2234 5022; x_wconf 85' lang='lat' dir='ltr'>amplexati</span> <span class='ocrx_word' id='word_1_754' title='bbox 2263 4950 2398 5001; x_wconf 91' lang='lat' dir='ltr'>sunt</span> <span class='ocrx_word' id='word_1_755' title='bbox 2434 4945 2678 5002; x_wconf 89' lang='lat' dir='ltr'>Michael</span> <span class='ocrx_word' id='word_1_756' title='bbox 2708 4947 2890 5020; x_wconf 60' lang='lat' dir='ltr'>Bajas</span> <span class='ocrx_word' id='word_1_757' title='bbox 2919 4949 3066 5005; x_wconf 80' lang='lat' dir='ltr'>Jan..</span> 
     </span>
    </p>
   </div>
  </div>
 </body>
</html>
