3647 5753
1301 426 1302 429 ¹
1380 401 1554 458 DlSP.
1601 401 1723 467 VII,
1768 400 1937 456 DUB.
1981 401 2023 457 Ι.
3091 396 3126 449 3

261 580 605 650 tecedenter,
650 586 706 638 et
750 581 813 636 in
853 586 976 638 actu
1008 582 1210 654 prim0‚
1256 594 1373 636 non
1402 583 1626 635 tantum

264 661 332 718 ab
359 662 579 729 effectu,
621 665 685 717 ut
725 660 983 718 referunt
1032 663 1247 719 Paulus
1297 659 1629 717 Leonardus

264 751 423 799 tract.
456 744 523 797 de
550 741 798 800 Scientia
821 741 1027 810 Media,
1051 747 1109 799 et
1134 744 1439 798 Tannerus
1488 742 1535 806 1,
1567 741 1621 806 2,

264 823 337 879 ad
386 831 572 901 quast.
633 824 769 880 109.
826 824 997 898 Cujus
1039 822 1212 880 etiam
1263 820 1629 878 ordinatione

267 904 473 962 Iactum
496 904 771 972 creditur,
799 910 860 959 ut
880 905 943 960 in
967 903 1380 962 recentioribus
1398 902 1631 959 Molinae

266 986 612 1044 editionibus
640 1003 707 1044 ea
736 987 924 1053 verba,
952 1003 1075 1061 quae
1118 986 1475 1043 stomachum
1516 986 1629 1041 Do-

270 1069 575 1125 minicanis
631 1075 954 1135 moverant,
1004 1083 1123 1125 non
1159 1067 1542 1141 reperiantur,
1572 1070 1633 1122 ut

277 1152 529 1209 referunt
572 1154 772 1208 Gonet.
804 1160 934 1209 tom.
998 1155 1044 1218 l,
1091 1157 1252 1206 tract.
1303 1153 1357 1216 4,
1390 1150 1533 1221 disp.
1571 1150 1626 1224 5,

274 1241 384 1289 art.
404 1233 453 1299 6,
484 1236 515 1303 g
545 1235 587 1298 1,
618 1238 675 1289 et
701 1232 1041 1290 Vincentius
1069 1230 1352 1287 Baronius
1404 1238 1531 1288 tom.
1571 1230 1626 1296 3,

275 1314 415 1385 dae‘sp.
446 1314 499 1381 2,
530 1321 656 1369 sect.
688 1315 744 1380 2,
774 1317 806 1383 ς
849 1317 910 1368 7.
959 1310 1066 1368 Sed
1112 1311 1201 1367 his
1241 1310 1476 1377 relictiS,
1508 1325 1633 1387 quae

275 1409 391 1450 non
418 1394 587 1450 multi
610 1394 980 1463 aestimamus,
1001 1394 1075 1449 sit
1101 1413 1114 1448 ε
1322 1394 1332 1403 ’

884 1574 915 1641 5
957 1573 1022 1627 11.

280 1719 592 1774 ostenditur
639 1720 947 1791 opinionem
1005 1719 1225 1778 Molinoe
1270 1736 1379 1776 esse
1445 1725 1635 1774 contra

707 1791 777 1848 Ι).
809 1792 1201 1863 Auyustinum.

85 1959 248 2014 paug,
348 1948 404 2001 4.
433 1948 725 2010 Quantam
748 1946 808 2001 in
831 1946 1075 2003 Ecclesia
1108 1948 1203 2003 Dei
1233 1946 1636 2003 authoritatem

94 2009 229 2100 ’ἓξὲξ
281 2025 482 2083 habeat
504 2030 567 2083 D.
602 2028 972 2100 Augustinus,
993 2029 1310 2101 praesertim
1337 2030 1399 2084 in
1421 2027 1496 2082 iis
1517 2042 1639 2100 quae

92 2116 237 2199 effi
278 2110 543 2184 gratiam,
577 2116 631 2166 et
655 2110 902 2167 liberum
927 2112 1236 2172 arbitrium
1263 2113 1634 2174 concernunt,

87 2205 245 2248 flendus.
278 2190 416 2246 satis
466 2206 757 2263 superque
806 2198 1025 2247 constat
1083 2208 1155 2248 ex
1205 2191 1370 2248 dictis
1416 2191 1555 2263 disp.
1616 2191 1632 2244 1

273 2271 606 2342 prooemiali,
634 2288 755 2343 cap.
785 2276 842 2336 7,
868 2276 899 2341 ς
928 2273 973 2327 1.
1005 2271 1165 2327 Unde
1193 2274 1458 2328 Clemens
1489 2271 1635 2335 VIII,

280 2350 691 2416 sanctissimus,
725 2357 779 2407 et
823 2350 1301 2424 prudentissimus
1350 2350 1637 2416 Pontifex,

279 2444 409 2484 cum
439 2431 613 2486 vellet
641 2431 703 2487 in
729 2432 1119 2488 controversia
1155 2431 1224 2488 de
1271 2431 1522 2487 Auxiliis
1549 2431 1644 2485 ul:-

283 2511 492 2565 timum
517 2510 794 2584 judicium
821 2512 1094 2585 proferre,
1119 2513 1316 2568 statuit
1357 2517 1418 2567 ut
1444 2515 1644 2568 cuncta

287 2590 692 2662 probarentur,
718 2593 806 2647 vel
827 2591 1276 2665 reprobarentur
1292 2593 1458 2666 juxta
1485 2607 1644 2648 men-

117 2696 221 2751 ‚car-
288 2676 406 2727 tem
453 2673 774 2745 Augustini.
817 2676 883 2729 Et
936 2680 997 2729 ut
1044 2673 1218 2730 refert
1270 2673 1536 2730 Carriere
1581 2674 1644 2728 in

93 2754 216 2787 ”efe-
288 2751 518 2824 Digesto
553 2751 729 2819 Fidei,
755 2762 915 2810 tract.
945 2753 1012 2811 de
1032 2752 1253 2813 Gratia.
1280 2772 1330 2831 q.
1372 2755 1455 2810 10.
1492 2756 1645 2811 Pon-

283 2832 425 2889 tifex
472 2833 536 2891 in
563 2836 1009 2911 congregatione
1036 2851 1190 2893 anno
1238 2837 1394 2903 1602,
1427 2834 1521 2893 die
1573 2838 1646 2892 20

283 2916 483 2972 Martii
508 2916 808 2986 celebrata,
826 2917 973 2974 dixit
995 2917 1064 2975 ad
1085 2934 1179 2975 eos
1200 2917 1298 2989 qui
1321 2922 1647 2974 controver-

281 2996 395 3052 sias
424 2996 732 3054 versabant
759 3019 772 3052 :
817 2997 1001 3056 Cedite
1021 2998 1300 3065 Patribus,
1324 2999 1489 3054 cedite
1510 3001 1648 3054 veri-

281 3078 405 3132 tati.
456 3075 551 3134 Ita
577 3080 931 3155 inquirendae,
974 3085 1024 3134 et
1063 3079 1387 3150 indagandae
1425 3081 1647 3135 veritati

282 3175 505 3230 operam
519 3166 736 3225 navate,
751 3168 814 3215 ut
834 3178 870 3216 a
885 3177 1010 3215 vero
1025 3177 1184 3215 sensu
1200 3160 1641 3233 Scripturarum,

280 3245 329 3291 el
351 3254 389 3291 a
414 3238 672 3311 desaecata
697 3239 760 3296 S.
788 3240 1091 3310 Anyti-§tini
1113 3241 1383 3305 doctrina,
1411 3257 1578 3317 qaam
1598 3247 1647 3294 et

285 3317 538 3376 It'cclesiae
582 3322 892 3377 doctrinam
910 3339 1019 3380 esse
1039 3339 1194 3378 nemo
1215 3329 1455 3377 vestrum
1491 3324 1649 3392 ἑρπο-

282 3409 394 3464 rat,
427 3402 637 3458 nullius
663 3404 902 3468 invidia,
935 3411 984 3459 et
1014 3404 1202 3459 livoris
1229 3403 1448 3475 faecibus
1475 3405 1649 3476 impc-

283 3485 542 3540 diamini.
584 3484 745 3549 Quod
800 3492 1141 3558 praeceptum
1183 3502 1300 3543 non
1341 3491 1649 3558 potuerunt

287 3579 407 3621 non
451 3569 747 3639 gratanter
775 3566 1139 3623 Dominicani
1183 3565 1402 3630 audire,
1449 3566 1549 3637 qui
1577 3565 1649 3623 ob

288 3643 394 3701 hoc
416 3645 734 3717 praesertim
757 3652 1161 3702 accusaverant
1189 3646 1490 3709 Molinam,
1518 3646 1652 3718 quia

286 3724 410 3798 ejus
467 3722 790 3781 doctrinam
861 3729 928 3781 D.
976 3727 1296 3800 Augustino
1348 3725 1650 3782 adversam

288 3803 718 3864 existimabant.
760 3811 821 3861 ut
876 3806 1052 3863 refert
1099 3805 1340 3863 Jacobus
1381 3806 1652 3880 Augusti-

75 3895 268 3949 Angnai·
294 3899 405 3939 nus
431 3892 558 3939 tom.
593 3885 627 3939 3
671 3884 1052 3941 Historiarum
1096 3889 1184 3941 sui
1229 3888 1501 3959 temporis,
1554 3885 1646 3942 lib.

96 3956 258 4040 ἥξω
301 3964 422 4030 131,
468 3982 615 4019 armo
670 3967 825 4031 1604,
869 3983 998 4039 paq.
1066 3967 1221 4032 1040,
1273 3967 1364 4022 his
1410 3964 1605 4022 verbis
1633 3984 1646 4018 :

297 4043 501 4110 Tertia,
524 4045 737 4102 scilicet
755 4049 1007 4118 quaestiO,
1025 4047 1236 4101 diutius
1253 4047 1550 4102 multorum
1568 4048 1658 4100 in-

285 4128 449 4198 qem‘a
475 4130 736 4195 excercuit,
760 4147 796 4184 a
817 4128 1093 4186 Ludovioo
1118 4128 1334 4187 Melina
1352 4130 1651 4202 proposita,

287 4212 354 4266 de
376 4213 566 4281 qratia
595 4210 696 4267 Dei
733 4229 857 4266 cum
881 4211 1045 4267 libero
1071 4211 1302 4267 arbitrio
1332 4212 1389 4265 in
1411 4210 1564 4265 nobis
1583 4211 1657 4265 ad

286 4292 525 4348 salutem
546 4299 889 4363 cooperante:
912 4293 971 4345 in
992 4309 1100 4369 qua
1129 4301 1253 4347 cu'm
1268 4291 1399 4364 plus
1418 4291 1650 4357 homini,

288 4389 461 4449 quam
490 4372 604 4426 Deo
629 4371 862 4434 tribuere
880 4371 1176 4448 videretur,
1194 4387 1434 4426 summos
1456 4371 1658 4425 adver·

284 4454 471 4509 sarias
525 4452 717 4508 habuit
751 4451 1145 4508 Dominicanos
1170 4454 1405 4521 aemuloS,
1460 4453 1558 4529 qui
1582 4450 1654 4507 B.

289 4534 616 4604 Augustini,
649 4534 745 4610 qui
781 4551 904 4589 cum
933 4533 1253 4604 Pelayianis
1290 4548 1353 4587 ea
1378 4532 1442 4587 de
1466 4549 1524 4588 re
1545 4538 1661 4586 tam

282 4615 563 4690 profunde
588 4621 636 4668 et
662 4620 738 4669 tot
758 4617 981 4689 scriptis
998 4615 1323 4689 disputavit,
1337 4615 1662 4670 sententiam

291 4701 352 4754 in
379 4695 630 4754 Ecclesia
650 4703 919 4769 receptam
939 4696 1251 4753 tuebamur.
1275 4692 1661 4759 Quamobrem

290 4777 583 4853 praecipua
609 4775 704 4831 via
732 4774 802 4831 ad
831 4774 1290 4850 investigandam
1334 4773 1657 4838 veritatem,

49 4859 80 4966 f,
288 4858 387 4914 vel
413 4856 723 4913 falsitatem
750 4857 1049 4913 sententiae
1069 4856 1321 4920 Molinae,
1354 4853 1417 4908 in
1438 4851 1665 4924 scriptis

290 4941 356 4995 D.
389 4938 697 5013 Augustini
738 4936 1087 5010 inquirenda
1124 4941 1228 5002 est,
1283 4941 1339 4992 et
1384 4934 1665 5008 praecipue

287 5021 353 5077 in
380 5020 467 5078 eis
496 5019 654 5084 lociS,
698 5019 762 5074 in
789 5017 995 5092 quibus
1021 5016 1091 5074 de
1128 5016 1315 5091 gratia
1339 5012 1659 5079 sufficienti,

1756 583 1813 635 et
1865 577 2072 634 efficaci
2101 593 2171 633 ex
2197 578 2446 651 professo
2473 576 2762 634 disseruit.
2801 577 3007 632 Nullus
3030 590 3127 632 au·

1756 661 1876 713 tem
1915 656 2236 715 evidentior
2276 659 2432 715 locus
2459 659 2607 714 circa
2633 655 2778 713 hanc
2820 655 3126 711 materiam

1762 739 2066 811 reperitur,
2099 754 2162 794 ac
2190 739 2253 795 in
2281 737 2431 795 libro
2470 736 2541 794 de
2573 742 2807 793 correct.
2839 742 2893 792 et
2916 734 3120 809 gratia,

1760 820 1941 892 capite
1987 822 2069 885 11,
2102 836 2229 876 cum
2282 818 2693 892 sequentibus:
2738 812 2888 873 unde
2927 832 3128 873 omnes

1761 898 2034 974 Theologi
2062 915 2258 955 veram
2282 898 2628 954 divisionem
2668 897 2867 972 gratiae
2889 895 3129 952 actualis

1763 980 1826 1034 in
1850 978 2241 1047 sufficientem,
2267 985 2324 1037 et
2343 978 2643 1044 efficacem,
2658 978 2980 1049 harumque
3002 990 3129 1047 pro-

1764 1059 1918 1131 prias
1941 1059 2201 1117 notiones
2224 1076 2295 1117 ex
2315 1058 2581 1132 praedicto
2603 1057 2931 1114 testimonio
2958 1055 3128 1112 desu-

1762 1145 1950 1207 munt,
1994 1145 2056 1196 ut
2081 1141 2334 1197 diximus
2371 1142 2515 1213 disp.
2544 1142 2597 1207 4,
2629 1139 2758 1194 dub.
2800 1142 2856 1203 7,
2887 1141 2918 1206 ς
2972 1139 3024 1193 5.
3060 1139 3129 1192 Et

1762 1221 2010 1286 merito;
2044 1237 2179 1277 nam
2223 1221 2340 1293 ipse
2366 1222 2421 1276 S.
2450 1222 2651 1276 Doctor
2690 1218 3010 1290 plurimum
3034 1216 3326 1317 inigfx'z‘ssffis·

1762 1302 1922 1375 operi
1944 1300 2125 1358 defert
2146 1302 2208 1358 in
2232 1302 2382 1358 libro
2402 1300 2471 1357 de
2492 1299 2638 1357 dono
2661 1298 3119 1373 perseverantiae,
3193 1297 3207 1308 “
3306 1295 3341 1306 “’

1763 1397 1887 1454 cap.
1925 1384 2007 1447 12,
2034 1381 2130 1438 ubi
2172 1383 2286 1439 ait:
2334 1382 2405 1439 In
2433 1381 2527 1436 illo
2553 1382 2707 1445 libro,
2749 1381 2905 1451 cujus
2931 1380 3127 1435 titulus

1764 1462 1829 1517 de
1853 1468 2079 1535 corrept.
2109 1470 2157 1516 et
2175 1465 2381 1532 qratia,
2414 1465 2509 1539 qui
2534 1463 2775 1536 sufficere
2802 1479 2910 1517 non
2950 1462 3126 1534 potuit

1765 1542 2016 1598 omnibus
2039 1542 2384 1598 dilectoribus
2409 1544 2630 1609 nustria,
2652 1549 2784 1615 puto
2810 1560 2893 1598 me
2919 1543 3000 1596 ita
3026 1558 3129 1613 po-

1766 1627 1937 1679 suisse
1954 1625 2158 1679 donum
2180 1624 2279 1680 Dei
2294 1642 2401 1679 esse
2413 1627 2581 1680 etiam
2599 1641 2938 1697 perseverare
2964 1640 3131 1698 usque

1768 1707 1829 1760 in
1847 1706 2026 1776 finem,
2051 1713 2111 1760 ut
2126 1706 2224 1760 Ιιοσ
2243 1713 2424 1773 antea,
2445 1708 2494 1761 εἰ
2506 1724 2590 1761 me
2610 1723 2715 1760 non
2736 1706 2889 1779 fallit
2907 1705 3127 1767 obtime,

1768 1793 1884 1841 tam
1903 1803 2165 1859 expresse,
2198 1794 2359 1865 atque
2390 1788 2678 1852 evidenter,
2712 1789 2795 1843 vel
2833 1802 3125 1862 nusquam,

1769 1869 1854 1922 vel
1870 1884 2000 1940 pene
2027 1885 2309 1945 nunquam
2334 1870 2663 1940 scripserim.

1845 1957 1899 2011 5.
1931 1956 2079 2029 Ergo
2109 1957 2171 2011 D.
2199 1956 2548 2030 Augustinus
2572 1972 2639 2013 eo
2655 1956 2775 2012 loco
2797 1954 3011 2027 duplex
3034 1954 3127 2010 ad·
3144 1968 3329 2012 musicis

1766 2036 2063 2110 jutorium,
2095 2038 2217 2093 sive
2263 2038 2546 2093 auxilium
2593 2036 2936 2109 distinguit:
2983 2020 3341 2118 alte-13⁰3&

1775 2131 1903 2172 rum
1931 2117 2047 2171 sine
2068 2134 2171 2191 quo
2198 2134 2326 2180 non,
2358 2115 2515 2172 aliud
2541 2134 2664 2172 cum
2691 2132 2794 2192 quo
2815 2134 2831 2168 .·
2871 2116 3127 2187 primum

1772 2194 2074 2261 sufficiens,
2119 2195 2430 2252 secundum
2458 2195 2653 2252 efficax
2688 2216 2699 2249 ε
2731 2194 2876 2250 illud
2898 2197 3127 2266 praestat

1775 2276 1996 2334 homini
2043 2292 2429 2349 perseverare,
2477 2276 2524 2330 si
2550 2277 2729 2341 velit3
2779 2275 2883 2331 hoc
2908 2279 3136 2345 praestat

1775 2355 2022 2421 homini,
2075 2362 2137 2412 ut
2163 2363 2285 2413 actu
2318 2362 2659 2429 perseveret.
2692 2355 3000 2427 Utriusque
3028 2370 3136 2410 au—

1776 2442 1891 2493 tem
1942 2439 2189 2495 rationes
2217 2437 2462 2510 explicat
2490 2437 2579 2492 his
2631 2435 2869 2492 verbis:
2928 2456 2953 2487 «
2996 2435 3134 2490 Tale

1782 2538 1807 2568 α
1849 2515 2058 2589 quippe
2082 2522 2203 2574 erat
2231 2515 2598 2590 adjutorium,
2655 2514 2803 2588 quod
2847 2514 3139 2572 desereret

1781 2617 1807 2648 (ι
1848 2599 2055 2670 (nempe
2099 2596 2373 2668 Adamas)
2416 2613 2545 2653 cum
2594 2598 2785 2667 vellet,
2817 2601 2873 2652 et
2917 2595 2981 2650 in
3021 2610 3134 2667 quo

1782 2696 1807 2726 «
1852 2682 2233 2748 permaneret,
2267 2677 2315 2732 si
2348 2677 2553 2733 vellet:
2580 2691 2694 2732 non
2721 2691 2832 2747 quo
2860 2673 3038 2741 fieret,
3072 2680 3135 2729 ut

1783 2776 1807 2806 «
1853 2757 2041 2812 vellet.
2095 2759 2221 2813 Haec
2265 2763 2348 2813 est
2376 2756 2565 2829 prima
2590 2756 2795 2830 gratia,
2827 2771 2954 2828 quae
3001 2753 3132 2811 data

1782 2855 1808 2887 «
1850 2840 1934 2891 est
1963 2837 2152 2908 primo
2178 2836 2361 2893 Adam
2394 2857 2408 2892 τ
2437 2835 2534 2892 sed
2572 2836 2687 2892 haec
2739 2834 3024 2908 potentior
3051 2839 3137 2890 est

1784 2937 1809 2967 α
1853 2917 1916 2972 in
1956 2917 2203 2975 secundo
2231 2917 2435 2975 Adam.
2469 2916 2668 2972 Prima
2707 2921 2792 2972 est
2819 2916 2997 2982 enim,
3027 2932 3141 2987 qua

1785 3018 1809 3048 ιι
1852 2995 1933 3064 fit,
1980 3003 2040 3054 ut
2080 2999 2285 3056 habeat
2329 2999 2501 3055 homo
2540 2996 2844 3071 justitiam,
2877 2995 2924 3052 si
2974 2997 3135 3052 velit.

1785 3099 1809 3129 α
1853 3079 2109 3137 Secunda
2147 3096 2281 3155 ergo
2318 3082 2444 3153 plus
2475 3083 2672 3152 potest,
2716 3094 2830 3151 qua
2850 3078 3024 3134 etiam
3048 3077 3131 3143 sst,

1785 3188 1811 3219 (ι
1858 3169 1919 3218 ut
1957 3161 2117 3218 velit.
2170 3181 2195 3211 n
2227 3163 2295 3215 Et
2324 3166 2646 3232 postpauca
2675 3159 2753 3215 ait
2795 3159 3032 3230 loquens
3070 3156 3141 3214 de

1777 3245 1964 3322 gratia
2023 3239 2324 3298 sufficienti
2388 3241 2608 3297 Adamo
2677 3240 3097 3297 communicata
3125 3261 3137 3295 ε

1786 3350 1811 3380 α
1854 3330 1969 3382 Nec
2014 3325 2115 3380 illa
2141 3324 2372 3397 quidem
2416 3339 2592 3396 parva
2630 3324 2816 3400 gratia
2855 3330 2996 3388 erat,
3029 3338 3143 3394 qua

1786 3431 1812 3461 α
1853 3405 2243 3462 demonstrata
2268 3410 2351 3460 est
2376 3405 2549 3461 etiam
2581 3405 2832 3476 potentia
2855 3403 3026 3459 liberi
3055 3418 3146 3458 ar-

1788 3510 1812 3541 «
1856 3484 2017 3542 bitrii
2043 3508 2057 3551 ;
2088 3484 2365 3556 quoniam
2392 3484 2473 3540 sic
2501 3483 2897 3557 adjuvabatur,
2926 3487 2987 3537 ut
3014 3482 3142 3538 sine

1788 3591 1814 3621 α
1856 3567 1962 3623 hoc
1988 3564 2268 3639 adjutorio
2295 3567 2359 3620 in
2387 3563 2536 3620 bono
2564 3580 2680 3620 non
2708 3568 2968 3619 maneret
3000 3587 3013 3629 ;
3044 3561 3143 3618 sed

1789 3672 1814 3703 α
1858 3649 1961 3704 hoc
1988 3646 2356 3720 adjutorium,
2382 3646 2432 3701 si
2461 3646 2651 3713 vellet,
2678 3644 2980 3701 desereret.
3014 3644 3143 3697 Haec

1790 3752 1815 3782 «
1858 3733 2049 3785 autem
2077 3726 2343 3796 (videlicet
2378 3728 2567 3794 qratia
2593 3726 2792 3797 efficax
2827 3725 2961 3778 data
2999 3740 3141 3795 prae-

1791 3832 1815 3862 a
1857 3809 2165 3877 destinatis)
2193 3811 2350 3862 tanto
2385 3807 2570 3879 major
2607 3811 2709 3871 est,
2758 3809 2818 3859 ut
2843 3820 3047 3877 parum
3069 3804 3145 3858 sit

1792 3911 1816 3942 «
1860 3886 2082 3944 homini
2112 3885 2401 3958 perillam
2451 3899 2721 3957 reparare
2755 3882 3037 3955 perditam
3066 3883 3144 3938 li·-

1792 3992 1817 4023 «
1861 3967 2160 4032 bertatem,
2195 3981 2397 4038 parum
2441 3966 2515 4020 sit
2550 3964 2794 4037 denique
2835 3979 2952 4020 non
2983 3980 3144 4037 posse

1793 4071 1818 4103 «
1860 4049 1987 4104 sine
2019 4048 2121 4102 illa
2168 4048 2261 4102 vel
2303 4045 2733 4117 apprehendere
2779 4043 3015 4108 bonum,
3049 4045 3140 4100 vel

1794 4153 1819 4185 «
1864 4144 2203 4204 permanere
2231 4128 2292 4184 in
2322 4125 2487 4193 bon0,
2520 4128 2567 4181 si
2606 4127 2762 4194 velit,
2795 4126 2907 4181 nisi
2938 4123 3145 4181 efficia-

1794 4233 1820 4264 «
1863 4216 1956 4266 tur
2003 4214 2064 4265 ut
2089 4208 2246 4265 velit.
2281 4228 2306 4259 π»
2366 4208 2434 4261 Et
2462 4207 2616 4263 infra
2638 4211 2932 4280 postquam
2955 4204 3147 4261 decla-

1790 4291 2006 4348 raverit
2052 4289 2302 4363 qualiter
2335 4286 2588 4344 Adamas
2609 4286 2809 4343 habuit
2855 4285 3142 4342 auxilium

1788 4371 2092 4435 sufficiens,
2117 4385 2230 4441 quo
2254 4372 2437 4442 posset
2459 4382 2842 4440 perseverare,
2865 4381 2983 4422 non
3012 4380 3149 4422 vero

1789 4450 2004 4518 efficax,
2062 4454 2123 4504 ut
2168 4451 2292 4503 actu
2346 4452 2757 4518 perseveraret,
2805 4445 3008 4501 asserit
3048 4444 3152 4500 hoc

1793 4529 2074 4604 posterius
2090 4526 2386 4584 auxilium
2415 4526 2664 4583 conferri
2689 4523 3106 4598 praedestinatis
3137 4543 3148 4578 :

1798 4633 1825 4664 α
1856 4613 1925 4665 Et
1946 4614 2118 4674 tant0,
2144 4610 2343 4684 inquit,
2375 4609 2624 4680 amplius
2644 4606 2812 4663 datur
2834 4623 2934 4680 per
2952 4608 3148 4663 Jesum

1799 4716 1825 4745 (ι
1854 4690 2147 4747 Christum
2186 4687 2499 4745 Dominum
2531 4692 2812 4753 nostrum,
2858 4686 3067 4759 quibus
3094 4685 3153 4741 id

1800 4794 1826 4826 α
1854 4770 2117 4828 dareDeo
2140 4768 2367 4841 placuit,
2396 4773 2458 4823 ut
2478 4784 2594 4825 non
2621 4768 2807 4825 solum
2832 4766 2997 4832 adsit,
3026 4766 3154 4822 sine

1800 4873 1827 4905 α
1855 4865 1967 4923 quo
1994 4861 2336 4919 permanere
2388 4861 2506 4902 non
2553 4861 2870 4918 possumus,
2919 4844 3149 4900 etiamsi

1801 4954 1828 4983 ιι
1857 4929 2125 4994 velimus3
2149 4942 2353 4984 verum
2381 4925 2555 4981 etiam
2578 4930 2824 4990 tantum,
2841 4941 2904 4981 ac
2928 4925 3041 4980 tale
3056 4924 3150 4987 sit,

1802 5032 1829 5062 α
1860 5013 1923 5065 ut
1948 5006 2224 5064 velimus.
2247 5008 2345 5061 Est
2369 5005 2578 5078 quippe
2604 5003 2669 5060 in
2696 5002 2862 5061 nobis
2885 5003 3156 5075 perhanc
