3647 5753
125 2326 260 2376 Argu·

101 2379 283 2416 menium

125 2429 258 2467 relos·

117 2479 280 2525 quatur.

1424 446 1603 502 mse.
1647 431 1768 513 vn,
1814 445 1981 500 nusi
2023 445 2117 502 111.
2438 431 2451 441 '
3092 440 3168 494 79

298 618 564 676 scientiae
607 619 815 677 mediae
864 619 1025 694 Tyrii
1082 616 1471 692 praeveniendi
1511 621 1682 681 erant

301 700 495 772 gratia
516 716 797 776 congrua,
825 702 928 758 hoc
948 706 1049 767 est,
1096 702 1512 757 communicata
1540 699 1680 771 ipsis

309 782 372 837 in
393 796 463 838 eo
485 787 771 855 tempore,
800 782 862 837 in
882 798 992 855 quo
1015 784 1161 838 Deus
1183 781 1526 853 praeviderat
1549 781 1679 836 illos

309 877 695 921 consensuros
725 863 848 920 fore
880 885 893 919 ε
924 861 1103 919 Judaei
1130 878 1267 920 vero
1293 878 1423 918 cum
1452 866 1680 934 possent

313 944 497 999 simili
544 944 736 1018 gratia
782 944 996 1010 vocari,
1028 942 1097 1000 de
1138 943 1281 1000 facto
1321 951 1515 1000 tamen
1555 942 1672 1012 illi,

316 1040 454 1096 quos
500 1023 765 1079 Christus
818 1022 1287 1095 reprehendebat,
1345 1025 1446 1079 tali
1492 1023 1678 1097 gratia

317 1123 430 1163 non
467 1108 698 1164 fuerant
738 1107 942 1163 vocati.
991 1105 1151 1162 Unde
1175 1106 1224 1161 si
1272 1112 1675 1179 argumentum

318 1187 534 1260 aliquid
564 1187 785 1259 probat,
817 1186 1016 1243 suadet
1040 1186 1264 1243 Judaeos
1291 1187 1538 1258 potuisse
1565 1201 1678 1243 res-

318 1265 567 1339 pondere
593 1283 655 1323 se
683 1283 801 1323 non
828 1273 1179 1331 convertere,
1213 1271 1269 1322 et
1306 1265 1513 1338 Tyrios
1538 1279 1677 1322 con-

318 1346 638 1413 vertendos,
684 1349 819 1419 quia
848 1347 957 1418 ipsi
996 1344 1454 1403 destituebantur
1490 1346 1677 1420 gratia

317 1442 583 1501 congrua,
609 1443 736 1499 quae
764 1426 959 1500 Tyriis
979 1425 1248 1482 adfutura
1276 1425 1490 1492 fuisset,
1521 1432 1576 1482 et
1598 1426 1676 1483 ita

318 1507 590 1582 injustam
642 1507 946 1564 redderent
1009 1507 1221 1562 Christi
1271 1507 1676 1578 reprehensio-

318 1603 470 1643 nem.
527 1588 857 1644 Praesertim
903 1602 1032 1643 cum
1085 1584 1417 1643 Adversarii
1466 1602 1676 1659 negare

317 1685 433 1725 non
463 1669 711 1734 valeant,
742 1669 987 1741 gratiam
1016 1667 1210 1740 Tyriis
1237 1666 1676 1723 communican-

314 1750 446 1807 dam
493 1750 753 1804 t'utnram
804 1748 976 1804 fuisse
1014 1747 1294 1819 maiorem
1343 1747 1404 1802 in
1453 1749 1676 1804 ratione

314 1832 531 1906 gratiae,
575 1836 632 1887 et
677 1830 937 1887 beneficii
971 1873 985 1896 ,
1033 1831 1176 1885 alias
1213 1829 1480 1886 discretio
1520 1831 1675 1887 inter

314 1914 540 1986 Tyrios,
589 1919 646 1968 et
697 1913 1018 1967 Corozattas
1062 1911 1285 1965 nullam
1331 1917 1676 1983 supponeret

314 1994 717 2051 discretionem
771 2008 841 2048 ex
887 1997 1041 2063 parte
1080 1991 1297 2065 gratiae,
1346 1991 1444 2048 sed
1488 1998 1675 2048 stante

315 2073 651 2131 omnimoda
672 2072 996 2145 aequalitate
1017 2073 1078 2127 in
1101 2073 1337 2129 auxiliis
1357 2072 1523 2147 Tyrii
1544 2087 1673 2128 con-

317 2158 678 2211 verterentur
701 2174 713 2208 :
733 2159 898 2224 atque
913 2152 1039 2209 ideo
1057 2158 1299 2224 possent,
1328 2155 1674 2209 reclamante

314 2236 580 2307 Apostolo
633 2236 677 2296 l,
728 2234 803 2287 ad
850 2233 1101 2290 Corinth.
1145 2235 1199 2296 4,
1251 2232 1524 2290 adversus
1566 2233 1672 2286 Ju-

314 2316 464 2373 daeos
492 2315 709 2372 inflari.
743 2314 908 2371 Unde
948 2315 1186 2370 ulterius
1216 2323 1441 2387 possent
1491 2313 1670 2370 Judaei

315 2397 528 2453 Christi
557 2394 1047 2468 increpationibus
1090 2394 1432 2467 respondere
1459 2417 1493 2466 :¹
1525 2394 1671 2459 Quid

315 2479 533 2535 mirum
557 2478 764 2552 Tyrios
782 2475 1214 2540 convertendos,
1266 2492 1406 2547 quos
1432 2476 1671 2549 majori-

315 2560 420 2615 bus
445 2557 693 2615 afficeres
715 2555 1005 2613 beneficiis
1026 2560 1052 2612 Ρ
1073 2558 1142 2610 Et
1161 2556 1299 2627 quid
1326 2557 1541 2611 mirum
1568 2573 1672 2613 nos

314 2655 433 2698 non
454 2637 729 2703 converti,
762 2653 902 2710 quos
928 2637 1113 2710 gratia
1141 2652 1391 2710 congrua
1417 2652 1534 2693 non
1557 2636 1672 2692 affi-

309 2721 408 2787 ciS,
440 2718 537 2776 sed
562 2720 620 2775 in
649 2719 732 2774 eis
774 2716 1180 2785 occasionibuS,
1208 2722 1264 2773 et
1290 2723 1545 2789 tempore
1567 2733 1671 2773 nos

308 2799 671 2863 constituisti,
698 2798 762 2853 in
791 2795 999 2869 quibus
1025 2802 1178 2854 certo
1207 2795 1538 2869 praesciebas
1567 2812 1670 2854 nos

309 2884 413 2939 tibi
440 2883 779 2938 restituros?
801 2881 884 2936 Ad
913 2895 1038 2952 quae
1067 2880 1235 2944 nihil,
1268 2879 1415 2953 quod
1441 2895 1669 2953 respon·

301 2963 492 3028 deant,
530 2961 739 3019 habent
765 2961 1019 3017 scientia}
1046 2960 1249 3016 mediae
1280 2960 1525 3033 patroni,
1556 2961 1668 3016 nisi

303 3046 723 3120 praescientiam
755 3045 920 3100 illam
952 3042 1068 3100 non
1097 3044 1386 3116 pertinere
1406 3043 1475 3100 ad
1499 3044 1670 3100 auxi-

305 3128 379 3184 lia
394 3126 752 3191 sufficientia,
771 3125 979 3198 quibus
992 3126 1664 3200 converterentur'l'yriiz

302 3215 357 3266 et
394 3209 711 3265 carentiam
757 3208 1129 3279 praescientiae
1159 3208 1310 3263 nihil
1339 3206 1669 3265 diminuere

303 3289 370 3348 de
397 3289 636 3345 auxiliis
680 3289 1110 3354 sufficientibus,
1167 3288 1372 3361 quibus
1410 3288 1667 3345 converti

304 3375 565 3443 poterant
585 3371 614 3422 J
623 3368 790 3434 udaei,
818 3376 983 3441 atque
1005 3368 1133 3425 ideo
1155 3369 1362 3425 merito
1384 3370 1521 3425 istos
1546 3368 1670 3425 illo-

306 3466 435 3505 rum
465 3450 896 3521 comparatione
924 3449 1214 3520 increpari
1246 3472 1260 3514 ;
1290 3449 1500 3522 quippe
1537 3463 1666 3504 cum

304 3529 533 3601 utrique
587 3528 807 3583 fuerint
866 3528 927 3583 in
987 3534 1111 3583 actu
1179 3529 1370 3600 primo
1434 3544 1668 3600 prorsus

305 3610 565 3682 aequales.

387 3692 505 3747 117.
552 3688 661 3745 Sed
689 3689 809 3745 haec
838 3690 1134 3761 responsio
1160 3689 1209 3745 si
1233 3690 1397 3764 juxta
1447 3689 1667 3762 princi-

305 3771 397 3841 pia
476 3769 732 3826 scientias
777 3769 982 3825 mediae
1033 3769 1337 3826 veritatem
1390 3771 1661 3836 continet,

307 3847 498 3905 firmat
548 3864 913 3905 communem
961 3849 1328 3915 solutionem,
1381 3866 1489 3923 qua
1520 3865 1667 3921 prae-

305 3931 453 3989 dicto
518 3936 856 4004 argumento
945 3932 1256 3988 Thomistae
1341 3937 1663 3999 occurrunt,

313 4027 517 4084 nempe
562 4011 688 4067 ideo
733 4010 1026 4066 Christum
1053 4017 1206 4068 certo
1255 4012 1669 4084 praenuntiasse

312 4092 743 4148 conversionem
771 4090 1102 4164 Tyriorum,
1134 4092 1270 4163 quia
1299 4094 1444 4147 Deus
1470 4092 1669 4150 decre-

315 4176 471 4247 verat
490 4170 753 4228 conferre
773 4170 912 4242 ipsis
934 4172 1223 4228 auxilium
1248 4172 1463 4239 efficax,
1496 4175 1543 4230 si
1573 4190 1669 4230 co-

317 4267 437 4307 ram
478 4251 561 4307 eis
589 4248 793 4306 fierent
818 4249 982 4323 signa
1021 4267 1146 4324 quae
1173 4251 1318 4308 facta
1343 4259 1479 4309 sunt
1517 4253 1669 4326 apud

314 4335 648 4399 Cozoraltas,
698 4330 906 4404 quibus
932 4338 1127 4390 tamen
1156 4349 1270 4390 non
1317 4335 1471 4392 dedit
1499 4337 1655 4393 auxi-

319 4412 456 4469 lium
496 4412 710 4477 efficax‚
759 4418 824 4468 ut
862 4420 1353 4472 converterentur.
1399 4417 1670 4482 Quocirca

313 4491 895 4551 testimonium-illud
944 4492 1016 4550 ab
1081 4494 1350 4552 omnibus
1390 4497 1452 4553 in
1519 4498 1671 4554 hunc

315 4574 546 4630 modum
570 4573 979 4648 exponendum
1005 4580 1107 4642 est,
1142 4582 1203 4631 ut
1229 4577 1575 4650 significavit
1603 4581 1663 4637 D.

315 4657 557 4728 Prosper
582 4655 652 4712 ad
679 4661 947 4727 excerpta
998 4657 1408 4725 Genuensium,
1440 4663 1501 4714 in
1526 4678 1668 4735 resp.

313 4739 384 4793 ad
408 4739 532 4795 dub.
577 4740 632 4805 8,
677 4739 768 4795 his
797 4737 994 4796 verbis
1028 4758 1041 4793 :
1088 4741 1168 4795 De
1211 4741 1406 4814 Tyriis
1435 4757 1588 4811 ver0,
1618 4749 1673 4802 et

314 4820 559 4877 Sidoniis
583 4820 718 4894 quid
747 4818 911 4878 aliud
934 4835 1240 4893 possumus
1259 4821 1467 4890 dicere,
1499 4841 1671 4897 quam

317 4917 428 4958 non
446 4916 566 4958 esse
584 4902 665 4959 eis
684 4901 890 4959 datum
916 4905 980 4955 ut
998 4900 1313 4968 crederent,
1332 4920 1472 4976 quos
1498 4906 1672 4962 etiam

315 4981 616 5039 credituros
642 4983 823 5040 fuisse
851 4984 981 5054 ipsa
1004 4981 1230 5037 Veritas
1248 4980 1405 5045 dicit.
1430 4985 1480 5041 si
1510 4986 1668 5053 talia,

314 5061 500 5134 qualia
525 5064 667 5136 apud
695 5080 807 5122 nos
834 5060 1138 5120 credentes
1173 5061 1318 5119 facta
1363 5071 1516 5134 sunt,
1548 5068 1675 5122 vir-

1810 619 1995 672 tutum
2044 618 2207 691 signa
2258 615 2538 672 vidissent
2558 617 2584 670 ⁴?
2636 616 2823 678 Quare
2850 617 3040 668 autem
3065 611 3168 667 hoc

1809 696 1893 753 eis
1921 703 2188 771 negatum
2220 697 2410 762 fuerit,
2455 694 2665 761 dicant,
2706 693 2757 748 si
2787 698 3037 765 possunt,
3066 691 3164 763 qui

1810 778 2258 844 calumniantur,
2308 784 2364 835 et
2409 776 2710 835 ostendant
2750 791 2851 831 cur
2896 773 3043 846 apud
3071 790 3166 830 eos

1811 860 2089 916 Dominus
2116 858 2428 925 mirabilia,
2478 857 2683 930 quibus
2720 855 3017 928 profutura
3047 870 3161 910 non

1808 947 1993 1006 erant,
2044 940 2261 997 fecerit.
2317 942 2589 1005 Quamvis
2641 945 2832 995 autem
2877 938 3164 994 auxilium

1808 1020 2001 1077 efficax
2018 1019 2185 1077 addat
2202 1019 2418 1093 aliquid
2434 1034 2607 1092 supra
2625 1019 2927 1082 sufficiens,
2951 1015 3161 1073 nedum

1808 1102 2018 1159 inesse
2066 1101 2347 1168 beneficii,
2396 1101 2493 1158 sed
2533 1102 2706 1167 etiam
2738 1100 2799 1155 in
2820 1115 2941 1155 esse
2966 1100 3164 1172 gratim

1807 1185 2105 1242 entitative
2125 1190 2386 1257 sumptas,
2413 1190 2468 1240 et
2487 1186 2515 1238 J
2525 1183 2667 1239 udaei
2690 1182 2982 1238 caruerint
3004 1181 3165 1236 auxi·

1808 1267 1888 1324 lio
1911 1266 2119 1323 efficaci
2155 1289 2169 1333 ;
2207 1266 2525 1341 justissime
2552 1265 2935 1322 nihilominus
2966 1277 3164 1334 repre-

1808 1349 1972 1406 hensi
1998 1355 2133 1404 sunt
2160 1350 2223 1405 in
2249 1365 2316 1407 eo
2341 1348 2490 1420 quod
2518 1364 2636 1405 non
2662 1362 2722 1402 se
2748 1345 3160 1410 converterint,

1806 1430 1941 1501 quia
1958 1429 2241 1485 auxilium
2264 1428 2457 1486 efficax
2480 1444 2597 1484 non
2620 1427 2865 1500 pertinet
2881 1424 2951 1480 ad
2975 1430 3160 1480 actum

1802 1511 2081 1583 primum,
2107 1527 2208 1568 nec
2226 1512 2348 1584 ejus
2367 1511 2621 1567 carentia
2643 1508 2920 1564 diminuit
2941 1506 3161 1580 aliquid

1804 1591 1876 1648 de
1902 1597 2172 1663 potestate
2219 1591 2525 1664 proxima:
2582 1589 2796 1661 potenti
2851 1597 3062 1648 autem,
3107 1594 3163 1644 et

1804 1674 2053 1747 obligato
2081 1673 2148 1729 ad
2180 1672 2523 1735 faciendum,
2555 1678 2611 1728 et
2639 1686 2754 1728 non
2786 1671 3014 1727 facienti
3044 1670 3162 1725 im—

1806 1760 2036 1826 putatur
2076 1755 2329 1811 omissi0.
2377 1755 2616 1825 Fuitque
2661 1752 2974 1823 increpatio
3008 1751 3161 1822 justa

1805 1848 1922 1890 non
1943 1835 2130 1890 solum
2154 1834 2427 1899 absolute,
2452 1833 2550 1890 sed
2577 1833 2750 1889 etiam
2772 1830 3161 1903 comparative

1805 1913 1874 1968 ad
1928 1914 2176 1988 Tyrios;
2228 1931 2364 1971 nam
2408 1912 2723 1985 increpatio
2768 1910 3159 1983 comparativa

1805 1994 2078 2051 fundatur
2104 1995 2167 2050 in
2213 1995 2533 2067 aequalitate
2573 1992 2882 2065 potestatis,
2914 1998 2969 2046 et
3007 1989 3159 2046 obli—

1802 2075 2051 2148 gationis
2077 2099 2090 2140 ;
2122 2081 2177 2131 et
2199 2076 2328 2131 talis
2357 2080 2597 2146 potestas
2626 2072 2897 2128 innititur
2925 2070 3161 2127 auxiliis

1805 2155 2227 2228 pertinentibus
2271 2156 2339 2212 ad
2381 2162 2565 2211 actum
2621 2154 2898 2226 primum,
2955 2158 3011 2208 et
3043 2166 3158 2207 non

1802 2236 2167 2291 constituitur
2197 2252 2296 2307 per
2328 2252 2395 2291 ea
2422 2251 2545 2308 quas
2594 2239 2845 2306 spectant
2874 2232 2941 2288 ad
2971 2237 3158 2287 actum

1802 2316 2131 2384 secundum,
2184 2316 2498 2390 cujusmodi
2525 2322 2608 2372 est
2635 2314 2916 2371 auxilium
2940 2312 3154 2368 efficax.

1803 2398 2132 2454 Praesertim
2152 2413 2282 2454 cum
2309 2395 2488 2452 Judaei
2519 2412 2616 2469 per
2646 2395 2885 2466 repetita
2913 2398 3151 2465 peccata,

1801 2481 1857 2533 et
1884 2477 2316 2534 frustrationem
2360 2475 2877 2532 innumerabilium
2908 2474 3157 2529 auxilio—

1803 2573 1933 2612 rum
1961 2557 2361 2614 sufficientium
2388 2574 2446 2614 se
2475 2555 2833 2613 reddiderint
2856 2554 3044 2628 gratia
3069 2553 3159 2610 ef-

1802 2636 1956 2694 ficaci
2004 2638 2361 2712 indigniores
2422 2653 2536 2710 prae
2580 2636 2791 2709 TyriiS,
2854 2635 2951 2707 qui
3000 2639 3157 2690 tanta

1801 2716 2076 2774 beneficia
2123 2721 2392 2774 hactenus
2420 2733 2535 2774 non
2584 2721 2934 2788 acceperant.
2984 2718 3152 2780 Nam,

1803 2802 1862 2852 ut
1901 2798 2088 2870 inquit
2117 2794 2204 2854 D-.‘
2231 2799 2436 2854 Thom.
2467 2799 2519 2862 3,
2573 2804 2762 2852 contra
2805 2801 2984 2866 yentes
3030 2812 3152 2868 cap.

1810 2880 1928 2943 159,
1959 2881 2087 2936 licet
2113 2880 2320 2951 aliquis
2350 2896 2447 2953 per
2474 2885 2696 2936 motum
2727 2879 2895 2935 liberi
2926 2876 3154 2934 arbitrii

1798 2957 2058 3014 divinam
2082 2960 2327 3033 gratiam
2358 2975 2456 3015 nec
2486 2958 2824 3031 promereri,
2860 2974 2961 3014 nec
2989 2957 3158 3014 advo·

1799 3056 1929 3096 care
1975 3042 2148 3113 possit
2180 3064 2191 3106 ;
2233 3047 2412 3113 potest
2450 3048 2642 3098 tamen
2688 3040 2938 3112 seipsum
2968 3040 3158 3111 impe-

1799 3120 1943 3189 dire,
1998 3136 2070 3177 ne
2095 3136 2223 3177 eam
2268 3121 2541 3193 recipiat:
2590 3126 2648 3177 et
2691 3136 2819 3175 cum
2863 3121 2966 3176 hoc
2990 3121 3065 3174 sit
3092 3120 3156 3174 in

1800 3206 2070 3273 potestate
2099 3200 2265 3257 liberi
2291 3200 2539 3264 arbitrii,
2574 3216 2690 3256 non
2719 3200 3012 3256 immerito
3039 3201 3154 3256 im-

1801 3286 2031 3353 putatnr
2083 3280 2153 3346 ei,
2227 3282 2323 3353 qui
2379 3280 2857 3353 impedimentum
2928 3286 3154 3353 praestat

1796 3361 1995 3436 gratiae
2018 3361 2345 3433 receptioni.

1884 3445 1900 3498 l
1920 3444 2352 3510 18.Diximus,si
2372 3445 2478 3498 lianc
2491 3446 2765 3515 responsio
2783 3444 3151 3500 Adversari’o-
3186 3452 3341 3493 Praece-

1797 3527 2102 3597 rumjuoeta
2119 3528 2398 3598 principia
2419 3527 2649 3580 scientiar
2670 3526 2850 3580 media
2870 3527 3149 3579 veritatem
3168 3501 3366 3592 dffi-{lffist

1798 3609 2031 3662 continet
2052 3624 2070 3672 ,·
2096 3607 2230 3678 quia
2256 3608 2458 3664 stando
2500 3606 2779 3679 praedictis
2826 3606 3126 3679 principiis
3192 3608 3340 3650 urgen-

1796 3688 2006 3744 melius
2035 3695 2262 3760 possent
2291 3688 2633 3761 respondere
2659 3689 2857 3754 Judaei‚
2893 3689 3020 3745 ideo
3048 3650 3247 3745 οὺζῗιὲῗῖ
3262 3657 3355 3738 effi:

1797 3772 1980 3827 solute
2005 3788 2065 3827 se
2092 3786 2207 3826 non
2229 3776 2575 3837 convertere,
2600 3772 2733 3842 quia
2760 3770 3011 3827 absolute
3036 3787 3151 3827 non
3193 3756 3327 3837 ‘533‘

1799 3858 2077 3925 poterant.
2131 3854 2275 3907 Nam
2301 3857 2362 3906 ut
2381 3867 2551 3924 supra
2573 3855 2603 3921 ξ
2625 3854 2660 3907 3
2683 3851 3146 3925 ponderavimuS,

1798 3935 1847 3990 si
1880 3937 2023 3991 Deus
2050 3940 2181 3990 ante
2207 3949 2381 3991 omne
2406 3933 2694 3990 decretum
2726 3934 2973 3990 liberum
3004 3950 3154 4007 prae-

1798 4014 1946 4072 vidit
1988 4013 2210 4071 Judaeos
2249 4014 2570 4070 Corozaitas
2596 4014 3008 4072 convertendos
3036 4031 3153 4071 non

1799 4096 1922 4153 fore
1951 4095 2012 4151 in
2046 4111 2113 4151 eo
2166 4099 2439 4167 tempore,
2493 4095 2554 4150 in
2600 4111 2711 4167 quo
2763 4096 3020 4151 Christus
3060 4111 3154 4152 eos

1799 4175 2049 4243 docebat,
2093 4181 2150 4232 et
2194 4174 2647 4247 reprehendebat
2673 4200 2686 4241 ;
2715 4176 2973 4248 sequitur
3017 4191 3157 4232 con·
3242 4170 3245 4175 ’

1801 4258 2127 4313 versionem
2167 4271 2289 4311 esse
2327 4271 2396 4312 eo
2436 4261 2691 4328 tempore
2738 4255 3155 4328 impossibilem

1801 4353 1919 4394 non
1958 4338 2146 4393 solum
2173 4351 2242 4391 ex
2283 4336 2690 4409 suppositione,
2723 4343 2778 4393 et
2803 4352 3159 4409 consequen-

1801 4424 1908 4483 ter,
1961 4414 2057 4473 sed
2095 4416 2271 4473 etiam
2314 4415 2730 4483 antecedenter,
2772 4423 2828 4473 et
2878 4415 3153 4473 absolute.

1802 4501 1973 4573 Cujus
1996 4498 2142 4555 ratio
2167 4504 2269 4564 est,
2294 4500 2568 4570 quoniam
2595 4500 2893 4556 conversio
2919 4514 3036 4554 non
3065 4496 3187 4571 pos

1801 4586 1949 4637 terat
1973 4594 2040 4635 eo
2068 4585 2324 4650 tempore
2363 4578 2518 4650 poni,
2552 4578 2665 4634 nisi
2692 4580 2784 4635 vel
2810 4578 3157 4636 destruendo

1805 4660 2219 4735 praescientiam
2259 4659 2541 4725 divinam,
2585 4660 2732 4734 quod
2760 4667 2845 4717 est
2885 4661 3156 4735 impossi-

1803 4741 1937 4805 bile,
1962 4757 2091 4797 cum
2112 4740 2188 4795 sit
2211 4744 2424 4796 aeterna
2456 4763 2470 4806 3
2503 4742 2594 4798 vel
2619 4756 2746 4797 eam
2777 4741 3152 4807 falsificando,

1802 4822 1952 4897 quod
1997 4822 2170 4879 etiam
2203 4828 2497 4895 repugnat,
2530 4838 2659 4878 cum
2686 4823 2761 4878 sit
2801 4823 3154 4880 infallibilis.

1804 4908 1919 4962 Nec
1936 4908 2039 4965 est,
2084 4908 2181 4958 aut
2225 4901 2533 4974 aliquando
2561 4902 2670 4958 fuit
2713 4905 2983 4975 potentia,
3034 4921 3160 4978 quae

1806 4985 1969 5041 illam
1992 4983 2408 5055 praescientiam
2430 4982 2680 5054 quiverit
2702 4983 3014 5057 impedire:
3040 5000 3158 5041 non

1805 5063 2035 5139 quidem
2075 5063 2345 5130 increata,
2378 5063 2515 5135 quia
2540 5063 2779 5121 scientia
2807 5064 2998 5122 media
3018 5080 3158 5122 con-
