3647 5753
642 339 755 393 742
1572 336 1665 390 DE
1705 335 2028 390 INFLUXU
2068 335 2518 393 CHARITATIS.

646 508 808 565 ratis.
837 509 895 565 Si
919 514 1114 565 tamen
1143 508 1410 581 praedicta
1435 509 1620 583 major
1649 507 2010 582 intelligatur

645 592 715 648 de
743 596 1051 666 augmento
1078 607 1254 664 usque
1283 592 1345 647 in
1381 590 1680 647 infinitum
1704 589 2010 663 syncathe-

642 675 991 749 gorematice
1027 674 1342 731 secundum
1372 672 1528 746 quid,
1558 689 1658 730 seu
1700 671 1857 728 infra
1882 687 2009 728 cer-

644 764 767 814 tum
796 756 1062 831 gradum,
1096 762 1192 813 aut
1232 756 1302 812 de
1326 772 1394 812 ea
1422 755 1699 822 bonitate,
1724 770 1851 827 quae
1873 769 2009 827 pro-

644 838 806 894 venit
844 853 916 894 ex
952 838 1186 910 majori,
1216 842 1273 894 et
1299 836 1506 908 maJ'ori
1535 836 1883 898 intensione,
1915 835 2008 892 vel

644 919 969 984 duratione,
1022 920 1250 992 poterit,
1306 922 1362 974 et
1413 916 1580 974 debet
1631 914 1862 973 concedi
1890 937 1903 971 :
1951 920 2010 972 et

643 999 845 1058 eodem
896 999 1318 1072 proportionali
1359 998 1529 1054 modo
1579 996 2001 1072 distinguenda,

644 1082 767 1138 sive
806 1081 1149 1138 declaranda
1195 1085 1279 1137 est
1325 1079 1540 1146 minor,
1570 1084 1627 1136 et
1666 1079 1832 1153 juxta
1857 1077 2008 1133 dicta

644 1162 1022 1228 concedenda,
1054 1163 1146 1218 vel
1177 1159 1455 1234 neganda.

424 1229 611 1334 efflg,
720 1245 1052 1318 Explicatur
1111 1244 1216 1300 hoc
1262 1238 1800 1307 animadvertendo,
1855 1238 2005 1312 quod

428 1331 490 1375 no
512 1341 617 1384 ιπε-
645 1332 1025 1399 augmentum
1091 1325 1153 1380 in
1215 1322 1515 1380 infinitum
1561 1321 2006 1395 syncathegore-

424 1379 616 1474 oeflssssffis
644 1407 849 1464 matice
871 1413 1051 1480 potest
1065 1406 1191 1462 fieri
1209 1405 1514 1477 dupliciter
1537 1423 1549 1458 ε
1573 1407 1671 1459 aut
1693 1418 1793 1475 per
1816 1407 2005 1475 partes

451 1479 574 1524 “³¹¹ae
642 1488 921 1561 aliquotas
953 1494 1153 1554 certas,
1184 1492 1239 1542 et
1284 1484 1720 1549 determinatas,
1755 1497 2002 1554 quarum

639 1569 909 1642 quaslibet
930 1573 1131 1643 augeat
1154 1583 1207 1623 v.
1240 1583 1295 1641 g.
1327 1573 1389 1621 ut
1412 1567 1520 1621 duo
1536 1584 1554 1630 ,·
1592 1570 1648 1621 et
1669 1561 2003 1637 hujusmodi

638 1658 1013 1727 augmentum
1042 1652 1105 1707 in
1135 1650 1360 1706 ratione
1382 1647 1598 1704 infiniti
1622 1645 2003 1720 syncathego-

639 1733 912 1790 rematice
940 1738 1022 1790 est
1050 1732 1113 1787 in
1138 1729 1433 1786 infinitum
1469 1728 1843 1801 simpliciter;
1866 1724 2003 1798 quia

634 1813 788 1886 quod
840 1814 921 1870 sic
979 1816 1235 1886 augetur,
1294 1814 1477 1882 potest
1532 1823 1782 1866 crescere
1849 1806 2004 1863 ultra

634 1894 955 1967 quamlibet
971 1900 1183 1950 certam
1196 1890 1818 1966 magnitudinem,cum
1839 1888 2003 1944 nulla

634 1975 715 2030 sit
741 1973 1131 2048 designabilis,
1158 1972 1228 2029 ad
1254 1988 1448 2045 quam,
1475 1976 1531 2027 et
1556 1971 1712 2027 ultra
1738 1985 1842 2041 per
1862 1983 2002 2025 con-

637 2056 865 2113 tinuam
888 2058 1126 2113 illarum
1167 2054 1420 2127 partium
1451 2051 1852 2125 repetitionem
1882 2066 2002 2107 non

638 2139 814 2211 possit
836 2137 1151 2210 perveniri.
1191 2140 1362 2193 Actus
1404 2140 1584 2212 potest
1605 2132 1734 2190 fieri
1760 2128 2000 2205 praedic-

636 2227 760 2274 tum
803 2223 1177 2294 augmentum
1208 2233 1308 2289 per
1331 2222 1518 2289 partes
1547 2214 2000 2288 proportionales

636 2303 915 2366 minores,
949 2307 1116 2372 atque
1156 2299 1414 2355 minores
1452 2310 1809 2371 quacumque
1847 2300 2000 2353 certa

635 2383 954 2454 quantitate
998 2381 1243 2452 signata,
1293 2393 1541 2450 quarum
1583 2381 1788 2433 neutra
1834 2381 2000 2449 auget

630 2463 783 2519 sicut
821 2463 976 2527 alia;
1019 2460 1115 2517 sed
1162 2460 1211 2515 si
1254 2459 1446 2531 prima
1472 2463 1639 2532 auget
1665 2464 1723 2512 ut
1749 2456 1875 2524 duo,
1905 2473 1999 2513 se-

635 2540 824 2599 cunda
850 2547 1013 2614 auget
1033 2542 1220 2597 solum
1243 2547 1303 2594 ut
1328 2558 1520 2606 unum,
1553 2538 1722 2594 tertia
1751 2545 1809 2592 ut
1835 2539 2000 2593 dimi-

580 2639 583 2642 ·
625 2626 807 2694 dium,
837 2628 895 2680 et
918 2629 1120 2696 quarta
1150 2629 1210 2678 ut
1236 2623 1535 2677 dimidium
1559 2621 1803 2685 dimidii,
1836 2624 1894 2676 et
1918 2619 1999 2676 sic

626 2704 704 2762 de
725 2704 964 2776 reliquis
988 2704 1049 2759 in
1072 2703 1287 2767 minus,
1313 2708 1365 2758 et
1390 2704 1587 2758 minus
1615 2717 1792 2774 usque
1814 2700 1877 2756 in
1898 2701 1999 2757 in-

630 2784 889 2840 finitum.
938 2783 1007 2836 Et
1039 2781 1188 2854 quod
1209 2782 1290 2836 sic
1312 2788 1571 2855 augetur,
1604 2782 1791 2837 solum
1820 2796 1998 2855 auge-

629 2857 725 2921 tur
751 2862 816 2919 in
839 2859 1141 2919 infinitum
1166 2860 1485 2918 secundum
1527 2860 1686 2935 quid,
1719 2859 1906 2918 adhuc
1929 2859 1994 2917 in

633 2945 857 3002 ratione
896 2942 1115 2999 infiniti
1159 2942 1815 3017 syncathegorematice3
1859 2941 1995 3015 quia

630 3035 815 3084 totum
863 3026 965 3082 hoc
1024 3032 1400 3100 augmentum
1454 3023 1518 3080 fit
1570 3025 1729 3081 infra
1772 3030 1993 3081 certum

631 3107 1049 3183 magnitudinis
1070 3105 1335 3180 gradum,
1382 3112 1519 3180 puta
1559 3110 1623 3161 ut
1659 3105 1889 3180 viginti,
1923 3104 1993 3162 ad

625 3206 800 3264 quem
838 3194 1342 3261 quantumcunque
1396 3188 1618 3261 aliquid
1668 3188 1749 3244 sic
1804 3188 1869 3243 in
1897 3187 1994 3244 in-

628 3270 860 3328 finitum
891 3274 1180 3343 augeatur,
1209 3285 1509 3341 nunquam
1534 3269 1839 3343 pertinget.

700 3353 791 3408 48.
825 3353 1002 3426 Igitur
1023 3349 1253 3423 quando
1281 3357 1435 3406 actus
1463 3351 1527 3406 in
1554 3349 1810 3407 bonitate
1836 3366 1992 3408 cres-

625 3433 703 3490 cit
744 3435 968 3491 ratione
995 3432 1360 3498 intensionis,
1388 3433 1480 3488 vel
1507 3431 1850 3500 durationis,
1886 3448 1993 3489 au·-

625 3521 792 3590 getur
817 3517 939 3590 ejus
975 3515 1201 3573 bonitas
1244 3531 1346 3587 per
1376 3519 1564 3587 partes
1605 3515 1908 3587 aliquotas,
1935 3519 1993 3571 et

626 3595 841 3670 gradus
861 3602 1045 3654 certos
1061 3617 1074 3658 ;
1099 3600 1180 3651 tot
1205 3596 1364 3651 enim
1392 3600 1527 3651 sunt
1554 3595 1618 3651 in
1645 3595 1839 3667 aliquo
1866 3599 1991 3651 actu

625 3677 838 3751 gradus
872 3676 1168 3741 bonitatiS,
1201 3682 1338 3749 quot
1374 3680 1511 3731 sunt
1561 3676 1626 3731 in
1662 3691 1729 3732 eo
1778 3675 1992 3751 gradus

625 3758 992 3822 intensionis,
1024 3761 1080 3813 et
1105 3763 1243 3828 quot
1268 3763 1405 3813 sunt
1431 3761 1622 3830 partes
1666 3772 1785 3813 suaa
1811 3755 1991 3813 dura-

624 3840 835 3907 tionis3
880 3837 1031 3895 unde
1066 3843 1247 3910 potest
1272 3854 1526 3895 crescere
1553 3853 1731 3911 usque
1758 3838 1821 3893 in
1851 3836 1990 3894 infi-

624 3921 814 3977 nitum
842 3920 1186 3992 simpliciter
1225 3920 1290 3975 in
1340 3919 1564 3976 ratione
1612 3918 1829 3975 infiniti
1856 3936 1990 3995 syn-

620 4001 1131 4076 cathegorematice
1161 4024 1174 4056 ι
1204 4000 1301 4058 sed
1328 4001 1464 4073 quia
1485 4000 1707 4071 quoties
1728 4006 1885 4056 actus
1906 4002 1990 4059 sic

623 4086 847 4149 crescit,
868 4083 1070 4140 crescit
1093 4083 1269 4138 etiam
1310 4081 1510 4139 eodem
1534 4080 1705 4139 modo
1735 4082 1983 4157 physice,

621 4172 681 4224 et
732 4166 1056 4224 formaliter
1104 4162 1306 4219 modus
1346 4162 1665 4231 charitatis,
1715 4165 1811 4235 qui
1853 4178 1987 4222 eum

624 4248 924 4314 informat,
944 4248 1109 4322 juxta
1134 4245 1284 4302 dicta
1312 4263 1469 4301 num.
1513 4247 1607 4312 43,
1642 4261 1761 4302 non
1807 4253 1988 4319 potest

623 4330 877 4405 intelligi
939 4345 1011 4385 ex
1058 4326 1388 4401 hujusmodi
1455 4333 1781 4401 augmento,
1838 4328 1988 4401 quod

623 4410 926 4484 praedictus
966 4409 1170 4466 modus
1215 4410 1291 4464 sit
1334 4409 1397 4463 in
1445 4406 1726 4481 dignitate
1775 4407 1983 4466 infini-

621 4498 744 4556 tus;
768 4493 886 4548 imo
910 4506 1091 4563 neque
1111 4489 1261 4563 quod
1278 4488 1485 4546 habeat
1502 4488 1844 4563 dignitatem
1868 4506 1988 4548 ma·

614 4572 827 4647 iorem,
852 4588 1023 4644 quam
1045 4573 1120 4628 sit
1141 4571 1368 4627 bonitas
1389 4574 1563 4635 actus,
1596 4585 1766 4643 quem
1795 4571 1986 4629 infor-

148 4654 581 4757 Ν
620 4659 760 4719 mat,
776 4659 902 4710 orta
916 4669 987 4710 ex
1003 4654 1211 4710 actuali
1226 4652 1637 4718 intensione,et
1654 4649 1980 4719 duratione,

615 4753 743 4812 quae
792 4751 1020 4808 semper
1065 4740 1151 4793 est
1188 4740 1358 4800 certa,
1409 4740 1468 4791 et
1516 4732 1708 4791 finita.
1745 4733 1986 4798 Quando

615 4833 758 4876 vero
786 4816 1087 4891 praedictus
1114 4820 1268 4872 actus
1294 4814 1495 4871 crescit
1521 4814 1587 4870 in
1631 4814 1889 4871 bonitate
1913 4831 1985 4872 ex

615 4900 749 4956 aliis
775 4896 1238 4964 circumstantiiS,
1270 4900 1404 4968 puta
1430 4911 1501 4954 ex
1521 4894 1658 4961 fine,
1686 4910 1802 4952 non
1830 4912 1984 4954 cres-

615 4983 696 5040 cit
725 4996 826 5055 per
849 4986 1036 5054 partes
1076 4976 1485 5052 aliquotas,sed
1504 4978 1980 5051 proportionales,

2140 507 2415 572 minores,
2436 513 2605 580 atque
2631 509 2919 575 minores3
2952 511 3031 566 ita
3056 517 3115 566 ut
3136 512 3181 567 si
3203 528 3408 586 exappo-

2137 589 2347 647 sitione
2376 589 2546 646 unius
2585 589 2720 646 finis
2747 593 2947 662 accipit
2968 592 3105 649 duos
3127 593 3308 667 gradus
3337 595 3408 652 bo-

2139 670 2357 737 nitatis,
2392 672 2663 743 appositis
2689 670 2913 727 duobus
2940 689 3055 731 non
3085 674 3290 745 accipiat
3309 676 3410 732 alios

2138 750 2300 816 duos,
2346 753 2435 808 vel
2475 757 2687 808 crescat
2736 768 2915 824 usque
2966 752 3035 809 ad
3077 760 3302 825 quatuor,
3342 755 3409 812 sed

2141 849 2316 907 usque
2338 833 2408 889 ad
2430 839 2545 890 tres
2565 841 2620 890 et
2640 833 2974 899 dimidium,
2995 841 3050 891 et
3069 837 3144 891 sic
3162 835 3222 891 de
3236 838 3408 909 reliquis

2138 915 2202 971 in
2229 915 2426 970 minus
2444 921 2500 971 et
2527 915 2721 971 minus
2745 937 2759 970 ι
2786 913 2943 971 unde
2967 917 3071 972 etsi
3113 914 3241 972 fines
3261 933 3408 991 synca-

2137 997 2582 1071 thegorematice
2604 1004 2968 1069 apponantur
2991 998 3152 1066 (forte
3173 998 3225 1053 id
3246 1005 3314 1055 est
3331 1000 3409 1054 im·

2138 1076 2430 1150 possibile)
2446 1093 2563 1133 non
2584 1084 2793 1150 augent
2815 1077 3126 1133 bonitatem
3146 1084 3278 1133 actus
3289 1095 3410 1151 usque

2139 1161 2201 1216 in
2229 1158 2528 1215 infinitum
2555 1159 2921 1232 simpliciter,
2972 1159 3148 1215 adhuc
3181 1161 3408 1234 syncathe-

2135 1240 2499 1314 gorematice,
2529 1240 2624 1297 sed
2649 1240 2804 1295 infra
2831 1247 3049 1297 certum
3073 1239 3408 1313 bonitatisgn-

2134 1320 2294 1384 dum,
2337 1325 2471 1393 puta
2518 1328 2579 1375 ut
2625 1320 2854 1393 viginti,
2900 1319 2971 1376 ad
3018 1336 3178 1391 quem
3221 1319 3322 1374 licet
3356 1318 3408 1374 sic
3515 1337 3525 1348 ·

2132 1417 2361 1474 semper
2402 1408 2738 1475 augeantur,
2797 1417 3096 1472 nunquam
3140 1401 3393 1472 pertingent

2136 1481 2301 1539 Unde
2327 1499 2397 1540 ex
2420 1483 2538 1548 hoc,
2568 1482 2718 1555 quod
2747 1480 2955 1537 modus
2975 1481 3248 1536 charitatis
3265 1478 3406 1535 habeat

2135 1579 2168 1619 a
2208 1564 2494 1636 principio
2536 1564 2655 1619 vim
2703 1562 2770 1618 ad
2818 1561 3248 1636 dignificandam
3284 1566 3404 1615 totam

2132 1660 2261 1702 eam
2289 1645 2623 1705 bonitatem.
2654 1661 2778 1717 quae
2804 1662 2879 1702 ex
2925 1643 3164 1700 infinitis
3198 1644 3404 1698 circums-

2133 1728 2333 1783 tantiis
2357 1744 2458 1801 per
2482 1730 2585 1784 hoc
2610 1744 2789 1802 genus
2818 1727 3111 1801 augmenti
3132 1731 3285 1797 potest
3305 1722 3402 1780 actui

2132 1807 2196 1863 in
2222 1824 2334 1879 quo
2376 1814 2461 1865 est
2507 1809 2832 1880 provenire,
2883 1824 3002 1865 non
3047 1808 3273 1878 sequitur
3305 1799 3404 1876 qnod

2132 1888 2339 1946 habeat
2359 1889 2649 1946 infinitam
2678 1890 3021 1964 dignitatem
3046 1913 3058 1956 ;
3099 1891 3220 1960 quia
3241 1903 3318 1943 nec
3337 1884 3403 1940 ho-

2132 1970 2283 2026 nitas
2304 1988 2408 2044 par
2436 1987 2568 2028 eum
2596 1969 3012 2045 dignificabilis
3043 1976 3205 2042 potest
3226 1966 3402 2025 essein·

2131 2051 2317 2119 finita,
2351 2060 2412 2109 ut
2439 2054 2787 2126 explicatum
2815 2059 2923 2109 est.

2204 2135 2372 2192 Ratio
2399 2152 2534 2192 vero
2560 2135 2632 2192 ob
2656 2151 2828 2206 quam
2861 2131 3179 2207 hujusmodi
3197 2130 3402 2186 circums-
3431 2135 3485 2192 aa

2131 2216 2342 2283 tantiae,
2359 2215 2587 2288 quando
2607 2217 2800 2288 plures
2820 2215 3010 2272 eidem
3030 2214 3167 2270 actui
3185 2222 3404 2282 apponun·
3421 2183 3491 2272 ἒξ-

2129 2301 2243 2363 tur,
2279 2313 2396 2354 non
2424 2303 2634 2371 augent
2677 2295 2998 2352 bonitatem
3023 2296 3139 2369 ejus
3165 2309 3249 2366 per
3273 2295 3403 2363 parta
3437 2289 3474 2322 η

2131 2378 2430 2451 aliquotas,
2477 2377 2574 2434 sed
2628 2378 3105 2451 proportionales,
3151 2376 3221 2430 ita
3253 2378 3301 2427 ut
3329 2383 3404 2443 quo

2131 2459 2323 2531 plures
2347 2465 2737 2532 apponuntur,
2762 2474 2829 2514 eo
2867 2459 3064 2514 minus
3090 2453 3404 2529 proportiona-

2129 2538 2326 2597 biliter
2348 2546 2611 2614 augeant,
2635 2546 2718 2596 est
2744 2539 2884 2612 quia
2908 2540 3180 2596 nimirum
3200 2533 3402 2608 praedjetae
3499 2575 3510 2600 ,

2128 2622 2574 2679 circumstantiae
2589 2622 2795 2688 debent
2810 2638 3023 2696 augere
3038 2620 3306 2677 bonitatem
3322 2628 3404 2686 pro-

2129 2704 2449 2775 portionate
2478 2703 2548 2760 ad
2570 2703 2828 2767 modum,
2859 2719 2978 2775 quo
3007 2703 3320 2775 attinguntur
3335 2708 3401 2766 per
3513 2663 3525 2750 Ἰ

2129 2789 2336 2851 actum,
2360 2799 2528 2856 quem
2552 2784 2824 2850 afficiunt,
2849 2792 2912 2840 et
2931 2785 3094 2858 juxta
3113 2784 3347 2839 conatum,
3364 2789 3403 2828 ac

2130 2866 2413 2922 rationem
2440 2865 2781 2931 voluntarii,
2814 2882 2949 2937 quae
2970 2871 3100 2921 sunt
3125 2863 3181 2919 in
3204 2858 3286 2916 tali
3302 2860 3399 2913 actu.

2130 2945 2294 3004 Unde
2318 2949 2456 3019 quia
2476 2945 2804 3021 hujusmodi
2832 2954 3092 3014 conatuS,
3116 2952 3168 3002 et
3205 2940 3318 2999 ratio
3333 2950 3401 2990 vo-

2126 3028 2369 3084 luntarii
2399 3029 2636 3100 (caeteris
2659 3029 2925 3101 paribus)
2946 3046 3014 3087 eo
3042 3014 3401 3105 proportionabi-

2127 3108 2261 3164 liter
2311 3115 2394 3165 est
2437 3109 2652 3175 minor,
2693 3126 2805 3183 quo
2852 3112 3052 3182 plures
3094 3124 3161 3166 ex
3198 3100 3401 3177 praedietns

2125 3188 2576 3247 circumstantiis
2604 3191 2751 3246 actui
2781 3196 3150 3262 apponuntur
3165 3214 3178 3255 ;
3195 3186 3399 3243 minorem

2123 3271 2285 3327 enim
2330 3272 2765 3344 proportionem
2809 3273 3030 3331 habent
3072 3266 3397 3330 voluntarium.

2121 3356 2180 3408 et
2224 3357 2464 3408 conatus
2514 3370 2573 3409 v.
2601 3369 2655 3426 g.
2689 3361 2749 3409 ut
2793 3355 2926 3421 duo,
2981 3354 3050 3411 ad
3096 3343 3398 3430 attingendffzm

2122 3436 2368 3505 quatuor
2394 3431 2539 3489 fines
2577 3435 2952 3500 extrinsecOS,
3002 3449 3167 3507 quam
3190 3430 3245 3488 ad
3273 3428 3400 3482 attin-

2121 3511 2371 3587 gendum
2407 3511 2566 3580 duos,
2597 3520 2654 3571 et
2683 3514 2867 3572 adhuc
2892 3517 3175 3574 minorem
3198 3509 3256 3568 ad
3275 3503 3401 3564 attin·

2120 3595 2372 3670 gendum
2394 3613 2496 3653 sex
2527 3598 2710 3653 :sicut
2731 3600 2910 3655 etiam
2940 3601 3134 3656 minus
3155 3587 3401 3668 proportio·

2123 3683 2290 3735 natus
2315 3686 2400 3736 est
2427 3684 2582 3735 actus
2611 3682 2979 3738 voluntarius
3005 3692 3065 3738 ut
3100 3683 3198 3737 duo
3223 3675 3280 3733 ad
3301 3672 3403 3728 dan-

2120 3757 2254 3814 dam
2275 3760 2702 3834 eleemosynam
2723 3770 2782 3816 ut
2797 3771 2932 3830 octo,
2955 3778 3126 3836 quam
3150 3758 3214 3816 ad
3229 3757 3404 3835 aleam

2119 3854 2324 3913 synam
2389 3845 2449 3895 ut
2509 3847 2760 3915 quatuor
2789 3865 2801 3905 ;
2877 3843 3088 3901 idcirco
3149 3828 3402 3912 huJusmod1

2119 3918 2583 3987 circumstantias,
2608 3937 2719 3992 quo
2747 3923 2943 3993 plures
2965 3920 3194 3995 (caeteris
3216 3910 3404 3990 paribus)

2121 3998 2432 4067 adduntur,
2464 4005 2558 4059 vel
2584 4020 2696 4075 quo
2725 4006 2910 4079 magis
2936 4008 3221 4080 augentur,
3247 4010 3303 4053 eo
3321 3988 3400 4048 mi·

2120 4100 2324 4142 norem
2399 4088 2980 4159 proportionabiliter
3059 4075 3406 4144 communicant

2119 4168 2270 4240 actui
2300 4167 2637 4234 bonitatem,
2679 4171 2947 4242 quamvis
2974 4169 3217 4226 absolute
3240 4167 3405 4228 semper

2120 4248 2353 4316 addant,
2384 4255 2441 4307 et
2487 4260 2735 4324 augeant
2780 4253 2966 4318 illam,
3011 4250 3107 4308 sed
3147 4262 3236 4321 per
3271 4244 3406 4316 part&
3513 4244 3520 4275 “’

2120 4330 2579 4402 proportionales
2627 4333 2918 4399 minores,
2968 4338 3023 4388 et
3076 4331 3332 4388 minores,
3367 4318 3406 4370 ¹¹⁸

2118 4407 2335 4466 dictum
2363 4416 2467 4467 est.

2190 4493 2283 4547 49.
2319 4493 2427 4548 Per
2453 4492 2602 4565 quod
2630 4494 2768 4550 satis
2796 4499 2947 4566 patet
2985 4491 3053 4549 ad
3081 4480 3525 4571 confirmatio-mag

2117 4586 2252 4628 nem
2300 4572 2470 4645 hujus
2524 4575 2778 4646 replicae3
2830 4581 2964 4630 tunc
3006 4572 3160 4629 enim
3203 4552 3498 4644 arguiturffi

2117 4654 2307 4710 virtus
2353 4654 2585 4713 infinita
2610 4657 2671 4712 in
2699 4673 2881 4723 causa,
2930 4653 3153 4729 quando
3178 4645 3405 4707 invariata
3427 4630 3525 4744 Ξῖ*

2117 4751 2362 4794 manens
2379 4742 2560 4808 potest
2578 4738 2642 4793 in
2665 4738 3077 4811 perfectiorem,
3098 4739 3153 4790 et
3172 4722 3406 4804 perfectis
3438 4726 3490 4790 nei-
3515 4700 3525 4751 ¹

2119 4830 2242 4874 rem
2264 4816 2528 4874 effectum
2555 4834 2731 4891 usque
2758 4819 2820 4875 in
2844 4817 3135 4874 inlinitum
3161 4804 3408 4891 syncathq·
3519 4800 3525 4827 ¹

2113 4899 2459 4973 gorematice
2485 4900 2846 4973 simpliciter,
2877 4905 2938 4955 ut
2975 4894 3243 4969 contingit
3266 4890 3319 4945 in
3344 4882 3408 4938 dl-

2116 4979 2255 5037 vina
2318 4981 2778 5055 omnipotentia;
2836 4995 2952 5037 non
3002 4984 3185 5035 autem
3232 4960 3408 5098 qugffig

2893 5080 2900 5083 ,
3263 5060 3287 5098 s
