3647 5753
548 390 659 445 392
1196 350 1204 358 ⁹
1509 388 1603 442 DE
1641 388 2225 443 JUS'rlFlCA'rIONE
2265 390 2469 443 IMPII.

549 575 845 616 summum
881 558 1168 617 verificari
1194 559 1424 634 quando
1448 561 1614 633 culpa
1636 575 1698 617 se
1744 559 1916 617 habet

551 642 621 698 ad
652 657 881 715 poenam
911 657 1055 715 pure
1083 642 1402 708 moraliter,
1433 647 1492 699 et
1515 641 1911 709 demeritorie;

551 741 668 782 non
691 731 884 782 autem
910 726 1239 793 efficienter,
1272 731 1329 783 et
1357 725 1607 800 physice,
1633 726 1779 783 sicut
1819 742 1915 782 ac-

549 806 687 863 cidit
715 807 779 862 in
809 807 1094 880 praesenti.
1127 810 1274 863 Nam
1317 807 1566 880 privatio
1590 808 1790 882 gratita
1808 805 1916 862 sub

549 903 617 944 ea
640 887 882 954 ratione,
914 902 1039 960 quae
1062 893 1349 961 peccatum
1373 886 1667 944 habituale
1690 893 1789 955 est,
1820 887 1914 943 vel

551 966 623 1024 ad
644 969 768 1042 ejus
792 967 1180 1042 integritatem
1208 973 1437 1041 spectat,
1464 984 1583 1026 non
1609 974 1693 1024 est
1721 984 1752 1024 a
1775 970 1909 1035 Deo,

551 1055 614 1106 ut
639 1065 709 1106 ex
737 1066 798 1106 se
834 1050 1012 1123 liquet
1041 1074 1056 1118 ς
1083 1048 1184 1106 sed
1213 1055 1437 1105 tantum
1462 1055 1548 1105 est
1573 1065 1605 1106 a
1628 1054 1909 1122 peccante.

553 1132 774 1187 Ultima
803 1138 992 1187 autem
1025 1130 1452 1198 determinatio,
1484 1137 1539 1188 et
1582 1131 1909 1197 causalitas,

550 1227 725 1282 quam
755 1213 917 1284 ponit
944 1217 1217 1285 peccator,
1260 1217 1324 1267 ut
1359 1211 1624 1285 praedicta
1666 1211 1916 1284 privatio

555 1294 814 1362 resultet,
839 1297 925 1349 est
950 1298 1237 1365 peccatum
1265 1294 1484 1350 actuale
1517 1314 1530 1350 :
1559 1294 1822 1366 quocirca
1848 1307 1916 1349 eo

554 1374 755 1446 posito,
780 1374 997 1440 statim,
1017 1379 1073 1430 et
1096 1373 1511 1432 inevitabiliter
1523 1375 1768 1431 succedit
1790 1373 1914 1447 pri-

550 1457 706 1513 vatio
730 1456 947 1530 gratiae,
980 1461 1098 1512 tam
1128 1460 1189 1511 ut
1214 1462 1297 1513 est
1318 1456 1573 1513 carentia
1600 1457 1916 1529 pulchritu-

551 1536 725 1604 dinis,
770 1553 882 1609 qua
909 1539 1057 1593 Deus
1104 1536 1401 1594 hominem
1429 1536 1747 1594 exornabat
1782 1538 1916 1609 (quo

553 1624 712 1692 pacto
734 1634 854 1674 non
880 1622 965 1674 est
990 1619 1176 1691 culpa,
1195 1618 1293 1676 sed
1322 1621 1511 1691 poena)
1550 1634 1721 1692 quam
1744 1622 1807 1674 ut
1832 1621 1917 1674 est

550 1700 805 1757 carentia
868 1698 1237 1774 subJectionis
1303 1700 1558 1757 hominis
1609 1699 1680 1756 ad
1730 1702 1914 1756 Deum

550 1786 684 1854 (qua
706 1783 930 1839 ratione
953 1798 1070 1839 non
1091 1787 1176 1839 est
1203 1798 1387 1855 poena,
1417 1781 1518 1839 sed
1559 1783 1765 1856 culpa).
1797 1783 1915 1837 Ne-

551 1864 676 1946 quit
701 1864 862 1920 enim
904 1877 1055 1919 unus
1097 1869 1398 1935 conceptus
1437 1862 1508 1919 ab
1535 1864 1651 1920 alio
1680 1862 1915 1920 realiter

551 1945 833 2019 separari,
878 1961 1007 2000 cum
1035 1944 1153 2000 sint
1193 1944 1426 2001 realiter
1453 1944 1621 2002 unica
1660 1945 1915 2019 ejusdem

555 2027 757 2084 formae
785 2026 1051 2099 privati0,
1084 2031 1147 2081 ut
1179 2042 1248 2082 ex
1273 2042 1334 2082 se
1362 2026 1559 2098 liquet.
1586 2025 1672 2081 Ad
1705 2025 1916 2099 proba-

552 2108 771 2166 tionem
799 2113 989 2164 autem
1012 2108 1076 2163 in
1098 2108 1456 2166 contrarium
1480 2107 1909 2180 respondemus,

551 2190 701 2264 quod
723 2195 784 2246 ut
807 2193 952 2248 Deus
971 2189 1361 2247 comminetur
1383 2190 1768 2262 privationem
1790 2206 1917 2264 gra-

552 2274 666 2341 tiae,
700 2289 818 2330 non
848 2272 1185 2346 requiritur,
1218 2276 1281 2328 ut
1320 2272 1442 2330 haec
1474 2288 1640 2347 poena
1684 2273 1858 2344 possit
1883 2288 1915 2327 a

551 2353 720 2426 culpa
765 2352 1050 2409 divinitus
1093 2353 1399 2425 separari;
1447 2353 1546 2410 sed
1596 2353 1734 2408 satis
1767 2367 1909 2417 esse,

474 2451 482 2458 ·
549 2435 700 2508 quod
717 2434 982 2508 praedicta
998 2434 1246 2507 privatio
1262 2433 1332 2490 ad
1353 2435 1581 2507 culpam
1603 2441 1873 2506 sequatur
1897 2453 1911 2488 ε

554 2532 690 2573 nam
717 2531 784 2572 eo
813 2517 936 2589 ipso
958 2521 1139 2589 potest
1162 2517 1308 2572 Deus
1329 2515 1570 2573 horrore
1598 2516 1767 2588 hujus
1786 2530 1915 2571 cer-

551 2597 787 2653 tissimae
805 2613 984 2670 poenae
995 2596 1292 2653 hominem
1309 2612 1341 2653 a
1357 2602 1579 2669 peccato
1598 2596 1909 2652 deterrere.

551 2680 619 2732 Et
645 2677 693 2734 si
723 2683 1128 2752 argumentum
1175 2674 1395 2749 aliquid
1443 2674 1727 2748 probaret,
1778 2692 1915 2731 sua-

549 2757 709 2815 deret
746 2758 955 2830 utique,
1013 2757 1400 2829 privationem
1439 2757 1637 2829 gratim
1674 2756 1767 2812 vel
1795 2770 1914 2811 non

551 2836 710 2911 sequi
742 2836 811 2894 ad
840 2837 1068 2908 culpam
1107 2851 1179 2893 ex
1208 2840 1414 2892 natura
1460 2850 1582 2902 sua,
1615 2840 1671 2892 et
1697 2834 1915 2892 secluso

553 2920 836 2976 miraculo
864 2944 878 2987 ς
928 2918 1020 2975 vel
1043 2932 1160 2973 non
1207 2934 1328 2974 esse
1376 2933 1602 2991 poenam
1652 2918 1864 2990 peccati
1899 2938 1913 2973 ε

553 3014 692 3054 nam
722 2998 931 3053 frustra
955 2996 1184 3052 videtur
1215 2999 1299 3067 (ut
1350 2997 1414 3052 in
1457 2996 1563 3053 hac
1611 2996 1916 3054 confirma-

552 3078 708 3134 tione
755 3077 1056 3151 arguitur),
1108 3079 1287 3132 Deum
1320 3092 1424 3148 pro
1467 3077 1634 3149 culpa
1679 3077 1917 3133 commi·

552 3157 685 3212 nari
726 3156 890 3212 illam
920 3170 1169 3228 poenam,
1201 3172 1326 3229 quae
1353 3155 1424 3212 ad
1452 3157 1677 3229 culpam
1717 3173 1790 3213 ex
1816 3172 1916 3212 na-

552 3241 683 3292 tura
710 3252 832 3301 sua,
865 3240 921 3291 et
958 3232 1177 3292 s'ecluso
1205 3236 1487 3293 miraculo
1522 3237 1909 3309 consequitur,

555 3321 616 3372 ut
639 3315 833 3388 plures
859 3313 1188 3371 Adversarii
1211 3322 1491 3374 asserunt.
1513 3316 1678 3373 Unde
1696 3318 1790 3373 vel
1818 3317 1916 3373 in-

552 3400 964 3467 consequenter
991 3396 1323 3467 loquuntur,
1349 3397 1443 3452 vel
1465 3395 1614 3452 nihil
1641 3397 1916 3453 adversus

554 3482 814 3533 nostram
836 3477 1211 3535 assertionem
1222 3477 1520 3534 evincunt.
1538 3478 1699 3544 Quod
1722 3484 1915 3536 autem

554 3560 860 3631 praemium
887 3558 959 3614 sit
986 3560 1308 3632 separabile
1329 3577 1361 3617 a
1381 3561 1610 3627 merito,
1643 3577 1761 3619 non
1790 3578 1917 3634 pro-

552 3643 715 3701 venit
742 3658 812 3699 ex
833 3658 919 3710 eo,
972 3641 1119 3715 quod
1143 3642 1289 3698 alias
1334 3641 1551 3699 frustra
1579 3645 1725 3699 Deus
1777 3658 1918 3715 pro-

551 3726 811 3783 mitteret
832 3723 977 3780 illud
1017 3727 1226 3797 (posset
1249 3725 1462 3798 quippe
1490 3724 1671 3781 adhuc
1694 3725 1797 3780 illa
1818 3724 1917 3783 in·-

551 3804 981 3878 separabilitate
1019 3805 1328 3877 supposita,
1386 3805 1577 3876 ipsum
1622 3804 1816 3872 offere,
1861 3809 1918 3861 et

555 3891 986 3960 repraesentare,
1019 3890 1081 3940 ut
1109 3885 1375 3942 homines
1401 3885 1472 3941 ad
1503 3892 1650 3943 recte
1674 3901 1917 3959 operan-

552 3967 692 4024 dum
716 3970 1021 4039 alliceret);
1051 3966 1148 4024 sed
1170 3983 1241 4023 ex
1266 3982 1333 4024 eo
1354 3970 1637 4039 provenit,
1671 3968 1818 4041 quod
1845 3984 1917 4025 ex

552 4049 915 4121 separatione
937 4047 1133 4105 meriti
1157 4063 1189 4103 a
1212 4048 1449 4120 praemio
1471 4049 1634 4104 nulla
1658 4048 1917 4122 sequitur

550 4129 947 4186 contradictio.
976 4129 1061 4184 Ex
1095 4127 1458 4199 separatione
1484 4132 1674 4184 autem
1707 4128 1916 4201 peccati

554 4207 626 4265 ab
646 4224 713 4265 ea
741 4224 928 4282 poena,
953 4224 1079 4280 quae
1103 4212 1187 4263 est
1208 4208 1459 4280 privatio
1477 4208 1694 4282 gratias,
1723 4210 1919 4281 plures

553 4297 872 4363 sequuntur
924 4288 1419 4357 contradictioneS,
1451 4295 1514 4344 ut
1557 4306 1732 4362 supra
1760 4290 1918 4346 vidi-

554 4385 705 4426 mus,
760 4370 1107 4426 Recolantur
1149 4384 1274 4443 quae
1320 4366 1580 4425 'diximus
1629 4376 1789 4425 tract.
1854 4370 1919 4425 de

545 4450 804 4522 peccatis,
829 4449 970 4522 disp.
1011 4449 1095 4517 16,
1120 4466 1156 4505 a
1182 4465 1335 4505 num.
1371 4448 1490 4517 131,
1514 4455 1564 4503 et
1583 4448 1724 4522 disp.
1766 4451 1917 4518 l7,a

401 4599 406 4603 ,
551 4547 706 4587 num.
734 4530 825 4585 50.

340 4628 540 4678 Quartum
637 4610 757 4667 135.
789 4611 1069 4685 Arguitur
1089 4558 1311 4684 quarto,
1336 4611 1569 4686 quiaita
1594 4627 1655 4668 se
1682 4610 1920 4670 haberet

340 4686 538 4771 mfflffi,
558 4700 768 4751 natura
794 4709 924 4749 cum
947 4694 1219 4751 omnibus
1249 4693 1558 4752 virtutibus
1601 4694 1920 4752 moralibus

553 4775 624 4831 'in
649 4773 857 4831 ordine
883 4773 953 4830 ad
974 4772 1150 4832 finem
1181 4777 1510 4834 naturalem
1540 4780 1794 4848 respectu
1821 4774 1920 4831 ho-

557 4854 738 4910 minis
758 4851 973 4910 conditi
997 4853 1061 4908 in
1085 4855 1264 4926 puris,
1289 4856 1436 4912 sicut
1465 4870 1526 4911 se
1546 4852 1718 4911 habet
1734 4854 1920 4927 gratia

556 4948 688 4989 cum
719 4930 1032 4988 virtutibus
1072 4933 1284 4991 infusis
1310 4933 1375 4989 in
1403 4933 1607 4991 ordine
1642 4933 1714 4991 ad
1739 4932 1920 4992 finem

556 5013 1059 5088 supernaturalem
1108 5020 1363 5089 respectu
1415 5014 1672 5073 hominis
1709 5015 1919 5073 elevati

2046 559 2117 617 ad
2160 561 2497 633 praedictum
2539 561 2715 621 finem
2743 583 2757 618 :
2785 561 2884 618 sed
2916 576 3032 618 non
3060 561 3386 634 implicaret,

2044 641 2194 714 quod
2221 644 2285 699 in
2314 644 2551 701 homine
2576 642 2803 701 condito
2831 643 2893 698 in
2918 642 3078 714 puris
3117 643 3392 714 reperire-

2045 729 2161 792 tur,
2218 730 2274 782 et
2313 731 2755 784 conservaretur
2803 729 2919 783 tota
2964 725 3069 781 illa
3114 725 3387 798 perfectio,

2046 808 2313 881 quamvis
2331 808 2563 866 haberet
2590 809 2920 882 adjunctum
2949 813 3236 880 peccatum
3258 823 3393 865 mor·

2047 891 2161 946 tale
2194 911 2207 945 :
2235 907 2371 965 ergo
2411 906 2530 947 non
2559 890 2835 962 implicat,
2885 888 3034 961 quod
3062 889 3125 945 in
3172 890 3395 946 homine

2044 974 2267 1044 elevato
2295 973 2365 1030 ad
2392 972 2891 1046 supernaturalem
2914 970 3111 1037 finem,
3146 971 3394 1044 reperia-

2046 1060 2140 1111 tur
2167 1060 2284 1112 tota
2307 1055 2576 1128 perfectio
2594 1055 2814 1128 gratiae,
2858 1059 2915 1110 et
2941 1053 3223 1109 virtutum
3244 1053 3393 1110 infu-

2046 1152 2265 1204 sarum,
2292 1134 2558 1209 quamvis
2578 1136 2755 1191 simul
2778 1134 2925 1190 adsit
2946 1139 3232 1207 peecatum
3256 1150 3395 1191 mor·

2049 1217 2182 1273 tale.

2120 1297 2508 1355 confirmatur
2525 1297 2732 1370 primo,
2759 1296 2895 1371 quia
2910 1294 3137 1352 habitus
3166 1301 3394 1352 natura-
3423 1316 3552 1357 conm-

2047 1380 2121 1436 lis
2173 1379 2442 1436 amicitize
2495 1379 2649 1435 Petri
2702 1396 2758 1434 v.
2821 1395 2875 1453 g.
2933 1394 3068 1453 erga
3120 1379 3393 1435 Joannem
3425 1370 3546 1467 325

2046 1460 2360 1518 secundum
2399 1476 2564 1516 suam
2613 1461 2912 1516 entitatem
2973 1465 3234 1532 acceptus
3277 1474 3396 1515 con·

2042 1543 2208 1617 jungi
2239 1547 2417 1617 potest
2440 1557 2571 1598 cum
2593 1541 2756 1615 gravi
2779 1541 3013 1607 offensa,
3059 1547 3155 1596 aut
3185 1544 3397 1613 peccato

2049 1623 2205 1680 Petri
2258 1627 2456 1679 contra
2499 1623 2784 1678 ‚Ioannem
2830 1640 2843 1682 ς
2894 1620 2972 1676 ita
3024 1618 3279 1692 quidem,
3339 1624 3397 1673 ut

2046 1709 2232 1761 stante
2261 1704 2363 1760 illo
2394 1708 2630 1776 peccato,
2666 1718 2783 1761 non
2809 1703 3143 1759 denominet
3170 1703 3397 1758 Petrum

2048 1786 2299 1842 amicum
2324 1785 2563 1840 Joannis
2596 1807 2611 1851 ;
2651 1799 2824 1856 quam
2853 1788 3048 1839 tamen
3072 1782 3401 1838 denomina-

2048 1870 2265 1925 tionem
2294 1867 2404 1938 ipsi
2441 1864 2737 1931 tribueret,
2768 1866 2817 1921 si
2847 1868 3181 1921 connotaret
3202 1862 3402 1919 absen-

2048 1950 2188 2005 tiam
2219 1946 2500 2021 praedictae
2525 1945 2753 2002 offensae
2785 1968 2799 2000 ι
2828 1960 2964 2019 ergo
3012 1945 3229 2016 pariter
3254 1943 3401 2000 enti—

2047 2036 2133 2086 tas
2175 2028 2374 2104 gratiae
2422 2032 2600 2100 potest
2625 2024 2957 2083 conservari
3005 2025 3068 2080 in
3097 2028 3399 2096 peccatore,

2048 2111 2128 2167 ita
2147 2108 2379 2183 quidem
2402 2113 2463 2163 ut
2482 2112 2668 2163 stante
2690 2112 2910 2180 peccato
2930 2120 3046 2162 non
3074 2104 3406 2161 denominet

2048 2193 2348 2249 hominem
2401 2191 2652 2247 amicum
2701 2190 2821 2255 Dei,
2875 2195 2931 2245 et
2981 2188 3092 2261 ipsi
3123 2192 3355 2262 gratum
3387 2207 3400 2241 ε

2047 2288 2188 2345 quas
2211 2277 2406 2328 tamen
2435 2270 2937 2328 denominationes
2966 2268 3075 2340 ipsi
3105 2265 3401 2331 tribueret,

2046 2352 2095 2408 si
2116 2357 2450 2408 connotaret
2477 2349 2796 2407 absentiam
2825 2348 3053 2420 peccati.

2118 2431 2509 2498 ,confirmatur
2546 2429 2812 2495 secundo,
2857 2428 2993 2502 quia
3018 2433 3246 2484 tantum
3271 2426 3572 2487 alli-secana
3614 2463 3615 2490 ,

2046 2515 2205 2573 ciunt
2250 2515 2605 2570 voluntatem
2657 2513 2973 2568 humanam
3032 2509 3405 2582 perfectiones

2049 2595 2373 2662 naturaleS,
2424 2598 2705 2665 quantum
2765 2590 3140 2664 perfectiones
3212 2604 3406 2662 super-

2048 2675 2345 2732 naturales
2397 2673 2670 2730 alliciunt
2697 2672 3054 2728 voluntatem
3091 2668 3355 2726 divinam
3389 2688 3403 2724 z

2046 2754 2146 2812 sed
2215 2755 2381 2811 nulla
2449 2752 2720 2825 perfectio
2776 2750 3059 2807 naturalis
3105 2749 3292 2822 posita
3347 2749 3407 2805 in

2049 2836 2294 2895 homine
2320 2834 2646 2894 offendente
2674 2834 2919 2891 alterum
2948 2831 3247 2889 hominem
3270 2830 3407 2889 obli-

2045 2924 2141 2992 gat
2193 2917 2497 2982 offensum,
2554 2921 2617 2971 ut
2666 2914 2864 2971 odium
2910 2913 3176 2985 deponat,
3227 2918 3284 2969 et
3328 2910 3413 2969 of-

2048 3000 2274 3057 fensam
2299 2998 2574 3060 remittat.
2606 2995 2722 3053 nisi
2745 2994 2816 3051 ad
2842 3010 3136 3051 summum
3180 2993 3417 3067 aequalis

2046 3077 2358 3134 satisfactio
2388 3092 2491 3149 pro
2512 3075 2728 3133 offensa
2755 3096 2768 3131 ε
2791 3090 2927 3149 ergo
2954 3068 3057 3131 nec
3080 3074 3293 3149 gratia,
3319 3088 3419 3129 nec

2048 3159 2166 3215 alia
2190 3158 2459 3231 perfectio
2483 3155 2940 3228 supernaturalis
2981 3155 3162 3228 p‘osita
3213 3154 3279 3209 in
3302 3169 3419 3226 pec-

2047 3243 2236 3295 catore
2265 3237 2480 3313 obligat
2510 3239 2710 3304 Deum,
2741 3242 2804 3291 ut
2849 3233 3252 3291 infallibiliter
3293 3249 3419 3306 pec-

2048 3324 2239 3376 catum
2281 3318 2559 3385 remittat,
2592 3319 2706 3374 nisi
2736 3315 2805 3372 ad
2841 3331 3135 3371 summum
3179 3314 3418 3388 aequalis

2046 3400 2360 3456 satisfactio
2394 3415 2499 3471 pro
2522 3398 2759 3467 offensa,
2785 3412 2958 3470 quam
2988 3403 3183 3453 tamen
3233 3393 3416 3470 gratia

2047 3495 2239 3536 secum
2257 3494 2373 3537 non
2397 3479 2581 3537 affert.

2121 3558 2209 3615 Ad
2236 3564 2645 3634 argumentum
2662 3557 3071 3632 respondemus
3083 3560 3413 3628 retorquen·
3395 3560 3560 3608 -υῑιιιῑιιτ

2047 3642 2185 3698 dum
2213 3659 2335 3699 esse
2364 3643 2426 3698 in
2448 3642 2737 3698 curialem
2757 3641 2879 3715 eJus
2900 3639 3249 3706 authorem;
3281 3619 3566 3707 nammffi‘f„

2048 3717 2256 3795 siquid
2283 3722 2504 3794 probat,
2529 3722 2727 3779 suadet
2747 3721 2923 3779 etiam
2949 3719 3412 3792 conjunctionem

2046 3805 2266 3878 gratiae,
2298 3809 2354 3860 et
2408 3804 2616 3877 peccati
2656 3817 2779 3860 esse
2831 3800 3161 3874 possibilem
3206 3817 3281 3857 ex
3308 3816 3410 3856 na-

2047 3890 2179 3942 tura
2207 3901 2423 3951 rerum,
2448 3890 2505 3942 et
2530 3884 2601 3942 de
2628 3885 2751 3956 lege
2777 3881 3077 3939 ordinaria
3102 3903 3116 3948 ;
3140 3880 3297 3954 quod
3325 3886 3408 3936 ta-

2048 3982 2184 4023 men
2213 3965 2516 4039 praedictus
2555 3965 2777 4020 Author
2803 3977 2921 4020 non
2949 3961 3224 4018 admittit.
3263 3964 3407 4018 Nam

2049 4046 2374 4121 conjunctio
2402 4050 2639 4108 natum,
2667 4048 2724 4100 et
2767 4043 3050 4100 virtutum
3093 4041 3408 4098 moralium

2048 4145 2178 4185 cum
2202 4132 2423 4201 peccato
2447 4126 2509 4181 in
2535 4131 2683 4182 statu
2708 4139 2985 4198 purorum
3006 4123 3120 4194 (cui
3141 4122 3249 4178 ille
3268 4136 3413 4179 com-

2051 4215 2214 4281 parat
2251 4207 2716 4280 conjunctionem
2762 4206 2978 4279 gratiae,
3026 4218 3089 4259 ac
3128 4203 3413 4259 virtutum

2052 4288 2381 4346 infusarum
2411 4288 2475 4343 in
2494 4292 2644 4342 statu
2672 4292 2893 4342 naturae
2917 4284 3172 4353 elevatae)
3195 4281 3414 4339 contin-

2050 4374 2209 4444 geret
2228 4366 2544 4425 secundum
2570 4381 2938 4423 communem
2962 4362 3409 4457 providentiam,

2049 4456 2106 4508 et
2133 4455 2369 4506 naturas
2399 4463 2630 4515 rerum;
2660 4449 2869 4521 quippe
2894 4462 3024 4502 cum
3053 4446 3116 4501 in
3145 4442 3414 4517 praedicto

2050 4537 2199 4588 statu
2222 4531 2453 4587 nullum
2480 4527 2647 4586 fieret
2664 4529 3035 4585 miraculum.
3067 4524 3414 4582 Deinderes-

2053 4611 2338 4685 pendetur
2365 4613 2550 4685 primo
2581 4608 2843 4685 negando
2869 4608 3171 4701 majorem,
3211 4611 3272 4661 et
3295 4603 3413 4660 dis-

2051 4695 2270 4768 paritas
2288 4699 2374 4751 est
2392 4694 2529 4750 satis
2543 4692 2890 4749 manifesta.
2913 4689 3188 4763 quoniam
3207 4691 3413 4744 natura

2051 4790 2183 4831 cum
2224 4770 2539 4830 virtutihus
2577 4770 2868 4844 acquisitis
2912 4783 3031 4825 non
3058 4768 3193 4824 facit
3220 4762 3402 4843 homi-

2054 4868 2190 4909 nem
2212 4852 2484 4909 dilectum
2514 4868 2547 4908 a
2573 4852 2689 4908 Deo
2709 4848 3070 4923 simpliciter,
3104 4861 3225 4904 non
3245 4840 3413 4902 cons-

2053 4933 2211 4990 tituit
2238 4933 2428 5007 ipsum
2469 4931 2796 4989 formaliter
2842 4928 3031 4985 filium
3078 4925 3411 4999 adoptivum

2055 5015 2177 5088 Dei,
2211 5030 2330 5073 non
2369 5013 2652 5073 convertit
2689 5010 3070 5072 determinate
3110 5007 3411 5138 hominen:

3339 5100 3373 5140 a
