3647 5753
529 343 634 400 198
1552 345 1645 399 DE
1683 342 1955 399 GRATIA
1994 343 2335 398 EFFICACI.

531 536 559 570 α
599 513 968 572 nutriamur:
996 530 1120 587 quae
1165 512 1364 571 omnia
1397 517 1593 587 patent
1615 528 1738 571 esse
1775 513 1882 571 ab·

531 619 557 650 «
598 596 791 654 surda.
823 594 1160 653 Excluditur
1185 612 1323 671 ergo
1343 612 1413 655 ex
1436 596 1750 671 praemissis
1770 595 1882 651 du-

531 702 557 733 «
588 680 719 752 plex
738 694 902 734 error
922 679 1070 736 circa
1091 680 1429 737 orationem.
1451 679 1696 746 Quidam
1718 678 1880 735 enim

531 781 557 813 α
598 758 888 825 dixerunt,
910 759 1139 815 nullum
1158 776 1280 818 esse
1299 760 1577 818 orationis
1598 760 1875 816 fructum:

530 860 558 893 κ
596 836 748 911 quod
773 836 1004 912 quidem
1025 837 1288 897 dicebant
1309 847 1425 897 tam
1450 840 1558 907 illi,
1583 840 1681 913 qui
1705 854 1882 913 nega-

528 941 556 973 «
599 917 737 975 bant
763 916 1026 974 divinam
1050 919 1477 992 providentiam
1503 921 1768 986 omnino,
1795 918 1881 975 si-

526 1021 553 1053 «
594 1005 687 1057 cut
707 999 970 1071 Epicurei
991 1023 1005 1066 ;
1028 1015 1200 1071 quam
1226 1000 1335 1067 illi,
1361 1001 1460 1074 qui
1484 1018 1574 1058 res
1597 1001 1882 1057 humanas

524 1103 552 1135 α
591 1080 808 1138 divinae
861 1080 1240 1154 providentiae
1279 1080 1704 1149 subtrahebant,
1735 1081 1882 1138 sicut

523 1184 549 1217 (ι
591 1161 771 1236 aliqui
795 1162 1328 1234 Peripateticorum,
1347 1179 1448 1220 nec
1466 1178 1584 1221 non
1599 1168 1654 1220 et
1676 1162 1765 1218 illi
1780 1161 1880 1235 qui

522 1265 551 1298 α
591 1243 812 1309 omnia,
837 1259 962 1316 quae
981 1241 1197 1298 divinae
1217 1242 1594 1316 providentiae
1613 1241 1875 1310 subsunt,

524 1343 550 1377 «
590 1339 663 1380 ex
688 1323 1019 1379 necessitate
1058 1323 1390 1399 contingere
1418 1322 1876 1389 arbitrabantur,

524 1426 551 1458 α
593 1404 741 1460 sicut
801 1402 993 1460 Stoici.
1047 1423 1074 1455 »
1128 1405 1197 1458 Et
1242 1409 1367 1476 post
1413 1420 1586 1476 pauca
1625 1402 1820 1460 subdit
1865 1423 1878 1458 ι

526 1509 552 1540 α
593 1483 838 1552 Quidam
867 1501 1005 1542 vero
1029 1500 1061 1541 e
1086 1485 1378 1543 contrario
1398 1485 1661 1543 divinam
1682 1484 1882 1558 dispo-

523 1591 552 1622 «
591 1566 862 1623 sitionem
891 1565 1216 1622 vertibilem
1245 1565 1603 1623 orationibus
1629 1583 1752 1625 esse
1786 1565 1882 1621 di-

520 1671 553 1701 «
593 1646 813 1713 cebant,
846 1645 990 1704 sicut
1014 1648 1272 1720 AEgyptii
1299 1646 1582 1716 dicebant,
1613 1645 1763 1721 quod
1791 1647 1882 1703 fa-

519 1750 552 1783 «
593 1733 717 1784 tum
757 1726 1132 1793 orationibus,
1172 1731 1229 1782 et
1271 1726 1617 1799 quibusdam
1667 1727 1883 1803 imagi-

519 1831 551 1864 «
593 1808 764 1865 nibus
795 1852 807 1874 ,
874 1808 996 1864 sive
1057 1806 1643 1882 subfumigationibus
1675 1852 1688 1876 ,
1756 1809 1882 1865 sive

517 1911 551 1943 «
592 1887 1080 1945 incantationibus
1105 1887 1453 1945 vertebatur.
1487 1908 1514 1940 ιι
1561 1887 1721 1953 Quod
1760 1892 1882 1944 sta-

515 1971 628 2028 tim
656 1970 867 2028 refutat
893 1969 1107 2038 dicens,
1150 1970 1310 2042 sequi
1337 1986 1407 2027 ex
1442 1971 1547 2027 hac
1574 1970 1876 2043 positione,

522 2072 553 2104 «
592 2049 743 2123 quod
786 2051 1052 2107 voluntas
1099 2049 1197 2106 Dei
1242 2051 1318 2106 sit
1362 2049 1677 2107 mutabilis.
1739 2052 1879 2107 Item

525 2152 554 2183 a
594 2130 745 2204 quod
772 2129 990 2202 aliquid
1034 2145 1104 2186 ex
1133 2134 1389 2202 tempore
1434 2131 1547 2187 Deo
1587 2129 1877 2187 adveniat.

528 2233 555 2266 <t
596 2212 666 2267 Et
693 2211 954 2276 ulterius,
985 2208 1133 2284 quod
1163 2211 1374 2283 aliqua,
1425 2226 1551 2284 quae
1589 2216 1883 2283 tempora-

528 2313 555 2346 α
597 2291 730 2349 liter
760 2291 821 2347 in
843 2295 1103 2347 creatura
1123 2295 1275 2358 sunt,
1307 2291 1425 2347 sint
1445 2306 1613 2348 causa
1638 2290 1883 2364 alicujus

529 2395 555 2427 α
595 2371 892 2430 existentis
927 2371 989 2426 in
1018 2373 1149 2428 Deo,
1187 2393 1212 2423 n
1241 2371 1414 2445 ldque
1439 2372 1745 2431 confirmat
1775 2388 1883 2429 au-

522 2451 890 2510 thoritatibus
915 2452 1240 2524 Scripturae,
1273 2461 1335 2508 ut
1371 2453 1617 2510 Malach.
1649 2454 1685 2508 3
1720 2475 1732 2508 ι
1761 2451 1882 2524 qu

526 2534 814 2598 Dominus,
845 2539 894 2587 et
935 2551 1044 2588 non
1068 2539 1266 2590 mutor.
1302 2536 1433 2591 Post
1474 2532 1882 2591 refutationem

526 2618 717 2671 autem
746 2612 956 2669 horum
982 2629 1247 2669 errorum
1294 2613 1469 2670 tradit
1495 2629 1696 2670 veram
1742 2630 1884 2670 con-

524 2692 780 2751 cordiam
809 2692 960 2747 inter
1004 2692 1311 2748 utilitatem
1339 2691 1637 2758 orationiS,
1669 2697 1725 2749 et
1767 2693 1885 2749 im-

524 2770 968 2830 mutabilitatem
996 2769 1211 2828 divinae
1235 2772 1544 2830 voluntatis
1567 2777 1722 2829 actus
1745 2789 1884 2831 nos-

526 2859 645 2912 tros
664 2852 961 2912 efficaciter
1000 2851 1377 2920 decernentiS,
1403 2859 1460 2911 et
1480 2854 1669 2929 inquit
1696 2875 1709 2912 ε

353 2934 502 3027 unffi&
608 2958 635 2991 α
675 2936 734 2992 Si
785 2935 913 3008 quis
966 2940 1153 2992 autem
1206 2935 1515 3011 diligenter
1563 2936 1885 2995 consideret

295 3058 300 3059 ff
341 2994 504 3093 06me
529 3040 563 3089 .<‘
604 3016 754 3074 circa
781 3016 1065 3090 praedicta,
1110 3017 1368 3075 inveniet
1394 3018 1543 3092 quod
1570 3021 1761 3077 omnis
1785 3036 1883 3077 er-

313 3083 511 3179 ”ssffiffl‘
538 3122 564 3154 α
607 3115 724 3167 ror,
773 3099 871 3173 qui
918 3099 980 3155 in
1028 3097 1119 3153 his
1162 3099 1380 3167 accidit,
1410 3117 1483 3157 ex
1528 3101 1633 3159 hoc
1657 3102 1879 3170 accidit,

315 3181 499 3276 cssfflssl-
534 3200 559 3234 α
598 3179 751 3253 quod
789 3195 907 3236 non
946 3178 1339 3237 consideratur
1376 3179 1703 3239 differentia
1733 3182 1885 3238 inter

310 3280 564 3340 mutabili-,et
604 3261 992 3318 universalem
1038 3260 1321 3328 ordinem,
1370 3267 1428 3318 et
1454 3264 1879 3334 particularem.

314 3330 563 3424 ¹223&ng
604 3343 745 3397 Cum
791 3340 949 3397 enim
994 3354 1193 3397 omnes
1231 3341 1460 3397 effectus
1505 3342 1771 3400 ordinem
1812 3341 1885 3400 ad

328 3429 500 3483 positio-
533 3441 562 3473 c<
600 3420 852 3477 invicem
881 3419 1146 3486 habeant,
1170 3420 1483 3479 secundum
1511 3423 1659 3494 quod
1683 3424 1745 3480 in
1770 3440 1884 3480 una

364 3479 444 3524 ¹¹¹⁵·
532 3524 559 3557 α
600 3517 768 3559 causa
793 3501 1143 3559 conveniunt
1161 3527 1176 3570 ;
1202 3510 1424 3577 oportet
1443 3509 1601 3562 tanto
1621 3522 1885 3562 commu-

530 3603 556 3635 «
599 3581 822 3640 niorem
858 3581 1123 3640 ordinem
1144 3598 1285 3649 esse,
1311 3590 1523 3656 quanto
1544 3590 1628 3641 est
1652 3586 1884 3643 univer-

531 3684 556 3715 «
597 3661 775 3720 salior
813 3680 999 3721 causa.
1032 3662 1196 3720 Unde
1243 3663 1313 3720 ab
1341 3664 1660 3722 universali
1688 3684 1876 3734 causa,

529 3765 556 3796 «
598 3759 722 3817 quae
761 3747 908 3802 Deus
936 3751 1038 3813 est,
1081 3746 1221 3803 ordo
1249 3746 1616 3819 proveniens,
1658 3764 1883 3806 necesse

529 3844 556 3877 α
597 3827 854 3898 estquod
896 3825 1092 3884 omnia
1119 3829 1544 3900 complectatur.
1577 3829 1738 3885 Nihil
1769 3830 1884 3903 igi-

529 3924 556 3957 «
597 3908 692 3960 tur
721 3906 982 3979 prohibet
1009 3906 1258 3978 aliquem
1289 3907 1693 3979 particularem
1721 3909 1883 3965 ordi-

531 4004 558 4037 «
599 3999 734 4041 nem
763 3988 855 4043 vel
877 4003 977 4059 per
1005 3987 1343 4055 orationem,
1370 3989 1462 4044 vel
1486 4003 1587 4060 per
1630 3989 1880 4062 aliquem

530 4088 560 4123 «
603 4069 784 4126 alium
813 4068 1046 4125 modum
1071 4068 1368 4126 immutari
1395 4093 1409 4137 ;
1435 4077 1518 4127 est
1539 4070 1698 4127 enim
1719 4078 1883 4129 extra

532 4174 560 4207 α
589 4151 756 4208 illum
786 4148 1048 4206 ordinem
1073 4150 1309 4224 aliquid,
1337 4148 1484 4222 quod
1507 4151 1682 4223 possit
1710 4151 1880 4208 illum

533 4254 560 4286 ε(
602 4232 933 4288 immutare.
967 4232 1207 4303 Propter
1230 4230 1379 4304 quod
1408 4246 1523 4287 non
1550 4235 1635 4287 est
1660 4233 1880 4288 mirum

532 4334 559 4366 «
599 4312 649 4368 si
676 4310 931 4385 AEgyptii
974 4310 1305 4367 reducentes
1346 4325 1541 4366 rerum
1590 4311 1882 4370 humana-

534 4414 559 4445 «
603 4406 734 4446 rum
757 4389 1019 4447 ordinem
1043 4390 1106 4445 in
1127 4406 1362 4461 corpora
1382 4388 1651 4457 coelestia,
1677 4407 1883 4464 posue-

532 4496 559 4527 «
602 4476 736 4529 runt
765 4471 942 4527 fatum
967 4488 1039 4528 ex
1064 4471 1244 4528 stellis
1284 4472 1629 4543 proveniens
1664 4473 1882 4546 aliqui-

531 4575 558 4607 «
599 4552 704 4609 bus
730 4550 1102 4618 orationibuS,
1133 4556 1188 4609 et
1217 4549 1424 4607 ritihus
1452 4570 1612 4626 posse
1660 4555 1882 4611 immu-

532 4654 557 4687 α
598 4632 711 4690 tari
762 4653 775 4688 ε
825 4648 959 4689 narn
1006 4638 1170 4688 extra
1215 4632 1465 4689 coelestia
1515 4650 1774 4708 corpora,
1823 4640 1882 4692 et

531 4736 558 4768 «
598 4730 773 4787 supra
811 4729 878 4770 ea
915 4717 1000 4770 est
1029 4715 1193 4781 Deus,
1224 4714 1322 4786 qui
1354 4719 1534 4786 potest
1559 4717 1877 4773 coelestium

531 4818 558 4849 «
598 4809 901 4866 corporum
925 4793 1206 4866 impedire
1231 4794 1513 4863 effectum,
1541 4797 1640 4869 qui
1664 4796 1726 4853 in
1757 4797 1881 4853 istis

532 4899 559 4930 α
598 4873 972 4931 inferioribus
1010 4890 1080 4931 ex
1110 4875 1347 4931 illorum
1384 4876 1761 4949 impressione
1785 4892 1881 4936 se-

533 4978 560 5010 «
599 4960 879 5029 qunturus
917 4960 1058 5014 erat.
1101 4956 1207 5013 Sed
1233 4963 1396 5014 extra
1421 4958 1686 5016 ordinem
1719 4975 1880 5018 com-

2018 534 2046 569 «
2088 515 2429 587 plectentem
2473 513 2673 571 omnia
2716 528 2831 570 non
2880 515 3058 586 potest
3085 511 3222 585 poni
3261 511 3374 568 ali-

2018 615 2046 647 «
2085 594 2243 668 quid,
2277 611 2377 668 per
2404 594 2554 669 quod
2586 594 2761 667 possit
2796 591 2938 650 ordo
2959 591 3028 649 ab
3059 592 3370 651 universali

2019 694 2047 727 α
2086 691 2255 732 causa
2298 673 2627 747 dependens
2672 674 2877 731 everti.
2941 673 3183 745 Propter
3227 671 3373 745 quod

2020 776 2045 808 α
2084 755 2277 820 Stoici,
2305 756 2404 829 qui
2429 755 2490 811 in
2520 755 2698 812 Deum
2727 754 2872 810 sicut
2898 754 2962 810 in
2987 769 3216 810 causam
3239 753 3373 809 uni-

2020 856 2046 890 α
2087 835 2394 901 versalem,
2428 834 2692 891 omnium
2727 833 3002 890 ordinum
3048 849 3246 890 rerum
3275 849 3373 891 re·-

2020 939 2047 970 α
2088 916 2415 974 ductionem
2444 914 2904 981 considerabant,
2925 912 3213 987 ponebant
3225 914 3373 988 quod

2020 1017 2047 1050 a
2086 995 2229 1054 ordo
2250 996 2547 1052 institutus
2569 1011 2602 1051 a
2624 998 2737 1053 Deo
2760 997 2926 1052 nulla
2952 995 3379 1067 ratione'possit

2020 1101 2047 1133 α
2090 1078 2389 1136 immutari
2425 1099 2438 1133 ε
2481 1077 2675 1134 sedin
2715 1077 2820 1134 hoc
2846 1093 2878 1133 a
2919 1076 3377 1134 consideratione

2020 1185 2047 1217 α
2090 1161 2440 1219 universalis
2466 1159 2690 1218 ordinis
2714 1156 3071 1224 recedebant,
3104 1156 3253 1231 quod
3275 1174 3379 1231 po-

2017 1265 2047 1298 «
2089 1242 2304 1301 nebant
2348 1242 2637 1299 orationes
2690 1239 2760 1295 ad
2811 1240 2962 1296 nihil
3008 1239 3180 1296 utiles
3233 1254 3375 1304 esse,

2019 1346 2046 1378 α
2090 1329 2362 1396 tanquam
2411 1321 2767 1379 arbitrentur
2812 1322 3138 1378 voluntates
3184 1319 3380 1378 homi-

2020 1430 2046 1460 (ι
2089 1422 2251 1474 num,
2284 1412 2340 1463 et
2366 1420 2567 1463 eorum
2596 1403 2881 1461 desideria
2905 1405 2996 1474 (ex
3022 1402 3230 1476 quibus
3252 1418 3381 1460 ora-

2020 1511 2047 1542 «
2089 1489 2273 1545 tiones
2316 1485 2646 1559 procedunt)
2670 1485 2778 1548 sub
2805 1486 2909 1543 illo
2940 1485 3256 1542 universali
3278 1501 3380 1542 or—

2020 1591 2047 1623 α
2073 1568 2212 1624 dine
2235 1583 2353 1624 non
2369 1566 2798 1640 comprehendi.
2821 1567 2961 1621 Cum
2978 1565 3139 1622 enim
3154 1564 3376 1631 dicunt,

2020 1672 2046 1703 α
2086 1648 2236 1722 quod
2263 1648 2386 1704 sive
2426 1648 2716 1704 orationes
2736 1645 2899 1712 fiant,
2924 1646 3048 1702 sive
3071 1661 3187 1703 non
3218 1667 3242 1696 ι)
3283 1648 3381 1716 (en

2013 1729 2311 1803 perspicue
2337 1725 2822 1784 Adversariorum
2851 1725 3135 1783 motivum
3164 1723 3382 1781 funda-

2014 1813 2137 1865 tum
2164 1823 2337 1880 super
2367 1806 2841 1863 immutabilitate
2862 1805 3051 1862 divini
3068 1803 3297 1871 decreti,
3322 1811 3382 1862 et

2013 1889 2240 1955 auxilii,
2286 1888 2479 1962 qualia
2521 1888 2791 1961 ponimus
2830 1885 3180 1956 Thomistae),
3226 1885 3381 1942 nihi-

2020 1991 2047 2023 «
2088 1969 2343 2027 lominus
2369 1967 2522 2025 idem
2543 1967 2773 2025 effectus
2808 1966 3066 2039 sequitur
3093 1965 3156 2022 in
3209 1964 3380 2023 rebus

2021 2072 2046 2103 α
2087 2067 2159 2107 ex
2185 2048 2503 2106 universali
2551 2048 2757 2106 ordine
2799 2063 3023 2112 earum,
3073 2045 3383 2104 manifeste

2021 2152 2047 2185 «
2089 2130 2160 2188 ab
2188 2131 2292 2187 illo
2332 2130 2650 2186 universali
2693 2127 2898 2187 ordine
2923 2131 3055 2184 vota
3081 2126 3379 2185 orantium

2022 2234 2048 2266 α
2087 2215 2537 2286 sequestrantur.
2564 2210 2621 2266 Si
2655 2210 2813 2267 enim
2842 2210 2959 2265 haec
2982 2206 3089 2264 sub
3118 2208 3221 2265 illo
3248 2206 3382 2264 uni·

2022 2315 2048 2346 α
2076 2294 2288 2350 vei-sali
2305 2291 2508 2349 ordine
2522 2290 3101 2363 comprehendantur,
3115 2287 3258 2344 sicut
3273 2303 3378 2361 per

2022 2395 2048 2426 «
2092 2372 2236 2429 alias
2262 2388 2476 2438 causaS,
2510 2372 2589 2428 ita
2614 2376 2671 2428 et
2693 2387 2792 2443 per
2814 2370 2930 2426 haec
2948 2386 3021 2427 ex
3045 2368 3248 2425 divina
3270 2384 3375 2426 or-

2022 2472 2049 2505 α
2089 2450 2386 2509 dinatione
2409 2451 2585 2524 aliqui
2608 2450 2834 2507 effectus
2855 2454 3191 2521 sequuntur.
3219 2448 3378 2507 ldem

2023 2557 2048 2588 α
2089 2550 2225 2609 ergo
2251 2534 2363 2591 erit
2388 2533 2689 2590 excludere
2715 2531 2994 2589 orationis
3013 2530 3294 2598 effectum,
3319 2538 3382 2590 et

2023 2636 2050 2668 α
2088 2613 2485 2672 communium
2514 2613 2764 2670 aliarum
2791 2627 3114 2667 causarum.
3140 2610 3300 2676 Quod
3327 2612 3381 2668 si

1982 2765 1983 2768 Ἴ
2022 2716 2048 2747 α
2090 2693 2221 2751 aliis
2268 2694 2451 2751 causis
2496 2690 2888 2750 immobilitas.
2918 2690 3107 2748 divini
3153 2692 3380 2748 ordinis

2023 2795 2048 2828 α
2089 2774 2318 2832 effectus
2364 2790 2482 2831 non
2525 2772 2839 2839 subtrahit,
2897 2787 3000 2829 nec
3044 2772 3379 2830 orationum

2023 2878 2049 2909 a
2078 2854 2382 2912 efficaciam
2405 2854 2572 2911 tollit.
2603 2852 2808 2910 Valent
2830 2852 3004 2927 igitur
3032 2852 3321 2910 orationes
3348 2873 3374 2905 n

2016 2937 2220 3011 (pende
2249 2936 2682 3010 responsionem
2724 2935 2933 3002 Lessi0,
2963 2941 3021 2993 et
3063 2935 3241 2993 Sociis
3280 2952 3382 2992 ac-

2016 3018 2514 3087 commodandam)
2531 3033 2677 3074 «non
2692 3018 2853 3098 quasi
2871 3017 3135 3075 ordinem
3150 3021 3382 3075 aeternae

2024 3123 2050 3153 α
2090 3099 2481 3172 dispositionis
2513 3100 2904 3173 immutanteS,
2946 3097 3043 3154 sed
3071 3098 3232 3171 quasi
3272 3097 3380 3154 sub

2024 3202 2050 3235 α
2090 3182 2191 3237 tali
2239 3179 2443 3239 ordine
2469 3180 2644 3237 etiam
2675 3181 2811 3253 ipsae
2844 3180 3171 3236 existentes,
3214 3179 3377 3236 Nihil

2025 3286 2049 3315 α
2092 3268 2281 3320 autem
2312 3261 2573 3336 prohibet
2595 3278 2696 3334 per
2716 3263 3047 3320 orationum
3068 3261 3377 3320 efficaciam

2024 3364 2051 3396 «
2092 3343 2341 3416 aliquem
2388 3344 2794 3416 particularem
2842 3341 3107 3400 ordinem
3136 3342 3382 3416 alicujus

2024 3446 2050 3479 α
2092 3425 2456 3499 particularis
2498 3441 2679 3481 causae
2706 3424 3002 3482 inferioris
3050 3425 3373 3493 immutari,

2024 3527 2049 3559 α
2091 3508 2205 3563 Deo
2251 3502 2512 3570 faciente,
2562 3505 2659 3578 qui
2706 3520 2907 3562 omnes
2946 3504 3382 3580 supergreditur

2023 3607 2049 3639 α
2090 3602 2304 3643 causas.
2338 3583 2501 3641 Unde
2529 3584 2634 3640 sub
2663 3585 2827 3641 nulla
2854 3584 3185 3642 necessitate
3218 3583 3381 3642 ordi-

2024 3688 2049 3719 «
2091 3666 2184 3722 nis
2211 3665 2450 3739 alicujus
2476 3681 2655 3721 causae
2680 3665 3008 3722 continetur
3031 3687 3044 3731 ς
3073 3664 3219 3722 sede
3239 3680 3384 3722 oon-

2023 3769 2048 3800 «
2090 3762 2256 3804 verso
2279 3746 2470 3802 omnis
2502 3745 2802 3803 necessitas
2830 3745 3052 3802 ordinis
3081 3744 3383 3802 inferioris

2022 3849 2049 3880 α
2089 3843 2270 3884 causae
2314 3827 2641 3884 continetur
2681 3824 2788 3882 sub
2826 3826 2966 3899 ipso,
3009 3825 3173 3898 quasi
3203 3825 3274 3882 ab
3312 3840 3381 3882 eo

2022 3929 2048 3960 α
2091 3909 2406 3964 institutus.
2449 3910 2513 3963 In
2540 3914 2823 3981 quantum
2848 3923 2985 3981 ergo
3025 3922 3126 3979 per
3159 3907 3379 3965 oratio-

2023 4010 2049 4041 «
2091 4005 2223 4045 nem
2267 3989 2607 4061 immutatur
2635 3986 2855 4061 aliquid
2883 3986 2954 4043 de
2987 3984 3193 4043 ordine
3222 3986 3377 4043 infe-

2018 4092 2048 4143 ¹<s
2091 4071 2312 4128 riorum
2333 4086 2636 4127 causarum
2662 4070 2925 4125 instituto
2947 4085 2981 4125 a
3003 4070 3115 4127 Deo
3143 4073 3379 4142 propter

2021 4172 2048 4204 α
2089 4152 2377 4208 orationes
2402 4151 2653 4223 piorum,
2685 4150 2896 4207 dicitur
2923 4152 3071 4208 Deus
3093 4149 3372 4216 converti,

2021 4251 2047 4282 α
2089 4232 2181 4287 vel
2205 4230 2513 4304 poenitere;
2544 4246 2660 4287 non
2688 4229 2839 4303 quod
2867 4235 3084 4287 aeterna
3108 4229 3233 4302 ejus
3255 4227 3381 4285 dis-

2021 4334 2047 4364 α
2090 4312 2293 4386 positio
2315 4317 2585 4377 mutetur,
2610 4312 2708 4370 sed
2729 4313 2866 4385 quia
2889 4317 3145 4369 mutatur
3168 4311 3381 4384 aliquis

2021 4416 2047 4449 α
2088 4393 2333 4451 effectus,
2360 4394 2525 4451 Unde
2552 4394 2860 4469 Gregorius
2888 4392 3043 4462 dicit,
3075 4391 3227 4466 quod
3257 4407 3377 4451 non

2020 4495 2047 4527 α
2089 4479 2273 4531 mutat
2295 4476 2440 4531 Deus
2459 4474 2789 4541 consilium,
2827 4474 3095 4548 quamvis
3117 4472 3374 4546 quando·

2021 4578 2047 4610 α
2086 4573 2197 4630 que
2223 4562 2404 4613 mutet
2421 4557 2802 4626 sententiam;
2829 4563 3161 4614 nontamen
3185 4556 3370 4623 illam,

2020 4661 2045 4692 (ι
2087 4656 2213 4712 quae
2263 4639 2561 4713 exprimit’
2582 4636 3017 4711 dispositionem
3071 4645 3371 4703 aeternam‚

2020 4741 2047 4771 «
2086 4718 2184 4776 sed
2214 4719 2377 4776 illam
2405 4720 2771 4784 sententiam,
2802 4736 2926 4793 quaa
2952 4719 3231 4792 exprimit
3276 4735 3376 4777 or—

2020 4821 2047 4853 «
2090 4798 2287 4858 dinem
2310 4800 2670 4857 inferiorem.
2694 4821 2719 4850 ι)
2745 4802 3043 4873 Hucusque
3064 4803 3119 4856 S.
3149 4803 3370 4857 Doctor.

2004 4883 2009 4889 ’
2086 4883 2216 4938 278.
2227 4883 2308 4938 Ex
2321 4880 2526 4955 quibus
2541 4882 2836 4938 evidenter
2850 4887 3086 4947 constat,
3110 4882 3299 4954 ipsum
3315 4884 3380 4936 ut

2011 4962 2343 5019 conciliaret
2372 4961 2778 5030 necessitatem,
2811 4962 2866 5018 et
2907 4962 3215 5021 utilitatem
3243 4976 3377 5020 ora-

3205 5041 3378 5101 tionis
