3647 5753
1423 461 1600 518 DISP.
1644 461 1765 527 vll,
1810 460 1974 517 DUB.
2020 463 2116 519 IV.
3072 460 3149 515 93

272 638 404 702 Quo
430 653 611 694 sensu
639 638 700 695 in
726 639 982 696 oratione
1007 644 1222 698 secreta
1249 635 1560 695 Dominicae
1612 635 1648 688 4

273 724 406 791 post
455 721 844 786 Pentecosten,
895 728 1020 779 orat
1066 720 1312 778 Ecclesia
1360 721 1559 782 Deum,
1587 718 1650 771 ut

279 822 306 853 α
339 807 575 857 nostras
589 802 761 858 etiam
779 802 1017 860 rebelles
1040 803 1110 860 ad
1133 819 1193 860 se
1218 800 1523 874 compellat
1544 813 1649 854 vo-

131 893 235 946 Aug,
278 902 306 934 α
338 881 620 945 luntates,
643 883 833 957 »juxta
855 882 1178 940 doctrinam
1209 879 1650 957 August.cap.98

271 960 626 1032 Euchiridii,
658 962 755 1019 ubi
784 964 893 1020 ait:
926 986 951 1015 α
975 964 1113 1029 Quis
1141 969 1256 1020 tam
1287 962 1465 1034 impie
1493 960 1647 1016 desi-

277 1063 304 1095 α
336 1042 478 1115 piat,
533 1048 594 1098 ut
657 1042 823 1109 dicat,
882 1040 1061 1100 Deum
1109 1044 1292 1101 malas
1340 1041 1646 1099 hominum

274 1143 300 1174 α
332 1123 665 1179 voluntates
690 1140 830 1196 quas
877 1126 1141 1193 voluerit,
1172 1123 1402 1197 quando
1447 1122 1649 1178 volue-

274 1224 300 1253 (τ
333 1203 436 1269 rit,
495 1202 591 1258 ubi
647 1204 913 1272 voluerit,
948 1205 1009 1261 in
1053 1204 1267 1262 bonum
1321 1219 1439 1261 non
1490 1214 1650 1273 posse

272 1304 299 1333 α
332 1287 679 1338 convertere
705 1286 732 1338 P
756 1304 781 1334 »
818 1284 977 1348 Quod
1000 1289 1194 1341 tamen
1222 1279 1646 1341 concedendum

265 1368 436 1427 esset,
485 1363 536 1418 si
584 1363 869 1420 auxilium
912 1382 1022 1439 quo
1069 1367 1215 1421 Deus
1265 1367 1479 1427 movet,
1530 1375 1649 1416 non

266 1450 354 1501 est
407 1460 484 1501 ex
530 1460 590 1501 se
659 1446 896 1503 efficax:
948 1463 1084 1503 nam
1156 1450 1454 1520 expectare
1503 1440 1649 1497 illud

269 1541 506 1584 necesse
555 1532 639 1583 est
684 1530 775 1585 vel
821 1530 1306 1601 opportunitatem
1339 1524 1646 1598 temporis,

269 1610 363 1665 vel
407 1609 716 1666 meliorem
767 1610 1002 1684 subjecti
1078 1610 1531 1683 dispositionem,
1591 1611 1652 1661 ut

266 1687 468 1744 dubiis
534 1690 985 1763 praecedentibus
1033 1689 1431 1765 arguebamus.
1492 1686 1647 1743 Idem

263 1769 559 1844 significat
607 1773 852 1837 Ecclesia
876 1774 938 1828 in
962 1774 1076 1830 alia
1099 1773 1378 1840 oratione,
1398 1770 1499 1827 ubi
1525 1770 1606 1825 ait
1631 1792 1644 1825 ι

271 1852 420 1908 Deus
493 1855 593 1931 qui
645 1856 1098 1926 omnipotentiam
1153 1862 1310 1909 tuam
1371 1851 1645 1926 parcendo

267 1936 523 1989 ina-rime
578 1941 627 1988 et
673 1935 982 1990 miserando
1022 1936 1366 2005 manifestas.
1416 1935 1473 1989 Si
1506 1991 1509 1995 ,
1540 1949 1647 1988 au-

267 2022 384 2071 tem
426 2015 652 2071 auxilia
699 2015 926 2081 mediis,
971 2016 1176 2088 quibus
1224 2020 1369 2072 Deus
1409 2015 1646 2088 exequi-

269 2102 364 2153 tur
415 2114 591 2153 suam
644 2098 1121 2164 misericordiam,
1175 2115 1292 2155 non
1337 2103 1526 2155 essent
1575 2114 1647 2154 ex

263 2194 328 2234 se
378 2178 653 2243 efficacia,
699 2179 849 2234 nihil
905 2178 1183 2235 haberent
1217 2196 1406 2251 ,supra
1477 2179 1647 2235 auxi-

266 2259 346 2314 lia
416 2258 782 2323 sufficientia,
836 2261 897 2315 in
963 2277 1074 2332 quo
1128 2259 1455 2333 splenderet
1518 2276 1648 2316 om-

269 2340 601 2412 nipotentia
664 2339 906 2405 divina;
955 2340 1052 2397 sed
1097 2345 1323 2396 tantum
1364 2340 1651 2397 emineret

272 2421 370 2476 Dei
440 2420 819 2493 praescientia,
862 2438 988 2492 quae
1059 2421 1300 2477 vocandi
1328 2421 1651 2478 occasiones

263 2500 621 2573 exploravit,
654 2506 714 2556 ut
741 2507 874 2556 tunc
914 2508 1157 2559 vocaret.
1191 2502 1345 2559 Idem
1378 2509 1650 2575 praeterea

267 2580 565 2655 significat
585 2582 833 2637 Ecclesia
848 2582 908 2636 in
927 2583 1041 2639 alia
1062 2584 1339 2650 oratione,
1375 2582 1514 2638 Deus
1536 2586 1648 2638 vir·

267 2670 461 2727 tutem,
495 2664 658 2733 cujus
677 2670 754 2717 est
776 2669 967 2727 totum,
1001 2665 1143 2741 quod
1163 2672 1238 2719 est
1258 2667 1548 2738 optimum.
1580 2665 1647 2720 Et

273 2745 611 2799 innumerae
648 2749 784 2798 sunt
837 2744 1098 2800 Ecclesiae
1141 2745 1464 2809 orationeS,
1521 2760 1647 2817 quae

274 2823 492 2882 habent
516 2824 623 2881 hoc
647 2823 880 2880 initium
912 2846 925 2880 ε
956 2824 1308 2899 Omnipotens
1328 2826 1648 2898 sempiterne

275 2905 454 2961 Deus:
478 2906 854 2977 OmnipotenS,
884 2912 934 2958 et
957 2907 1259 2961 misericors
1284 2906 1461 2961 Deus:
1487 2904 1648 2978 Quoe-

271 2987 463 3041 subtus
518 2987 858 3058 omnipotens
887 2984 1051 3052 Deus,
1081 2993 1177 3041 etc.
1205 2990 1355 3051 Quas
1403 3001 1520 3043 non
1560 2991 1648 3042 te-

271 3082 453 3132 mere,
513 3065 616 3122 sed
666 3082 895 3121 summa
962 3065 1323 3138 providentia
1368 3065 1649 3138 disposuit

275 3149 531 3205 Ecclesia
564 3172 577 3214 ;
609 3153 730 3202 tum
791 3154 851 3202 ut
894 3163 1270 3204 moneremur
1329 3148 1647 3221 profectum

273 3235 545 3285 nostrum
575 3242 693 3283 non
714 3227 777 3282 in
793 3226 1229 3299 dispositionem
1252 3227 1502 3295 arbitrii,
1531 3243 1648 3284 non

275 3313 337 3368 in
384 3318 718 3382 temporum
785 3308 1210 3366 vicissitudines
1264 3310 1647 3366 revocandum

272 3407 396 3447 esse
428 3415 443 3457 ;
475 3389 578 3446 sed
608 3390 668 3444 in
691 3390 1171 3461 omnipotentiam
1196 3390 1315 3456 Dei,
1335 3390 1431 3461 qui
1453 3399 1643 3462 quem,

276 3481 332 3530 et
355 3471 610 3546 quando,
643 3477 699 3528 et
726 3469 824 3526 ubi
847 3471 1115 3536 voluerit,
1150 3476 1330 3544 potest
1349 3471 1649 3528 efficaciter

281 3553 349 3610 ad
369 3570 430 3610 se
458 3552 692 3609 trahere
716 3575 730 3618 ;
760 3556 883 3607 tum
909 3558 965 3606 ut
995 3552 1355 3625 erigeremur
1401 3552 1460 3608 in
1486 3568 1647 3624 spem

279 3632 666 3706 consequendi
696 3633 913 3688 auxilia
939 3632 1202 3696 efficacia,
1236 3649 1365 3687 cum
1395 3632 1510 3688 haec
1533 3648 1647 3689 non

280 3713 709 3787 suspendantur
727 3715 877 3769 inter
905 3712 1202 3788 ambiguas
1230 3717 1578 3784 temporum,
1595 3718 1651 3769 et

280 3794 670 3868 subjectorum
686 3793 1058 3860 differentias,
1084 3792 1181 3849 sed
1206 3793 1490 3865 pendeant
1518 3799 1650 3850 tan-

285 3879 404 3930 tum
433 3890 506 3930 ex
534 3875 634 3931 Dei
657 3874 1092 3946 omnipotentia,
1122 3889 1249 3946 quae
1277 3873 1651 3930 uniformiter

283 3954 406 4025 ipsa
427 3952 607 4010 adest.

361 4035 463 4089 His
513 4033 920 4090 communibus
987 4032 1246 4090 Ecclesiae
1292 4031 1653 4089 orationibus

1781 646 1839 698 et
1858 640 1956 699 ubi
1979 658 2081 715 per
2123 641 2419 699 scientiam
2450 642 2700 699 mediam
2738 640 3017 714 praenovit
3046 640 3144 696 fu-

1784 727 1981 779 turum
2027 740 2166 791 esse,
2217 732 2277 782 ut
2317 729 2807 782 converterentur.
2853 722 2975 777 Nisi
3023 721 3144 776 Ad-

1783 806 2029 861 versarii
2050 805 2263 877 dicant,
2284 812 2474 870 Deum
2502 807 2688 862 solum
2718 818 2879 876 posse
2902 802 3139 868 efficere,

1781 901 1906 958 quae
1928 890 2153 959 praescit
2185 906 2306 947 esse
2344 886 2730 945 conditionate
2778 884 2971 940 sutura
3004 906 3017 939 ι
3045 884 3144 941 sed

1783 970 1917 1022 tunc
1942 967 2225 1025 curabunt
2253 967 2417 1027 nobis
2455 981 2741 1038 exponere
2764 965 3018 1037 primum
3047 981 3147 1021 ar-

1783 1045 2022 1103 ticulum
2065 1049 2221 1106 Fidei
2248 1072 2261 1106 :
2296 1048 2469 1107 Credo
2490 1049 2550 1101 in
2574 1046 2747 1102 Deum
2775 1046 2997 1102 Patrem
3025 1062 3147 1100 om-

1782 1130 2130 1200 nipotentem.
2161 1128 2417 1186 Tandem
2446 1125 2849 1185 communibus
2876 1126 3137 1183 Ecclesiae

1781 1207 2274 1280 deprecationibus
2314 1208 2679 1283 adjungimus
2728 1206 3040 1278 antiquam,
3085 1211 3144 1263 et

1782 1306 2017 1364 gravem
2058 1291 2400 1357 orationem,
2425 1307 2597 1364 quam
2645 1288 2891 1345 Ecclesia
2934 1288 3145 1361 Hispa-

1784 1371 1895 1426 niae
1919 1371 1979 1428 in
2008 1371 2279 1428 Consiliis
2324 1371 2613 1428 Toletanis
2655 1367 3051 1443 praemittebat,
3080 1373 3142 1424 ut

1785 1451 2041 1508 referunt
2063 1452 2289 1508 Garsias
2311 1454 2527 1526 Loaysa
2550 1451 2610 1506 in
2633 1449 2903 1506 Conciliis
2933 1450 3140 1522 Hispa-

1784 1532 2297 1598 niae,etSeverinus
2313 1534 2513 1589 Binius
2529 1538 2682 1589 tomo
2706 1533 2723 1587 l
2746 1530 3137 1588 Conciliorum

1781 1614 2162 1688 generalium,
2195 1614 2255 1669 in
2286 1614 2570 1687 principio
2602 1629 2776 1681 ;nam
2816 1610 3138 1670 doctrinam
3210 1613 3216 1620 '

1782 1700 2038 1750 nostram
2061 1691 2211 1749 haud
2242 1710 2445 1766 parum
2467 1692 2787 1750 confirmat.
2821 1693 2919 1746 Est
2946 1698 3137 1749 autem

1781 1775 2069 1849 ejusmodi
2096 1799 2109 1834 ε
2185 1800 2210 1832 «
2260 1775 2565 1841 AdsumuS,
2633 1780 2824 1831 sancte
2869 1773 3136 1845 Spiritus,

1789 1855 2116 1914 «adsumus
2157 1881 2169 1915 :
2233 1858 2437 1932 peccati
2485 1855 2718 1928 quidem
2785 1855 3144 1912 humanitate

1789 1936 2080 2005 «detenti,
2129 1939 2226 1997 sed
2280 1941 2341 1995 in
2390 1937 2627 1993 nomine
2668 1943 2762 1992 tuo
2820 1936 3143 2009 specialiter

1790 2039 1815 2071 «
1847 2016 2154 2092 adgregati.
2201 2020 2347 2077 Veni
2373 2017 2442 2074 ad
2482 2034 2604 2083 nos,
2638 2017 2829 2075 adesto
2868 2016 3052 2082 nobis,
3085 2021 3141 2074 et

1789 2120 1815 2151 ι(
1846 2097 2084 2172 dignare
2119 2099 2300 2156 inlabi
2323 2096 2586 2155 cordibus
2615 2096 2849 2152 nostris.
2876 2099 3016 2152 Doce
3041 2111 3143 2152 nos

1788 2202 1814 2232 <1
1845 2178 1981 2252 quid
2010 2196 2243 2254 agamus
2269 2204 2282 2247 ;
2307 2195 2418 2252 quo
2462 2177 2815 2253 gradiamur,
2861 2175 3093 2233 ostende
3125 2200 3138 2241 3

1788 2259 1979 2333 «quid
2019 2261 2348 2327 efficiamuS,
2393 2274 2650 2331 operare.
2707 2260 2838 2313 Esto
2889 2257 3044 2313 solus
3088 2261 3146 2312 et

1788 2349 2152 2416 «suggestor,
2209 2350 2266 2399 et
2323 2342 2551 2399 effector
2594 2343 2813 2413 (preme
2852 2338 3138 2409 verbum),

1788 2445 1813 2475 «
1839 2422 2189 2496 J‘udiciorum
2212 2428 2560 2481 nostrorum,
2585 2421 2681 2492 qui
2704 2420 2857 2481 solus
2877 2435 3007 2475 cum
3032 2420 3145 2475 Deo

1788 2525 1814 2555 α
1848 2505 2035 2570 Patre,
2054 2509 2111 2560 et
2132 2503 2279 2558 Filio
2296 2518 2507 2559 nomen
2532 2500 2778 2573 possides
2798 2500 3141 2573 gloriosum.

1788 2606 1814 2637 α
1846 2587 1972 2640 Non
1996 2600 2096 2640 nos
2124 2583 2363 2656 patiaris
2386 2580 2808 2656 perturbatores
2835 2596 2956 2635 esse
2976 2580 2995 2653 j
3006 2579 3142 2635 usti·

1788 2686 1814 2717 «
1846 2665 1955 2730 tiae,
1998 2664 2095 2736 qui
2147 2679 2374 2720 summe
2431 2662 2625 2735 diligis
2667 2661 3009 2733 aequitatem.
3072 2662 3145 2715 Ut

1788 2766 1815 2797 α
1843 2744 2143 2801 sinistrum
2173 2760 2301 2801 nos
2361 2759 2476 2800 non
2538 2743 2874 2815 ignorantum
2933 2740 3141 2808 trahat,

1789 2846 1814 2878 «
1845 2841 1962 2882 non
1981 2825 2142 2882 favor
2162 2823 2431 2890 inflectat,
2459 2838 2577 2880 non
2593 2822 2837 2895 acceptio
2855 2822 3139 2889 muneriS,

1788 2926 1813 2957 α
1844 2907 1935 2961 vel
1982 2921 2236 2978 persona}
2280 2908 2646 2976 corrumpat:
2677 2901 2774 2958 sed
2823 2902 3000 2975 junge
3040 2918 3145 2959 nos

1789 2985 1950 3041 «tibi
2015 2985 2314 3042 efficaciter
2364 2985 2543 3041 solius
2586 2988 2695 3038 tum
2743 2982 2942 3056 gratiae
2985 2980 3174 3039 dono.

1782 3064 1939 3138 (quid
1984 3065 2325 3138 expressius,
2370 3069 2432 3121 ut
2477 3063 2855 3121 excludantur
2907 3061 2977 3119 ab
3016 3061 3143 3119 effi-

1782 3148 1935 3204 cacia
1978 3147 2194 3220 gratiae,
2227 3148 2361 3219 quia
2403 3148 2525 3219 ipsa
2562 3145 2749 3219 gratia
2802 3160 2919 3203 non
2940 3147 3143 3215 sunt)?

1791 3251 1816 3282 a
1848 3234 1908 3284 ut
1935 3229 2116 3285 simus
2155 3228 2216 3284 in
2258 3235 2312 3285 te
2352 3245 2553 3293 unum,
2585 3232 2638 3283 et
2679 3227 2741 3282 in
2765 3228 2926 3283 nullo
2947 3226 3147 3283 devie-

1790 3332 1817 3363 «
1847 3326 1975 3365 mus
2002 3325 2034 3365 a
2061 3324 2216 3365 vero,
2243 3309 2500 3374 Qualiter
2529 3310 2590 3363 in
2634 3309 2871 3365 nomine
2900 3312 2996 3364 tuo
3021 3308 3144 3363 col-

1791 3413 1817 3444 «
1847 3391 1995 3457 lecti,
2020 3391 2099 3447 sic
2126 3391 2187 3446 in
2208 3391 2425 3446 cunctis
2446 3395 2742 3446 teneamus
2781 3404 2912 3444 cum
2940 3387 3144 3445 mode-

1791 3495 1817 3526 «
1849 3474 2071 3530 ratione
2119 3473 2342 3546 pietatis
2375 3473 2678 3546 justitiam,
2704 3477 2766 3527 ut
2794 3471 2885 3526 hic
2920 3487 2953 3526 a
2999 3476 3051 3527 te
3078 3472 3141 3526 in

1791 3556 2008 3612 «nullo
2047 3555 2345 3612 dissentiat
2395 3556 2679 3610 sententia
2714 3559 2928 3618 nostra,
2978 3557 3034 3608 et
3079 3552 3143 3608 in

1792 3658 1818 3690 α
1850 3636 2039 3690 futuro
2068 3651 2170 3707 pro
2199 3633 2341 3690 bene
2359 3633 2530 3707 gestis
2550 3646 2967 3704 consequamur
2994 3646 3145 3703 prae-

1792 3738 1818 3769 «
1849 3715 1967 3770 mia
1994 3715 2361 3786 sempiterna.
2389 3716 2594 3769 Amen.
2643 3733 2667 3763 »

2381 3905 2429 3972 ς.
2478 3903 2549 3976 ιι.

1900 4052 2218 4110 Ostenditur
2263 4052 2568 4123 specialiter
2619 4052 2688 4105 D.
2744 4049 3006 4106 Tuom-am

116 4119 261 4207 ;AEasil.
286 4119 602 4171 consonant
645 4116 709 4169 D.
744 4114 990 4169 Basilius
1029 4114 1092 4169 in
1131 4113 1391 4170 oratione
1433 4113 1649 4186 Liturg.

133 4169 258 4214 '⁸⁰¹²‘
287 4213 438 4252 num.
467 4197 691 4269 praeced.
728 4198 927 4264 relata,
958 4213 1088 4252 cum
1137 4197 1219 4253 ait
1245 4216 1257 4251 :
1282 4195 1465 4253 Malos
1491 4195 1655 4250 bonos

287 4278 397 4348 sac,
446 4280 637 4334 omnia
679 4279 826 4332 enirn
867 4285 1034 4350 potes,
1095 4280 1158 4334 D.
1203 4275 1538 4333 Benedictus
1591 4275 1656 4331 in

291 4361 525 4434 Regula,
559 4378 679 4432 cap.
711 4361 804 4427 28,
845 4360 940 4415 ubi
988 4364 1183 4417 monet
1221 4357 1507 4417 orandum
1552 4374 1653 4430 pro

292 4441 570 4498 Monacho
597 4440 1006 4514 incorrigibili,
1039 4447 1100 4495 ut
1122 4440 1397 4497 Dominus
1422 4442 1517 4517 qui
1543 4457 1656 4494 om·

295 4522 390 4575 nia
424 4528 616 4594 potest,
641 4529 888 4594 operetur
905 4523 1138 4578 salutem
1177 4524 1324 4577 circa
1371 4522 1654 4593 infirmum

292 4601 546 4671 fratrem.
577 4600 793 4666 Quibus
838 4602 1030 4659 verbis
1077 4607 1315 4673 uterque
1359 4601 1656 4658 sanctissi-

297 4698 424 4738 mus
448 4683 780 4756 patriarcha
819 4684 1048 4740 videtur
1089 4684 1350 4741 allusisse
1376 4682 1445 4740 ad
1468 4684 1654 4739 locum

291 4765 550 4838 Sapient.
577 4781 699 4838 cap.
726 4768 808 4832 ll,
836 4783 984 4830 verS,
1009 4768 1082 4821 25
1101 4790 1118 4822 z
1147 4767 1410 4823 Omnium
1434 4768 1657 4822 misere-

297 4847 395 4911 ris,
427 4848 561 4923 quia
571 4848 758 4902 omnia
778 4855 926 4920 potes
946 4865 964 4913 ;
984 4851 1038 4903 et
1052 4847 1188 4903 satis
1209 4845 1658 4920 expressitess'ec-

299 4931 387 4981 tus
406 4927 607 5000 gratiae
647 4942 759 4985 non
800 4944 871 4984 ex
918 4928 1289 5000 praescientia,
1321 4926 1419 4984 sed
1446 4944 1517 4984 ex
1556 4925 1656 4984 Dei

1936 4135 2119 4202 aperte
2144 4127 2325 4182 docere
2348 4134 2592 4181 nostram
2613 4126 2986 4180 assertionem.

1872 4273 2178 4334 139.'Cum
2227 4274 2545 4331 maximam
2591 4274 2798 4331 habeat
2843 4272 3147 4346 Angelicus
3186 4302 3340 4345 „sl-„0

1789 4364 1992 4417 Doctor
2026 4359 2087 4416 in
2122 4358 2368 4415 Ecclesia
2394 4358 2670 4415 catholica
2716 4355 3143 4422 authoritatem,
3162 4349 3357 4446 tgssgffiffi

1790 4443 2070 4515 praecipue
2086 4447 2279 4498 tamen
2307 4457 2408 4513 pro
2433 4441 2522 4495 his
2546 4439 2956 4497 controversiis
2981 4437 3149 4496 debet
3178 4433 3375 4502 gratiam'

1790 4524 1998 4579 audiri.
2025 4524 2171 4576 Tum
2224 4522 2358 4594 quia
2390 4520 2721 4577 fidelissime
2761 4520 3004 4576 inhaeret
3030 4502 3370 4594 Au-cssffi‘ssfgffi

1788 4604 2017 4677 gustino
2057 4606 2392 4659 caeterorum
2437 4603 2738 4658 Doctorum
2770 4602 2830 4658 in
2855 4602 2958 4657 hac
2987 4606 3148 4673 parte
3164 4600 3354 4691 utentis&

1790 4685 2167 4759 antesignano
2198 4701 2211 4735 ε
2255 4690 2376 4739 tum
2404 4682 2540 4756 quia
2578 4681 2850 4739 Summus
2878 4684 3148 4741 Pontifex
3162 4658 3350 4742 “isirin-

1791 4767 2054 4822 Clemens
2077 4766 2200 4818 VIII
2240 4763 2568 4821 decreverat
2590 4763 2761 4819 istum
2787 4763 3001 4821 nodum
3018 4764 3151 4838 jux·
3199 4757 3312 4793 ⁵⁰⁰⁰·

1791 4852 1850 4904 ta
1888 4844 2183 4916 utriusque
2234 4844 2487 4900 Doctoris
2532 4849 2784 4901 mentem
2825 4846 3140 4902 exsolvere.

1792 4924 1940 4992 Quid
1981 4931 2170 4982 autem
2229 4923 2422 4981 doceat
2473 4925 2839 4999 AugustinuS,
2870 4942 2942 4982 ex
2982 4924 3149 4983 dictis

1791 5012 1909 5063 tam
1936 5006 1999 5061 in
2020 5004 2128 5071 his,
2159 5020 2332 5077 quam
2348 5003 2410 5059 in
2429 5004 2762 5077 praecedenti
2790 5005 2964 5062 dubio
2989 5021 3152 5079 pers-

1794 5092 2018 5160 pectum
2071 5084 2387 5144 habemus:
2421 5084 2572 5142 unde
2601 5102 2891 5158 possemus
2942 5084 3152 5156 absque

303 5007 514 5063 virtute
541 5011 730 5063 ortum
771 5007 1017 5064 ducere:
1058 5009 1202 5065 alias
1245 5009 1432 5064 solum
1463 5023 1658 5080 posce-

302 5093 450 5154 rent,
469 5094 529 5145 ιιι
558 5092 700 5146 Deus
718 5094 1077 5148 converteret
1098 5090 1379 5157 homines,
1404 5088 1654 5162 quando,
