3647 5753
543 436 651 489 :366
1501 431 1593 485 DE
1630 432 1660 485 J
1666 430 2212 487 USTIFICATIONE
2252 433 2455 488 1MP11.

535 631 560 660 «
591 625 692 680 per
714 608 966 680 aliquam
989 610 1381 682 operationem
1396 614 1478 666 est
1498 624 1665 665 causa
1689 608 1887 665 remis·

530 712 556 738 ιι
587 690 769 745 sionis
789 690 984 761 culpae,
1009 689 1107 746 sed
1134 707 1235 762 per
1261 690 1736 747 informationem
1759 688 1888 746 sub-

532 794 558 823 «
582 771 736 844 jecti.
784 792 809 823 »
858 773 973 828 Hoc
1000 777 1189 829 autem
1229 772 1513 829 motivum
1555 788 1672 828 non
1720 770 1890 828 habet

527 852 649 907 vim
679 852 741 906 in
773 858 996 925 peccato
1022 853 1227 909 actuali
1253 858 1505 924 respectu
1533 852 1890 926 expulsionis

455 982 462 989 ,
526 932 744 1006 gratiae,
791 933 921 989 licet
961 933 1106 989 hanc
1131 933 1387 990 effective
1424 934 1711 1007 expellat;
1754 932 1890 1005 quia

529 1027 646 1069 non
667 1013 902 1085 expellit
923 1013 1177 1071 effective
1198 1031 1299 1087 per
1321 1015 1555 1070 modum
1577 1029 1757 1070 causae
1777 1012 1891 1069 essi-

528 1094 749 1159 cientiS,
774 1093 1053 1150 eliciendo
1072 1095 1484 1166 operationem,
1517 1111 1549 1150 a
1569 1111 1680 1167 qua
1702 1094 1892 1150 valeat

506 1172 834 1246 'suspendu
863 1172 962 1229 sed
987 1175 1222 1246 expellit
1242 1174 1497 1231 effective
1524 1190 1625 1247 per
1652 1172 1890 1231 modum

529 1255 788 1311 exercitii
810 1254 874 1309 in
901 1260 1025 1310 actu
1047 1252 1313 1320 secundo,
1337 1260 1422 1311 est
1442 1256 1600 1311 enim
1621 1254 1744 1327 ipsa
1764 1270 1892 1310 cau·

529 1335 746 1401 salitaS,
798 1351 900 1408 per
942 1353 1114 1409 quam
1159 1338 1344 1410 gratia
1388 1337 1718 1410 expellitur,
1768 1336 1893 1392 sive

531 1417 657 1488 ipsa
703 1417 937 1475 actualis
962 1420 1244 1491 expulsio,
1274 1434 1398 1491 quae
1425 1419 1603 1475 aliam
1644 1418 1892 1474 causali-

529 1503 724 1567 tatem,
755 1500 849 1556 vel
876 1501 1214 1568 terminum,
1247 1508 1306 1556 ut
1342 1501 1674 1574 praedictum
1721 1499 1892 1556 effec-

527 1586 651 1636 tum
678 1582 1077 1648 communicet,
1102 1599 1218 1640 non
1245 1588 1518 1654 expectat.

605 1665 697 1720 96.
721 1666 807 1720 Ex
820 1664 1025 1737 quibus
1045 1666 1313 1722 omnibus
1333 1666 1519 1724 decisa
1543 1665 1894 1738 relinquitur

531 1745 850 1813 difficultaS,
876 1764 1047 1820 quam
1071 1748 1133 1803 in
1162 1749 1368 1806 limine
1389 1749 1560 1822 hujus
1584 1747 1743 1803 dubii
1767 1763 1894 1820 pro·

532 1827 819 1900 ponimus,
849 1833 906 1884 et
924 1828 1110 1884 solent
1136 1829 1237 1885 alii
1265 1829 1506 1887 seorsim
1533 1828 1889 1890 examinare,

533 1922 607 1963 an
635 1907 901 1964 videlieet
922 1913 1228 1981 peccatum,
1254 1914 1309 1966 et
1328 1911 1515 1983 gratia
1529 1914 1894 1982 opponantur

534 1988 784 2062 physice,
810 1994 867 2045 et
891 2004 961 2045 ex
989 1994 1195 2047 natura
1237 1990 1359 2047 rei?
1381 1992 1610 2048 Constat
1636 1990 1795 2046 enim
1821 2004 1894 2045 ex

533 2069 805 2125 hactenus
830 2067 1015 2136 dictis,
1050 2070 1391 2129 affirmative
1431 2069 1893 2142 respondendum

528 2164 669 2215 esse,
688 2150 828 2221 quin
850 2165 990 2222 opus
1004 2149 1078 2203 sit
1095 2165 1197 2221 pro
1219 2152 1322 2208 hac
1343 2151 1584 2207 veritate
1606 2148 1895 2205 firmanda

533 2246 681 2288 nova
728 2247 941 2303 ponere
993 2231 1387 2290 fundamenta.
1444 2231 1644 2288 Videri
1700 2237 1895 2288 tamen

534 2315 772 2385 possunt
800 2312 1080 2369 Authores
1105 2329 1279 2385 supra
1302 2314 1467 2370 relati
1495 2331 1648 2369 num.
1673 2315 1765 2379 00,
1796 2312 1895 2384 qui

317 2391 508 2443 Qualiter
533 2393 699 2448 illam
723 2392 907 2465 magis
926 2409 996 2448 ex
1027 2392 1278 2465 professo
1303 2392 1632 2451 discutiunt.
1666 2395 1897 2448 Constat

314 2451 707 2548 i't‘iss‘ffiff'etiam
739 2472 1063 2545 praedictam
1086 2476 1521 2548 oppositionem,
1550 2478 1717 2548 prout
1739 2489 1897 2546 repe-

311 2543 690 2640 „Qfgmritur
717 2554 870 2610 inter
888 2554 1154 2627 gratiam,
1185 2560 1242 2611 et
1261 2560 1549 2628 peccatum
1579 2554 1890 2621 habituale,

320 2638 497 2682 actuale.
536 2649 658 2689 esse
685 2632 989 2690 formalem
1019 2635 1364 2706 privativam
1374 2660 1387 2702 ;
1412 2641 1466 2692 et
1489 2641 1655 2708 prout
1672 2635 1897 2691 inveni-

468 2723 471 2726 ’
538 2719 631 2769 tur
674 2714 824 2770 inter
845 2715 1111 2788 gratiam,
1137 2719 1194 2771 et
1214 2721 1499 2788 peccatum
1517 2716 1750 2783 actuale,
1775 2730 1898 2772 esse

536 2794 839 2859 causalem,
864 2799 919 2851 et
939 2793 1278 2851 effectivam.
1310 2795 1457 2850 Addi
1484 2795 1659 2852 etiam
1693 2800 1891 2868 potest,

536 2873 952 2947 oppositionem
1006 2874 1158 2931 inter
1204 2882 1493 2948 peccatum
1548 2878 1785 2943 actuale,
1842 2882 1898 2933 et

535 2955 780 3030 gratiam
822 2968 949 3013 non‘
986 2957 1302 3031 incongrua
1351 2957 1573 3014 ratione
1613 2957 1896 3031 appellari

537 3038 886 3095 contrariam
929 3036 1236 3105 reductive,
1285 3046 1564 3111 quatenus
1611 3044 1897 3111 peccatum

541 3120 758 3176 actuale
801 3125 886 3177 est
928 3126 1255 3177 extremum
1310 3122 1621 3194 positivum
1673 3136 1901 3178 summe

539 3202 758 3258 distans
799 3217 831 3258 a
857 3201 1059 3276 gratia,
1097 3211 1154 3259 et
1180 3201 1553 3277 indisponens
1601 3204 1898 3261 hominem

541 3283 616 3341 ab
642 3286 762 3359 ejus
790 3284 1221 3357 participatione
1267 3307 1280 3342 ε
1322 3302 1433 3359 qua
1470 3285 1647 3343 etiam
1678 3287 1901 3342 ratione

541 3382 744 3439 corpus
770 3382 1008 3439 opacum
1047 3368 1433 3425 contrariatur
1460 3368 1593 3424 luci.
1624 3367 1712 3423 Ad
1753 3367 1902 3424 hanc

543 3455 732 3506 autem
768 3449 1184 3520 oppositionem
1227 3449 1516 3507 reductive
1548 3449 1899 3520 contrariam

542 3529 692 3586 nihil
737 3529 926 3597 refert,
957 3529 1107 3601 quod
1133 3536 1392 3589 extrema
1417 3532 1534 3588 sint
1559 3529 1772 3588 diversi
1798 3545 1901 3604 ge-

544 3611 720 3677 neriS,
754 3611 846 3667 vel
886 3610 1034 3682 quod
1064 3612 1125 3667 in
1167 3610 1412 3668 diversis
1449 3612 1713 3687 subjectis
1753 3611 1900 3667 reci·

545 3693 778 3764 piantur
811 3715 825 3753 ;
875 3707 1012 3747 nam
1057 3693 1327 3765 oppositae
1372 3694 1522 3768 leges
1572 3698 1901 3749 statuuntur

543 3786 661 3827 non
684 3769 787 3842 pro
806 3770 1207 3828 contrarietate
1230 3772 1537 3840 reductiva,
1564 3772 1662 3829 sed
1686 3790 1788 3845 pro
1808 3787 1900 3829 ex-

545 3851 745 3908 tremis
784 3848 1013 3917 directe,
1045 3857 1099 3907 et
1125 3853 1365 3909 omnino
1393 3854 1647 3927 rigorose
1671 3858 1903 3910 contra-

547 3931 672 3986 riis.
703 3931 1001 4004 Supposito
1027 3947 1180 4005 erg0,
1219 3932 1364 4005 quod
1392 3933 1595 4007 gratia,
1626 3940 1683 3990 et
1709 3948 1905 4005 pecca-

547 4019 670 4069 tum
693 4013 910 4069 actuale
936 4028 1051 4068 non
1074 4014 1390 4070 coexistunt
1417 4015 1592 4069 simul
1621 4014 1685 4070 in
1714 4015 1905 4087 aliquo

546 4093 807 4160 instanti,
850 4092 1569 4150 succeditexaminandum
1603 4115 1617 4148 :

315 1682 503 1723 (30118θῦ·

332 1734 497 1772 larium.

1013 4254 1294 4308 DUBIUM
1337 4255 1428 4310 1V.

555 4415 752 4470 Utrum
792 4423 1072 4489 peccalum
1111 4415 1358 4480 mortale,
1387 4421 1436 4469 et
1473 4417 1658 4486 qratia
1687 4415 1907 4471 valeant

622 4494 686 4548 de
706 4498 950 4567 potentia
995 4495 1243 4551 absoluta
1282 4493 1449 4549 simul
1487 4496 1545 4550 in
1572 4495 1751 4550 eodem
1778 4494 1908 4551 sub-

611 4572 754 4640 jecto
780 4569 1110 4626 coexistere?
1423 4583 1428 4588 ·

623 4729 878 4786 Dubium
920 4729 1172 4802 procedit
1210 4728 1280 4786 de
1314 4729 1504 4803 gratia
1540 4728 1819 4786 existente
1847 4727 1909 4783 in

547 4810 815 4886 subJ‘ecto,
847 4812 937 4867 cui
968 4826 1102 4868 vere
1130 4810 1422 4878 inhaereat,
1447 4815 1504 4867 et
1522 4808 1669 4883 quod
1693 4808 1912 4865 intrin-

554 4908 678 4950 sece
719 4892 1011 4959 informet,
1043 4891 1317 4964 quidquid
1343 4893 1417 4948 sit
1450 4891 1520 4949 de
1543 4890 1730 4966 gratia
1756 4889 1910 4947 exis·
1940 4880 1944 4883 ⁴

555 4978 707 5030 tente
729 4975 791 5028 in
807 4971 1056 5046 subjecto
1073 4973 1161 5029 vel
1191 4987 1291 5046 per
1310 4971 1596 5044 quandam
1624 4971 1914 5028 extrinse-

553 5068 676 5109 cam
724 5052 1126 5120 assistentiam,
1172 5053 1260 5108 vel
1310 5068 1410 5125 per
1452 5052 1628 5109 alium
1677 5050 1913 5133 modum

2021 608 2475 684 excogitabilem.
2499 612 2613 666 Nec
2634 607 3038 682 restringimus
3058 605 3297 662 dubium
3318 605 3392 662 ad

2022 692 2269 765 gratiam
2312 693 2374 748 in
2412 707 2534 749 esse
2559 690 2777 766 gratiae,
2809 688 2905 746 sed
2937 686 3084 743 illud
3113 688 3291 744 etiarn
3319 687 3393 743 ad

2023 773 2269 847 gratiam
2316 774 2379 829 in
2423 788 2545 831 esse
2580 771 2872 845 qualitatis
2923 769 3306 837 extendimus,
3335 776 3392 826 et

2025 858 2327 927 utramque
2353 853 2610 928 ejusdem
2635 853 2834 928 gratiae
2872 849 3395 908 considerationem
3488 924 3497 933 ·

2024 934 2212 992 eidem
2237 936 2634 1010 disceptationi
2662 934 3016 1010 subjicimus.

2646 1098 2760 1167 §1-

2139 1258 2194 1316 E
2199 1260 2391 1330 liyicur
2409 1233 2845 1332 pors‘neyativa,
2876 1265 2926 1312 et
2953 1257 3278 1330 expenditur

2270 1335 2515 1406 primum
2538 1333 2961 1405 fundamentum
2988 1332 3167 1388 illius.

2102 1491 2194 1546 97.
2220 1488 2535 1545 Dicendum
2560 1495 2663 1559 est,
2696 1504 2798 1562 per
2825 1488 3050 1545 nullam
3075 1486 3389 1559 potentiam
3402 1491 3573 1550 conclu

2028 1569 2157 1627 fieri
2181 1586 2360 1643 posse,
2389 1570 2538 1643 quod
2568 1576 2854 1643 peccatum
2878 1569 3141 1636 mortale,
3172 1573 3229 1626 et
3255 1581 3405 1643 gra-7
3449 1551 3529 1584 ⁸¹⁰·

2028 1651 2110 1708 tia
2136 1651 2199 1707 in
2244 1652 2444 1710 eodem
2471 1650 2721 1726 subjecto
2753 1650 3089 1706 coexistant.
3120 1648 3210 1704 Sic
3235 1646 3397 1704 docet

2028 1734 2096 1787 D.
2125 1732 2328 1790 Thom.
2380 1732 2517 1789 locis
2546 1731 2703 1787 infra
2733 1730 3072 1796 referendis,
3103 1744 3277 1801 quem
3304 1742 3395 1784 se·
3422 1735 3574 1779 1)er.

2028 1819 2285 1885 quantur
2325 1812 2711 1870 communiter
2760 1813 2883 1885 ejus
2931 1809 3232 1883 discipuli,
3287 1810 3395 1864 Ca·
3408 1785 3591 1838 cmm·

2031 1894 2212 1966 preol.
2242 1896 2302 1949 in
2329 1896 2376 1961 1,
2401 1894 2530 1950 dist.
2550 1895 2659 1957 ,17,
2691 1900 2878 1968 quaest.
2906 1893 2960 1958 3,
2990 1899 3102 1946 arc.
3132 1891 3187 1956 2,
3214 1889 3390 1963 Cajet.
3431 1900 3555 1953 cajet.

2030 1976 2090 2028 in
2112 1976 2363 2047 proesenti
2386 1981 2497 2031 art.
2528 1976 2564 2029 2
2603 1981 2652 2029 et
2680 1977 2735 2040 2,
2766 1974 2822 2039 2,
2854 1979 3034 2049 quaest.
3065 1973 3160 2039 24,
3189 1977 3305 2027 art.
3344 1972 3392 2036 1,

2030 2056 2196 2112 Sotus
2223 2056 2270 2124 3,
2296 2056 2359 2110 de
2379 2062 2605 2121 natura,
2624 2063 2675 2109 et
2695 2056 2902 2125 qratia,
2922 2070 3041 2125 cap.
3072 2052 3154 2118 18,
3179 2055 3235 2107 et
3259 2053 3323 2105 in
3336 2052 3395 2117 4,
3433 2049 3556 2091 8⁰²¹ss
3642 2054 3643 2083 ¹

2030 2137 2156 2193 dist.
2198 2138 2279 2204 15,
2331 2144 2512 2212 quoest.
2566 2138 2611 2203 l,
2643 2143 2751 2191 art.
2784 2138 2838 2203 2,
2871 2137 2939 2191 N.
2986 2132 3296 2205 Philippus
3334 2132 3399 2186 de
3434 2142 3572 2205 ιζὴῑιὶρ.

2027 2221 2235 2291 qratia,
2259 2218 2404 2292 disp.
2432 2220 2486 2287 6,
2518 2218 2647 2274 aab.
2675 2219 2730 2285 e,
2757 2216 3093 2273 Vincentius
3119 2215 3182 2269 de
3204 2216 3397 2285 qratia
3410 2198 3569 2289 §guffi-

2034 2300 2265 2368 Christi,
2298 2306 2427 2355 ante
2464 2301 2482 2355 1
2516 2306 2698 2375 quaesc.
2742 2296 3056 2367 §Primum
3099 2294 3400 2353 Consecta-

2031 2384 2200 2450 rium,
2220 2384 2386 2455 Greg.
2406 2383 2577 2438 Mart.
2598 2383 2655 2435 in
2666 2380 2936 2452 praesenti,
2951 2378 3078 2434 dub.
3097 2379 3200 2443 4,A
3214 2391 3399 2433 rauxo
3413 2374 3571 2416 ΛΜΨ

2031 2462 2161 2519 dub.
2184 2463 2239 2528 4,
2269 2462 2435 2518 Joan.
2467 2476 2499 2516 a
2520 2458 2786 2516 S.Thom.
2813 2459 2869 2527 2,
2898 2460 2954 2524 2,
2985 2458 3127 2529 disp.
3166 2458 3248 2525 16,
3283 2462 3533 2512 ortana.
3553 2480 3571 2511 ι

2042 2542 2087 2608 Γ,
2114 2544 2313 2599 Gonet.
2344 2540 2407 2595 de
2426 2539 2662 2613 Justific.
2682 2540 2822 2614 disp.
2859 2542 2903 2609 l,
2931 2545 3041 2595 art.
3068 2541 3122 2620 5,
3149 2540 3395 2595 Montes.
3414 2518 3577 2611 soffia}

2032 2625 2172 2697 disp.
2205 2625 2296 2693 33,
2327 2629 2506 2701 quaest.
2537 2626 2571 2677 7
2612 2625 2645 2692 9
2683 2624 2742 2679 2.
2770 2620 2987 2687 Quibus
3012 2621 3202 2678 ‘etiam
3230 2620 3570 2676 subs-»³1⁰¹nes

2032 2697 2263 2763 cribunt
2290 2706 2485 2778 plures
2527 2720 2598 2762 ex
2635 2703 2945 2763 extraneis.
2990 2702 3311 2761 Richardus
3340 2705 3577 2759 iunium«

2032 2788 2088 2853 4,
2120 2786 2249 2841 dist.
2300 2786 2524 2854 17,'art.
2573 2788 2620 2853 1,
2658 2793 2838 2863 quast.
2869 2788 2925 2853 7,
2970 2785 3200 2841 Aureol.
3246 2783 3309 2837 in
3348 2764 3567 2867 hffg‘ffi

2032 2868 2161 2927 dist.
2220 2871 2303 2937 17,
2332 2879 2481 2942 part.
2535 2869 2581 2935 1,
2624 2874 2737 2924 art.
2779 2868 2835 2934 2,
2866 2866 3209 2942 Argentinas
3246 2868 3313 2921 in
3342 2866 3398 2935 3,

2033 2949 2161 3007 dist.
2200 2950 2285 3015 19,
2317 2956 2498 3028 qutest.
2542 2951 2586 3017 1,
2617 2956 2726 3005 art.
2763 2950 2809 3015 l,
2849 2949 3019 3005 concl.
3056 2951 3101 3014 1,
3132 2945 3405 3002 Ruardus
3443 2946 3579 2991 num

2034 3039 2143 3088 art.
2175 3033 2229 3099 8,
2255 3035 2287 3102 δ
2311 3031 2581 3096 Occurrit,
2602 3032 2854 3104 vasquez
2880 3032 2940 3085 in
2963 3031 3230 3103 praesenti,
3252 3028 3403 3104 disp.
3444 2999 3555 3049 v²⁵¹¹‘

2033 3113 2163 3180 204,
2188 3114 2399 3170 Torres
2448 3112 2503 3177 2,
2532 3112 2588 3179 2,
2619 3109 2761 3183 disp.
2788 3112 2882 3176 72,
2908 3110 3034 3165 dub.
3065 3110 3119 3177 6,
3146 3110 3406 3165 Becanus
3419 3112 3562 3164 ‘rm

2035 3200 2169 3249 tom.
2209 3194 2265 3257 2,
2309 3190 2567 3257 Summa,
2612 3197 2775 3247 tract.
2807 3192 2862 3257 4,
2894 3207 3017 3263 cap.
3048 3189 3102 3255 3,
3135 3189 3308 3244 eoncl.
3344 3191 3400 3254 4,
3442 3162 3565 3205 ⁸⁰⁰²

2036 3271 2284 3329 Granad.
2335 3276 2664 3327 controvers,
2710 3272 2764 3339 8,
2796 3271 2859 3325 de
2893 3270 3100 3342 qratia,
3148 3276 3311 3324 tract.
3345 3255 3569 3334 8,(ῗηῑῑῖ4ι

2035 3354 2177 3428 disp.
2201 3357 2256 3422 4,
2288 3353 2619 3410 Kellisonus
2653 3353 2687 3408 3
2702 3359 2853 3426 part.
2880 3359 3061 3429 quaest.
3088 3353 3180 3417 87,
3205 3355 3319 3406 art.
3343 3350 3397 3416 9,
3436 3353 3560 3400 Kellis

2036 3440 2093 3491 et
2119 3434 2220 3490 alii
2244 3434 2457 3506 plures.
3460 3449 3470 3460 ‘

2111 3513 2396 3571 Probatur
2424 3514 2613 3585 primo
2638 3535 2652 3569 ε
2674 3514 2949 3587 quoniam
2979 3517 3267 3588 peccatum
3288 3509 3401 3568 ori·
3443 3518 3563 3576 Prima

2037 3594 2248 3669 ginale,
2280 3602 2337 3651 et
2362 3594 2547 3668 gratia
2574 3610 2675 3666 per
2703 3594 2929 3650 nullam
2959 3593 3276 3665 potentiam
3298 3605 3403 3648 va-
3438 3576 3545 3613 '²¹¹⁰'

2040 3677 2158 3733 lent
2179 3677 2489 3734 coexistere
2511 3675 2572 3732 in
2587 3675 2785 3733 eodem
2808 3674 3057 3750 subjecto
3078 3697 3090 3731 ε
3109 3691 3244 3748 ergo
3267 3673 3405 3730 nul-

2040 3758 2162 3813 lum
2186 3762 2473 3829 peccatum
2497 3758 2741 3814 mortale
2771 3761 2967 3829 potest,
2999 3755 3182 3811 adhuc
3207 3753 3278 3810 de
3302 3769 3405 3826 po-

2039 3837 2221 3895 tentia
2249 3837 2347 3893 Dei
2385 3836 2661 3904 absoluta,
2690 3853 2823 3893 cum
2866 3835 3050 3910 gratia
3092 3836 3156 3892 in
3201 3832 3403 3892 eodem

2039 3915 2291 3991 subjecto
2350 3916 2678 3974 coexistere.
2735 3915 3149 3989 Consequentia
3205 3915 3401 3987 liquet.

2040 3999 2189 4054 Tum
2231 4012 2264 4052 a
2304 3996 2579 4070 paritate;
2621 3996 2767 4071 quia*
2797 4001 3155 4071 argumenta,
3198 3993 3408 4068 quibus

2041 4078 2375 4137 Adversarii
2402 4078 2663 4155 utuntpr,
2695 4078 2991 4153 generalia
3017 4082 3170 4146 sunt,
3201 4081 3259 4133 et
3287 4090 3404 4132 non

2041 4159 2225 4234 magis
2252 4158 2543 4234 urgentin
2567 4164 2786 4232 peceato
2808 4159 3119 4232 personali,
3145 4173 3319 4231 quam
3345 4157 3407 4212 in

2041 4241 2315 4316 originali
2349 4255 2520 4315 :ergo
2548 4241 2595 4296 si
2625 4257 2743 4297 non
2770 4242 3044 4299 evincunt
3075 4238 3406 4314 possibilem

2040 4337 2164 4380 esse
2193 4322 2652 4396 conjunctionem
2680 4322 2885 4394 peccati
2926 4320 3230 4396 originalis
3275 4333 3406 4377 cum

2042 4403 2228 4478 gratia
2256 4402 2318 4458 in
2339 4401 2539 4459 eodem
2560 4401 3043 4476 subjecto,.neque
3069 4401 3410 4459 convincent

2046 4482 2483 4557 possibilitatem
2511 4483 2930 4557 conjunctionis
2958 4482 3164 4555 peccati
3214 4495 3409 4554 perso-

2045 4564 2197 4620 nalis
2216 4580 2346 4620 cum
2374 4564 2579 4638 gratia.
2610 4565 2759 4619 Tum
2787 4579 2819 4619 a
2846 4562 3094 4629 fortiori3
3118 4562 3252 4635 quia
3282 4576 3409 4634 pec-

2045 4650 2233 4701 catum
2257 4644 2556 4718 personale
2577 4659 2695 4701 non
2718 4641 2886 4700 habet
2913 4643 3201 4701 minorem
3229 4657 3408 4715 oppo-

2045 4725 2315 4784 sitionem
2335 4743 2464 4784 cum
2484 4726 2686 4800 gratia,
2712 4740 2885 4797 quam
2909 4730 3197 4797 peccatum
3224 4724 3417 4799 origi--

2045 4807 2213 4873 nale‚·
2232 4806 2413 4863 immo
2434 4804 2603 4862 habet
2630 4805 2907 4878 majorem
2938 4804 3406 4878 repugnantiam,

2044 4886 2180 4960 quia
2205 4887 2362 4961 pejus
2381 4890 2484 4952 est,
2514 4890 2572 4942 et
2596 4885 2780 4959 magis
2799 4885 3223 4952 voluntarium,
3249 4888 3310 4939 ut
3334 4899 3405 4941 ex

2045 4983 2106 5026 se
2133 4969 2310 5041 liquet
2343 4988 2357 5023 :
2385 4982 2522 5042 ergo
2560 4967 2610 5022 si
2637 4971 2794 5023 tanta
2838 4970 2922 5024 est
2947 4965 3227 5039 oppositio
3255 4965 3406 5022 inter

2051 5055 2337 5123 peccatum
2371 5047 2672 5121 originale,
2704 5054 2762 5104 et
2779 5048 3044 5122 gratiam,
3077 5052 3140 5103 ut
3166 5062 3267 5104 nec
3306 5061 3406 5119 per

3087 5129 3404 5200 potentiam
