<?xml version="1.0" encoding="UTF-8"?>
<!DOCTYPE html PUBLIC "-//W3C//DTD XHTML 1.0 Transitional//EN"
    "http://www.w3.org/TR/xhtml1/DTD/xhtml1-transitional.dtd">
<html xmlns="http://www.w3.org/1999/xhtml" xml:lang="en" lang="en">
 <head>
  <title>
</title>
<meta http-equiv="Content-Type" content="text/html;charset=utf-8" />
  <meta name='ocr-system' content='tesseract 3.04.00' />
  <meta name='ocr-capabilities' content='ocr_page ocr_carea ocr_par ocr_line ocrx_word'/>
</head>
<body>
  <div class='ocr_page' id='page_1' title='image "./collegiisalmant00carmgoog_0640.png"; bbox 0 0 3647 5753; ppageno 0'>
   <div class='ocr_carea' id='block_1_1' title="bbox 344 613 533 661">
    <p class='ocr_par' dir='ltr' id='par_1_1' title="bbox 344 613 533 661">
     <span class='ocr_line' id='line_1_1' title="bbox 344 613 533 661; baseline 0.021 -6"><span class='ocrx_word' id='word_1_1' title='bbox 344 614 398 658; x_wconf 91' lang='lat' dir='ltr'>D.</span> <span class='ocrx_word' id='word_1_2' title='bbox 430 613 533 661; x_wconf 83' lang='lat' dir='ltr'>Tho.</span> 
     </span>
    </p>
   </div>
   <div class='ocr_carea' id='block_1_2' title="bbox 341 1913 545 2121">
    <p class='ocr_par' dir='ltr' id='par_1_2' title="bbox 341 1913 531 2016">
     <span class='ocr_line' id='line_1_2' title="bbox 341 1913 531 1972; baseline -0.011 -14"><span class='ocrx_word' id='word_1_3' title='bbox 341 1913 531 1972; x_wconf 73' lang='lat' dir='ltr'>Occurri-</span> 
     </span>
     <span class='ocr_line' id='line_1_3' title="bbox 364 1969 523 2016; baseline 0 -10"><span class='ocrx_word' id='word_1_4' title='bbox 364 1969 428 2008; x_wconf 83' lang='lat' dir='ltr'>tur</span> <span class='ocrx_word' id='word_1_5' title='bbox 439 1973 523 2016; x_wconf 82' lang='lat' dir='ltr'>pri-</span> 
     </span>
    </p>

    <p class='ocr_par' dir='ltr' id='par_1_3' title="bbox 345 2022 545 2121">
     <span class='ocr_line' id='line_1_4' title="bbox 345 2022 532 2071; baseline 0 -15"><span class='ocrx_word' id='word_1_6' title='bbox 345 2023 423 2057; x_wconf 59' lang='grc' dir='ltr'>ωε</span> <span class='ocrx_word' id='word_1_7' title='bbox 436 2022 532 2071; x_wconf 71' lang='lat' dir='ltr'>con·</span> 
     </span>
     <span class='ocr_line' id='line_1_5' title="bbox 347 2063 545 2121; baseline 0.005 -15"><span class='ocrx_word' id='word_1_8' title='bbox 347 2063 545 2121; x_wconf 69' lang='lat' dir='ltr'>firmatio·</span> 
     </span>
    </p>
   </div>
   <div class='ocr_carea' id='block_1_3' title="bbox 564 409 673 465">
    <p class='ocr_par' dir='ltr' id='par_1_4' title="bbox 564 409 673 465">
     <span class='ocr_line' id='line_1_6' title="bbox 564 409 673 465; baseline 0 -1"><span class='ocrx_word' id='word_1_9' title='bbox 564 409 673 465; x_wconf 83' lang='lat'>618</span> 
     </span>
    </p>
   </div>
   <div class='ocr_carea' id='block_1_4' title="bbox 548 571 1920 4052">
    <p class='ocr_par' dir='ltr' id='par_1_5' title="bbox 554 571 1920 1860">
     <span class='ocr_line' id='line_1_7' title="bbox 564 571 1920 653; baseline -0.003 -21"><span class='ocrx_word' id='word_1_10' title='bbox 564 582 748 653; x_wconf 70' lang='lat' dir='ltr'>quaest.</span> <span class='ocrx_word' id='word_1_11' title='bbox 787 573 1011 648; x_wconf 60' lang='lat' dir='ltr'>prm-ed.</span> <span class='ocrx_word' id='word_1_12' title='bbox 1041 580 1150 629; x_wconf 81' lang='lat' dir='ltr'>art.</span> <span class='ocrx_word' id='word_1_13' title='bbox 1177 574 1211 629; x_wconf 76' lang='lat'><strong>2</strong></span> <span class='ocrx_word' id='word_1_14' title='bbox 1244 574 1319 628; x_wconf 82' lang='lat' dir='ltr'>ad</span> <span class='ocrx_word' id='word_1_15' title='bbox 1358 574 1412 641; x_wconf 89' lang='lat'>3,</span> <span class='ocrx_word' id='word_1_16' title='bbox 1440 574 1630 647; x_wconf 88' lang='lat' dir='ltr'>inquit</span> <span class='ocrx_word' id='word_1_17' title='bbox 1655 595 1668 630; x_wconf 80' lang='lat' dir='ltr'><strong><em>z</em></strong></span> <span class='ocrx_word' id='word_1_18' title='bbox 1693 595 1718 627; x_wconf 87' lang='lat'>«</span> <span class='ocrx_word' id='word_1_19' title='bbox 1760 571 1920 639; x_wconf 89' lang='lat' dir='ltr'>Quod</span> 
     </span>
     <span class='ocr_line' id='line_1_8' title="bbox 569 654 1920 731; baseline -0.001 -19"><span class='ocrx_word' id='word_1_20' title='bbox 569 676 593 707; x_wconf 87' lang='lat'><strong><em>«</em></strong></span> <span class='ocrx_word' id='word_1_21' title='bbox 640 671 811 731; x_wconf 87' lang='lat' dir='ltr'>agens</span> <span class='ocrx_word' id='word_1_22' title='bbox 839 655 1082 712; x_wconf 83' lang='lat' dir='ltr'>infinitae</span> <span class='ocrx_word' id='word_1_23' title='bbox 1108 654 1337 710; x_wconf 84' lang='lat' dir='ltr'>virtutis</span> <span class='ocrx_word' id='word_1_24' title='bbox 1365 670 1483 711; x_wconf 92' lang='lat' dir='ltr'>non</span> <span class='ocrx_word' id='word_1_25' title='bbox 1529 654 1708 729; x_wconf 81' lang='lat' dir='ltr'>exigit</span> <span class='ocrx_word' id='word_1_26' title='bbox 1734 659 1920 711; x_wconf 89' lang='lat' dir='ltr'>mate-</span> 
     </span>
     <span class='ocr_line' id='line_1_9' title="bbox 570 733 1918 807; baseline -0.001 -16"><span class='ocrx_word' id='word_1_27' title='bbox 570 756 594 788; x_wconf 85' lang='lat'>«</span> <span class='ocrx_word' id='word_1_28' title='bbox 638 737 808 801; x_wconf 91' lang='lat' dir='ltr'>riam,</span> <span class='ocrx_word' id='word_1_29' title='bbox 842 738 930 791; x_wconf 82' lang='lat' dir='ltr'>vel</span> <span class='ocrx_word' id='word_1_30' title='bbox 957 734 1391 807; x_wconf 84' lang='lat' dir='ltr'>dispositionem</span> <span class='ocrx_word' id='word_1_31' title='bbox 1446 735 1722 800; x_wconf 71' lang='lat' dir='ltr'>materias,</span> <span class='ocrx_word' id='word_1_32' title='bbox 1755 733 1918 807; x_wconf 85' lang='lat' dir='ltr'>quasi</span> 
     </span>
     <span class='ocr_line' id='line_1_10' title="bbox 567 816 1915 889; baseline 0.001 -20"><span class='ocrx_word' id='word_1_33' title='bbox 567 838 592 869; x_wconf 76' lang='grc' dir='ltr'>α</span> <span class='ocrx_word' id='word_1_34' title='bbox 638 833 816 889; x_wconf 83' lang='lat' dir='ltr'>praesu</span> <span class='ocrx_word' id='word_1_35' title='bbox 827 817 1105 889; x_wconf 88' lang='lat' dir='ltr'>ppositam</span> <span class='ocrx_word' id='word_1_36' title='bbox 1122 832 1190 873; x_wconf 87' lang='lat' dir='ltr'>ex</span> <span class='ocrx_word' id='word_1_37' title='bbox 1207 816 1443 872; x_wconf 91' lang='lat' dir='ltr'>alterius</span> <span class='ocrx_word' id='word_1_38' title='bbox 1465 832 1643 872; x_wconf 78' lang='lat' dir='ltr'>causae</span> <span class='ocrx_word' id='word_1_39' title='bbox 1660 816 1881 871; x_wconf 86' lang='lat' dir='ltr'>actione</span> <span class='ocrx_word' id='word_1_40' title='bbox 1901 838 1915 881; x_wconf 88' lang='lat'><strong>;</strong></span> 
     </span>
     <span class='ocr_line' id='line_1_11' title="bbox 565 893 1919 968; baseline 0.001 -19"><span class='ocrx_word' id='word_1_41' title='bbox 565 918 589 949; x_wconf 90' lang='lat'>«</span> <span class='ocrx_word' id='word_1_42' title='bbox 633 896 729 954; x_wconf 90' lang='lat' dir='ltr'>sed</span> <span class='ocrx_word' id='word_1_43' title='bbox 754 902 945 952; x_wconf 86' lang='lat' dir='ltr'>tamen</span> <span class='ocrx_word' id='word_1_44' title='bbox 974 900 1211 968; x_wconf 76' lang='lat' dir='ltr'>oportet,</span> <span class='ocrx_word' id='word_1_45' title='bbox 1244 893 1390 968; x_wconf 92' lang='lat' dir='ltr'>quod</span> <span class='ocrx_word' id='word_1_46' title='bbox 1436 893 1751 951; x_wconf 90' lang='lat' dir='ltr'>secundum</span> <span class='ocrx_word' id='word_1_47' title='bbox 1778 910 1919 950; x_wconf 92' lang='lat' dir='ltr'>con-</span> 
     </span>
     <span class='ocr_line' id='line_1_12' title="bbox 562 974 1919 1047; baseline 0 -19"><span class='ocrx_word' id='word_1_48' title='bbox 562 999 588 1028; x_wconf 81' lang='lat'>«</span> <span class='ocrx_word' id='word_1_49' title='bbox 634 976 915 1033; x_wconf 81' lang='lat' dir='ltr'>ditionem</span> <span class='ocrx_word' id='word_1_50' title='bbox 941 976 1022 1031; x_wconf 89' lang='lat' dir='ltr'>rei</span> <span class='ocrx_word' id='word_1_51' title='bbox 1049 974 1346 1030; x_wconf 65' lang='lat' dir='ltr'>causandas</span> <span class='ocrx_word' id='word_1_52' title='bbox 1377 975 1439 1030; x_wconf 92' lang='lat' dir='ltr'>in</span> <span class='ocrx_word' id='word_1_53' title='bbox 1469 975 1592 1047; x_wconf 91' lang='lat' dir='ltr'>ipsa</span> <span class='ocrx_word' id='word_1_54' title='bbox 1621 989 1682 1030; x_wconf 90' lang='lat' dir='ltr'>re</span> <span class='ocrx_word' id='word_1_55' title='bbox 1730 978 1919 1030; x_wconf 90' lang='lat' dir='ltr'>causet</span> 
     </span>
     <span class='ocr_line' id='line_1_13' title="bbox 562 1052 1916 1128; baseline -0.001 -19"><span class='ocrx_word' id='word_1_56' title='bbox 562 1078 589 1110; x_wconf 85' lang='lat'>«</span> <span class='ocrx_word' id='word_1_57' title='bbox 634 1063 690 1115; x_wconf 92' lang='lat' dir='ltr'>et</span> <span class='ocrx_word' id='word_1_58' title='bbox 710 1057 1033 1114; x_wconf 83' lang='lat' dir='ltr'>materiam.</span> <span class='ocrx_word' id='word_1_59' title='bbox 1053 1053 1555 1128; x_wconf 90' lang='lat' dir='ltr'>etdispositionem</span> <span class='ocrx_word' id='word_1_60' title='bbox 1571 1054 1822 1112; x_wconf 84' lang='lat' dir='ltr'>debitam</span> <span class='ocrx_word' id='word_1_61' title='bbox 1847 1052 1916 1109; x_wconf 90' lang='lat' dir='ltr'>ad</span> 
     </span>
     <span class='ocr_line' id='line_1_14' title="bbox 564 1136 1918 1212; baseline 0 -21"><span class='ocrx_word' id='word_1_62' title='bbox 564 1161 589 1191; x_wconf 76' lang='grc' dir='ltr'>α</span> <span class='ocrx_word' id='word_1_63' title='bbox 634 1140 898 1197; x_wconf 81' lang='lat' dir='ltr'>formam.</span> <span class='ocrx_word' id='word_1_64' title='bbox 933 1141 1001 1193; x_wconf 86' lang='lat' dir='ltr'>Et</span> <span class='ocrx_word' id='word_1_65' title='bbox 1026 1138 1300 1194; x_wconf 88' lang='lat' dir='ltr'>similiter</span> <span class='ocrx_word' id='word_1_66' title='bbox 1327 1136 1397 1194; x_wconf 89' lang='lat' dir='ltr'>ad</span> <span class='ocrx_word' id='word_1_67' title='bbox 1438 1139 1559 1202; x_wconf 73' lang='lat' dir='ltr'>hoc,</span> <span class='ocrx_word' id='word_1_68' title='bbox 1592 1136 1741 1212; x_wconf 91' lang='lat' dir='ltr'>quod</span> <span class='ocrx_word' id='word_1_69' title='bbox 1772 1138 1918 1192; x_wconf 88' lang='lat' dir='ltr'>Deus</span> 
     </span>
     <span class='ocr_line' id='line_1_15' title="bbox 565 1217 1917 1295; baseline 0.001 -23"><span class='ocrx_word' id='word_1_70' title='bbox 565 1243 591 1273; x_wconf 88' lang='lat'>«</span> <span class='ocrx_word' id='word_1_71' title='bbox 632 1223 879 1295; x_wconf 84' lang='lat' dir='ltr'>gratiam</span> <span class='ocrx_word' id='word_1_72' title='bbox 909 1218 1180 1276; x_wconf 82' lang='lat' dir='ltr'>infundat</span> <span class='ocrx_word' id='word_1_73' title='bbox 1201 1217 1432 1285; x_wconf 84' lang='lat' dir='ltr'>animae,</span> <span class='ocrx_word' id='word_1_74' title='bbox 1451 1221 1610 1275; x_wconf 88' lang='lat' dir='ltr'>nulla</span> <span class='ocrx_word' id='word_1_75' title='bbox 1635 1233 1917 1291; x_wconf 62' lang='lat' dir='ltr'>praepara-</span> 
     </span>
     <span class='ocr_line' id='line_1_16' title="bbox 564 1300 1916 1376; baseline -0.001 -21"><span class='ocrx_word' id='word_1_76' title='bbox 564 1324 591 1355; x_wconf 90' lang='lat'>«</span> <span class='ocrx_word' id='word_1_77' title='bbox 634 1304 713 1360; x_wconf 88' lang='lat' dir='ltr'>tio</span> <span class='ocrx_word' id='word_1_78' title='bbox 739 1303 1005 1376; x_wconf 82' lang='lat' dir='ltr'>exigitur,</span> <span class='ocrx_word' id='word_1_79' title='bbox 1038 1316 1210 1374; x_wconf 90' lang='lat' dir='ltr'>quam</span> <span class='ocrx_word' id='word_1_80' title='bbox 1254 1301 1373 1374; x_wconf 91' lang='lat' dir='ltr'>ipse</span> <span class='ocrx_word' id='word_1_81' title='bbox 1410 1317 1524 1358; x_wconf 91' lang='lat' dir='ltr'>non</span> <span class='ocrx_word' id='word_1_82' title='bbox 1572 1300 1762 1357; x_wconf 76' lang='lat' dir='ltr'>faciat.</span> <span class='ocrx_word' id='word_1_83' title='bbox 1796 1320 1820 1350; x_wconf 71' lang='grc' dir='ltr'>ι)</span> <span class='ocrx_word' id='word_1_84' title='bbox 1849 1301 1916 1354; x_wconf 91' lang='lat' dir='ltr'>In</span> 
     </span>
     <span class='ocr_line' id='line_1_17' title="bbox 556 1379 1915 1456; baseline -0.003 -18"><span class='ocrx_word' id='word_1_85' title='bbox 556 1400 668 1456; x_wconf 91' lang='lat' dir='ltr'>quo</span> <span class='ocrx_word' id='word_1_86' title='bbox 687 1384 826 1439; x_wconf 90' lang='lat' dir='ltr'>satis</span> <span class='ocrx_word' id='word_1_87' title='bbox 846 1385 1069 1440; x_wconf 89' lang='lat' dir='ltr'>elucent</span> <span class='ocrx_word' id='word_1_88' title='bbox 1094 1398 1164 1439; x_wconf 88' lang='lat' dir='ltr'>ex</span> <span class='ocrx_word' id='word_1_89' title='bbox 1194 1397 1309 1438; x_wconf 89' lang='lat' dir='ltr'>una</span> <span class='ocrx_word' id='word_1_90' title='bbox 1338 1387 1495 1455; x_wconf 88' lang='lat' dir='ltr'>parte</span> <span class='ocrx_word' id='word_1_91' title='bbox 1521 1379 1915 1438; x_wconf 89' lang='lat' dir='ltr'>connaturalis</span> 
     </span>
     <span class='ocr_line' id='line_1_18' title="bbox 560 1461 1916 1536; baseline -0.003 -17"><span class='ocrx_word' id='word_1_92' title='bbox 560 1480 755 1520; x_wconf 90' lang='lat' dir='ltr'>rerum</span> <span class='ocrx_word' id='word_1_93' title='bbox 783 1463 942 1527; x_wconf 91' lang='lat' dir='ltr'>ordo,</span> <span class='ocrx_word' id='word_1_94' title='bbox 974 1479 1144 1536; x_wconf 90' lang='lat' dir='ltr'>quem</span> <span class='ocrx_word' id='word_1_95' title='bbox 1173 1464 1319 1519; x_wconf 88' lang='lat' dir='ltr'>Deus</span> <span class='ocrx_word' id='word_1_96' title='bbox 1364 1461 1750 1520; x_wconf 88' lang='lat' dir='ltr'>communiter</span> <span class='ocrx_word' id='word_1_97' title='bbox 1787 1475 1916 1516; x_wconf 91' lang='lat' dir='ltr'>ser-</span> 
     </span>
     <span class='ocr_line' id='line_1_19' title="bbox 558 1541 1914 1616; baseline -0.003 -16"><span class='ocrx_word' id='word_1_98' title='bbox 558 1549 686 1611; x_wconf 85' lang='lat' dir='ltr'>vat;</span> <span class='ocrx_word' id='word_1_99' title='bbox 717 1550 773 1601; x_wconf 90' lang='lat' dir='ltr'>et</span> <span class='ocrx_word' id='word_1_100' title='bbox 794 1545 908 1601; x_wconf 90' lang='lat' dir='ltr'>alia</span> <span class='ocrx_word' id='word_1_101' title='bbox 929 1559 997 1600; x_wconf 85' lang='lat' dir='ltr'>ex</span> <span class='ocrx_word' id='word_1_102' title='bbox 1026 1549 1184 1616; x_wconf 90' lang='lat' dir='ltr'>parte</span> <span class='ocrx_word' id='word_1_103' title='bbox 1207 1542 1440 1599; x_wconf 88' lang='lat' dir='ltr'>infinita</span> <span class='ocrx_word' id='word_1_104' title='bbox 1461 1544 1646 1598; x_wconf 87' lang='lat' dir='ltr'>virtus</span> <span class='ocrx_word' id='word_1_105' title='bbox 1671 1542 1788 1608; x_wconf 88' lang='lat' dir='ltr'>Dei,</span> <span class='ocrx_word' id='word_1_106' title='bbox 1815 1541 1914 1615; x_wconf 88' lang='lat' dir='ltr'>qui</span> 
     </span>
     <span class='ocr_line' id='line_1_20' title="bbox 555 1621 1916 1702; baseline -0.002 -21"><span class='ocrx_word' id='word_1_107' title='bbox 555 1626 823 1699; x_wconf 82' lang='lat' dir='ltr'>gratiam,</span> <span class='ocrx_word' id='word_1_108' title='bbox 861 1630 916 1681; x_wconf 90' lang='lat' dir='ltr'>et</span> <span class='ocrx_word' id='word_1_109' title='bbox 942 1623 1343 1696; x_wconf 89' lang='lat' dir='ltr'>dispositiones</span> <span class='ocrx_word' id='word_1_110' title='bbox 1389 1621 1460 1679; x_wconf 92' lang='lat' dir='ltr'>ad</span> <span class='ocrx_word' id='word_1_111' title='bbox 1486 1623 1735 1702; x_wconf 68' lang='lat' dir='ltr'>gratiam</span> <span class='ocrx_word' id='word_1_112' title='bbox 1789 1638 1916 1695; x_wconf 90' lang='lat' dir='ltr'>pro·</span> 
     </span>
     <span class='ocr_line' id='line_1_21' title="bbox 557 1703 1909 1774; baseline -0.002 -12"><span class='ocrx_word' id='word_1_113' title='bbox 557 1707 726 1774; x_wconf 87' lang='lat' dir='ltr'>ducit,</span> <span class='ocrx_word' id='word_1_114' title='bbox 758 1713 814 1764; x_wconf 92' lang='lat' dir='ltr'>et</span> <span class='ocrx_word' id='word_1_115' title='bbox 842 1706 989 1763; x_wconf 89' lang='lat' dir='ltr'>nihil</span> <span class='ocrx_word' id='word_1_116' title='bbox 1037 1706 1245 1762; x_wconf 89' lang='lat' dir='ltr'>horum</span> <span class='ocrx_word' id='word_1_117' title='bbox 1289 1704 1523 1762; x_wconf 82' lang='lat' dir='ltr'>aliunde</span> <span class='ocrx_word' id='word_1_118' title='bbox 1566 1703 1909 1771; x_wconf 80' lang='lat' dir='ltr'>emendicat,</span> 
     </span>
     <span class='ocr_line' id='line_1_22' title="bbox 554 1785 1314 1860; baseline -0.005 -14"><span class='ocrx_word' id='word_1_119' title='bbox 554 1788 649 1846; x_wconf 77' lang='lat' dir='ltr'>vel</span> <span class='ocrx_word' id='word_1_120' title='bbox 678 1789 739 1844; x_wconf 92' lang='lat' dir='ltr'>in</span> <span class='ocrx_word' id='word_1_121' title='bbox 762 1787 1003 1844; x_wconf 89' lang='lat' dir='ltr'>materia</span> <span class='ocrx_word' id='word_1_122' title='bbox 1028 1785 1314 1860; x_wconf 84' lang='lat' dir='ltr'>supponit.</span> 
     </span>
    </p>

    <p class='ocr_par' dir='ltr' id='par_1_6' title="bbox 548 1864 1916 4052">
     <span class='ocr_line' id='line_1_23' title="bbox 630 1864 1915 1941; baseline -0.002 -18"><span class='ocrx_word' id='word_1_123' title='bbox 630 1868 716 1924; x_wconf 91' lang='lat' dir='ltr'>Ad</span> <span class='ocrx_word' id='word_1_124' title='bbox 765 1869 1016 1941; x_wconf 86' lang='lat' dir='ltr'>primam</span> <span class='ocrx_word' id='word_1_125' title='bbox 1056 1864 1555 1924; x_wconf 83' lang='lat' dir='ltr'>confirmationem</span> <span class='ocrx_word' id='word_1_126' title='bbox 1604 1864 1915 1938; x_wconf 85' lang='lat' dir='ltr'>responde-</span> 
     </span>
     <span class='ocr_line' id='line_1_24' title="bbox 561 1946 1916 2024; baseline -0.002 -20"><span class='ocrx_word' id='word_1_127' title='bbox 561 1965 689 2005; x_wconf 88' lang='lat' dir='ltr'>mus</span> <span class='ocrx_word' id='word_1_128' title='bbox 713 1950 959 2024; x_wconf 86' lang='lat' dir='ltr'>gratiam</span> <span class='ocrx_word' id='word_1_129' title='bbox 980 1946 1430 2004; x_wconf 86' lang='lat' dir='ltr'>sanctificantem</span> <span class='ocrx_word' id='word_1_130' title='bbox 1479 1961 1596 2002; x_wconf 92' lang='lat' dir='ltr'>non</span> <span class='ocrx_word' id='word_1_131' title='bbox 1623 1946 1761 2002; x_wconf 90' lang='lat' dir='ltr'>dare</span> <span class='ocrx_word' id='word_1_132' title='bbox 1791 1946 1916 2019; x_wconf 91' lang='lat' dir='ltr'>pri-</span> 
     </span>
     <span class='ocr_line' id='line_1_25' title="bbox 560 2024 1914 2098; baseline -0.002 -12"><span class='ocrx_word' id='word_1_133' title='bbox 560 2046 720 2086; x_wconf 92' lang='lat' dir='ltr'>mum</span> <span class='ocrx_word' id='word_1_134' title='bbox 748 2044 870 2086; x_wconf 91' lang='lat' dir='ltr'>esse</span> <span class='ocrx_word' id='word_1_135' title='bbox 891 2026 1165 2093; x_wconf 89' lang='lat' dir='ltr'>absolute,</span> <span class='ocrx_word' id='word_1_136' title='bbox 1195 2025 1292 2083; x_wconf 88' lang='lat' dir='ltr'>sed</span> <span class='ocrx_word' id='word_1_137' title='bbox 1321 2042 1451 2083; x_wconf 92' lang='lat' dir='ltr'>cum</span> <span class='ocrx_word' id='word_1_138' title='bbox 1479 2024 1690 2093; x_wconf 89' lang='lat' dir='ltr'>addito,</span> <span class='ocrx_word' id='word_1_139' title='bbox 1707 2041 1914 2098; x_wconf 90' lang='lat' dir='ltr'>nempe</span> 
     </span>
     <span class='ocr_line' id='line_1_26' title="bbox 559 2105 1914 2181; baseline -0.004 -14"><span class='ocrx_word' id='word_1_140' title='bbox 559 2112 622 2167; x_wconf 90' lang='lat' dir='ltr'>in</span> <span class='ocrx_word' id='word_1_141' title='bbox 662 2109 868 2169; x_wconf 90' lang='lat' dir='ltr'>ordine</span> <span class='ocrx_word' id='word_1_142' title='bbox 916 2106 1365 2181; x_wconf 84' lang='lat' dir='ltr'>supernaturali,</span> <span class='ocrx_word' id='word_1_143' title='bbox 1416 2111 1471 2163; x_wconf 91' lang='lat' dir='ltr'>et</span> <span class='ocrx_word' id='word_1_144' title='bbox 1523 2123 1624 2178; x_wconf 89' lang='lat' dir='ltr'>per</span> <span class='ocrx_word' id='word_1_145' title='bbox 1677 2105 1914 2162; x_wconf 90' lang='lat' dir='ltr'>modum</span> 
     </span>
     <span class='ocr_line' id='line_1_27' title="bbox 558 2188 1916 2266; baseline -0.005 -16"><span class='ocrx_word' id='word_1_146' title='bbox 558 2194 761 2252; x_wconf 82' lang='lat' dir='ltr'>formae</span> <span class='ocrx_word' id='word_1_147' title='bbox 791 2190 1048 2266; x_wconf 82' lang='lat' dir='ltr'>perfectae</span> <span class='ocrx_word' id='word_1_148' title='bbox 1072 2211 1085 2246; x_wconf 75' lang='grc' dir='ltr'><strong><em>ε</em></strong></span> <span class='ocrx_word' id='word_1_149' title='bbox 1109 2188 1260 2246; x_wconf 90' lang='lat' dir='ltr'>unde</span> <span class='ocrx_word' id='word_1_150' title='bbox 1282 2191 1436 2246; x_wconf 88' lang='lat' dir='ltr'>locus</span> <span class='ocrx_word' id='word_1_151' title='bbox 1459 2188 1829 2262; x_wconf 88' lang='lat' dir='ltr'>relinquitur,</span> <span class='ocrx_word' id='word_1_152' title='bbox 1853 2193 1916 2244; x_wconf 91' lang='lat' dir='ltr'>ut</span> 
     </span>
     <span class='ocr_line' id='line_1_28' title="bbox 559 2268 1916 2348; baseline -0.006 -16"><span class='ocrx_word' id='word_1_153' title='bbox 559 2280 692 2332; x_wconf 88' lang='lat' dir='ltr'>ante</span> <span class='ocrx_word' id='word_1_154' title='bbox 708 2276 891 2348; x_wconf 88' lang='lat' dir='ltr'>ipsam</span> <span class='ocrx_word' id='word_1_155' title='bbox 905 2273 1149 2347; x_wconf 87' lang='lat' dir='ltr'>gratiam</span> <span class='ocrx_word' id='word_1_156' title='bbox 1167 2272 1567 2345; x_wconf 84' lang='lat' dir='ltr'>intelligantur</span> <span class='ocrx_word' id='word_1_157' title='bbox 1584 2268 1916 2343; x_wconf 61' lang='lat' dir='ltr'>aliqusedis-</span> 
     </span>
     <span class='ocr_line' id='line_1_29' title="bbox 557 2351 1909 2431; baseline -0.006 -16"><span class='ocrx_word' id='word_1_158' title='bbox 557 2358 884 2431; x_wconf 89' lang='lat' dir='ltr'>positiones,</span> <span class='ocrx_word' id='word_1_159' title='bbox 916 2371 1040 2429; x_wconf 82' lang='lat' dir='ltr'>quae</span> <span class='ocrx_word' id='word_1_160' title='bbox 1066 2353 1324 2412; x_wconf 89' lang='lat' dir='ltr'>animam</span> <span class='ocrx_word' id='word_1_161' title='bbox 1363 2353 1610 2410; x_wconf 90' lang='lat' dir='ltr'>mediate</span> <span class='ocrx_word' id='word_1_162' title='bbox 1644 2351 1909 2417; x_wconf 84' lang='lat' dir='ltr'>afficiant,</span> 
     </span>
     <span class='ocr_line' id='line_1_30' title="bbox 554 2435 1916 2512; baseline -0.004 -19"><span class='ocrx_word' id='word_1_163' title='bbox 554 2443 611 2494; x_wconf 90' lang='lat' dir='ltr'>et</span> <span class='ocrx_word' id='word_1_164' title='bbox 633 2437 701 2493; x_wconf 88' lang='lat' dir='ltr'>ad</span> <span class='ocrx_word' id='word_1_165' title='bbox 729 2437 973 2512; x_wconf 87' lang='lat' dir='ltr'>gratiam</span> <span class='ocrx_word' id='word_1_166' title='bbox 994 2435 1401 2493; x_wconf 88' lang='lat' dir='ltr'>determinent.</span> <span class='ocrx_word' id='word_1_167' title='bbox 1436 2436 1501 2489; x_wconf 91' lang='lat' dir='ltr'>In</span> <span class='ocrx_word' id='word_1_168' title='bbox 1528 2450 1639 2506; x_wconf 92' lang='lat' dir='ltr'>quo</span> <span class='ocrx_word' id='word_1_169' title='bbox 1679 2435 1916 2508; x_wconf 88' lang='lat' dir='ltr'>apparet</span> 
     </span>
     <span class='ocr_line' id='line_1_31' title="bbox 554 2513 1915 2588; baseline -0.003 -15"><span class='ocrx_word' id='word_1_170' title='bbox 554 2518 813 2573; x_wconf 85' lang='lat' dir='ltr'>maxima</span> <span class='ocrx_word' id='word_1_171' title='bbox 857 2515 1184 2573; x_wconf 81' lang='lat' dir='ltr'>differentia</span> <span class='ocrx_word' id='word_1_172' title='bbox 1232 2515 1386 2572; x_wconf 89' lang='lat' dir='ltr'>inter</span> <span class='ocrx_word' id='word_1_173' title='bbox 1435 2515 1740 2571; x_wconf 87' lang='lat' dir='ltr'>materiam</span> <span class='ocrx_word' id='word_1_174' title='bbox 1790 2513 1915 2588; x_wconf 90' lang='lat' dir='ltr'>pri-</span> 
     </span>
     <span class='ocr_line' id='line_1_32' title="bbox 553 2596 1914 2670; baseline -0.001 -15"><span class='ocrx_word' id='word_1_175' title='bbox 553 2615 711 2656; x_wconf 86' lang='lat' dir='ltr'>mam</span> <span class='ocrx_word' id='word_1_176' title='bbox 741 2602 1129 2670; x_wconf 83' lang='lat' dir='ltr'>comparatam</span> <span class='ocrx_word' id='word_1_177' title='bbox 1154 2596 1222 2653; x_wconf 90' lang='lat' dir='ltr'>ad</span> <span class='ocrx_word' id='word_1_178' title='bbox 1271 2597 1520 2654; x_wconf 75' lang='lat' dir='ltr'>formam</span> <span class='ocrx_word' id='word_1_179' title='bbox 1561 2596 1914 2654; x_wconf 89' lang='lat' dir='ltr'>substantia-</span> 
     </span>
     <span class='ocr_line' id='line_1_33' title="bbox 555 2678 1910 2753; baseline 0 -16"><span class='ocrx_word' id='word_1_180' title='bbox 555 2683 690 2747; x_wconf 90' lang='lat' dir='ltr'>lem,</span> <span class='ocrx_word' id='word_1_181' title='bbox 723 2686 778 2737; x_wconf 90' lang='lat' dir='ltr'>et</span> <span class='ocrx_word' id='word_1_182' title='bbox 806 2680 1064 2737; x_wconf 89' lang='lat' dir='ltr'>animam</span> <span class='ocrx_word' id='word_1_183' title='bbox 1092 2683 1478 2752; x_wconf 86' lang='lat' dir='ltr'>comparatam</span> <span class='ocrx_word' id='word_1_184' title='bbox 1524 2678 1593 2736; x_wconf 89' lang='lat' dir='ltr'>ad</span> <span class='ocrx_word' id='word_1_185' title='bbox 1620 2680 1870 2753; x_wconf 86' lang='lat' dir='ltr'>gratiam</span> <span class='ocrx_word' id='word_1_186' title='bbox 1897 2701 1910 2737; x_wconf 76' lang='lat' dir='ltr'><em>z</em></span> 
     </span>
     <span class='ocr_line' id='line_1_34' title="bbox 555 2757 1908 2831; baseline -0.001 -13"><span class='ocrx_word' id='word_1_187' title='bbox 555 2778 691 2818; x_wconf 88' lang='lat' dir='ltr'>nam</span> <span class='ocrx_word' id='word_1_188' title='bbox 740 2761 984 2817; x_wconf 91' lang='lat' dir='ltr'>materia</span> <span class='ocrx_word' id='word_1_189' title='bbox 1009 2759 1194 2831; x_wconf 88' lang='lat' dir='ltr'>seipsa</span> <span class='ocrx_word' id='word_1_190' title='bbox 1244 2757 1416 2815; x_wconf 90' lang='lat' dir='ltr'>habet</span> <span class='ocrx_word' id='word_1_191' title='bbox 1449 2761 1908 2829; x_wconf 90' lang='lat' dir='ltr'>connaturalem,</span> 
     </span>
     <span class='ocr_line' id='line_1_35' title="bbox 552 2838 1914 2914; baseline -0.001 -14"><span class='ocrx_word' id='word_1_192' title='bbox 552 2846 609 2900; x_wconf 91' lang='lat' dir='ltr'>et</span> <span class='ocrx_word' id='word_1_193' title='bbox 634 2838 1030 2899; x_wconf 86' lang='lat' dir='ltr'>omnimodam</span> <span class='ocrx_word' id='word_1_194' title='bbox 1057 2840 1472 2912; x_wconf 89' lang='lat' dir='ltr'>coaptationem</span> <span class='ocrx_word' id='word_1_195' title='bbox 1501 2856 1630 2897; x_wconf 90' lang='lat' dir='ltr'>cum</span> <span class='ocrx_word' id='word_1_196' title='bbox 1659 2840 1914 2914; x_wconf 89' lang='lat' dir='ltr'>qualibet</span> 
     </span>
     <span class='ocr_line' id='line_1_36' title="bbox 552 2921 1914 2996; baseline 0 -15"><span class='ocrx_word' id='word_1_197' title='bbox 552 2925 742 2982; x_wconf 88' lang='lat' dir='ltr'>forma</span> <span class='ocrx_word' id='word_1_198' title='bbox 797 2922 1182 2989; x_wconf 88' lang='lat' dir='ltr'>substantiali,</span> <span class='ocrx_word' id='word_1_199' title='bbox 1240 2921 1554 2979; x_wconf 89' lang='lat' dir='ltr'>secundum</span> <span class='ocrx_word' id='word_1_200' title='bbox 1615 2922 1765 2996; x_wconf 89' lang='lat' dir='ltr'>quod</span> <span class='ocrx_word' id='word_1_201' title='bbox 1817 2924 1914 2981; x_wconf 89' lang='lat' dir='ltr'>dat</span> 
     </span>
     <span class='ocr_line' id='line_1_37' title="bbox 553 3002 1914 3080; baseline 0.001 -18"><span class='ocrx_word' id='word_1_202' title='bbox 553 3007 809 3079; x_wconf 91' lang='lat' dir='ltr'>primum</span> <span class='ocrx_word' id='word_1_203' title='bbox 830 3003 1075 3080; x_wconf 90' lang='lat' dir='ltr'>gradum</span> <span class='ocrx_word' id='word_1_204' title='bbox 1095 3002 1320 3061; x_wconf 86' lang='lat' dir='ltr'>essendi</span> <span class='ocrx_word' id='word_1_205' title='bbox 1353 3028 1365 3070; x_wconf 70' lang='grc' dir='ltr'><strong>ς</strong></span> <span class='ocrx_word' id='word_1_206' title='bbox 1397 3020 1528 3060; x_wconf 91' lang='lat' dir='ltr'>cum</span> <span class='ocrx_word' id='word_1_207' title='bbox 1556 3006 1802 3062; x_wconf 88' lang='lat' dir='ltr'>materia</span> <span class='ocrx_word' id='word_1_208' title='bbox 1842 3022 1914 3063; x_wconf 85' lang='lat' dir='ltr'>ex</span> 
     </span>
     <span class='ocr_line' id='line_1_38' title="bbox 552 3084 1914 3159; baseline 0 -14"><span class='ocrx_word' id='word_1_209' title='bbox 552 3095 760 3147; x_wconf 90' lang='lat' dir='ltr'>natura</span> <span class='ocrx_word' id='word_1_210' title='bbox 779 3104 882 3144; x_wconf 90' lang='lat' dir='ltr'>sua</span> <span class='ocrx_word' id='word_1_211' title='bbox 920 3086 1221 3144; x_wconf 85' lang='lat' dir='ltr'>ordinetur</span> <span class='ocrx_word' id='word_1_212' title='bbox 1248 3084 1317 3142; x_wconf 92' lang='lat' dir='ltr'>ad</span> <span class='ocrx_word' id='word_1_213' title='bbox 1340 3086 1718 3159; x_wconf 90' lang='lat' dir='ltr'>compositum</span> <span class='ocrx_word' id='word_1_214' title='bbox 1745 3087 1914 3145; x_wconf 88' lang='lat' dir='ltr'>subs-</span> 
     </span>
     <span class='ocr_line' id='line_1_39' title="bbox 551 3166 1914 3242; baseline -0.002 -14"><span class='ocrx_word' id='word_1_215' title='bbox 551 3172 827 3228; x_wconf 88' lang='lat' dir='ltr'>tantiale:</span> <span class='ocrx_word' id='word_1_216' title='bbox 861 3168 1013 3225; x_wconf 90' lang='lat' dir='ltr'>unde</span> <span class='ocrx_word' id='word_1_217' title='bbox 1052 3169 1217 3224; x_wconf 88' lang='lat' dir='ltr'>nulla</span> <span class='ocrx_word' id='word_1_218' title='bbox 1242 3172 1365 3242; x_wconf 90' lang='lat' dir='ltr'>eget</span> <span class='ocrx_word' id='word_1_219' title='bbox 1412 3166 1806 3242; x_wconf 87' lang='lat' dir='ltr'>dispositione,</span> <span class='ocrx_word' id='word_1_220' title='bbox 1852 3174 1914 3225; x_wconf 88' lang='lat' dir='ltr'>ut</span> 
     </span>
     <span class='ocr_line' id='line_1_40' title="bbox 551 3247 1914 3325; baseline -0.003 -15"><span class='ocrx_word' id='word_1_221' title='bbox 551 3252 621 3310; x_wconf 87' lang='lat' dir='ltr'>ad</span> <span class='ocrx_word' id='word_1_222' title='bbox 649 3250 983 3325; x_wconf 81' lang='lat' dir='ltr'>praedictum</span> <span class='ocrx_word' id='word_1_223' title='bbox 1011 3247 1256 3324; x_wconf 89' lang='lat' dir='ltr'>gradum</span> <span class='ocrx_word' id='word_1_224' title='bbox 1307 3251 1765 3307; x_wconf 89' lang='lat' dir='ltr'>connaturaliter</span> <span class='ocrx_word' id='word_1_225' title='bbox 1809 3248 1914 3306; x_wconf 89' lang='lat' dir='ltr'>de-</span> 
     </span>
     <span class='ocr_line' id='line_1_41' title="bbox 549 3330 1913 3391; baseline -0.004 0"><span class='ocrx_word' id='word_1_226' title='bbox 549 3335 912 3391; x_wconf 85' lang='lat' dir='ltr'>terminetur.</span> <span class='ocrx_word' id='word_1_227' title='bbox 971 3330 1186 3387; x_wconf 84' lang='lat' dir='ltr'>Anima</span> <span class='ocrx_word' id='word_1_228' title='bbox 1238 3334 1429 3387; x_wconf 89' lang='lat' dir='ltr'>autem</span> <span class='ocrx_word' id='word_1_229' title='bbox 1469 3347 1587 3389; x_wconf 90' lang='lat' dir='ltr'>non</span> <span class='ocrx_word' id='word_1_230' title='bbox 1643 3330 1815 3388; x_wconf 90' lang='lat' dir='ltr'>habet</span> <span class='ocrx_word' id='word_1_231' title='bbox 1841 3346 1913 3387; x_wconf 84' lang='lat' dir='ltr'>ex</span> 
     </span>
     <span class='ocr_line' id='line_1_42' title="bbox 549 3410 1906 3485; baseline -0.004 -13"><span class='ocrx_word' id='word_1_232' title='bbox 549 3421 759 3472; x_wconf 91' lang='lat' dir='ltr'>natura</span> <span class='ocrx_word' id='word_1_233' title='bbox 785 3430 884 3470; x_wconf 90' lang='lat' dir='ltr'>sua</span> <span class='ocrx_word' id='word_1_234' title='bbox 931 3410 1474 3470; x_wconf 89' lang='lat' dir='ltr'>determinationem</span> <span class='ocrx_word' id='word_1_235' title='bbox 1522 3411 1591 3469; x_wconf 91' lang='lat' dir='ltr'>ad</span> <span class='ocrx_word' id='word_1_236' title='bbox 1636 3412 1906 3485; x_wconf 88' lang='lat' dir='ltr'>gratiam,</span> 
     </span>
     <span class='ocr_line' id='line_1_43' title="bbox 548 3492 1913 3566; baseline -0.004 -12"><span class='ocrx_word' id='word_1_237' title='bbox 548 3497 725 3555; x_wconf 90' lang='lat' dir='ltr'>etiam</span> <span class='ocrx_word' id='word_1_238' title='bbox 756 3501 815 3551; x_wconf 91' lang='lat' dir='ltr'>ut</span> <span class='ocrx_word' id='word_1_239' title='bbox 841 3495 937 3551; x_wconf 90' lang='lat' dir='ltr'>dat</span> <span class='ocrx_word' id='word_1_240' title='bbox 962 3493 1223 3566; x_wconf 89' lang='lat' dir='ltr'>primum</span> <span class='ocrx_word' id='word_1_241' title='bbox 1250 3492 1495 3566; x_wconf 88' lang='lat' dir='ltr'>gradum</span> <span class='ocrx_word' id='word_1_242' title='bbox 1523 3493 1749 3550; x_wconf 89' lang='lat' dir='ltr'>essendi</span> <span class='ocrx_word' id='word_1_243' title='bbox 1772 3493 1913 3549; x_wconf 90' lang='lat' dir='ltr'>sim·</span> 
     </span>
     <span class='ocr_line' id='line_1_44' title="bbox 552 3575 1913 3654; baseline -0.004 -18"><span class='ocrx_word' id='word_1_244' title='bbox 552 3579 776 3654; x_wconf 88' lang='lat' dir='ltr'>pliciter</span> <span class='ocrx_word' id='word_1_245' title='bbox 816 3578 878 3633; x_wconf 89' lang='lat' dir='ltr'>in</span> <span class='ocrx_word' id='word_1_246' title='bbox 925 3575 1128 3633; x_wconf 89' lang='lat' dir='ltr'>ordine</span> <span class='ocrx_word' id='word_1_247' title='bbox 1154 3575 1396 3642; x_wconf 78' lang='lat' dir='ltr'>divin03</span> <span class='ocrx_word' id='word_1_248' title='bbox 1440 3592 1568 3632; x_wconf 90' lang='lat' dir='ltr'>cum</span> <span class='ocrx_word' id='word_1_249' title='bbox 1613 3578 1798 3651; x_wconf 90' lang='lat' dir='ltr'>gratia</span> <span class='ocrx_word' id='word_1_250' title='bbox 1838 3576 1913 3633; x_wconf 90' lang='lat' dir='ltr'>sit</span> 
     </span>
     <span class='ocr_line' id='line_1_45' title="bbox 551 3655 1912 3732; baseline -0.003 -15"><span class='ocrx_word' id='word_1_251' title='bbox 551 3674 725 3732; x_wconf 90' lang='lat' dir='ltr'>supra</span> <span class='ocrx_word' id='word_1_252' title='bbox 753 3663 928 3714; x_wconf 91' lang='lat' dir='ltr'>totam</span> <span class='ocrx_word' id='word_1_253' title='bbox 969 3656 1338 3731; x_wconf 83' lang='lat' dir='ltr'>exigentiam,</span> <span class='ocrx_word' id='word_1_254' title='bbox 1389 3660 1445 3712; x_wconf 88' lang='lat' dir='ltr'>et</span> <span class='ocrx_word' id='word_1_255' title='bbox 1471 3655 1912 3714; x_wconf 88' lang='lat' dir='ltr'>determinatio-</span> 
     </span>
     <span class='ocr_line' id='line_1_46' title="bbox 555 3737 1912 3811; baseline -0.003 -14"><span class='ocrx_word' id='word_1_256' title='bbox 555 3757 689 3799; x_wconf 92' lang='lat' dir='ltr'>nem</span> <span class='ocrx_word' id='word_1_257' title='bbox 731 3743 968 3795; x_wconf 82' lang='lat' dir='ltr'>naturae.</span> <span class='ocrx_word' id='word_1_258' title='bbox 1002 3737 1167 3794; x_wconf 90' lang='lat' dir='ltr'>Unde</span> <span class='ocrx_word' id='word_1_259' title='bbox 1195 3738 1319 3810; x_wconf 91' lang='lat' dir='ltr'>ipsa</span> <span class='ocrx_word' id='word_1_260' title='bbox 1344 3738 1545 3811; x_wconf 78' lang='lat' dir='ltr'>gratiae</span> <span class='ocrx_word' id='word_1_261' title='bbox 1592 3738 1912 3794; x_wconf 88' lang='lat' dir='ltr'>eminentia</span> 
     </span>
     <span class='ocr_line' id='line_1_47' title="bbox 553 3817 1912 3895; baseline -0.003 -17"><span class='ocrx_word' id='word_1_262' title='bbox 553 3820 823 3895; x_wconf 81' lang='lat' dir='ltr'>exposcit,</span> <span class='ocrx_word' id='word_1_263' title='bbox 858 3823 919 3874; x_wconf 90' lang='lat' dir='ltr'>ut</span> <span class='ocrx_word' id='word_1_264' title='bbox 963 3818 1136 3875; x_wconf 89' lang='lat' dir='ltr'>homo</span> <span class='ocrx_word' id='word_1_265' title='bbox 1187 3818 1257 3874; x_wconf 88' lang='lat' dir='ltr'>ad</span> <span class='ocrx_word' id='word_1_266' title='bbox 1304 3817 1470 3873; x_wconf 88' lang='lat' dir='ltr'>illam</span> <span class='ocrx_word' id='word_1_267' title='bbox 1514 3818 1775 3874; x_wconf 89' lang='lat' dir='ltr'>trahatur</span> <span class='ocrx_word' id='word_1_268' title='bbox 1812 3834 1912 3891; x_wconf 91' lang='lat' dir='ltr'>per</span> 
     </span>
     <span class='ocr_line' id='line_1_48' title="bbox 555 3897 1910 3975; baseline -0.002 -16"><span class='ocrx_word' id='word_1_269' title='bbox 555 3903 775 3975; x_wconf 87' lang='lat' dir='ltr'>aliquas</span> <span class='ocrx_word' id='word_1_270' title='bbox 800 3897 1201 3971; x_wconf 88' lang='lat' dir='ltr'>dispositiones</span> <span class='ocrx_word' id='word_1_271' title='bbox 1243 3897 1624 3970; x_wconf 80' lang='lat' dir='ltr'>imperfectas,</span> <span class='ocrx_word' id='word_1_272' title='bbox 1656 3898 1910 3972; x_wconf 85' lang='lat' dir='ltr'>ejusdem</span> 
     </span>
     <span class='ocr_line' id='line_1_49' title="bbox 554 3978 1912 4052; baseline -0.001 -14"><span class='ocrx_word' id='word_1_273' title='bbox 554 3990 748 4039; x_wconf 88' lang='lat' dir='ltr'>tamen</span> <span class='ocrx_word' id='word_1_274' title='bbox 770 3978 992 4036; x_wconf 88' lang='lat' dir='ltr'>ordinis</span> <span class='ocrx_word' id='word_1_275' title='bbox 1013 3995 1140 4035; x_wconf 90' lang='lat' dir='ltr'>cum</span> <span class='ocrx_word' id='word_1_276' title='bbox 1165 3978 1433 4050; x_wconf 84' lang='lat' dir='ltr'>praedicta</span> <span class='ocrx_word' id='word_1_277' title='bbox 1448 3978 1652 4052; x_wconf 84' lang='lat' dir='ltr'>gratia,</span> <span class='ocrx_word' id='word_1_278' title='bbox 1684 3986 1743 4034; x_wconf 89' lang='lat' dir='ltr'>ut</span> <span class='ocrx_word' id='word_1_279' title='bbox 1765 3979 1912 4037; x_wconf 82' lang='lat' dir='ltr'>dixit</span> 
     </span>
    </p>
   </div>
   <div class='ocr_carea' id='block_1_5' title="bbox 462 4056 1911 4133">
    <p class='ocr_par' dir='ltr' id='par_1_7' title="bbox 462 4056 1911 4133">
     <span class='ocr_line' id='line_1_50' title="bbox 462 4056 1911 4133; baseline -0.001 -17"><span class='ocrx_word' id='word_1_280' title='bbox 462 4130 469 4133; x_wconf 38' lang='grc'>-</span> <span class='ocrx_word' id='word_1_281' title='bbox 555 4064 622 4118; x_wconf 89' lang='lat' dir='ltr'>D.</span> <span class='ocrx_word' id='word_1_282' title='bbox 652 4060 855 4117; x_wconf 89' lang='lat' dir='ltr'>Thom.</span> <span class='ocrx_word' id='word_1_283' title='bbox 888 4065 1066 4131; x_wconf 73' lang='lat' dir='ltr'>quaest.</span> <span class='ocrx_word' id='word_1_284' title='bbox 1102 4059 1222 4123; x_wconf 77' lang='lat'>112,</span> <span class='ocrx_word' id='word_1_285' title='bbox 1252 4065 1361 4114; x_wconf 81' lang='lat' dir='ltr'>art.</span> <span class='ocrx_word' id='word_1_286' title='bbox 1403 4060 1451 4113; x_wconf 91' lang='lat'>1.</span> <span class='ocrx_word' id='word_1_287' title='bbox 1477 4056 1636 4122; x_wconf 89' lang='lat' dir='ltr'>Quod</span> <span class='ocrx_word' id='word_1_288' title='bbox 1667 4074 1911 4130; x_wconf 82' lang='lat' dir='ltr'>praeser-</span> 
     </span>
    </p>
   </div>
   <div class='ocr_carea' id='block_1_6' title="bbox 356 4690 515 4735">
    <p class='ocr_par' dir='ltr' id='par_1_8' title="bbox 356 4690 515 4735">
     <span class='ocr_line' id='line_1_51' title="bbox 356 4690 515 4735; baseline -0.006 0"><span class='ocrx_word' id='word_1_289' title='bbox 356 4690 515 4735; x_wconf 75' lang='lat' dir='ltr'>satisfit</span> 
     </span>
    </p>
   </div>
   <div class='ocr_carea' id='block_1_7' title="bbox 288 4744 513 4786">
    <p class='ocr_par' dir='ltr' id='par_1_9' title="bbox 288 4744 513 4786">
     <span class='ocr_line' id='line_1_52' title="bbox 288 4744 513 4786; baseline 0.004 -1"><span class='ocrx_word' id='word_1_290' title='bbox 288 4744 303 4749; x_wconf 82' lang='grc'><em>“</em></span> <span class='ocrx_word' id='word_1_291' title='bbox 366 4751 513 4786; x_wconf 85' lang='lat' dir='ltr'>sccun-</span> 
     </span>
    </p>
   </div>
   <div class='ocr_carea' id='block_1_8' title="bbox 390 4791 469 4837">
    <p class='ocr_par' dir='ltr' id='par_1_10' title="bbox 390 4791 469 4837">
     <span class='ocr_line' id='line_1_53' title="bbox 390 4791 469 4837; baseline 0.013 -3"><span class='ocrx_word' id='word_1_292' title='bbox 390 4791 469 4837; x_wconf 78' lang='lat' dir='ltr'>dae.</span> 
     </span>
    </p>
   </div>
   <div class='ocr_carea' id='block_1_9' title="bbox 545 4136 1913 5107">
    <p class='ocr_par' dir='ltr' id='par_1_11' title="bbox 552 4136 1913 4619">
     <span class='ocr_line' id='line_1_54' title="bbox 555 4136 1909 4210; baseline -0.001 -12"><span class='ocrx_word' id='word_1_293' title='bbox 555 4143 659 4198; x_wconf 89' lang='lat' dir='ltr'>tim</span> <span class='ocrx_word' id='word_1_294' title='bbox 706 4136 1120 4197; x_wconf 77' lang='lat' dir='ltr'>verificandum</span> <span class='ocrx_word' id='word_1_295' title='bbox 1161 4137 1334 4193; x_wconf 88' lang='lat' dir='ltr'>estin</span> <span class='ocrx_word' id='word_1_296' title='bbox 1378 4136 1607 4204; x_wconf 88' lang='lat' dir='ltr'>adultis,</span> <span class='ocrx_word' id='word_1_297' title='bbox 1634 4139 1731 4210; x_wconf 89' lang='lat' dir='ltr'>qui</span> <span class='ocrx_word' id='word_1_298' title='bbox 1778 4155 1909 4197; x_wconf 88' lang='lat' dir='ltr'>cum</span> 
     </span>
     <span class='ocr_line' id='line_1_55' title="bbox 556 4217 1911 4293; baseline -0.001 -14"><span class='ocrx_word' id='word_1_299' title='bbox 556 4222 738 4279; x_wconf 91' lang='lat' dir='ltr'>libero</span> <span class='ocrx_word' id='word_1_300' title='bbox 760 4219 1001 4277; x_wconf 89' lang='lat' dir='ltr'>arbitrio</span> <span class='ocrx_word' id='word_1_301' title='bbox 1027 4217 1329 4293; x_wconf 87' lang='lat' dir='ltr'>gaudeant,</span> <span class='ocrx_word' id='word_1_302' title='bbox 1380 4217 1588 4275; x_wconf 90' lang='lat' dir='ltr'>debent</span> <span class='ocrx_word' id='word_1_303' title='bbox 1636 4219 1817 4278; x_wconf 88' lang='lat' dir='ltr'>libere</span> <span class='ocrx_word' id='word_1_304' title='bbox 1840 4221 1911 4278; x_wconf 87' lang='lat' dir='ltr'>ad</span> 
     </span>
     <span class='ocr_line' id='line_1_56' title="bbox 552 4298 1905 4380; baseline -0.002 -18"><span class='ocrx_word' id='word_1_305' title='bbox 552 4305 799 4380; x_wconf 86' lang='lat' dir='ltr'>gratiam</span> <span class='ocrx_word' id='word_1_306' title='bbox 846 4301 1085 4368; x_wconf 89' lang='lat' dir='ltr'>moveri,</span> <span class='ocrx_word' id='word_1_307' title='bbox 1119 4305 1284 4374; x_wconf 89' lang='lat' dir='ltr'>atque</span> <span class='ocrx_word' id='word_1_308' title='bbox 1331 4298 1458 4358; x_wconf 90' lang='lat' dir='ltr'>ideo</span> <span class='ocrx_word' id='word_1_309' title='bbox 1485 4301 1694 4359; x_wconf 85' lang='lat' dir='ltr'>elicere</span> <span class='ocrx_word' id='word_1_310' title='bbox 1736 4309 1905 4372; x_wconf 88' lang='lat' dir='ltr'>actus,</span> 
     </span>
     <span class='ocr_line' id='line_1_57' title="bbox 552 4380 1913 4459; baseline 0 -18"><span class='ocrx_word' id='word_1_311' title='bbox 552 4384 757 4457; x_wconf 87' lang='lat' dir='ltr'>quibus</span> <span class='ocrx_word' id='word_1_312' title='bbox 777 4383 1024 4459; x_wconf 88' lang='lat' dir='ltr'>gratiam</span> <span class='ocrx_word' id='word_1_313' title='bbox 1048 4384 1349 4453; x_wconf 87' lang='lat' dir='ltr'>acceptent,</span> <span class='ocrx_word' id='word_1_314' title='bbox 1383 4386 1437 4438; x_wconf 89' lang='lat' dir='ltr'>et</span> <span class='ocrx_word' id='word_1_315' title='bbox 1474 4397 1534 4438; x_wconf 91' lang='lat' dir='ltr'>se</span> <span class='ocrx_word' id='word_1_316' title='bbox 1569 4380 1639 4438; x_wconf 89' lang='lat' dir='ltr'>ad</span> <span class='ocrx_word' id='word_1_317' title='bbox 1665 4383 1787 4456; x_wconf 87' lang='lat' dir='ltr'>ejus</span> <span class='ocrx_word' id='word_1_318' title='bbox 1816 4401 1913 4441; x_wconf 91' lang='lat' dir='ltr'>re-</span> 
     </span>
     <span class='ocr_line' id='line_1_58' title="bbox 552 4459 1903 4537; baseline 0 -16"><span class='ocrx_word' id='word_1_319' title='bbox 552 4467 870 4537; x_wconf 83' lang='lat' dir='ltr'>ceptionem</span> <span class='ocrx_word' id='word_1_320' title='bbox 893 4463 1218 4536; x_wconf 90' lang='lat' dir='ltr'>disponant,</span> <span class='ocrx_word' id='word_1_321' title='bbox 1244 4465 1306 4516; x_wconf 91' lang='lat' dir='ltr'>ut</span> <span class='ocrx_word' id='word_1_322' title='bbox 1331 4459 1489 4519; x_wconf 88' lang='lat' dir='ltr'>docet</span> <span class='ocrx_word' id='word_1_323' title='bbox 1510 4460 1665 4519; x_wconf 90' lang='lat' dir='ltr'>idem</span> <span class='ocrx_word' id='word_1_324' title='bbox 1688 4464 1741 4521; x_wconf 90' lang='lat' dir='ltr'>S.</span> <span class='ocrx_word' id='word_1_325' title='bbox 1756 4466 1903 4522; x_wconf 90' lang='lat' dir='ltr'>Doct.</span> 
     </span>
     <span class='ocr_line' id='line_1_59' title="bbox 554 4543 1140 4619; baseline -0.003 -19"><span class='ocrx_word' id='word_1_326' title='bbox 554 4544 618 4600; x_wconf 91' lang='lat' dir='ltr'>in</span> <span class='ocrx_word' id='word_1_327' title='bbox 648 4545 915 4619; x_wconf 78' lang='lat' dir='ltr'>praesenti</span> <span class='ocrx_word' id='word_1_328' title='bbox 942 4551 1051 4601; x_wconf 83' lang='lat' dir='ltr'>art.</span> <span class='ocrx_word' id='word_1_329' title='bbox 1086 4543 1140 4599; x_wconf 90' lang='lat'>3.</span> 
     </span>
    </p>

    <p class='ocr_par' dir='ltr' id='par_1_12' title="bbox 545 4623 1910 5107">
     <span class='ocr_line' id='line_1_60' title="bbox 629 4623 1910 4698; baseline 0.002 -18"><span class='ocrx_word' id='word_1_330' title='bbox 629 4626 791 4684; x_wconf 90' lang='lat' dir='ltr'>Unde</span> <span class='ocrx_word' id='word_1_331' title='bbox 818 4627 994 4683; x_wconf 90' lang='lat' dir='ltr'>etiam</span> <span class='ocrx_word' id='word_1_332' title='bbox 1037 4629 1187 4698; x_wconf 87' lang='lat' dir='ltr'>patet</span> <span class='ocrx_word' id='word_1_333' title='bbox 1213 4623 1283 4679; x_wconf 88' lang='lat' dir='ltr'>ad</span> <span class='ocrx_word' id='word_1_334' title='bbox 1333 4623 1642 4682; x_wconf 89' lang='lat' dir='ltr'>secundam</span> <span class='ocrx_word' id='word_1_335' title='bbox 1693 4624 1910 4683; x_wconf 89' lang='lat' dir='ltr'>confir-</span> 
     </span>
     <span class='ocr_line' id='line_1_61' title="bbox 553 4706 1910 4767; baseline -0.001 -1"><span class='ocrx_word' id='word_1_336' title='bbox 553 4708 867 4766; x_wconf 87' lang='lat' dir='ltr'>mationem</span> <span class='ocrx_word' id='word_1_337' title='bbox 896 4730 908 4767; x_wconf 81' lang='lat'><strong>:</strong></span> <span class='ocrx_word' id='word_1_338' title='bbox 942 4722 1079 4764; x_wconf 87' lang='lat' dir='ltr'>nam</span> <span class='ocrx_word' id='word_1_339' title='bbox 1108 4706 1238 4762; x_wconf 91' lang='lat' dir='ltr'>licet</span> <span class='ocrx_word' id='word_1_340' title='bbox 1267 4710 1474 4762; x_wconf 87' lang='lat' dir='ltr'>natura</span> <span class='ocrx_word' id='word_1_341' title='bbox 1503 4706 1910 4765; x_wconf 89' lang='lat' dir='ltr'>intellectualis</span> 
     </span>
     <span class='ocr_line' id='line_1_62' title="bbox 551 4783 1910 4860; baseline -0.002 -12"><span class='ocrx_word' id='word_1_342' title='bbox 551 4790 757 4849; x_wconf 90' lang='lat' dir='ltr'>habeat</span> <span class='ocrx_word' id='word_1_343' title='bbox 809 4788 1122 4860; x_wconf 89' lang='lat' dir='ltr'>potentiam</span> <span class='ocrx_word' id='word_1_344' title='bbox 1169 4783 1612 4844; x_wconf 86' lang='lat' dir='ltr'>obedientialem</span> <span class='ocrx_word' id='word_1_345' title='bbox 1658 4788 1726 4844; x_wconf 90' lang='lat' dir='ltr'>ad</span> <span class='ocrx_word' id='word_1_346' title='bbox 1773 4788 1910 4845; x_wconf 89' lang='lat' dir='ltr'>reci-</span> 
     </span>
     <span class='ocr_line' id='line_1_63' title="bbox 551 4865 1910 4945; baseline -0.004 -16"><span class='ocrx_word' id='word_1_347' title='bbox 551 4870 823 4945; x_wconf 84' lang='lat' dir='ltr'>piendum</span> <span class='ocrx_word' id='word_1_348' title='bbox 851 4868 1096 4943; x_wconf 89' lang='lat' dir='ltr'>gratiam</span> <span class='ocrx_word' id='word_1_349' title='bbox 1131 4887 1144 4922; x_wconf 74' lang='grc' dir='ltr'><strong><em>ε</em></strong></span> <span class='ocrx_word' id='word_1_350' title='bbox 1187 4865 1305 4922; x_wconf 79' lang='lat' dir='ltr'>haec</span> <span class='ocrx_word' id='word_1_351' title='bbox 1343 4867 1466 4939; x_wconf 88' lang='lat' dir='ltr'>ipsa</span> <span class='ocrx_word' id='word_1_352' title='bbox 1505 4869 1759 4940; x_wconf 89' lang='lat' dir='ltr'>potentia</span> <span class='ocrx_word' id='word_1_353' title='bbox 1803 4883 1910 4925; x_wconf 83' lang='lat' dir='ltr'>ex-</span> 
     </span>
     <span class='ocr_line' id='line_1_64' title="bbox 547 4946 1907 5025; baseline 0 -17"><span class='ocrx_word' id='word_1_354' title='bbox 547 4951 723 5025; x_wconf 91' lang='lat' dir='ltr'>poscit</span> <span class='ocrx_word' id='word_1_355' title='bbox 752 4946 1129 5006; x_wconf 87' lang='lat' dir='ltr'>determinari</span> <span class='ocrx_word' id='word_1_356' title='bbox 1161 4960 1260 5018; x_wconf 92' lang='lat' dir='ltr'>per</span> <span class='ocrx_word' id='word_1_357' title='bbox 1304 4947 1525 5019; x_wconf 88' lang='lat' dir='ltr'>aliquas</span> <span class='ocrx_word' id='word_1_358' title='bbox 1573 4949 1907 5023; x_wconf 88' lang='lat' dir='ltr'>dispositio·</span> 
     </span>
     <span class='ocr_line' id='line_1_65' title="bbox 545 5026 1898 5107; baseline -0.001 -17"><span class='ocrx_word' id='word_1_359' title='bbox 545 5049 664 5101; x_wconf 91' lang='lat' dir='ltr'>nes,</span> <span class='ocrx_word' id='word_1_360' title='bbox 696 5036 751 5088; x_wconf 89' lang='lat' dir='ltr'>et</span> <span class='ocrx_word' id='word_1_361' title='bbox 792 5028 1122 5104; x_wconf 85' lang='lat' dir='ltr'>promoveri</span> <span class='ocrx_word' id='word_1_362' title='bbox 1158 5026 1227 5084; x_wconf 92' lang='lat' dir='ltr'>ad</span> <span class='ocrx_word' id='word_1_363' title='bbox 1257 5028 1642 5103; x_wconf 86' lang='lat' dir='ltr'>receptionem</span> <span class='ocrx_word' id='word_1_364' title='bbox 1679 5033 1898 5107; x_wconf 83' lang='lat' dir='ltr'>gratiae,</span> 
     </span>
    </p>
   </div>
   <div class='ocr_carea' id='block_1_10' title="bbox 1230 401 2802 461">
    <p class='ocr_par' dir='ltr' id='par_1_13' title="bbox 1230 401 2802 461">
     <span class='ocr_line' id='line_1_66' title="bbox 1230 401 2802 461; baseline -0.003 0"><span class='ocrx_word' id='word_1_365' title='bbox 1230 405 1333 461; x_wconf 75' lang='lat' dir='ltr'>DE</span> <span class='ocrx_word' id='word_1_366' title='bbox 1362 402 1967 460; x_wconf 86' lang='lat' dir='ltr'>DISPOSITIONIBUS</span> <span class='ocrx_word' id='word_1_367' title='bbox 2005 402 2102 458; x_wconf 82' lang='lat' dir='ltr'>AD</span> <span class='ocrx_word' id='word_1_368' title='bbox 2139 401 2802 458; x_wconf 83' lang='lat' dir='ltr'>JUSTIFICATIONEM.</span> 
     </span>
    </p>
   </div>
   <div class='ocr_carea' id='block_1_11' title="bbox 2051 571 3420 1130">
    <p class='ocr_par' dir='ltr' id='par_1_14' title="bbox 2051 571 3420 1130">
     <span class='ocr_line' id='line_1_67' title="bbox 2055 571 3420 646; baseline -0.001 -17"><span class='ocrx_word' id='word_1_369' title='bbox 2055 574 2373 646; x_wconf 79' lang='lat' dir='ltr'>praesertim</span> <span class='ocrx_word' id='word_1_370' title='bbox 2402 574 2466 630; x_wconf 91' lang='lat' dir='ltr'>in</span> <span class='ocrx_word' id='word_1_371' title='bbox 2494 571 2706 630; x_wconf 88' lang='lat' dir='ltr'>adultis</span> <span class='ocrx_word' id='word_1_372' title='bbox 2733 574 2913 630; x_wconf 87' lang='lat' dir='ltr'>:sicut</span> <span class='ocrx_word' id='word_1_373' title='bbox 2939 574 3117 630; x_wconf 88' lang='lat' dir='ltr'>etiam</span> <span class='ocrx_word' id='word_1_374' title='bbox 3145 571 3210 628; x_wconf 91' lang='lat' dir='ltr'>in</span> <span class='ocrx_word' id='word_1_375' title='bbox 3241 576 3420 629; x_wconf 88' lang='lat' dir='ltr'>natu-</span> 
     </span>
     <span class='ocr_line' id='line_1_68' title="bbox 2055 652 3420 729; baseline 0.001 -18"><span class='ocrx_word' id='word_1_376' title='bbox 2055 654 2273 712; x_wconf 89' lang='lat' dir='ltr'>ralibus</span> <span class='ocrx_word' id='word_1_377' title='bbox 2332 655 2578 712; x_wconf 89' lang='lat' dir='ltr'>materia</span> <span class='ocrx_word' id='word_1_378' title='bbox 2619 656 2810 729; x_wconf 90' lang='lat' dir='ltr'>prima</span> <span class='ocrx_word' id='word_1_379' title='bbox 2870 652 3041 711; x_wconf 88' lang='lat' dir='ltr'>habet</span> <span class='ocrx_word' id='word_1_380' title='bbox 3086 655 3420 712; x_wconf 86' lang='lat' dir='ltr'>naturalem</span> 
     </span>
     <span class='ocr_line' id='line_1_69' title="bbox 2052 734 3418 809; baseline 0.001 -17"><span class='ocrx_word' id='word_1_381' title='bbox 2052 736 2466 809; x_wconf 88' lang='lat' dir='ltr'>coaptationem</span> <span class='ocrx_word' id='word_1_382' title='bbox 2519 752 2647 793; x_wconf 90' lang='lat' dir='ltr'>cum</span> <span class='ocrx_word' id='word_1_383' title='bbox 2689 736 2877 794; x_wconf 84' lang='lat' dir='ltr'>forma</span> <span class='ocrx_word' id='word_1_384' title='bbox 2914 734 3281 793; x_wconf 87' lang='lat' dir='ltr'>substantiali</span> <span class='ocrx_word' id='word_1_385' title='bbox 3318 752 3418 794; x_wconf 81' lang='lat' dir='ltr'>se-</span> 
     </span>
     <span class='ocr_line' id='line_1_70' title="bbox 2053 815 3416 890; baseline 0.002 -19"><span class='ocrx_word' id='word_1_386' title='bbox 2053 815 2304 872; x_wconf 91' lang='lat' dir='ltr'>cundum</span> <span class='ocrx_word' id='word_1_387' title='bbox 2330 815 2540 890; x_wconf 88' lang='lat' dir='ltr'>gradus</span> <span class='ocrx_word' id='word_1_388' title='bbox 2568 817 2942 890; x_wconf 87' lang='lat' dir='ltr'>particulares</span> <span class='ocrx_word' id='word_1_389' title='bbox 2962 833 2983 882; x_wconf 91' lang='lat'>,·</span> <span class='ocrx_word' id='word_1_390' title='bbox 3006 820 3062 873; x_wconf 90' lang='lat' dir='ltr'>et</span> <span class='ocrx_word' id='word_1_391' title='bbox 3103 816 3416 874; x_wconf 87' lang='lat' dir='ltr'>nihilomi-</span> 
     </span>
     <span class='ocr_line' id='line_1_71' title="bbox 2053 894 3415 969; baseline 0.002 -18"><span class='ocrx_word' id='word_1_392' title='bbox 2053 911 2162 951; x_wconf 90' lang='lat' dir='ltr'>nus</span> <span class='ocrx_word' id='word_1_393' title='bbox 2190 897 2330 969; x_wconf 91' lang='lat' dir='ltr'>petit</span> <span class='ocrx_word' id='word_1_394' title='bbox 2357 896 2426 952; x_wconf 90' lang='lat' dir='ltr'>ad</span> <span class='ocrx_word' id='word_1_395' title='bbox 2467 896 2632 953; x_wconf 91' lang='lat' dir='ltr'>illam</span> <span class='ocrx_word' id='word_1_396' title='bbox 2671 896 2753 953; x_wconf 89' lang='lat' dir='ltr'>ita</span> <span class='ocrx_word' id='word_1_397' title='bbox 2805 901 3089 969; x_wconf 87' lang='lat' dir='ltr'>acceptam</span> <span class='ocrx_word' id='word_1_398' title='bbox 3128 894 3415 954; x_wconf 87' lang='lat' dir='ltr'>determi-</span> 
     </span>
     <span class='ocr_line' id='line_1_72' title="bbox 2053 976 3415 1050; baseline 0.004 -19"><span class='ocrx_word' id='word_1_399' title='bbox 2053 976 2182 1032; x_wconf 86' lang='lat' dir='ltr'>nari</span> <span class='ocrx_word' id='word_1_400' title='bbox 2235 992 2335 1049; x_wconf 87' lang='lat' dir='ltr'>per</span> <span class='ocrx_word' id='word_1_401' title='bbox 2396 977 2615 1049; x_wconf 87' lang='lat' dir='ltr'>aliquas</span> <span class='ocrx_word' id='word_1_402' title='bbox 2654 976 3056 1050; x_wconf 88' lang='lat' dir='ltr'>dispositiones</span> <span class='ocrx_word' id='word_1_403' title='bbox 3116 980 3415 1037; x_wconf 84' lang='lat' dir='ltr'>naturales</span> 
     </span>
     <span class='ocr_line' id='line_1_73' title="bbox 2051 1055 2934 1130; baseline 0.003 -19"><span class='ocrx_word' id='word_1_404' title='bbox 2051 1055 2251 1113; x_wconf 84' lang='lat' dir='ltr'>formae</span> <span class='ocrx_word' id='word_1_405' title='bbox 2274 1056 2612 1130; x_wconf 80' lang='lat' dir='ltr'>recipiendae</span> <span class='ocrx_word' id='word_1_406' title='bbox 2637 1072 2934 1130; x_wconf 79' lang='lat' dir='ltr'>congruas,</span> 
     </span>
    </p>
   </div>
   <div class='ocr_carea' id='block_1_12' title="bbox 2134 1129 3588 1232">
    <p class='ocr_par' dir='ltr' id='par_1_15' title="bbox 2134 1129 3588 1232">
     <span class='ocr_line' id='line_1_74' title="bbox 2134 1129 3588 1232; baseline 0 -37"><span class='ocrx_word' id='word_1_407' title='bbox 2134 1140 2251 1195; x_wconf 84' lang='lat'>119.</span> <span class='ocrx_word' id='word_1_408' title='bbox 2286 1138 2394 1197; x_wconf 90' lang='lat' dir='ltr'>Sed</span> <span class='ocrx_word' id='word_1_409' title='bbox 2420 1144 2617 1197; x_wconf 89' lang='lat' dir='ltr'>contra</span> <span class='ocrx_word' id='word_1_410' title='bbox 2645 1140 2910 1214; x_wconf 88' lang='lat' dir='ltr'>arguitur</span> <span class='ocrx_word' id='word_1_411' title='bbox 2929 1139 3119 1206; x_wconf 82' lang='lat' dir='ltr'>tertie,</span> <span class='ocrx_word' id='word_1_412' title='bbox 3146 1145 3202 1197; x_wconf 91' lang='lat' dir='ltr'>et</span> <span class='ocrx_word' id='word_1_413' title='bbox 3226 1141 3408 1198; x_wconf 85' lang='lat' dir='ltr'>simul</span> <span class='ocrx_word' id='word_1_414' title='bbox 3421 1129 3588 1232; x_wconf 44' lang='lat' dir='ltr'>&#39;¹⁸⁰ss</span> 
     </span>
    </p>
   </div>
   <div class='ocr_carea' id='block_1_13' title="bbox 2051 1217 3601 1292">
    <p class='ocr_par' dir='ltr' id='par_1_16' title="bbox 2051 1217 3601 1292">
     <span class='ocr_line' id='line_1_75' title="bbox 2051 1217 3601 1292; baseline -0.001 -18"><span class='ocrx_word' id='word_1_415' title='bbox 2051 1217 2423 1292; x_wconf 89' lang='lat' dir='ltr'>impugnatur</span> <span class='ocrx_word' id='word_1_416' title='bbox 2447 1218 2889 1275; x_wconf 78' lang='lat' dir='ltr'>fundamentum</span> <span class='ocrx_word' id='word_1_417' title='bbox 2912 1225 3122 1277; x_wconf 84' lang='lat' dir='ltr'>nostrae</span> <span class='ocrx_word' id='word_1_418' title='bbox 3148 1220 3411 1279; x_wconf 87' lang='lat' dir='ltr'>assertio-</span> <span class='ocrx_word' id='word_1_419' title='bbox 3423 1234 3601 1274; x_wconf 71' lang='lat' dir='ltr'>mm.</span> 
     </span>
    </p>
   </div>
   <div class='ocr_carea' id='block_1_14' title="bbox 2046 1297 3410 2670">
    <p class='ocr_par' dir='ltr' id='par_1_17' title="bbox 2047 1297 3410 2183">
     <span class='ocr_line' id='line_1_76' title="bbox 2052 1297 3404 1372; baseline 0.004 -20"><span class='ocrx_word' id='word_1_420' title='bbox 2052 1297 2161 1368; x_wconf 83' lang='lat' dir='ltr'>nis,</span> <span class='ocrx_word' id='word_1_421' title='bbox 2197 1297 2345 1371; x_wconf 91' lang='lat' dir='ltr'>quod</span> <span class='ocrx_word' id='word_1_422' title='bbox 2384 1315 2561 1372; x_wconf 90' lang='lat' dir='ltr'>supra</span> <span class='ocrx_word' id='word_1_423' title='bbox 2605 1317 2758 1356; x_wconf 83' lang='lat' dir='ltr'>num.</span> <span class='ocrx_word' id='word_1_424' title='bbox 2806 1300 2925 1366; x_wconf 84' lang='lat'>107,</span> <span class='ocrx_word' id='word_1_425' title='bbox 2977 1315 3048 1356; x_wconf 87' lang='lat' dir='ltr'>ex</span> <span class='ocrx_word' id='word_1_426' title='bbox 3101 1302 3164 1356; x_wconf 93' lang='lat' dir='ltr'>D.</span> <span class='ocrx_word' id='word_1_427' title='bbox 3196 1300 3404 1361; x_wconf 90' lang='lat' dir='ltr'>Thom.</span> 
     </span>
     <span class='ocr_line' id='line_1_77' title="bbox 2048 1380 3410 1456; baseline 0.002 -19"><span class='ocrx_word' id='word_1_428' title='bbox 2048 1380 2456 1453; x_wconf 82' lang='lat' dir='ltr'>expendimus;</span> <span class='ocrx_word' id='word_1_429' title='bbox 2476 1382 2610 1455; x_wconf 90' lang='lat' dir='ltr'>quia</span> <span class='ocrx_word' id='word_1_430' title='bbox 2628 1381 2814 1456; x_wconf 88' lang='lat' dir='ltr'>gratia</span> <span class='ocrx_word' id='word_1_431' title='bbox 2835 1380 3075 1438; x_wconf 88' lang='lat' dir='ltr'>unionis</span> <span class='ocrx_word' id='word_1_432' title='bbox 3096 1382 3160 1438; x_wconf 92' lang='lat' dir='ltr'>in</span> <span class='ocrx_word' id='word_1_433' title='bbox 3182 1382 3410 1440; x_wconf 79' lang='lat' dir='ltr'>christo</span> 
     </span>
     <span class='ocr_line' id='line_1_78' title="bbox 2049 1461 3404 1537; baseline 0.003 -20"><span class='ocrx_word' id='word_1_434' title='bbox 2049 1462 2296 1518; x_wconf 91' lang='lat' dir='ltr'>Domino</span> <span class='ocrx_word' id='word_1_435' title='bbox 2319 1461 2429 1518; x_wconf 81' lang='lat' dir='ltr'>fuit</span> <span class='ocrx_word' id='word_1_436' title='bbox 2456 1463 2639 1520; x_wconf 91' lang='lat' dir='ltr'>multo</span> <span class='ocrx_word' id='word_1_437' title='bbox 2668 1461 2970 1535; x_wconf 83' lang='lat' dir='ltr'>perfectior</span> <span class='ocrx_word' id='word_1_438' title='bbox 2994 1463 3200 1537; x_wconf 90' lang='lat' dir='ltr'>gratia,</span> <span class='ocrx_word' id='word_1_439' title='bbox 3231 1480 3404 1537; x_wconf 88' lang='lat' dir='ltr'>quam</span> 
     </span>
     <span class='ocr_line' id='line_1_79' title="bbox 2047 1541 3408 1615; baseline 0.003 -19"><span class='ocrx_word' id='word_1_440' title='bbox 2047 1542 2233 1614; x_wconf 83' lang='lat' dir='ltr'>gratia</span> <span class='ocrx_word' id='word_1_441' title='bbox 2253 1541 2584 1609; x_wconf 86' lang='lat' dir='ltr'>habitualis,</span> <span class='ocrx_word' id='word_1_442' title='bbox 2616 1558 2740 1615; x_wconf 84' lang='lat' dir='ltr'>quae</span> <span class='ocrx_word' id='word_1_443' title='bbox 2759 1541 2931 1599; x_wconf 88' lang='lat' dir='ltr'>datur</span> <span class='ocrx_word' id='word_1_444' title='bbox 2959 1544 3121 1615; x_wconf 87' lang='lat' dir='ltr'>puris</span> <span class='ocrx_word' id='word_1_445' title='bbox 3147 1542 3408 1601; x_wconf 89' lang='lat' dir='ltr'>homini-</span> 
     </span>
     <span class='ocr_line' id='line_1_80' title="bbox 2050 1620 3409 1697; baseline 0.004 -21"><span class='ocrx_word' id='word_1_446' title='bbox 2050 1620 2154 1677; x_wconf 91' lang='lat' dir='ltr'>bus</span> <span class='ocrx_word' id='word_1_447' title='bbox 2179 1646 2194 1689; x_wconf 90' lang='lat'>;</span> <span class='ocrx_word' id='word_1_448' title='bbox 2246 1621 2345 1678; x_wconf 90' lang='lat' dir='ltr'>sed</span> <span class='ocrx_word' id='word_1_449' title='bbox 2396 1622 2466 1679; x_wconf 89' lang='lat' dir='ltr'>ad</span> <span class='ocrx_word' id='word_1_450' title='bbox 2518 1622 2766 1697; x_wconf 89' lang='lat' dir='ltr'>gratiam</span> <span class='ocrx_word' id='word_1_451' title='bbox 2809 1622 3043 1680; x_wconf 90' lang='lat' dir='ltr'>unionis</span> <span class='ocrx_word' id='word_1_452' title='bbox 3084 1625 3249 1681; x_wconf 92' lang='lat' dir='ltr'>nulla</span> <span class='ocrx_word' id='word_1_453' title='bbox 3297 1624 3409 1681; x_wconf 81' lang='lat' dir='ltr'>fuit</span> 
     </span>
     <span class='ocr_line' id='line_1_81' title="bbox 2049 1700 3407 1778; baseline 0.004 -22"><span class='ocrx_word' id='word_1_454' title='bbox 2049 1700 2346 1775; x_wconf 89' lang='lat' dir='ltr'>dispositio</span> <span class='ocrx_word' id='word_1_455' title='bbox 2390 1703 2643 1778; x_wconf 85' lang='lat' dir='ltr'>physica,</span> <span class='ocrx_word' id='word_1_456' title='bbox 2702 1703 2824 1760; x_wconf 84' lang='lat' dir='ltr'>sive</span> <span class='ocrx_word' id='word_1_457' title='bbox 2875 1719 2946 1760; x_wconf 87' lang='lat' dir='ltr'>ex</span> <span class='ocrx_word' id='word_1_458' title='bbox 2993 1708 3202 1761; x_wconf 88' lang='lat' dir='ltr'>natura</span> <span class='ocrx_word' id='word_1_459' title='bbox 3253 1705 3336 1763; x_wconf 86' lang='lat' dir='ltr'>rei</span> <span class='ocrx_word' id='word_1_460' title='bbox 3393 1726 3407 1761; x_wconf 70' lang='grc' dir='ltr'><strong><em>ι</em></strong></span> 
     </span>
     <span class='ocr_line' id='line_1_82' title="bbox 2048 1782 3407 1859; baseline 0.001 -18"><span class='ocrx_word' id='word_1_461' title='bbox 2048 1800 2184 1858; x_wconf 87' lang='lat' dir='ltr'>ergo</span> <span class='ocrx_word' id='word_1_462' title='bbox 2210 1784 2281 1840; x_wconf 92' lang='lat' dir='ltr'>ad</span> <span class='ocrx_word' id='word_1_463' title='bbox 2307 1786 2554 1858; x_wconf 87' lang='lat' dir='ltr'>gratiam</span> <span class='ocrx_word' id='word_1_464' title='bbox 2588 1782 2939 1842; x_wconf 87' lang='lat' dir='ltr'>habitualem</span> <span class='ocrx_word' id='word_1_465' title='bbox 2969 1787 3135 1844; x_wconf 90' lang='lat' dir='ltr'>nulla</span> <span class='ocrx_word' id='word_1_466' title='bbox 3159 1785 3407 1859; x_wconf 88' lang='lat' dir='ltr'>disposi-</span> 
     </span>
     <span class='ocr_line' id='line_1_83' title="bbox 2048 1864 3406 1941; baseline 0.004 -22"><span class='ocrx_word' id='word_1_467' title='bbox 2048 1864 2128 1922; x_wconf 89' lang='lat' dir='ltr'>tio</span> <span class='ocrx_word' id='word_1_468' title='bbox 2156 1865 2388 1940; x_wconf 83' lang='lat' dir='ltr'>physica</span> <span class='ocrx_word' id='word_1_469' title='bbox 2417 1866 2733 1940; x_wconf 89' lang='lat' dir='ltr'>requiritur</span> <span class='ocrx_word' id='word_1_470' title='bbox 2765 1890 2778 1933; x_wconf 91' lang='lat'>;</span> <span class='ocrx_word' id='word_1_471' title='bbox 2807 1867 3137 1941; x_wconf 89' lang='lat' dir='ltr'>corruitque</span> <span class='ocrx_word' id='word_1_472' title='bbox 3165 1866 3406 1940; x_wconf 89' lang='lat' dir='ltr'>proinde</span> 
     </span>
     <span class='ocr_line' id='line_1_84' title="bbox 2048 1944 3405 2021; baseline 0.005 -22"><span class='ocrx_word' id='word_1_473' title='bbox 2048 1944 2194 2000; x_wconf 89' lang='lat' dir='ltr'>illud</span> <span class='ocrx_word' id='word_1_474' title='bbox 2223 1946 2575 2020; x_wconf 88' lang='lat' dir='ltr'>principium</span> <span class='ocrx_word' id='word_1_475' title='bbox 2605 1950 2669 2002; x_wconf 88' lang='lat' dir='ltr'>D.</span> <span class='ocrx_word' id='word_1_476' title='bbox 2694 1948 2901 2004; x_wconf 91' lang='lat' dir='ltr'>Thom.</span> <span class='ocrx_word' id='word_1_477' title='bbox 2925 1946 3074 2021; x_wconf 90' lang='lat' dir='ltr'>quod</span> <span class='ocrx_word' id='word_1_478' title='bbox 3097 1948 3258 2005; x_wconf 88' lang='lat' dir='ltr'>nulla</span> <span class='ocrx_word' id='word_1_479' title='bbox 3280 1948 3405 2006; x_wconf 87' lang='lat' dir='ltr'>for-</span> 
     </span>
     <span class='ocr_line' id='line_1_85' title="bbox 2047 2026 3404 2103; baseline 0.005 -22"><span class='ocrx_word' id='word_1_480' title='bbox 2047 2041 2144 2082; x_wconf 91' lang='lat' dir='ltr'>ma</span> <span class='ocrx_word' id='word_1_481' title='bbox 2170 2028 2630 2084; x_wconf 90' lang='lat' dir='ltr'>communicatur</span> <span class='ocrx_word' id='word_1_482' title='bbox 2668 2026 2937 2103; x_wconf 90' lang='lat' dir='ltr'>subjecto,</span> <span class='ocrx_word' id='word_1_483' title='bbox 2970 2028 3083 2084; x_wconf 88' lang='lat' dir='ltr'>nisi</span> <span class='ocrx_word' id='word_1_484' title='bbox 3113 2028 3404 2088; x_wconf 87' lang='lat' dir='ltr'>mediante</span> 
     </span>
     <span class='ocr_line' id='line_1_86' title="bbox 2048 2108 2659 2183; baseline 0.005 -19"><span class='ocrx_word' id='word_1_485' title='bbox 2048 2108 2240 2182; x_wconf 90' lang='lat' dir='ltr'>aliqua</span> <span class='ocrx_word' id='word_1_486' title='bbox 2268 2109 2659 2183; x_wconf 89' lang='lat' dir='ltr'>dispositione.</span> 
     </span>
    </p>

    <p class='ocr_par' dir='ltr' id='par_1_18' title="bbox 2046 2188 3408 2670">
     <span class='ocr_line' id='line_1_87' title="bbox 2123 2188 3405 2267; baseline 0.002 -19"><span class='ocrx_word' id='word_1_487' title='bbox 2123 2188 2373 2248; x_wconf 85' lang='lat' dir='ltr'>confirm</span> <span class='ocrx_word' id='word_1_488' title='bbox 2382 2197 2536 2259; x_wconf 89' lang='lat' dir='ltr'>atur;</span> <span class='ocrx_word' id='word_1_489' title='bbox 2557 2207 2692 2246; x_wconf 90' lang='lat' dir='ltr'>nam</span> <span class='ocrx_word' id='word_1_490' title='bbox 2714 2190 2914 2247; x_wconf 91' lang='lat' dir='ltr'>lumen</span> <span class='ocrx_word' id='word_1_491' title='bbox 2934 2193 3134 2266; x_wconf 81' lang='lat' dir='ltr'>gloriae</span> <span class='ocrx_word' id='word_1_492' title='bbox 3152 2198 3239 2251; x_wconf 91' lang='lat' dir='ltr'>est</span> <span class='ocrx_word' id='word_1_493' title='bbox 3256 2208 3405 2267; x_wconf 78' lang='lat' dir='ltr'>quae-</span> 
     </span>
     <span class='ocr_line' id='line_1_88' title="bbox 2046 2267 3407 2346; baseline 0.004 -21"><span class='ocrx_word' id='word_1_494' title='bbox 2046 2267 2181 2326; x_wconf 89' lang='lat' dir='ltr'>dam</span> <span class='ocrx_word' id='word_1_495' title='bbox 2228 2272 2486 2343; x_wconf 75' lang='lat' dir='ltr'>qualitaS,</span> <span class='ocrx_word' id='word_1_496' title='bbox 2516 2277 2573 2328; x_wconf 92' lang='lat' dir='ltr'>et</span> <span class='ocrx_word' id='word_1_497' title='bbox 2601 2270 2788 2328; x_wconf 82' lang='lat' dir='ltr'>forma</span> <span class='ocrx_word' id='word_1_498' title='bbox 2817 2271 2985 2329; x_wconf 87' lang='lat' dir='ltr'>valde</span> <span class='ocrx_word' id='word_1_499' title='bbox 3014 2274 3260 2346; x_wconf 76' lang='lat' dir='ltr'>perfecta</span> <span class='ocrx_word' id='word_1_500' title='bbox 3290 2298 3305 2340; x_wconf 89' lang='lat'>;</span> <span class='ocrx_word' id='word_1_501' title='bbox 3347 2279 3407 2332; x_wconf 88' lang='lat' dir='ltr'>et</span> 
     </span>
     <span class='ocr_line' id='line_1_89' title="bbox 2047 2351 3408 2427; baseline 0.004 -22"><span class='ocrx_word' id='word_1_502' title='bbox 2047 2354 2243 2408; x_wconf 90' lang='lat' dir='ltr'>tamen</span> <span class='ocrx_word' id='word_1_503' title='bbox 2266 2351 2335 2409; x_wconf 92' lang='lat' dir='ltr'>ad</span> <span class='ocrx_word' id='word_1_504' title='bbox 2358 2353 2557 2409; x_wconf 89' lang='lat' dir='ltr'>lumen</span> <span class='ocrx_word' id='word_1_505' title='bbox 2576 2352 2776 2427; x_wconf 82' lang='lat' dir='ltr'>gloriae</span> <span class='ocrx_word' id='word_1_506' title='bbox 2797 2369 2915 2410; x_wconf 92' lang='lat' dir='ltr'>non</span> <span class='ocrx_word' id='word_1_507' title='bbox 2944 2354 3262 2425; x_wconf 86' lang='lat' dir='ltr'>requiritur</span> <span class='ocrx_word' id='word_1_508' title='bbox 3281 2353 3408 2411; x_wconf 89' lang='lat' dir='ltr'>dis-</span> 
     </span>
     <span class='ocr_line' id='line_1_90' title="bbox 2049 2434 3408 2509; baseline 0.005 -21"><span class='ocrx_word' id='word_1_509' title='bbox 2049 2434 2272 2506; x_wconf 84' lang='lat' dir='ltr'>positiO,</span> <span class='ocrx_word' id='word_1_510' title='bbox 2304 2451 2429 2508; x_wconf 80' lang='lat' dir='ltr'>quae</span> <span class='ocrx_word' id='word_1_511' title='bbox 2453 2449 2524 2491; x_wconf 86' lang='lat' dir='ltr'>ex</span> <span class='ocrx_word' id='word_1_512' title='bbox 2564 2439 2771 2492; x_wconf 89' lang='lat' dir='ltr'>natura</span> <span class='ocrx_word' id='word_1_513' title='bbox 2815 2451 2918 2492; x_wconf 91' lang='lat' dir='ltr'>sua</span> <span class='ocrx_word' id='word_1_514' title='bbox 2959 2435 3029 2492; x_wconf 92' lang='lat' dir='ltr'>ad</span> <span class='ocrx_word' id='word_1_515' title='bbox 3070 2435 3408 2509; x_wconf 67' lang='lat' dir='ltr'>praedictum</span> 
     </span>
     <span class='ocr_line' id='line_1_91' title="bbox 2048 2514 3408 2592; baseline 0.005 -23"><span class='ocrx_word' id='word_1_516' title='bbox 2048 2515 2249 2572; x_wconf 91' lang='lat' dir='ltr'>lumen</span> <span class='ocrx_word' id='word_1_517' title='bbox 2290 2514 2698 2588; x_wconf 88' lang='lat' dir='ltr'>proportionet,</span> <span class='ocrx_word' id='word_1_518' title='bbox 2749 2519 2806 2573; x_wconf 91' lang='lat' dir='ltr'>et</span> <span class='ocrx_word' id='word_1_519' title='bbox 2844 2514 3229 2578; x_wconf 88' lang='lat' dir='ltr'>determinet:</span> <span class='ocrx_word' id='word_1_520' title='bbox 3269 2532 3408 2592; x_wconf 89' lang='lat' dir='ltr'>ergo</span> 
     </span>
     <span class='ocr_line' id='line_1_92' title="bbox 2047 2593 3399 2670; baseline 0.005 -20"><span class='ocrx_word' id='word_1_521' title='bbox 2047 2593 2201 2652; x_wconf 90' lang='lat' dir='ltr'>idem</span> <span class='ocrx_word' id='word_1_522' title='bbox 2224 2595 2294 2652; x_wconf 94' lang='lat' dir='ltr'>de</span> <span class='ocrx_word' id='word_1_523' title='bbox 2318 2596 2503 2670; x_wconf 90' lang='lat' dir='ltr'>gratia</span> <span class='ocrx_word' id='word_1_524' title='bbox 2541 2594 2930 2654; x_wconf 86' lang='lat' dir='ltr'>sanctificante</span> <span class='ocrx_word' id='word_1_525' title='bbox 2959 2596 3266 2654; x_wconf 90' lang='lat' dir='ltr'>dicendum</span> <span class='ocrx_word' id='word_1_526' title='bbox 3294 2605 3399 2657; x_wconf 87' lang='lat' dir='ltr'>est.</span> 
     </span>
    </p>
   </div>
   <div class='ocr_carea' id='block_1_15' title="bbox 2121 2676 3590 2751">
    <p class='ocr_par' dir='ltr' id='par_1_19' title="bbox 2121 2676 3590 2751">
     <span class='ocr_line' id='line_1_93' title="bbox 2121 2676 3590 2751; baseline -0.001 -19"><span class='ocrx_word' id='word_1_527' title='bbox 2121 2676 2514 2749; x_wconf 89' lang='lat' dir='ltr'>Respondetur</span> <span class='ocrx_word' id='word_1_528' title='bbox 2541 2679 2645 2735; x_wconf 89' lang='lat' dir='ltr'>hoc</span> <span class='ocrx_word' id='word_1_529' title='bbox 2695 2682 3121 2751; x_wconf 88' lang='lat' dir='ltr'>argumentum,</span> <span class='ocrx_word' id='word_1_530' title='bbox 3176 2679 3324 2735; x_wconf 90' lang='lat' dir='ltr'>sicut</span> <span class='ocrx_word' id='word_1_531' title='bbox 3346 2686 3590 2738; x_wconf 78' lang='lat' dir='ltr'>etnitninr.</span> 
     </span>
    </p>
   </div>
   <div class='ocr_carea' id='block_1_16' title="bbox 2045 2755 3408 3075">
    <p class='ocr_par' dir='ltr' id='par_1_20' title="bbox 2045 2755 3408 3075">
     <span class='ocr_line' id='line_1_94' title="bbox 2048 2755 3408 2830; baseline 0.005 -18"><span class='ocrx_word' id='word_1_532' title='bbox 2048 2755 2391 2829; x_wconf 84' lang='lat' dir='ltr'>praecedens,</span> <span class='ocrx_word' id='word_1_533' title='bbox 2411 2757 2662 2830; x_wconf 89' lang='lat' dir='ltr'>seipsum</span> <span class='ocrx_word' id='word_1_534' title='bbox 2683 2756 2995 2825; x_wconf 89' lang='lat' dir='ltr'>destruere,</span> <span class='ocrx_word' id='word_1_535' title='bbox 3021 2763 3077 2815; x_wconf 90' lang='lat' dir='ltr'>et</span> <span class='ocrx_word' id='word_1_536' title='bbox 3098 2759 3161 2815; x_wconf 90' lang='lat' dir='ltr'>in</span> <span class='ocrx_word' id='word_1_537' title='bbox 3190 2758 3408 2818; x_wconf 78' lang='lat' dir='ltr'>Adver-</span> 
     </span>
     <span class='ocr_line' id='line_1_95' title="bbox 2046 2839 3408 2916; baseline 0.004 -22"><span class='ocrx_word' id='word_1_538' title='bbox 2046 2839 2228 2897; x_wconf 89' lang='lat' dir='ltr'>sarios</span> <span class='ocrx_word' id='word_1_539' title='bbox 2268 2840 2712 2912; x_wconf 90' lang='lat' dir='ltr'>retorquendum</span> <span class='ocrx_word' id='word_1_540' title='bbox 2763 2856 2886 2900; x_wconf 89' lang='lat' dir='ltr'>esse</span> <span class='ocrx_word' id='word_1_541' title='bbox 2941 2863 2954 2898; x_wconf 91' lang='lat'>:</span> <span class='ocrx_word' id='word_1_542' title='bbox 3009 2844 3286 2916; x_wconf 87' lang='lat' dir='ltr'>quoniam</span> <span class='ocrx_word' id='word_1_543' title='bbox 3332 2843 3408 2902; x_wconf 89' lang='lat' dir='ltr'>ad</span> 
     </span>
     <span class='ocr_line' id='line_1_96' title="bbox 2045 2921 3408 2996; baseline 0.004 -18"><span class='ocrx_word' id='word_1_544' title='bbox 2045 2922 2291 2996; x_wconf 88' lang='lat' dir='ltr'>gratiam</span> <span class='ocrx_word' id='word_1_545' title='bbox 2334 2921 2571 2979; x_wconf 89' lang='lat' dir='ltr'>unionis</span> <span class='ocrx_word' id='word_1_546' title='bbox 2600 2925 2774 2980; x_wconf 84' lang='lat' dir='ltr'>nullae</span> <span class='ocrx_word' id='word_1_547' title='bbox 2802 2924 3037 2981; x_wconf 81' lang='lat' dir='ltr'>fuerunt</span> <span class='ocrx_word' id='word_1_548' title='bbox 3066 2925 3130 2982; x_wconf 91' lang='lat' dir='ltr'>in</span> <span class='ocrx_word' id='word_1_549' title='bbox 3177 2927 3408 2984; x_wconf 87' lang='lat' dir='ltr'>Christo</span> 
     </span>
     <span class='ocr_line' id='line_1_97' title="bbox 2046 3002 3401 3075; baseline 0.004 -18"><span class='ocrx_word' id='word_1_550' title='bbox 2046 3003 2290 3059; x_wconf 90' lang='lat' dir='ltr'>Domino</span> <span class='ocrx_word' id='word_1_551' title='bbox 2316 3002 2717 3075; x_wconf 89' lang='lat' dir='ltr'>dispositiones</span> <span class='ocrx_word' id='word_1_552' title='bbox 2762 3006 3031 3073; x_wconf 88' lang='lat' dir='ltr'>morales,</span> <span class='ocrx_word' id='word_1_553' title='bbox 3065 3012 3129 3063; x_wconf 92' lang='lat' dir='ltr'>ut</span> <span class='ocrx_word' id='word_1_554' title='bbox 3154 3006 3314 3065; x_wconf 88' lang='lat' dir='ltr'>docet</span> <span class='ocrx_word' id='word_1_555' title='bbox 3333 3010 3401 3063; x_wconf 93' lang='lat' dir='ltr'>D.</span> 
     </span>
    </p>
   </div>
   <div class='ocr_carea' id='block_1_17' title="bbox 2045 3084 3571 3158">
    <p class='ocr_par' dir='ltr' id='par_1_21' title="bbox 2045 3084 3571 3158">
     <span class='ocr_line' id='line_1_98' title="bbox 2045 3084 3571 3158; baseline 0.004 -21"><span class='ocrx_word' id='word_1_556' title='bbox 2045 3084 2249 3141; x_wconf 88' lang='lat' dir='ltr'>Thom.</span> <span class='ocrx_word' id='word_1_557' title='bbox 2303 3084 2338 3138; x_wconf 89' lang='lat'><strong>3</strong></span> <span class='ocrx_word' id='word_1_558' title='bbox 2376 3091 2528 3156; x_wconf 81' lang='lat' dir='ltr'>part.</span> <span class='ocrx_word' id='word_1_559' title='bbox 2560 3093 2744 3158; x_wconf 71' lang='lat' dir='ltr'>quaest.</span> <span class='ocrx_word' id='word_1_560' title='bbox 2772 3088 2826 3151; x_wconf 82' lang='lat'>2,</span> <span class='ocrx_word' id='word_1_561' title='bbox 2877 3094 2987 3143; x_wconf 82' lang='lat' dir='ltr'>art.</span> <span class='ocrx_word' id='word_1_562' title='bbox 3024 3090 3109 3157; x_wconf 77' lang='lat'>115</span> <span class='ocrx_word' id='word_1_563' title='bbox 3155 3088 3307 3146; x_wconf 90' lang='lat' dir='ltr'>unde</span> <span class='ocrx_word' id='word_1_564' title='bbox 3351 3088 3571 3144; x_wconf 68' lang='lat' dir='ltr'>sium</span> 
     </span>
    </p>
   </div>
   <div class='ocr_carea' id='block_1_18' title="bbox 2036 3164 3417 5176">
    <p class='ocr_par' dir='ltr' id='par_1_22' title="bbox 2036 3164 3413 5111">
     <span class='ocr_line' id='line_1_99' title="bbox 2045 3164 3407 3243; baseline 0.004 -23"><span class='ocrx_word' id='word_1_565' title='bbox 2045 3168 2447 3238; x_wconf 89' lang='lat' dir='ltr'>argumentum</span> <span class='ocrx_word' id='word_1_566' title='bbox 2471 3164 2688 3237; x_wconf 87' lang='lat' dir='ltr'>aliquid</span> <span class='ocrx_word' id='word_1_567' title='bbox 2710 3166 3018 3235; x_wconf 89' lang='lat' dir='ltr'>convincit,</span> <span class='ocrx_word' id='word_1_568' title='bbox 3049 3166 3248 3241; x_wconf 91' lang='lat' dir='ltr'>probat</span> <span class='ocrx_word' id='word_1_569' title='bbox 3265 3184 3407 3243; x_wconf 88' lang='lat' dir='ltr'>gra—</span> 
     </span>
     <span class='ocr_line' id='line_1_100' title="bbox 2045 3245 3404 3324; baseline 0.004 -22"><span class='ocrx_word' id='word_1_570' title='bbox 2045 3246 2185 3303; x_wconf 90' lang='lat' dir='ltr'>tiam</span> <span class='ocrx_word' id='word_1_571' title='bbox 2213 3245 2565 3304; x_wconf 87' lang='lat' dir='ltr'>habitualem</span> <span class='ocrx_word' id='word_1_572' title='bbox 2601 3247 2833 3304; x_wconf 83' lang='lat' dir='ltr'>insundi</span> <span class='ocrx_word' id='word_1_573' title='bbox 2862 3247 3073 3305; x_wconf 89' lang='lat' dir='ltr'>adultis</span> <span class='ocrx_word' id='word_1_574' title='bbox 3120 3250 3404 3324; x_wconf 89' lang='lat' dir='ltr'>indepen-</span> 
     </span>
     <span class='ocr_line' id='line_1_101' title="bbox 2043 3326 3398 3406; baseline 0.005 -24"><span class='ocrx_word' id='word_1_575' title='bbox 2043 3326 2248 3384; x_wconf 89' lang='lat' dir='ltr'>denter</span> <span class='ocrx_word' id='word_1_576' title='bbox 2274 3328 2344 3385; x_wconf 92' lang='lat' dir='ltr'>ab</span> <span class='ocrx_word' id='word_1_577' title='bbox 2365 3328 2525 3385; x_wconf 90' lang='lat' dir='ltr'>omni</span> <span class='ocrx_word' id='word_1_578' title='bbox 2549 3328 2939 3402; x_wconf 89' lang='lat' dir='ltr'>dispositione,</span> <span class='ocrx_word' id='word_1_579' title='bbox 2976 3335 3096 3387; x_wconf 88' lang='lat' dir='ltr'>tam</span> <span class='ocrx_word' id='word_1_580' title='bbox 3148 3332 3398 3406; x_wconf 83' lang='lat' dir='ltr'>physica,</span> 
     </span>
     <span class='ocr_line' id='line_1_102' title="bbox 2043 3408 3401 3482; baseline 0.004 -18"><span class='ocrx_word' id='word_1_581' title='bbox 2043 3424 2216 3481; x_wconf 88' lang='lat' dir='ltr'>quam</span> <span class='ocrx_word' id='word_1_582' title='bbox 2240 3410 2449 3467; x_wconf 86' lang='lat' dir='ltr'>morali</span> <span class='ocrx_word' id='word_1_583' title='bbox 2483 3430 2497 3465; x_wconf 75' lang='grc' dir='ltr'><strong><em>ε</em></strong></span> <span class='ocrx_word' id='word_1_584' title='bbox 2545 3408 2692 3482; x_wconf 89' lang='lat' dir='ltr'>quod</span> <span class='ocrx_word' id='word_1_585' title='bbox 2719 3415 2803 3466; x_wconf 87' lang='lat' dir='ltr'>est</span> <span class='ocrx_word' id='word_1_586' title='bbox 2829 3415 3031 3468; x_wconf 87' lang='lat' dir='ltr'>contra</span> <span class='ocrx_word' id='word_1_587' title='bbox 3076 3412 3401 3470; x_wconf 88' lang='lat' dir='ltr'>Concilium</span> 
     </span>
     <span class='ocr_line' id='line_1_103' title="bbox 2046 3490 3401 3569; baseline 0.003 -24"><span class='ocrx_word' id='word_1_588' title='bbox 2046 3490 2184 3546; x_wconf 89' lang='lat' dir='ltr'>locis</span> <span class='ocrx_word' id='word_1_589' title='bbox 2208 3506 2272 3546; x_wconf 90' lang='lat' dir='ltr'>su</span> <span class='ocrx_word' id='word_1_590' title='bbox 2280 3491 2474 3563; x_wconf 91' lang='lat' dir='ltr'>perius</span> <span class='ocrx_word' id='word_1_591' title='bbox 2494 3491 2693 3547; x_wconf 86' lang='lat' dir='ltr'>citatis.</span> <span class='ocrx_word' id='word_1_592' title='bbox 2729 3493 3019 3549; x_wconf 81' lang='lat' dir='ltr'>concessis</span> <span class='ocrx_word' id='word_1_593' title='bbox 3059 3508 3193 3569; x_wconf 89' lang='lat' dir='ltr'>ergo</span> <span class='ocrx_word' id='word_1_594' title='bbox 3220 3508 3401 3568; x_wconf 86' lang='lat' dir='ltr'>argu·</span> 
     </span>
     <span class='ocr_line' id='line_1_104' title="bbox 2044 3571 3397 3648; baseline 0.003 -22"><span class='ocrx_word' id='word_1_595' title='bbox 2044 3571 2227 3627; x_wconf 89' lang='lat' dir='ltr'>menti</span> <span class='ocrx_word' id='word_1_596' title='bbox 2251 3571 2579 3643; x_wconf 71' lang='lat' dir='ltr'>praemissis.</span> <span class='ocrx_word' id='word_1_597' title='bbox 2606 3588 2881 3647; x_wconf 88' lang='lat' dir='ltr'>negamus</span> <span class='ocrx_word' id='word_1_598' title='bbox 2901 3576 3362 3648; x_wconf 90' lang='lat' dir='ltr'>consequentiam</span> <span class='ocrx_word' id='word_1_599' title='bbox 3383 3599 3397 3641; x_wconf 89' lang='lat'>;</span> 
     </span>
     <span class='ocr_line' id='line_1_105' title="bbox 2043 3652 3394 3727; baseline 0.002 -16"><span class='ocrx_word' id='word_1_600' title='bbox 2043 3660 2099 3711; x_wconf 92' lang='lat' dir='ltr'>et</span> <span class='ocrx_word' id='word_1_601' title='bbox 2140 3655 2286 3711; x_wconf 89' lang='lat' dir='ltr'>ratio</span> <span class='ocrx_word' id='word_1_602' title='bbox 2315 3652 2665 3727; x_wconf 88' lang='lat' dir='ltr'>disparitatis</span> <span class='ocrx_word' id='word_1_603' title='bbox 2694 3653 2936 3711; x_wconf 89' lang='lat' dir='ltr'>habetur</span> <span class='ocrx_word' id='word_1_604' title='bbox 2967 3672 3039 3713; x_wconf 88' lang='lat' dir='ltr'>ex</span> <span class='ocrx_word' id='word_1_605' title='bbox 3065 3657 3230 3715; x_wconf 88' lang='lat' dir='ltr'>dictis</span> <span class='ocrx_word' id='word_1_606' title='bbox 3265 3657 3394 3714; x_wconf 81' lang='lat' dir='ltr'>dub.</span> 
     </span>
     <span class='ocr_line' id='line_1_106' title="bbox 2036 3735 3400 3811; baseline 0.004 -22"><span class='ocrx_word' id='word_1_607' title='bbox 2036 3735 2261 3808; x_wconf 70' lang='lat' dir='ltr'>praeced.</span> <span class='ocrx_word' id='word_1_608' title='bbox 2289 3752 2443 3790; x_wconf 79' lang='lat' dir='ltr'>num.</span> <span class='ocrx_word' id='word_1_609' title='bbox 2473 3736 2566 3790; x_wconf 89' lang='lat'>88.</span> <span class='ocrx_word' id='word_1_610' title='bbox 2597 3735 2814 3799; x_wconf 90' lang='lat' dir='ltr'>Quibus</span> <span class='ocrx_word' id='word_1_611' title='bbox 2842 3735 3106 3792; x_wconf 89' lang='lat' dir='ltr'>addimus</span> <span class='ocrx_word' id='word_1_612' title='bbox 3146 3738 3400 3811; x_wconf 87' lang='lat' dir='ltr'>gratiam</span> 
     </span>
     <span class='ocr_line' id='line_1_107' title="bbox 2046 3815 3406 3890; baseline 0.002 -18"><span class='ocrx_word' id='word_1_613' title='bbox 2046 3816 2280 3874; x_wconf 90' lang='lat' dir='ltr'>unionis</span> <span class='ocrx_word' id='word_1_614' title='bbox 2302 3816 2593 3889; x_wconf 90' lang='lat' dir='ltr'>pertinere</span> <span class='ocrx_word' id='word_1_615' title='bbox 2637 3815 2707 3872; x_wconf 90' lang='lat' dir='ltr'>ad</span> <span class='ocrx_word' id='word_1_616' title='bbox 2757 3817 2944 3890; x_wconf 89' lang='lat' dir='ltr'>ipsum</span> <span class='ocrx_word' id='word_1_617' title='bbox 2990 3817 3313 3888; x_wconf 85' lang='lat' dir='ltr'>subsistere,</span> <span class='ocrx_word' id='word_1_618' title='bbox 3344 3824 3406 3878; x_wconf 88' lang='lat' dir='ltr'>et</span> 
     </span>
     <span class='ocr_line' id='line_1_108' title="bbox 2044 3897 3409 3975; baseline 0.001 -21"><span class='ocrx_word' id='word_1_619' title='bbox 2044 3897 2288 3954; x_wconf 88' lang='lat' dir='ltr'>existere</span> <span class='ocrx_word' id='word_1_620' title='bbox 2311 3897 2524 3953; x_wconf 87' lang='lat' dir='ltr'>Christi</span> <span class='ocrx_word' id='word_1_621' title='bbox 2553 3898 2802 3968; x_wconf 91' lang='lat' dir='ltr'>Domini,</span> <span class='ocrx_word' id='word_1_622' title='bbox 2835 3898 2984 3972; x_wconf 91' lang='lat' dir='ltr'>quod</span> <span class='ocrx_word' id='word_1_623' title='bbox 3014 3901 3241 3957; x_wconf 91' lang='lat' dir='ltr'>nullum</span> <span class='ocrx_word' id='word_1_624' title='bbox 3261 3917 3409 3975; x_wconf 92' lang='lat' dir='ltr'>sup-</span> 
     </span>
     <span class='ocr_line' id='line_1_109' title="bbox 2046 3979 3406 4056; baseline 0.003 -20"><span class='ocrx_word' id='word_1_625' title='bbox 2046 3980 2315 4052; x_wconf 89' lang='lat' dir='ltr'>positum,</span> <span class='ocrx_word' id='word_1_626' title='bbox 2342 3980 2431 4037; x_wconf 84' lang='lat' dir='ltr'>vel</span> <span class='ocrx_word' id='word_1_627' title='bbox 2478 3979 2795 4053; x_wconf 86' lang='lat' dir='ltr'>subjectum</span> <span class='ocrx_word' id='word_1_628' title='bbox 2847 3982 3253 4056; x_wconf 72' lang='lat' dir='ltr'>praesupponit,</span> <span class='ocrx_word' id='word_1_629' title='bbox 3303 3982 3406 4040; x_wconf 88' lang='lat' dir='ltr'>sed</span> 
     </span>
     <span class='ocr_line' id='line_1_110' title="bbox 2046 4060 3404 4135; baseline 0.004 -19"><span class='ocrx_word' id='word_1_630' title='bbox 2046 4061 2232 4133; x_wconf 92' lang='lat' dir='ltr'>potius</span> <span class='ocrx_word' id='word_1_631' title='bbox 2247 4060 2392 4116; x_wconf 92' lang='lat' dir='ltr'>illud</span> <span class='ocrx_word' id='word_1_632' title='bbox 2405 4061 2725 4117; x_wconf 91' lang='lat' dir='ltr'>constituit:</span> <span class='ocrx_word' id='word_1_633' title='bbox 2752 4060 2903 4119; x_wconf 91' lang='lat' dir='ltr'>unde</span> <span class='ocrx_word' id='word_1_634' title='bbox 2920 4063 3084 4118; x_wconf 92' lang='lat' dir='ltr'>nulla</span> <span class='ocrx_word' id='word_1_635' title='bbox 3106 4061 3404 4135; x_wconf 88' lang='lat' dir='ltr'>dispositio</span> 
     </span>
     <span class='ocr_line' id='line_1_111' title="bbox 2045 4141 3404 4219; baseline 0.002 -22"><span class='ocrx_word' id='word_1_636' title='bbox 2045 4146 2225 4213; x_wconf 89' lang='lat' dir='ltr'>potest</span> <span class='ocrx_word' id='word_1_637' title='bbox 2251 4141 2617 4217; x_wconf 85' lang='lat' dir='ltr'>praeintelligi</span> <span class='ocrx_word' id='word_1_638' title='bbox 2646 4141 2714 4199; x_wconf 90' lang='lat' dir='ltr'>ad</span> <span class='ocrx_word' id='word_1_639' title='bbox 2746 4141 3073 4216; x_wconf 59' lang='lat' dir='ltr'>praedictam</span> <span class='ocrx_word' id='word_1_640' title='bbox 3102 4143 3352 4219; x_wconf 83' lang='lat' dir='ltr'>gratiam</span> <span class='ocrx_word' id='word_1_641' title='bbox 3386 4168 3404 4211; x_wconf 89' lang='lat'>;</span> 
     </span>
     <span class='ocr_line' id='line_1_112' title="bbox 2043 4221 3408 4297; baseline 0.003 -20"><span class='ocrx_word' id='word_1_642' title='bbox 2043 4221 2342 4295; x_wconf 89' lang='lat' dir='ltr'>dispositio</span> <span class='ocrx_word' id='word_1_643' title='bbox 2382 4222 2563 4290; x_wconf 90' lang='lat' dir='ltr'>enim,</span> <span class='ocrx_word' id='word_1_644' title='bbox 2613 4225 2815 4280; x_wconf 90' lang='lat' dir='ltr'>saltem</span> <span class='ocrx_word' id='word_1_645' title='bbox 2864 4223 3118 4297; x_wconf 86' lang='lat' dir='ltr'>physica,</span> <span class='ocrx_word' id='word_1_646' title='bbox 3171 4240 3240 4282; x_wconf 83' lang='lat' dir='ltr'>ex</span> <span class='ocrx_word' id='word_1_647' title='bbox 3252 4231 3408 4282; x_wconf 85' lang='lat' dir='ltr'>ercet</span> 
     </span>
     <span class='ocr_line' id='line_1_113' title="bbox 2044 4302 3407 4380; baseline 0.003 -22"><span class='ocrx_word' id='word_1_648' title='bbox 2044 4302 2378 4360; x_wconf 90' lang='lat' dir='ltr'>immediate</span> <span class='ocrx_word' id='word_1_649' title='bbox 2398 4320 2562 4360; x_wconf 91' lang='lat' dir='ltr'>suam</span> <span class='ocrx_word' id='word_1_650' title='bbox 2591 4305 2978 4361; x_wconf 88' lang='lat' dir='ltr'>causalitatem</span> <span class='ocrx_word' id='word_1_651' title='bbox 3001 4320 3141 4380; x_wconf 90' lang='lat' dir='ltr'>erga</span> <span class='ocrx_word' id='word_1_652' title='bbox 3179 4304 3407 4380; x_wconf 82' lang='lat' dir='ltr'>subjec-</span> 
     </span>
     <span class='ocr_line' id='line_1_114' title="bbox 2043 4385 3409 4459; baseline 0.004 -21"><span class='ocrx_word' id='word_1_653' title='bbox 2043 4388 2187 4441; x_wconf 90' lang='lat' dir='ltr'>tum.</span> <span class='ocrx_word' id='word_1_654' title='bbox 2214 4386 2432 4441; x_wconf 86' lang='lat' dir='ltr'>Rursus</span> <span class='ocrx_word' id='word_1_655' title='bbox 2467 4386 2843 4457; x_wconf 91' lang='lat' dir='ltr'>personalitas</span> <span class='ocrx_word' id='word_1_656' title='bbox 2869 4385 3089 4455; x_wconf 86' lang='lat' dir='ltr'>divina,</span> <span class='ocrx_word' id='word_1_657' title='bbox 3137 4402 3249 4459; x_wconf 87' lang='lat' dir='ltr'>qua</span> <span class='ocrx_word' id='word_1_658' title='bbox 3278 4402 3409 4444; x_wconf 90' lang='lat' dir='ltr'>me-</span> 
     </span>
     <span class='ocr_line' id='line_1_115' title="bbox 2044 4466 3413 4535; baseline 0.003 -13"><span class='ocrx_word' id='word_1_659' title='bbox 2044 4466 2238 4524; x_wconf 90' lang='lat' dir='ltr'>diante</span> <span class='ocrx_word' id='word_1_660' title='bbox 2264 4467 2649 4526; x_wconf 87' lang='lat' dir='ltr'>sanctificatur</span> <span class='ocrx_word' id='word_1_661' title='bbox 2670 4468 3018 4535; x_wconf 90' lang='lat' dir='ltr'>humanitas,</span> <span class='ocrx_word' id='word_1_662' title='bbox 3052 4485 3170 4526; x_wconf 92' lang='lat' dir='ltr'>non</span> <span class='ocrx_word' id='word_1_663' title='bbox 3203 4468 3413 4526; x_wconf 87' lang='lat' dir='ltr'>unitur</span> 
     </span>
     <span class='ocr_line' id='line_1_116' title="bbox 2043 4549 3411 4624; baseline 0.002 -19"><span class='ocrx_word' id='word_1_664' title='bbox 2043 4550 2135 4605; x_wconf 89' lang='lat' dir='ltr'>illi</span> <span class='ocrx_word' id='word_1_665' title='bbox 2152 4549 2214 4605; x_wconf 91' lang='lat' dir='ltr'>in</span> <span class='ocrx_word' id='word_1_666' title='bbox 2229 4565 2349 4606; x_wconf 90' lang='lat' dir='ltr'>esse</span> <span class='ocrx_word' id='word_1_667' title='bbox 2366 4550 2597 4624; x_wconf 87' lang='lat' dir='ltr'>physico</span> <span class='ocrx_word' id='word_1_668' title='bbox 2614 4567 2713 4624; x_wconf 89' lang='lat' dir='ltr'>per</span> <span class='ocrx_word' id='word_1_669' title='bbox 2729 4550 2965 4608; x_wconf 89' lang='lat' dir='ltr'>modum</span> <span class='ocrx_word' id='word_1_670' title='bbox 2987 4550 3205 4616; x_wconf 80' lang='lat' dir='ltr'>formae,</span> <span class='ocrx_word' id='word_1_671' title='bbox 3226 4550 3326 4607; x_wconf 91' lang='lat' dir='ltr'>sed</span> <span class='ocrx_word' id='word_1_672' title='bbox 3343 4557 3411 4608; x_wconf 84' lang='lat' dir='ltr'>ut</span> 
     </span>
     <span class='ocr_line' id='line_1_117' title="bbox 2044 4629 3408 4706; baseline 0.001 -20"><span class='ocrx_word' id='word_1_673' title='bbox 2044 4647 2221 4703; x_wconf 89' lang='lat' dir='ltr'>purus</span> <span class='ocrx_word' id='word_1_674' title='bbox 2246 4631 2530 4687; x_wconf 90' lang='lat' dir='ltr'>terminus</span> <span class='ocrx_word' id='word_1_675' title='bbox 2564 4652 2577 4687; x_wconf 72' lang='grc' dir='ltr'>ε</span> <span class='ocrx_word' id='word_1_676' title='bbox 2610 4629 2905 4704; x_wconf 87' lang='lat' dir='ltr'>dispositio</span> <span class='ocrx_word' id='word_1_677' title='bbox 2945 4635 3136 4688; x_wconf 89' lang='lat' dir='ltr'>autem</span> <span class='ocrx_word' id='word_1_678' title='bbox 3166 4631 3408 4706; x_wconf 85' lang='lat' dir='ltr'>physica</span> 
     </span>
     <span class='ocr_line' id='line_1_118' title="bbox 2041 4711 3406 4788; baseline 0.002 -21"><span class='ocrx_word' id='word_1_679' title='bbox 2041 4713 2229 4769; x_wconf 88' lang='lat' dir='ltr'>solum</span> <span class='ocrx_word' id='word_1_680' title='bbox 2247 4711 2497 4769; x_wconf 87' lang='lat' dir='ltr'>deservit</span> <span class='ocrx_word' id='word_1_681' title='bbox 2519 4712 2587 4768; x_wconf 88' lang='lat' dir='ltr'>ad</span> <span class='ocrx_word' id='word_1_682' title='bbox 2610 4713 2885 4771; x_wconf 91' lang='lat' dir='ltr'>unionem</span> <span class='ocrx_word' id='word_1_683' title='bbox 2901 4712 3104 4770; x_wconf 71' lang='lat' dir='ltr'>formae</span> <span class='ocrx_word' id='word_1_684' title='bbox 3126 4713 3406 4788; x_wconf 64' lang='lat' dir='ltr'>physicas,</span> 
     </span>
     <span class='ocr_line' id='line_1_119' title="bbox 2044 4792 3410 4869; baseline 0.002 -21"><span class='ocrx_word' id='word_1_685' title='bbox 2044 4808 2161 4849; x_wconf 92' lang='lat' dir='ltr'>non</span> <span class='ocrx_word' id='word_1_686' title='bbox 2189 4799 2377 4850; x_wconf 90' lang='lat' dir='ltr'>autem</span> <span class='ocrx_word' id='word_1_687' title='bbox 2428 4792 2497 4849; x_wconf 90' lang='lat' dir='ltr'>ad</span> <span class='ocrx_word' id='word_1_688' title='bbox 2537 4794 2810 4852; x_wconf 92' lang='lat' dir='ltr'>unionem</span> <span class='ocrx_word' id='word_1_689' title='bbox 2841 4797 2971 4869; x_wconf 89' lang='lat' dir='ltr'>puri</span> <span class='ocrx_word' id='word_1_690' title='bbox 3009 4795 3270 4862; x_wconf 88' lang='lat' dir='ltr'>termini,</span> <span class='ocrx_word' id='word_1_691' title='bbox 3302 4796 3410 4868; x_wconf 85' lang='lat' dir='ltr'>qui</span> 
     </span>
     <span class='ocr_line' id='line_1_120' title="bbox 2043 4874 3410 4950; baseline 0.002 -20"><span class='ocrx_word' id='word_1_692' title='bbox 2043 4890 2160 4932; x_wconf 90' lang='lat' dir='ltr'>non</span> <span class='ocrx_word' id='word_1_693' title='bbox 2188 4874 2466 4932; x_wconf 89' lang='lat' dir='ltr'>informat</span> <span class='ocrx_word' id='word_1_694' title='bbox 2503 4876 2838 4950; x_wconf 83' lang='lat' dir='ltr'>subjectum,</span> <span class='ocrx_word' id='word_1_695' title='bbox 2884 4893 2988 4935; x_wconf 91' lang='lat' dir='ltr'>nec</span> <span class='ocrx_word' id='word_1_696' title='bbox 3035 4877 3312 4950; x_wconf 89' lang='lat' dir='ltr'>recipitur</span> <span class='ocrx_word' id='word_1_697' title='bbox 3339 4877 3410 4933; x_wconf 91' lang='lat' dir='ltr'>in</span> 
     </span>
     <span class='ocr_line' id='line_1_121' title="bbox 2041 4953 3411 5015; baseline 0.003 -6"><span class='ocrx_word' id='word_1_698' title='bbox 2041 4954 2146 5011; x_wconf 90' lang='lat' dir='ltr'>illo</span> <span class='ocrx_word' id='word_1_699' title='bbox 2179 4974 2191 5010; x_wconf 75' lang='grc' dir='ltr'><strong>ε</strong></span> <span class='ocrx_word' id='word_1_700' title='bbox 2234 4953 2333 5010; x_wconf 89' lang='lat' dir='ltr'>ubi</span> <span class='ocrx_word' id='word_1_701' title='bbox 2372 4955 2530 5012; x_wconf 90' lang='lat' dir='ltr'>enim</span> <span class='ocrx_word' id='word_1_702' title='bbox 2560 4957 2724 5013; x_wconf 90' lang='lat' dir='ltr'>nulla</span> <span class='ocrx_word' id='word_1_703' title='bbox 2751 4957 3069 5015; x_wconf 84' lang='lat' dir='ltr'>intervenit</span> <span class='ocrx_word' id='word_1_704' title='bbox 3093 4957 3411 5014; x_wconf 86' lang='lat' dir='ltr'>causalitas</span> 
     </span>
     <span class='ocr_line' id='line_1_122' title="bbox 2041 5033 3412 5111; baseline 0.002 -21"><span class='ocrx_word' id='word_1_705' title='bbox 2041 5033 2324 5103; x_wconf 80' lang='lat' dir='ltr'>formaliS,</span> <span class='ocrx_word' id='word_1_706' title='bbox 2352 5050 2453 5092; x_wconf 91' lang='lat' dir='ltr'>nec</span> <span class='ocrx_word' id='word_1_707' title='bbox 2480 5034 2816 5111; x_wconf 85' lang='lat' dir='ltr'>dispositiva</span> <span class='ocrx_word' id='word_1_708' title='bbox 2840 5036 3176 5111; x_wconf 87' lang='lat' dir='ltr'>requiritur.</span> <span class='ocrx_word' id='word_1_709' title='bbox 3196 5035 3412 5093; x_wconf 88' lang='lat' dir='ltr'>Videa-</span> 
     </span>
    </p>

    <p class='ocr_par' dir='ltr' id='par_1_23' title="bbox 3311 5122 3417 5176">
     <span class='ocr_line' id='line_1_123' title="bbox 3311 5122 3417 5176; baseline 0.028 -3"><span class='ocrx_word' id='word_1_710' title='bbox 3311 5122 3417 5176; x_wconf 81' lang='lat' dir='ltr'>tur</span> 
     </span>
    </p>
   </div>
  </div>
 </body>
</html>
