3647 5753
1499 413 1673 469 DISP.
1718 413 1841 480 vn,
1887 415 2048 470 DUB.
2081 416 2147 471 V.
3043 423 3155 480 203

278 588 412 659 ipse
438 603 780 645 consensus
830 590 955 644 Non
994 587 1132 661 quia
1174 590 1360 642 stante
1405 584 1659 642 carentia

286 668 500 725 auxilii
532 668 717 741 possit
754 668 1016 725 voluntas
1054 666 1371 724 carentiam
1413 680 1658 722 consen-

287 766 388 806 sus
431 766 568 806 cum
615 749 869 806 carentia
914 748 1118 806 auxilii
1163 761 1523 821 componere,
1554 746 1658 804 hoc

289 831 508 903 quippe
547 846 668 887 non
711 830 1024 904 requiritur
1052 828 1122 886 ad
1159 827 1481 885 libertatem
1503 851 1524 894 ·,
1557 826 1657 883 sed

290 911 432 984 quia
458 917 648 983 stante
669 911 770 966 tati
810 909 1065 967 carentia
1089 952 1102 974 ,
1152 913 1523 966 conservatur
1552 905 1657 964 ad-

297 988 403 1045 huc
425 988 820 1046 indifferentia
842 988 1064 1063 judicii,
1089 993 1146 1044 et
1173 992 1416 1060 potestas
1441 987 1657 1043 volun-

292 1070 424 1126 tatis
444 1069 513 1126 ad
543 1086 886 1127 consensum
909 1069 972 1125 in
995 1084 1167 1126 sensu
1191 1067 1395 1133 divis0,
1429 1068 1533 1124 hoc
1572 1073 1657 1123 est

287 1149 358 1206 ad
397 1166 741 1207 consensum
786 1155 846 1205 ut
889 1147 1341 1222 conjungibilem
1372 1152 1488 1203 tam
1517 1164 1653 1204 cum

285 1231 598 1296 voluntate,
629 1246 802 1303 quam
831 1246 961 1287 cum
988 1229 1207 1286 auxilio
1246 1227 1474 1294 efficaci,
1505 1227 1655 1301 quod

288 1314 434 1370 Deus
478 1322 615 1370 tunc
662 1320 787 1370 actu
813 1357 825 1380 ‚
859 1330 988 1370 cum
1043 1312 1190 1370 illud
1231 1318 1416 1386 negat,
1476 1316 1655 1386 potest

287 1393 570 1452 conferre.
615 1396 685 1449 Et
712 1393 1338 1468 opposita'imaginatio
1373 1408 1490 1449 non
1515 1393 1655 1449 satis

288 1473 546 1532 decernit
592 1473 742 1530 inter
789 1473 1113 1531 libertatem
1168 1472 1345 1545 primi
1378 1470 1570 1539 liberi,
1598 1476 1654 1529 et

288 1554 523 1612 secundi
556 1597 567 1619 ,
595 1560 657 1609 ut
687 1555 806 1612 loco
833 1554 1000 1611 citato
1033 1552 1411 1609 ostendimus.
1440 1551 1542 1608 Cui
1565 1552 1654 1607 hae

291 1635 770 1693 Adversariorum
802 1636 955 1693 tricae
977 1635 1316 1708 placuerint,
1337 1633 1527 1690 videat
1549 1635 1654 1689 Go-

290 1716 404 1790 doy
419 1724 578 1774 tract.
603 1718 667 1772 de
687 1718 929 1790 pradest.
960 1717 1103 1788 disp.
1139 1716 1232 1780 67,
1263 1733 1300 1770 a
1334 1732 1486 1771 num.
1526 1714 1646 1781 127,

292 1795 390 1853 ubi
434 1795 721 1855 subtiliter
768 1798 898 1853 illas
930 1798 1188 1854 extricat.

111 1879 237 1921 oeci·
365 1881 494 1936 287.
554 1882 824 1953 Arguunt
865 1877 1333 1951 decimoseptimo
1367 1892 1549 1933 :nam
1600 1874 1650 1930 si

115 1938 227 2032 {231⁰}
293 1960 443 2016 Deus
463 1966 654 2034 ageret
692 1977 764 2016 ex
807 1960 1136 2016 necessitate
1159 1963 1398 2024 naturas,
1431 1955 1652 2014 auxilia

95 2031 244 2128 ἓξὲξ)
291 2038 364 2095 ab
406 2055 474 2096 eo
518 2039 919 2097 descendentia
962 2039 1366 2097 necessitarem
1395 2037 1650 2093 absolute

76 2121 646 2177 mentum-voluntatem
689 2126 973 2187 creatam;
1001 2125 1057 2177 et
1085 2119 1471 2176 nihilominus
1500 2133 1651 2190 prae-

288 2199 439 2256 dicta
466 2201 686 2257 auxilia
715 2216 831 2257 non
857 2206 1045 2258 essent
1070 2199 1383 2257 efficaciora
1410 2198 1648 2255 auxiliis

285 2297 359 2339 ex
384 2298 446 2339 se
470 2282 787 2339 efficacibus
815 2303 828 2338 ε
857 2297 992 2356 ergo
1026 2281 1247 2338 auxilia
1273 2297 1343 2337 ex
1370 2297 1430 2337 se
1455 2278 1646 2336 effica-

286 2363 376 2417 cia
428 2363 686 2420 inferunt
740 2362 1024 2419 voluntati
1071 2367 1278 2419 nostrae
1328 2360 1645 2417 absolutam

288 2445 678 2502 necessitatem
691 2490 700 2499 .

69 2549 257 2603 Qu.
362 2524 446 2580 Ad
487 2526 590 2582 hoc
617 2529 1023 2596 argumentum
1048 2522 1329 2580 constabit
1349 2539 1420 2579 ex
1447 2520 1646 2578 dicen-

111 2606 198 2639 ⁵¹⁰·
286 2607 379 2663 dis
420 2606 593 2666 dubio
638 2612 696 2674 7,
731 2623 830 2679 per
876 2613 1084 2675 totum,
1138 2605 1234 2662 ubi
1279 2622 1350 2663 ex
1395 2605 1646 2678 professo

287 2687 678 2744 difficultatem
729 2687 792 2742 in
833 2687 1038 2761 majori
1084 2691 1410 2744 contentam
1452 2683 1644 2740 discu-

287 2768 517 2823 tiemus.

61 2863 270 2910 Ultimum
360 2850 488 2905 288.
534 2850 801 2922 Arguunt
828 2846 1032 2903 ultimo
1072 2846 1392 2920 :quoniam
1419 2862 1536 2904 non
1561 2850 1644 2904 est

61 2925 268 3009 mffiffm.
283 2928 644 3002 explicabile,
673 2928 736 2984 in
775 2941 886 3000 quo
912 2929 1129 2982 constat
1153 2927 1441 2982 auxilium
1462 2942 1533 2983 ex
1557 2942 1637 2993 se,

276 3016 340 3066 et
365 3008 438 3065 ab
463 3009 780 3064 intrinseco
806 3006 1021 3072 efficax,
1046 3007 1137 3063 vel
1164 3006 1314 3065 unde
1343 3008 1644 3081 participet

281 3092 430 3149 hanc
450 3091 779 3153 efficaciam,
798 3089 888 3144 vel
904 3088 1150 3160 qualiter
1173 3095 1418 3155 moveat,
1445 3106 1642 3147 mora-

239 3215 244 3220 ,
281 3173 418 3231 liter
457 3189 544 3239 ne,
596 3187 670 3227 an
699 3169 931 3244 physice
957 3186 1128 3245 :ergo
1169 3187 1285 3227 non
1336 3170 1503 3228 debet
1538 3171 1642 3228 ad-

282 3255 432 3311 mitti
458 3253 795 3328 praedictum
825 3252 1131 3317 auxilium,
1160 3254 1480 3325 praesertim
1509 3270 1640 3310 cum

281 3336 349 3393 ad
366 3338 720 3410 Theologum
746 3335 1031 3407 pertineat
1056 3351 1171 3392 non
1195 3335 1440 3410 adJicere
1463 3352 1642 3393 novas

282 3417 544 3475 tenebras
593 3416 927 3474 obscuritati
955 3462 967 3484 ,
1008 3434 1181 3491 quam
1209 3432 1281 3473 ex
1306 3434 1366 3474 se
1392 3418 1641 3474 afferunt

282 3504 489 3556 nostrae
509 3498 668 3556 Fidei
691 3500 995 3571 mysteria;
1019 3499 1116 3556 sed
1139 3515 1206 3556 ea
1228 3500 1433 3572 potiuS,
1460 3515 1641 3573 quan-

281 3583 403 3635 tum
434 3578 556 3635 fieri
588 3579 965 3652 permittitur,
999 3580 1278 3637 facilioris
1307 3580 1451 3636 lucis
1478 3578 1640 3636 radio

283 3660 598 3716 illustrare.

360 3742 499 3798 Huic
543 3744 888 3815 argumento
933 3741 1145 3814 patebit
1186 3757 1259 3799 ex
1306 3740 1641 3798 immediate

284 3822 556 3881 dicendis,

761 4000 1043 4055 DUBIUM
1091 4001 1154 4054 V.

324 4147 392 4205 In
416 4166 518 4226 quo
540 4149 809 4204 consistat
836 4148 1116 4203 auaeilium
1144 4164 1217 4201 σου
1235 4165 1289 4202 se
1312 4149 1529 4221 efficax,
1556 4154 1604 4201 ct

718 4229 957 4304 qualiter
981 4233 1212 4282 moveat.

57 4416 261 4457 pum
359 4387 440 4442 Ex
467 4385 636 4442 dictis
667 4384 732 4440 in
756 4388 998 4456 quatuor
1035 4381 1227 4438 dubiis
1273 4381 1643 4454 praecedenti·

55 4463 255 4557 dffiffl‘
287 4465 389 4522 bus
431 4471 704 4539 superata
751 4468 946 4520 manet
992 4462 1274 4535 praecipua
1320 4462 1639 4526 difficultas,

284 4565 406 4621 quae
430 4549 581 4604 circa
601 4546 804 4620 gratias
824 4544 1128 4601 efficaciam
1156 4545 1402 4601 occurrit
1422 4569 1436 4611 ;
1461 4548 1646 4600 osten-

285 4627 473 4684 dimus
499 4627 664 4684 enim
688 4624 975 4681 auxilium
1010 4624 1240 4697 aliquod
1284 4639 1405 4681 esse
1449 4622 1646 4679 efficax

286 4723 399 4765 non
439 4712 670 4763 tantum
701 4703 773 4762 ab
800 4703 1016 4771 ellectu,
1044 4721 1160 4760 non
1186 4721 1258 4761 ex
1292 4703 1647 4777 congruitate

281 4787 351 4845 ad
378 4786 826 4845 circunstantiae
873 4786 1164 4842 naturales
1188 4829 1201 4851 ‚
1255 4800 1370 4841 non
1399 4784 1647 4856 denique

277 4883 349 4927 ex
376 4866 742 4943 praescientia
769 4864 979 4931 media,
1003 4880 1127 4936 quae
1152 4864 1440 4929 divinum,
1466 4869 1524 4920 et
1545 4862 1650 4920 ab·

276 4951 529 5008 solutum
555 4947 658 5004 Dei
689 4945 982 5002 decretum
1004 4943 1322 5011 antecedat;
1351 4943 1450 5001 sed
1471 4960 1543 5001 ex
1565 4960 1643 5011 se,

273 5036 332 5089 et
357 5029 429 5087 ab
450 5028 777 5088 intrinseco
803 5023 1012 5081 habere
1038 5022 1429 5089 infallibilem,
1462 5029 1519 5080 et
1541 5039 1650 5079 an-

1793 583 2143 643 tecedentem
2161 588 2580 646 connexionem
2601 606 2730 646 cum
2753 590 2967 655 effectu,
2981 606 3152 663 quem

1790 664 1938 721 Deus
1961 665 2242 722 intendit:
2265 672 2318 723 et
2343 668 2403 723 in
2433 669 2535 726 hoc
2557 675 2754 726 contra
2768 671 3071 736 Molinam,
3096 675 3153 727 et

1789 743 1912 818 ejus
1948 761 2211 818 sequaces
2251 749 2605 805 conveniunt
2634 750 2992 808 unanimiter
3019 767 3150 809 om-

1790 839 1892 881 nes
1926 826 2253 893 Thomistae,
2284 827 2491 899 quibus
2536 829 2714 886 etiam
2759 830 3148 889 communiter

1787 907 2151 964 consentiunt
2196 909 2446 966 Scotistae
2484 926 2615 965 cum
2643 910 2850 967 Subtili
2887 914 3140 978 Doctore‚

1788 992 1851 1042 ut
1869 991 2085 1045 constat
2111 1003 2182 1043 ex
2208 987 2373 1045 dictis
2399 990 2529 1046 dub.
2552 992 2772 1064 praeced.
2799 994 2905 1062 §7-
2933 993 3147 1049 Conve-

1789 1069 1958 1124 niunt
1984 1069 2155 1125 etiam
2179 1068 2242 1125 in
2265 1070 2589 1136 asserend0‚
2614 1071 2761 1145 quod
2788 1077 2993 1145 praeter
3014 1088 3147 1130 con·

1786 1165 2015 1205 cursum
2037 1148 2467 1219 simultaneum‚
2497 1167 2608 1224 quo
2637 1155 2781 1209 Deus
2809 1151 3148 1211 immediate

1786 1231 2014 1305 attingit
2041 1232 2454 1304 operationem,
2479 1239 2534 1289 et
2559 1233 2820 1291 effectum
2847 1240 3036 1291 creatu
3048 1252 3142 1304 rae,

1787 1312 2100 1386 requiritur
2139 1314 2348 1387 aliquis
2394 1329 2702 1372 concursus
2731 1317 2998 1389 praeviuS,
3032 1336 3144 1392 quo

1785 1398 1995 1461 movet,
2027 1399 2083 1452 et
2123 1396 2369 1469 applicat
2396 1412 2626 1454 causam
2655 1398 2725 1455 ad
2758 1399 3139 1472 operandum.

1785 1479 1907 1541 Qua
1926 1476 1996 1533 de
2015 1493 2201 1544 causa,
2234 1482 2292 1534 et
2317 1478 2452 1551 quia
2475 1478 2935 1537 insufficientiam
2962 1481 3145 1538 solius

1783 1572 2087 1614 concursus
2133 1558 2466 1616 simultanei
2513 1560 2866 1633 saepesaepius
2914 1567 3030 1618 tam
3078 1563 3142 1619 in

1783 1634 1975 1692 dubiis
2017 1636 2504 1710 praecedentibus,
2554 1645 2727 1711 quam
2754 1640 2898 1712 disp.
2927 1642 2981 1706 4,
3008 1641 3139 1698 dub.

1783 1718 1835 1785 6,
1868 1717 2257 1789 probavimus,
2302 1717 2424 1792 ejus
2453 1720 2704 1792 amplius
2731 1720 2794 1775 in
2836 1720 2940 1777 hoc
2964 1721 3142 1780 dubio

1782 1799 2138 1856 mentionem
2180 1815 2296 1857 non
2338 1800 2645 1868 faciemus3
2693 1799 2791 1858 sed
2848 1804 3144 1876 supposita

1784 1879 2115 1937 necessitate
2136 1894 2442 1936 concursus
2471 1881 2693 1954 praevii,
2720 1897 2892 1954 quam
2915 1900 2986 1939 ex
3013 1884 3139 1941 dic-

1782 1958 1856 2015 tis
1903 1959 2038 2015 locis
2064 1959 2251 2016 citatis
2276 1960 2415 2017 satis
2442 1965 2794 2034 perspectam
2838 1962 3137 2032 habemuS,

1783 2055 1937 2095 nunc
1964 2037 2275 2095 videndum
2304 2046 2578 2113 superest,
2620 2041 2682 2096 in
2716 2057 2827 2113 quo
2871 2044 3143 2101 consistat

1783 2118 2116 2190 praedictum
2163 2119 2449 2175 auxilium
2475 2161 2489 2185 ,
2539 2121 2662 2177 sive
2687 2120 3036 2193 adjutorium
3066 2141 3142 2182 ex

1779 2214 1860 2265 se,
1887 2204 1943 2256 et
1968 2197 2037 2255 ab
2062 2199 2372 2255 intrinseco
2399 2199 2621 2266 efficax;
2652 2206 2707 2258 et
2733 2202 2982 2273 qualiter
3010 2219 3141 2261 mo-

1781 2283 1910 2336 veat
1929 2283 2247 2336 creaturam
2266 2283 2292 2335 P
2314 2283 2376 2335 In
2393 2295 2503 2353 quo
2524 2286 2716 2338 tamen
2741 2297 2857 2338 non
2886 2284 3136 2340 multum

1780 2359 2229 2417 immorabimur
2257 2381 2269 2415 ε
2293 2365 2415 2416 tum
2438 2361 2570 2433 quia
2600 2362 2767 2434 hujus
2788 2361 2949 2418 dubii
2975 2380 3136 2422 reso-

1780 2439 1923 2496 lutio
1952 2439 2102 2496 haud
2144 2439 2379 2497 obscure
2405 2445 2623 2497 constat
2649 2458 2718 2499 ex
2746 2442 2912 2498 dictis
2939 2443 3001 2499 in
3030 2446 3136 2501 hoc

1779 2527 2019 2578 tractatu
2056 2543 2068 2577 ε
2106 2526 2227 2577 tum
2273 2521 2408 2594 quia
2459 2521 2772 2580 dummodo
2824 2530 3132 2591 asseratur,

1777 2602 1925 2676 quod
1954 2603 2236 2660 auxilium
2276 2609 2361 2660 est
2397 2619 2467 2659 ex
2493 2619 2572 2670 se,
2616 2608 2673 2660 et
2711 2603 2781 2660 ab
2826 2605 3138 2664 intrinseco

1776 2683 1991 2751 efficax,
2016 2689 2071 2739 et
2093 2682 2429 2740 excludatur
2457 2699 2718 2740 recursus
2739 2684 2808 2740 ad
2830 2686 3134 2743 scientiam

1775 2762 2028 2820 mediam
2054 2807 2068 2832 ,
2115 2769 2398 2837 prostrata·
2444 2763 2793 2834 relinquitur
2837 2766 3035 2838 opinio
3066 2770 3129 2823 D.

1776 2844 2112 2920 AugustinO,
2144 2849 2201 2902 et
2223 2847 2287 2900 D.
2311 2844 2545 2909 Thoma,²
2571 2842 2784 2902 directe
2805 2848 3131 2915 contraria;

1775 2929 1832 2981 et
1859 2942 1974 2982 non
2004 2926 2250 2981 multum
2282 2925 2521 2982 interest
2546 2925 2933 2984 determinare
2962 2935 3135 2984 natu-

1777 3023 1922 3072 ram,
1952 3011 2008 3063 et
2031 3007 2263 3064 modum
2295 3006 2547 3079 praedicti
2595 3007 2819 3073 auxilii,
2866 3010 3132 3083 quamvis

1777 3102 1879 3144 nec
1923 3087 1981 3142 id
2006 3094 2247 3159 ¹oportet
2290 3088 2615 3161 relinquere
2644 3087 2940 3146 intactum.
2976 3093 3132 3154 Qua-

1775 3172 1905 3224 tuor
1927 3172 2118 3223 autem
2149 3172 2381 3241 possunt
2419 3167 2729 3240 excogitari
2755 3171 3132 3243 principalio-

1776 3266 1869 3306 res
1894 3248 2120 3306 dicendi
2143 3249 2320 3316 modi,
2345 3249 2552 3322 quibus
2575 3249 2901 3323 hujusmodi
2924 3253 3128 3308 auxilii

1773 3331 2022 3389 conditio
2046 3331 2384 3389 declaretur.

1848 3411 2093 3478 Primus,
2118 3411 2266 3485 quod
2296 3428 2413 3469 non
2458 3413 2532 3468 sit
2573 3411 2789 3485 aliquid
2840 3413 3131 3473 inhaerens
3178 3446 3322 3489 mm„

1773 3495 2080 3557 creaturae,
2131 3490 2230 3547 sed
2283 3490 2551 3547 consistat
2580 3491 2642 3547 in
2669 3492 2910 3549 efficacia
2938 3494 3127 3550 divini
3161 3496 3341 3587 rtexdciii-

1772 3571 1980 3629 decreti
2010 3570 2448 3644 independentis
2469 3588 2500 3627 a
2528 3572 2764 3627 scientia
2789 3572 2997 3638 media,
3018 3590 3130 3645 quo
3162 3555 3323 3638 sigism,

1774 3658 1920 3711 Deus
1943 3669 2042 3726 per
2073 3651 2362 3727 quandam
2388 3653 2798 3726 sympathiam,
2826 3659 2880 3711 et
2908 3658 3131 3714 morale

1774 3734 2084 3805 imperium
2125 3737 2353 3789 moveat
2379 3748 2572 3789 causas
2598 3738 2815 3789 creatas
2842 3734 2912 3790 ad
2953 3751 3098 3809 agen
3115 3769 3131 3777 ·

1773 3814 1931 3881 dum,
1957 3818 2012 3869 et
2032 3828 2231 3870 earum
2255 3812 2612 3885 operationes
2636 3815 2865 3884 praevie,
2897 3821 2952 3871 et
2972 3816 3133 3873 effec-

1774 3896 1891 3951 tive
1937 3892 2197 3966 attingat.
2245 3891 2564 3957 Secundus,
2610 3893 2758 3965 quod
2797 3894 2873 3949 sit
2914 3896 3134 3969 aliquid

1774 3977 2063 4033 inhaerens
2082 3979 2374 4039 creaturas,
2403 3990 2520 4031 non
2545 3978 2739 4031 tamen
2766 3977 2998 4033 realiter
3023 3977 3137 4033 dis·

1774 4057 2017 4113 tinctum
2066 4055 2136 4112 ab
2181 4056 2303 4128 ejus
2341 4055 2708 4127 operatione;
2756 4055 2852 4113 sed
2891 4057 2967 4112 sit
3014 4058 3137 4130 ipsa

1775 4139 2050 4212 operatiO,
2082 4143 2361 4210 quatenus
2412 4141 2473 4192 ut
2520 4136 2795 4194 terminat
2843 4138 3133 4195 inssuxum

1777 4220 1897 4286 Dei,
1933 4218 2191 4292 producit
2215 4218 2482 4291 seipsam,
2527 4223 2584 4273 et
2628 4224 2820 4274 movet
2865 4218 2935 4274 ad
2978 4219 3137 4292 seip-

1775 4316 1919 4366 sam,
1948 4305 2007 4355 ut
2030 4299 2303 4355 terminat
2342 4296 2627 4352 inssuxum
2655 4303 2953 4356 creaturae.
3001 4299 3137 4356 Ter-

1776 4381 1927 4444 tius,
1977 4377 2127 4451 quod
2174 4379 2248 4433 sit
2278 4376 2493 4449 aliquid
2523 4376 2812 4433 inhaerens
2839 4384 3133 4447 creaturae,
3170 4433 3177 4440 ,

1777 4466 1832 4517 et
1883 4460 2115 4516 realiter
2141 4457 2473 4513 distinctum
2519 4455 2588 4512 ab
2616 4456 2964 4527 operatione,
3017 4475 3140 4515 res-

1780 4544 1940 4613 pectu
1968 4540 2127 4612 quus
2148 4537 2320 4594 habet
2344 4537 2628 4593 rationem
2653 4536 2857 4592 auxilii
2880 4560 2892 4603 3
2920 4537 2988 4593 ad
3011 4554 3140 4594 eam

1780 4628 1975 4678 tamen
2005 4637 2121 4677 non
2155 4624 2383 4676 moveat
2425 4616 2674 4691 physice,
2705 4622 2760 4674 et
2785 4619 2942 4674 velut
2971 4626 3143 4675 natu-

1782 4701 1894 4756 rali
1940 4698 2224 4773 pondere,
2276 4695 2374 4754 sed
2422 4696 2759 4761 moraliter,
2803 4704 2953 4754 etex
2983 4707 3144 4771 parte

1780 4780 2018 4855 objecti;
2048 4780 2153 4837 hoc
2179 4783 2282 4843 est,
2308 4775 2613 4843 suadendo,
2650 4777 2991 4843 alliciendo,
3035 4787 3139 4838 etc.

1781 4865 1950 4932 atque
1974 4860 2136 4934 juxta
2157 4857 2307 4913 hunc
2333 4854 2560 4913 dicendi
2604 4854 2839 4911 modum
2885 4858 3145 4918 consistit

1783 4940 2070 4998 auxilium
2099 4936 2293 4994 efficax
2321 4937 2414 4993 vel
2444 4936 2507 4991 in
2543 4940 2736 4992 sancta
2776 4938 3139 5010 cogitatione,

1788 5020 1879 5077 vel
1925 5018 1987 5075 in
2034 5016 2224 5089 aliquo
2259 5020 2384 5071 actu
2437 5013 2834 5083 indeliberato,
2868 5021 3151 5090 quatenus
