3647 5753
547 432 660 486 864
1589 432 1682 487 DE
1722 432 2027 487 PRAEMIO
2067 432 2342 486 MERITI.

551 608 781 662 vulsum
838 624 954 664 non
994 615 1225 665 maneat
1248 625 1319 666 ex
1373 624 1546 682 supra
1596 607 1783 662 dictis.
1814 608 1911 661 Est

549 694 741 744 autem
797 688 936 744 adeo
979 689 1197 748 efficax.
1247 696 1308 744 ut
1336 705 1453 746 non
1477 690 1666 746 solum
1713 686 1913 760 probet

547 770 620 826 de
665 769 831 832 facto,
883 786 1085 826 verum
1119 772 1295 827 etiam
1343 787 1445 843 per
1494 776 1809 842 respectum
1839 767 1910 823 ad

548 866 947 924 quamcunque
994 853 1419 923 potentiam;et
1466 852 1547 906 ita
1598 848 1909 906 tenendum

549 940 632 992 est
669 934 1046 991 conformiter
1097 933 1165 988 ad
1214 933 1477 1005 superius
1528 932 1695 996 dicta,
1737 946 1911 1004 repu-

551 1030 731 1088 gnare
774 1013 923 1086 quod
971 1014 1180 1085 aliquis
1241 1019 1532 1069 mereatur
1590 1013 1796 1070 merito
1840 1010 1913 1068 de

552 1112 804 1170 congruo
839 1096 1069 1167 proprie
1096 1093 1245 1150 dicto
1274 1095 1779 1167 perseverantiam,
1810 1108 1910 1148 seu

553 1178 1045 1235 conservationem
1074 1177 1138 1232 in
1158 1177 1364 1250 gratia.
1440 1231 1447 1238 ,

627 1259 891 1315 Diximus
938 1258 1287 1330 frequenter,
1336 1256 1537 1314 Merito
1573 1257 1638 1311 de
1674 1272 1910 1325 conymo

548 1345 769 1415 proprie
806 1340 1135 1412 dictosquia
1174 1341 1222 1394 si
1261 1355 1454 1395 sermo
1479 1338 1578 1395 fiat
1604 1338 1675 1394 de
1701 1337 1910 1393 merito

555 1440 805 1498 congruo
831 1423 1149 1494 improprie
1177 1428 1415 1494 accepto,
1453 1429 1618 1494 prout
1643 1427 1727 1478 est
1756 1419 1909 1476 idem

554 1525 619 1564 ac
646 1507 991 1580 impetratio,
1023 1505 1384 1563 concedimus
1410 1505 1559 1578 quod
1579 1505 1707 1578 quis
1734 1502 1912 1576 possit

554 1590 655 1646 tali
680 1589 887 1645 merito
914 1589 1124 1644 mereri
1155 1587 1664 1659 perseverantiam,
1695 1586 1818 1640 sive
1846 1587 1910 1639 in

548 1674 734 1748 gratia
755 1673 1267 1733 conservationem,
1301 1677 1360 1724 ut
1386 1675 1604 1726 constat
1630 1684 1703 1724 ex
1733 1682 1911 1739 supra

550 1756 712 1810 dictis
740 1772 890 1809 num.
925 1755 1016 1809 96.
1050 1750 1388 1826 Hujusmodi
1433 1752 1592 1808 enim
1632 1749 1909 1805 meritum

548 1851 666 1891 non
696 1835 969 1891 innititur
996 1836 1211 1906 gratiae,
1237 1830 1335 1888 sed
1364 1832 1470 1888 soli
1499 1828 1911 1887 misericordiae

546 1916 781 1981 divinae,
814 1922 870 1973 et
898 1916 1049 1981 fidei,
1079 1921 1177 1970 aut
1198 1914 1330 1969 aliis
1354 1913 1675 1986 principiiS,
1710 1917 1770 1965 ut
1808 1927 1910 1965 su-

548 2015 650 2072 pra
677 2000 1059 2073 explicuimus
1085 2016 1241 2053 num.
1270 1998 1363 2052 76.
1398 1996 1560 2051 L'nde
1585 1994 1639 2051 ei
1667 2009 1785 2049 non
1815 2009 1910 2049 re·

549 2088 777 2154 pugnat,
808 2079 1037 2137 extendi
1073 2078 1143 2134 ad
1174 2078 1423 2150 primam
1450 2074 1695 2149 gratiam
1741 2072 1910 2128 habi-

547 2164 782 2227 tualem,
814 2169 870 2219 et
897 2162 966 2218 ad
993 2162 1115 2234 eJ‘us
1141 2158 1654 2222 conservationem,
1685 2160 1739 2211 et
1770 2169 1910 2226 per-

546 2245 885 2300 severantiae
912 2242 1150 2299 donum.

354 2330 505 2383 Ouinio
628 2328 727 2382 108
755 2327 1115 2383 Contrarium
1140 2324 1273 2379 huic
1314 2320 1662 2377 consectario
1697 2317 1911 2374 doctri-

342 2388 501 2475 222*
545 2425 680 2464 nam
712 2406 1171 2481 tenentvcgalib.
1202 2406 1283 2470 12,
1306 2407 1361 2458 in
1393 2402 1772 2473 Tridentfflp.
1803 2401 1906 2456 ult.

540 2502 589 2548 e!
614 2501 800 2570 quoest.
839 2495 921 2552 17.
947 2491 1318 2561 dejustificat.
1348 2486 1695 2542 Bellarmin.
1729 2485 1823 2540 lib.
1849 2486 1905 2548 5,

540 2578 604 2630 de
620 2577 912 2647 justificat.
956 2590 1074 2645 cap.
1109 2573 1195 2638 22,
1237 2578 1287 2624 et
1316 2569 1407 2624 nb.
1440 2570 1494 2631 2,
1530 2568 1595 2622 de
1618 2571 1831 2639 qratia,
1861 2574 1910 2621 et

542 2659 632 2713 lib.
665 2674 788 2730 arp.
814 2673 935 2728 cap.
974 2656 1056 2718 12,
1088 2654 1359 2724 vasquez,
1388 2655 1443 2706 et
1470 2651 1645 2706 Lorca
1676 2652 1732 2704 in
1765 2653 1910 2705 notis

539 2740 784 2794 adhunc
823 2749 935 2792 art.
978 2737 1032 2799 9,
1066 2735 1275 2789 Suarez
1316 2733 1412 2786 lib.
1467 2733 1548 2794 12,
1593 2731 1657 2784 de
1693 2733 1904 2799 aratia,

540 2838 658 2894 cap.
693 2821 783 2883 38,
817 2816 1059 2890 Ripalda
1087 2823 1217 2869 tom.
1267 2817 1320 2878 2,
1366 2813 1512 2886 disp.
1557 2815 1648 2876 94,
1679 2820 1806 2867 sect.
1851 2815 1904 2879 2,

540 2907 595 2957 et
623 2899 746 2955 alii.
778 2901 961 2962 Quam
986 2896 1233 2969 probant
1262 2896 1451 2969 primo
1470 2911 1541 2950 ex
1571 2896 1634 2947 D.
1661 2896 1902 2967 August.

544 2983 635 3037 lib.
669 2981 732 3035 de
760 2980 895 3035 bono
935 2985 1307 3052 perseverant.
1339 2994 1460 3048 cup.
1506 2979 1561 3038 7.
1595 2974 1691 3029 ubi
1722 2973 1912 3031 disse-

548 3079 680 3120 rens
720 3061 790 3118 de
838 3060 1282 3133 perseverantiae
1328 3057 1494 3124 dono,
1530 3056 1758 3128 inquit:
1788 3054 1911 3112 Hoc

548 3146 649 3202 Dei
692 3146 897 3199 donum
944 3143 1263 3216 suppliciter
1300 3139 1525 3194 emereri
1558 3145 1726 3210 potest
1758 3155 1778 3203 ‚·
1818 3137 1912 3191 sed

546 3247 670 3284 cum
696 3228 890 3282 datum
929 3227 1118 3299 suerit,
1151 3226 1338 3279 amitti
1364 3224 1755 3278 contumaciter
1800 3238 1912 3276 non

546 3319 737 3385 potest.
767 3310 953 3365 Sentit
991 3323 1146 3383 ergo,
1192 3304 1342 3378 quod
1383 3305 1600 3362 donum
1643 3318 1912 3378 perseve-

550 3393 754 3451 rantiae
784 3397 962 3465 potest
988 3390 1191 3447 cadere
1216 3388 1321 3443 sub
1351 3389 1577 3455 merito,
1610 3389 1813 3443 saltem
1841 3385 1912 3441 de

547 3493 817 3552 congruO.
864 3475 1019 3531 Idem
1065 3471 1349 3548 significat
1404 3473 1465 3527 D.
1519 3473 1765 3542 Prosper
1812 3470 1906 3535 lib,

546 3564 601 3625 2,
632 3562 696 3616 de
734 3568 908 3616 vocat.
931 3566 1075 3628 θεαί.
1105 3575 1228 3631 cap.
1269 3558 1350 3621 1·2,
1386 3554 1481 3611 ubi
1512 3552 1758 3609 affirmat
1785 3552 1912 3608 ideo

543 3640 760 3714 judicio
825 3638 1067 3695 rationis
1138 3635 1427 3694 utentibus
1493 3633 1743 3689 liberum
1789 3648 1912 3688 esse

552 3739 584 3778 a
614 3724 725 3777 Deo
753 3717 1058 3782 discedere,
1104 3727 1163 3773 ut
1191 3736 1299 3773 non
1324 3717 1626 3771 discessisse
1667 3716 1738 3769 sit
1769 3731 1913 3785 μνω-

550 3806 743 3870 mium,
768 3811 817 3857 et
847 3810 906 3856 ut
929 3802 1071 3879 quod
1107 3818 1217 3855 non
1250 3807 1421 3873 potest
1450 3799 1562 3852 m'si
1596 3803 1914 3869 cooperante

550 3889 751 3959 spiritu
806 3885 906 3942 Dei
950 3884 1090 3947 fieri,
1122 3902 1307 3939 eorum
1348 3882 1556 3937 meritis
1604 3880 1907 3952 deputetur,

550 3986 781 4046 quorum
836 3966 894 4021 id
926 3968 1107 4038 potuit
1137 3966 1418 4020 voluntate
1443 3981 1553 4017 non
1592 3963 1735 4027 fieri.
1784 3964 1913 4017 Non

550 4048 841 4104 discedere
870 4054 1058 4103 autem
1091 4062 1122 4101 a
1153 4048 1265 4102 Deo
1295 4045 1541 4118 pertinet
1584 4041 1651 4098 ud
1694 4043 1913 4100 donum

553 4129 1011 4205 perseverantiae,
1069 4133 1124 4184 et
1170 4126 1238 4183 ad
1284 4124 1784 4182 conservationem
1852 4125 1914 4180 in

553 4215 760 4289 gratia.
790 4211 1058 4277 Secundo,
1103 4211 1238 4283 quia
1268 4209 1334 4266 ad
1379 4210 1651 4265 meritum
1680 4206 1751 4263 de
1775 4224 1912 4264 con·

557 4311 701 4370 gruo
746 4293 967 4359 sufficit,
996 4291 1146 4365 quod
1196 4308 1267 4347 ex
1306 4292 1661 4366 congruitate
1701 4291 1910 4362 operis,

560 4391 772 4451 suaque
841 4373 1239 4431 misericordia
1290 4378 1589 4431 moveatur
1652 4373 1799 4427 Deus
1846 4371 1916 4427 ad

561 4458 970 4517 conferendum
1013 4456 1231 4530 aliquid
1271 4478 1285 4512 ε
1334 4456 1432 4513 sed
1475 4457 1620 4513 Deus
1661 4473 1731 4514 ex
1776 4471 1917 4512 con-

562 4544 808 4618 gruitate
827 4555 1065 4614 operum
1089 4538 1248 4612 justi,
1272 4543 1327 4595 et
1352 4554 1423 4594 ex
1454 4553 1557 4593 sua
1585 4537 1918 4593 misericor-

563 4627 657 4683 dia
699 4630 878 4699 potest
922 4622 1143 4678 moveri
1184 4619 1254 4677 ad
1306 4618 1730 4677 concedendum
1766 4620 1918 4693 J'usto

564 4705 1094 4783 perseverantiam:
1138 4702 1252 4758 haec
1279 4702 1455 4775 igitur
1496 4705 1674 4773 potest
1717 4699 1918 4757 cadere

562 4790 667 4846 sub
695 4788 902 4845 merito
929 4785 999 4842 de
1024 4799 1275 4858 congruo
1327 4783 1455 4839 Alia
1481 4783 1657 4840 etiam
1702 4781 1921 4837 motiva

561 4869 910 4945 expendunt,
960 4865 1058 4922 sed
1107 4881 1231 4937 quae
1284 4864 1513 4922 minora
1562 4870 1714 4928 sunt,
1745 4870 1802 4919 et
1847 4861 1918 4918 ad

564 4952 825 5024 proxime
854 4948 1209 5024 propositum
1247 4944 1617 5004 reducuntur.

361 5050 523 5102 nispel·
641 5032 739 5087 His
762 5039 954 5087 tamen
980 5029 1143 5084 facile
1165 5027 1483 5084 occurritur
1510 5043 1522 5089 ;
1549 5027 1737 5081 solum
1759 5022 1918 5080 enim

368 5101 517 5142 tantur.
563 5114 856 5176 evincunt,
906 5109 1054 5183 quod
1078 5109 1264 5182 justus
1290 5114 1456 5180 queat
1486 5106 1700 5163 mereri
1731 5119 1919 5178 perse·

352 1261 521 1320 miniu-

391 1318 464 1356 ιιο.

331 3083 487 3128 motiva

2040 608 2366 663 verantiam
2409 606 2622 663 merito
2665 605 2737 661 de
2779 620 3001 678 conguo
3053 602 3410 675 improprie,

2038 687 2189 760 quod
2228 703 2358 743 cum
2381 686 2789 758 impetratione
2808 683 3101 748 coincidit.
3124 690 3182 740 et
3209 684 3416 740 solum

2042 769 2316 841 importat
2336 766 2754 840 congruitatem
2779 782 2852 822 ex
2880 771 3044 837 parte
3062 764 3284 837 operis,
3311 779 3376 821 se
3401 766 3410 777 '

2042 867 2160 906 non
2204 867 2275 906 ex
2316 855 2476 922 parte
2521 849 2862 920 operantis;
2911 847 3159 902 minime
3206 851 3417 903 tamen

2040 932 2302 998 suadent,
2333 931 2482 1004 quod
2513 932 2678 987 illam
2731 931 2906 1003 possit
2933 929 3144 986 merito
3169 927 3246 984 de
3273 943 3422 984 con-

2040 1031 2184 1088 gruo
2205 1015 2437 1089 proprie
2462 1012 2631 1077 dicto,
2663 1011 2812 1084 quod
2836 1013 3114 1084 importat
3131 1010 3418 1083 congrui-

2041 1104 2236 1160 tatem,
2266 1102 2322 1153 et
2361 1095 2455 1168 jus
2498 1109 2569 1150 ex
2616 1101 2778 1165 parte
2815 1094 3128 1165 operantis,
3157 1095 3217 1147 et
3259 1090 3420 1162 quod

2041 1181 2316 1236 innititur
2341 1176 2538 1252 gratiae
2563 1175 2960 1240 sanctificanti,
2986 1174 3152 1248 juxta
3176 1190 3247 1230 ea
3291 1190 3423 1246 quae

2042 1261 2104 1316 in
2145 1260 2328 1316 simili
2376 1259 2632 1315 diximus
2666 1257 2796 1313 dub.
2835 1259 2882 1320 l,
2913 1273 2950 1310 a
2993 1273 3147 1310 num.
3181 1257 3286 1310 21.
3334 1253 3422 1309 Ad

2044 1342 2299 1416 primum
2325 1358 2463 1416 ergo
2492 1338 2803 1396 dicendum
2827 1343 2932 1403 est,
2963 1338 3033 1393 D.
3059 1341 3306 1411 August.
3334 1352 3422 1392 sa·

2041 1425 2115 1480 tis
2142 1425 2444 1479 insinuare
2469 1439 2530 1479 se
2551 1422 2705 1494 loqui
2734 1419 2804 1476 de
2823 1421 3035 1476 merito
3055 1418 3127 1474 de
3153 1434 3421 1493 congruo

2040 1506 2360 1579 improprie
2384 1504 2554 1568 dicto,
2582 1501 2733 1574 quod
2776 1509 2863 1557 est
2908 1499 3085 1566 idem,
3132 1516 3198 1556 ac
3228 1501 3422 1573 impe-

2043 1588 2246 1654 tratio;
2274 1602 2410 1643 nam
2458 1583 2803 1641 adverbium
2851 1582 3191 1654 suppliciter,
3225 1581 3419 1656 signi-

2042 1670 2168 1727 ficat
2209 1669 2445 1725 modum
2473 1668 2774 1725 obtinendi
2805 1666 3027 1739 aliquid
3055 1666 3254 1723 media
3283 1683 3421 1724 ora·

2043 1754 2216 1809 tione.
2249 1754 2317 1809 Et
2355 1757 2630 1809 consonat
2671 1751 2791 1807 baec
2815 1749 3106 1821 expositio
3132 1765 3272 1805 cum
3300 1750 3414 1818 his,

2040 1850 2165 1907 quae
2211 1833 2384 1890 tradit
2411 1836 2469 1890 S.
2502 1835 2655 1890 Doct.
2696 1832 2882 1886 eodem
2909 1830 3008 1885 lib.
3038 1848 3164 1903 cap.
3231 1833 3278 1897 l,
3326 1830 3421 1887 ubi

2042 1917 2199 1974 docet
2227 1933 2331 1972 nos
2369 1917 2592 1972 utiliter
2629 1918 2819 1987 petere
2863 1911 3081 1968 donum
3135 1928 3417 1984 perseve-

2045 1999 2262 2063 rantiae,
2294 1997 2522 2071 quando
2544 1998 2606 2053 in
2627 1997 2889 2053 oratione
2915 1993 3166 2050 dicimus
3189 2015 3205 2049 z
3227 1995 3421 2052 Adve-

2043 2083 2163 2136 m‘at
2189 2098 2414 2151 reynum
2437 2088 2613 2135 tuum.
2641 2081 2705 2133 D.
2734 2080 2980 2149 Prosper
3000 2075 3193 2131 solum
3221 2078 3422 2134 inten—

2042 2160 2144 2225 dit,
2169 2160 2318 2234 quod
2341 2159 2648 2221 discedere,
2681 2163 2737 2214 et
2760 2173 2879 2213 non
2901 2155 3199 2212 discedere
3223 2173 3255 2213 a
3280 2159 3414 2224 Deo,

2041 2244 2113 2298 sit
2140 2242 2305 2299 nobis
2329 2240 2580 2296 liberum
2605 2263 2616 2301 ;
2641 2245 2699 2296 et
2724 2239 2790 2293 in
2817 2238 2922 2294 hoc
2948 2252 3117 2293 sensu
3143 2237 3419 2302 affirmat,

2041 2323 2189 2396 quod
2239 2339 2355 2379 non
2383 2321 2676 2378 discedere
2724 2319 3006 2376 tribuitur
3034 2319 3272 2374 meritis
3300 2335 3419 2376 non

2043 2405 2486 2469 discedentium,
2540 2403 2678 2475 quia
2723 2402 2914 2473 ipsum
2958 2413 3077 2457 non
3123 2400 3419 2459 discedere

2044 2490 2340 2546 actualiter
2383 2494 2468 2545 est
2491 2485 2780 2559 quoddam
2809 2484 3111 2547 meritum,
3144 2501 3269 2540 non
3299 2486 3414 2540 uti-

2042 2587 2150 2642 que
2178 2567 2634 2643 perseverantias,
2660 2564 2756 2620 sed
2784 2567 3001 2639 gloriae.
3036 2567 3168 2621 Esto
3192 2571 3407 2630 autem,

2042 2651 2192 2724 quod
2220 2651 2487 2722 loquatur
2514 2647 2584 2703 de
2613 2646 2822 2702 merito
2850 2653 3105 2719 respectu
3135 2662 3409 2718 perseve-

2046 2731 2264 2799 rantiae‚
2296 2728 2668 2804 exponendus
2694 2733 2778 2783 est
2803 2725 2875 2783 de
2900 2728 3109 2784 merito
3131 2743 3256 2784 non
3282 2744 3408 2785 con·

2043 2814 2234 2890 dign0,
2267 2831 2370 2871 nec
2414 2829 2666 2889 congruo
2696 2811 2926 2886 proprie
2976 2809 3129 2868 dicto
3157 2811 3296 2871 ;sed
3340 2810 3406 2868 de

2043 2898 2252 2954 merito
2275 2915 2529 2972 congruo
2558 2896 2790 2970 proprie
2811 2900 3054 2967 accepto,
3083 2902 3258 2969 prout
3277 2911 3402 2951 cum

2042 2977 2448 3050 impetratione
2487 2976 2775 3034 coincidit.
2821 2974 2906 3029 Ad
2946 2976 3246 3030 secundum
3289 2991 3404 3031 res-

2044 3060 2343 3132 pondetur,
2372 3061 2646 3117 meritum
2667 3059 2736 3115 de
2755 3072 3006 3131 congruo
3030 3057 3267 3130 proprie
3285 3057 3406 3113 dic-

2044 3148 2166 3200 tum
2190 3144 2503 3216 importare
2530 3157 2650 3198 non
2675 3141 2860 3196 solam
2890 3142 3308 3214 congruitatem
3331 3156 3398 3196 ex

2046 3230 2206 3298 parte
2231 3224 2438 3298 operiS,
2471 3221 2573 3279 sed
2617 3221 2794 3279 etiam
2840 3220 3178 3295 dignitatem
3201 3219 3398 3293 gratiae

2042 3323 2113 3365 ex
2136 3310 2296 3379 parte
2316 3304 2612 3368 merentis,
2644 3310 2701 3359 et
2723 3302 2855 3360 huic
2880 3301 3149 3376 dignitati
3173 3299 3344 3355 inniti
3377 3319 3391 3353 :

2042 3404 2173 3444 cum
2199 3401 2310 3459 quo
2332 3401 2448 3441 non
2467 3385 2732 3446 cohaeret.
2752 3382 2902 3457 quod
2931 3382 3136 3439 babeat
3164 3380 3392 3455 praedic-

2044 3474 2162 3525 tam
2202 3467 2567 3542 dignitatem,
2615 3466 2706 3522 vel
2747 3468 2869 3540 ejus
2914 3464 3401 3521 conservationem
3577 3486 3578 3535 χ

2046 3566 2148 3623 pro
2179 3549 2433 3616 praemio,
2465 3552 2528 3601 ut
2572 3562 2748 3618 supra
2786 3545 3192 3617 explicuimus.
3245 3542 3403 3599 Unde

2045 3630 2320 3686 meritum
2372 3627 2444 3684 de
2495 3643 2770 3701 congruo,
2823 3624 2975 3699 quod
3032 3626 3135 3681 illo
3188 3625 3404 3682 motivo

2043 3712 2350 3776 evincitur,
2401 3716 2486 3767 est
2535 3712 2648 3766 tale
2693 3707 3009 3767 secundum
3049 3708 3206 3782 quid,
3241 3714 3299 3765 et
3339 3705 3405 3764 ab

2045 3793 2451 3867 impetratione
2475 3806 2592 3847 non
2621 3790 2840 3848 differt.

2520 3985 2801 4039 DUBIUM
2848 3985 2940 4040 vl.

2121 4134 2234 4200 An,
2258 4140 2307 4189 et
2329 4133 2590 4209 quomodo
2616 4132 2756 4188 bona
2783 4132 3109 4205 temporalia
3132 4131 3339 4187 cadant

2552 4207 2651 4263 sub
2690 4211 2902 4263 merito.

2125 4366 2237 4421 Pro
2300 4362 2460 4419 dubii
2524 4361 2873 4419 resolutione
2905 4372 2908 4373 ’
2938 4359 3408 4435 praemittendum
3449 4382 3542 4426 m.

2048 4453 2152 4514 est,
2187 4445 2336 4504 bona
2381 4445 2726 4518 temporalia
2753 4459 2914 4515 posse
2962 4442 3242 4500 bifariam
3269 4457 3412 4500 eon-

2049 4528 2293 4585 siderari
2322 4549 2336 4583 z
2367 4544 2483 4584 uno
2510 4525 2680 4582 modo
2703 4523 3019 4581 secundum
3046 4539 3127 4589 se,
3156 4529 3213 4581 et
3245 4526 3415 4597 prout

2051 4618 2168 4667 tam
2217 4608 2484 4673 elicitive,
2535 4623 2708 4681 quam
2751 4606 3140 4678 impetrative,
3184 4610 3240 4663 et
3291 4610 3411 4661 tam

2053 4690 2315 4763 proxime
2340 4705 2513 4761 quam
2543 4694 2761 4744 remote
2787 4687 3140 4760 proveniunt
3163 4701 3232 4742 ex
3273 4700 3415 4741 cau·—

2050 4773 2128 4830 sis
2156 4787 2313 4828 mere
2360 4767 2724 4827 naturalibus
2748 4792 2761 4834 ;
2807 4769 2990 4824 altero
3017 4766 3189 4824 modo
3214 4770 3416 4840 quate·

2051 4871 2160 4911 nus
2178 4868 2251 4910 ex
2271 4851 2638 4909 ordinatione
2660 4848 2758 4905 Dei
2784 4847 3114 4906 conducunt
3141 4846 3210 4903 ad
3234 4845 3414 4903 finem

2049 4934 2270 4999 salutiS,
2311 4939 2371 4989 ut
2398 4931 2589 4989 media
2629 4931 2832 4987 saltem
2864 4934 3100 4995 remota,
3139 4934 3194 4985 et
3224 4928 3416 5001 impe-

2051 5023 2200 5075 trata
2250 5032 2323 5074 ex
2374 5014 2739 5090 providentia
2790 5012 3244 5085 supernaturali.
3299 5013 3417 5068 Pro

2051 5101 2209 5175 cujus
2252 5098 2641 5155 distinctionis
2668 5096 2995 5170 perfectiori
3027 5093 3417 5169 intelligentia

3112 5174 3415 5233 recolenda
