3647 5753
1340 373 1518 430 DISP.
1563 374 1671 441 VI,
1702 375 1849 431 DUB
1888 377 1984 433 111.
2964 386 3077 443 843

220 574 249 605 α
292 553 623 622 contemptu
671 552 915 622 peccent,
948 546 1276 605 efficiuntur
1321 545 1579 620 pessimi,

222 656 251 689 α
295 638 352 691 et
367 634 621 689 maxime
636 630 1078 705 incorrigibiles,
1099 628 1414 688 secundum
1436 627 1586 685 illud

39 712 199 798 ξῑθω·
223 737 250 769 «
298 716 555 772 Hierem.
586 714 621 767 2
651 734 663 768 :
693 709 1036 785 confregisti
1058 710 1280 786 jugum,
1312 708 1584 782 dirupisti

75 790 86 796 ”
226 818 255 851 α
297 796 549 857 vincula,
580 791 798 856 dixisti,
831 812 844 847 :
873 807 990 848 non
1018 791 1295 848 serviam.
1326 793 1393 847 In
1421 787 1583 846 omni

226 900 253 931 α
298 877 442 934 colle
469 873 726 937 sublimi,
760 876 815 929 et
849 870 954 927 sub
994 871 1156 928 omni
1213 871 1369 946 ligno
1419 869 1584 927 fron-

225 980 251 1010 «
297 956 434 1015 doso
480 961 538 1010 tu
569 951 1028 1026 prosternebaris
1067 951 1369 1008 meretrix.
1416 949 1586 1006 'Unde

40 1025 193 1076 ἈΨ
228 1062 255 1093 α
300 1042 535 1112 August.
567 1034 706 1090 dicit
751 1032 815 1088 in
860 1032 1027 1105 epist.
1085 1033 1206 1097 137,
1240 1031 1310 1088 ad
1359 1030 1584 1104 plebem

225 1144 251 1174 α
300 1121 551 1193 Hippon.
578 1119 660 1171 Ex
704 1130 815 1188 quo
860 1116 973 1171 Deo
999 1113 1223 1170 servire
1248 1113 1406 1186 caepi,
1440 1129 1586 1186 quo-

156 1202 159 1205 ’
224 1224 251 1254 α
298 1200 470 1259 modo
516 1197 744 1254 difficile
787 1200 1055 1267 expertus
1101 1209 1229 1250 sum
1272 1193 1578 1259 meliores,

224 1306 253 1337 α
297 1298 473 1357 quam
501 1281 598 1354 qui
640 1280 703 1335 in
749 1275 1117 1333 monasteriis
1171 1273 1580 1347 profecerunt3

227 1389 253 1421 α
299 1367 379 1424 ita
406 1380 523 1422 non
543 1379 673 1418 sum
694 1364 961 1432 expertus
982 1357 1219 1430 pej0reS,
1264 1373 1438 1430 quam
1486 1355 1583 1429 qui

227 1472 253 1502 α
298 1449 363 1504 in
391 1441 758 1503 monasteriis
783 1439 1129 1498 ceciderunt.
1176 1459 1202 1492 »

39 1526 186 1562 ⁸⁰⁰¹*
294 1534 370 1588 75
410 1528 688 1603 Arguitur
714 1522 961 1581 secundo
988 1543 1002 1579 ε
1028 1539 1165 1579 nam
1188 1522 1360 1579 homo
1383 1526 1444 1576 ut
1458 1520 1585 1595 jus-

39 1567 164 1670 fflffi'-
221 1619 333 1678 tus,
365 1615 420 1668 et
449 1616 508 1665 ut
539 1612 730 1681 postea
759 1606 971 1678 lapsuS,
1000 1620 1061 1661 se
1088 1603 1257 1661 habet
1286 1609 1348 1658 ut
1372 1601 1585 1676 duplex

39 1672 203 1712 'mum'
220 1692 609 1768 suppositum,
642 1703 849 1760 nempe
884 1691 944 1741 ut
983 1700 1232 1750 merenS,
1264 1689 1319 1741 et
1347 1688 1407 1739 ut
1435 1683 1584 1740 reci-

224 1779 393 1852 piens
445 1774 795 1849 praemium:
836 1767 935 1826 sed
987 1785 1136 1824 unus
1184 1767 1359 1824 homo
1398 1763 1585 1839 justus

224 1864 406 1933 potest
433 1856 599 1914 alteri
629 1850 851 1910 homini
881 1848 1096 1907 mereri
1114 1844 1583 1921 justificationem

220 1940 434 1997 merito
478 1936 549 1992 de
594 1947 845 2008 congruo
885 1930 1119 2004 proprie
1140 1928 1310 1994 dicto,
1337 1932 1399 1983 ut
1426 1926 1584 1983 dixi-

220 2038 351 2078 mus
379 2019 507 2075 dub.
558 2015 777 2089 praeccd.
827 2030 975 2067 num.
1039 2011 1155 2077 28;
1206 2024 1342 2083 ergo
1379 2006 1583 2065 eodem

219 2103 418 2160 meriti
446 2113 657 2176 genere
684 2095 895 2169 poterit
919 2092 1031 2149 sibi
1078 2092 1295 2149 mereri
1346 2105 1583 2163 repara-

218 2184 440 2241 tionem
474 2184 599 2253 post
633 2180 872 2251 lapsum.

295 2267 704 2335 confirmatur,
736 2264 871 2337 quia
896 2261 1175 2318 meritum
1223 2257 1292 2315 de
1332 2275 1582 2335 congruo

219 2351 454 2426 proprie
481 2349 694 2406 dictum
725 2345 874 2401 nihil
897 2341 1055 2400 aliud
1082 2347 1182 2405 est,
1213 2356 1386 2413 quam
1426 2357 1583 2413 quae-

217 2434 355 2491 dam
404 2429 729 2489 amicabilis
775 2425 1073 2500 dispositio
1114 2423 1183 2480 ad
1227 2439 1582 2496 consequen-

218 2516 360 2573 dum
410 2512 640 2586 aliquod
668 2511 884 2567 donum
915 2529 928 2563 ι
956 2505 1056 2587 sed
1090 2506 1277 2580 justus
1304 2504 1583 2563 ordinans

217 2615 324 2656 sua
359 2597 570 2654 merita
598 2593 667 2651 ad
709 2589 1132 2662 reparationem
1170 2588 1380 2659 lapsuS,
1412 2603 1583 2660 quem

218 2680 405 2743 timet,
439 2677 600 2750 ponit
646 2673 899 2746 aliquam
941 2666 1305 2726 amicabilem
1334 2666 1582 2742 disposi-

218 2754 536 2815 tionemad
588 2751 958 2826 praaedictum
1005 2745 1366 2813 beneficium,
1398 2747 1581 2821 siqui-

218 2838 351 2896 dem
381 2832 769 2895 ordinationis
815 2837 1071 2903 tempore
1116 2832 1418 2886 conservat
1443 2844 1581 2903 gra-

220 2921 363 2976 tiam
417 2917 537 2981 Dei,
590 2913 682 2972 cui
732 2913 956 2984 placent
994 2925 1168 2982 opera
1209 2908 1379 2965 amici
1408 2926 1580 2984 :ergo

214 3002 406 3075 Justur
433 3001 688 3054 meretur
731 2993 802 3050 de
848 3006 1100 3066 congruo
1151 2990 1578 3063 reparationem

220 3090 346 3157 post
374 3083 619 3153 lapsum.

38 3166 205 3259 ξξξέὲ·
290 3162 378 3219 Ad
427 3163 832 3235 argumentum
882 3150 1258 3225 respondetur
1316 3149 1580 3223 negando

39 3261 183 3302 rento.
217 3242 703 3317 consequentiam.
734 3238 803 3291 Et
833 3234 980 3290 ratio
1006 3230 1361 3302 disparitatis
1401 3228 1581 3286 habe-

217 3332 312 3382 tur
356 3341 428 3380 ex
455 3321 661 3385 dictis;
694 3331 833 3372 nam
878 3312 975 3384 qui
1023 3314 1281 3367 meretur
1340 3310 1580 3366 alterius

220 3403 668 3478 reparationem,
701 3397 880 3467 potest
908 3407 1008 3465 per
1034 3406 1095 3447 se
1120 3389 1402 3463 loquendo
1440 3405 1579 3447 con-

216 3501 453 3544 servare
495 3484 588 3558 jus
633 3476 977 3535 meritorum
1020 3487 1198 3545 usque
1225 3471 1296 3530 ad
1325 3472 1578 3546 praedicti

215 3565 479 3626 beneficii
529 3559 894 3620 collationem
926 3599 940 3623 ‚
997 3570 1237 3628 eamque
1280 3553 1580 3612 efficaciter

184 3647 472 3709 'causare
515 3649 794 3701 Caeterum
835 3641 1112 3696 meritum
1155 3637 1225 3695 ad
1267 3635 1579 3709 reparatio-

218 3747 353 3789 nem
401 3731 595 3802 lapsus
638 3726 781 3800 ejus,
813 3722 911 3796 qui
956 3720 1190 3787 meruit,
1221 3718 1480 3790 implicat
1505 3716 1577 3774 ab

219 3811 532 3869 intrinseco
576 3807 667 3862 sui
697 3802 1150 3875 suspensionem,
1178 3797 1577 3856 mortificatio-

218 3910 373 3959 nem,
404 3896 461 3949 et
487 3887 802 3946 carentiam
823 3883 1079 3941 efficaciae
1107 3882 1176 3939 ad
1205 3879 1574 3938 inferendum

218 3974 553 4050 praedictum
584 3968 922 4042 praemium3
953 3962 1236 4037 siquidem
1260 3963 1384 4036 ipsa
1408 3977 1577 4034 repa-

219 4059 365 4116 ratio
407 4060 531 4129 post
571 4055 798 4125 lapsum
830 4048 1078 4122 explicat
1100 4044 1575 4121 praesuppositum

217 4141 462 4214 lapsum,
489 4141 545 4194 et
564 4131 782 4210 gratiae,
809 4147 872 4186 ac
893 4130 1088 4186 meriti
1114 4126 1572 4201 suspensionem.

216 4222 514 4291 Potestque
528 4214 859 4286 exemplum
875 4209 945 4267 ab
957 4208 1318 4268 Adversariis
1334 4209 1576 4266 allatum

217 4303 280 4358 in
304 4301 458 4374 ipsos
487 4293 807 4367 retorqueri
832 4316 847 4359 ;
879 4307 1015 4347 nam
1045 4296 1104 4346 ut
1132 4289 1348 4363 optime
1374 4287 1575 4345 obser—

39 4375 189 4470 ffl'm·
217 4386 429 4441 varunt
456 4377 710 4443 Medma,
742 4381 799 4432 et
824 4375 1068 4430 Alvarez
1094 4388 1270 4444 supra
1296 4370 1475 4437 citati,
1525 4370 1574 4426 si

113 4434 179 4468 π’
218 4468 422 4522 Petrus
448 4474 680 4516 merens
714 4456 896 4513 Paulo
922 4451 1392 4529 iustificationem
1422 4450 1576 4508 laba·

216 4554 310 4603 tur
336 4545 401 4601 in
432 4545 721 4615 peccatum
767 4551 963 4612 grave,
1011 4543 1317 4608 antequam
1360 4533 1575 4590 Paulus

212 4625 573 4704 iustificetur,
607 4619 891 4692 reparatio
917 4616 1084 4673 Pauli
1114 4631 1231 4673 non
1258 4614 1359 4672 fiet
1384 4619 1575 4687 postea

218 4728 291 4769 ex
308 4706 517 4765 merito
545 4702 721 4769 Petri,
748 4698 898 4775 quod
926 4715 995 4757 eo
1032 4703 1289 4771 tempore
1333 4696 1576 4753 mortifi-

218 4796 406 4850 catum
429 4789 549 4862 jam
577 4790 679 4850 est,
709 4790 765 4840 et
790 4784 942 4840 caret
967 4780 1211 4837 efficacia
1243 4778 1314 4836 ad
1340 4795 1574 4836 causan-

218 4873 391 4938 dum;
421 4868 518 4926 sed
540 4866 636 4923 fiet
657 4863 728 4922 ob
751 4863 909 4921 aliud
932 4863 1239 4920 motivum.
1271 4863 1411 4917 Cum
1439 4876 1573 4934 ergo

218 4953 495 5014 meritum
549 4948 619 5006 ad
674 4947 1096 5021 reparationem
1162 4948 1284 5017 post
1347 4944 1573 5016 lapsum

220 5032 536 5097 necessario
578 5030 835 5104 implicet
877 5030 1117 5101 lapsum
1143 5033 1275 5084 ante
1312 5025 1574 5101 collatio-

39 2254 178 2313 ontlr·

39 2309 176 2350 intro.

1718 562 1855 604 nem
1885 550 2110 623 praemii
2137 573 2150 617 ;
2192 552 2442 611 minime
2469 561 2651 628 potest
2670 556 2741 613 ad
2761 558 2885 632 ejus
2911 557 3081 615 colla-

1719 629 1938 688 tionem
1978 633 2230 704 extendi,
2258 642 2313 693 et
2338 645 2752 712 consequenter
2795 641 3082 714 reparatio

1719 712 1991 786 praedicta
2014 717 2211 790 nequit
2237 717 2365 776 fieri
2401 729 2634 795 propter
2684 724 2807 798 ejus
2846 723 3076 790 merita,

1717 794 1817 868 qui
1849 798 2038 869 lapsus
2065 804 2166 855 est.

1793 868 1881 924 Ad
1902 869 2400 931 confirmatienem
2451 877 2826 951 respondetur
2849 924 2864 947 ,
2911 878 3283 947 meri-numm-

1720 954 1843 1006 tum
1871 953 2109 1027 congrui
2158 954 2468 1014 consistere
2496 958 2557 1014 in
2579 959 2952 1032 dispositione
2980 961 3084 1015 illa
3120 953 3266 1045 ⁰⁰22*

1719 1033 2014 1090 amicabili
2044 1037 2223 1093 relata
2253 1036 2322 1093 ad
2352 1039 2658 1112 praemium
2682 1041 2868 1099 eidem
2896 1040 3085 1113 dispo-
3123 1014 3187 1046 Μ
3208 1012 3264 1046 ¹⁰'

1717 1112 1918 1170 sitioni
1941 1116 2316 1190 composibile
2343 1140 2355 1174 :
2386 1135 2545 1176 secus
2566 1137 2704 1178 vero
2724 1124 2774 1179 si
2797 1121 3083 1179 referatur

1718 1193 1791 1251 ad
1820 1198 2147 1268 praemium,
2174 1197 2324 1271 quod
2353 1199 2424 1256 ab
2450 1200 2765 1260 intrinseco
2810 1204 3082 1278 supponit

1716 1275 1973 1347 ejusdem
2035 1278 2432 1352 dispositionis
2490 1283 2956 1343 destructionem.
3014 1287 3084 1341 Et

1718 1361 1823 1416 hoc
1852 1362 2135 1433 posterius
2162 1361 2367 1418 accidit
2412 1365 2475 1422 in
2507 1369 2805 1439 praesenti;
2837 1384 2974 1424 nam
2998 1383 3084 1426 re-

1719 1441 1943 1515 paratio
1984 1448 2108 1516 post
2148 1446 2373 1516 lapsum
2414 1448 2688 1520 supponit
2714 1449 2776 1504 in
2823 1455 3084 1507 merente

1719 1520 2043 1579 absentiam
2067 1524 2290 1597 gratiae,
2318 1542 2420 1598 per
2438 1544 2612 1601 quam
2641 1528 2744 1586 illa
2786 1528 3083 1604 dispositio

1718 1600 1892 1660 fiebat
1918 1601 2260 1670 amicabilis,
2286 1611 2342 1663 et
2370 1623 2648 1683 congrua.

1792 1686 2071 1759 Arguitur
2112 1688 2278 1744 tertio
2312 1709 2325 1744 z
2354 1690 2490 1762 quia
2511 1691 2697 1764 justus
2726 1691 3280 1754 rationabili-'rentum

1716 1771 1805 1823 ter
1860 1771 2042 1839 potest
2089 1773 2279 1839 petere
2306 1786 2337 1826 a
2364 1774 2478 1829 Deo
2504 1773 2927 1846 reparationem
2959 1778 3083 1846 post
3096 1769 3290 1854 mssiffim.

1717 1851 1946 1923 lapsum
1980 1869 1993 1904 :
2022 1865 2157 1923 ergo
2200 1850 2366 1909 illam
2421 1855 2754 1927 impetrare,
2786 1860 2841 1912 et
2880 1871 3082 1913 conse·

1716 1934 1958 2004 quenter
1986 1930 2172 2002 ipsam
2196 1933 2409 1991 mereri
2435 1933 2504 1991 de
2531 1951 2796 2010 congraO.
2822 1935 3082 1993 Secunda

1715 2012 2122 2084 consequentia
2145 2018 2295 2085 patet
2316 2030 2387 2070 ex
2410 2014 2620 2087 prima,
2648 2016 2784 2090 quia
2805 2017 3081 2073 meritum

1717 2091 1788 2148 de
1832 2107 2085 2166 congruo
2126 2091 2398 2149 coincidit
2453 2111 2583 2151 cum
2649 2097 3075 2169 impetratione.

1718 2174 1920 2230 Prima
1942 2188 2080 2229 vero
2125 2174 2386 2247 sequitur
2407 2191 2478 2233 ex
2506 2177 2859 2236 antecedenti
2900 2201 2913 2234 ι
2942 2195 3078 2236 nam

1718 2255 2018 2328 proprium
2041 2255 2322 2313 orationis
2342 2261 2426 2312 est
2469 2259 2798 2332 impetrare.
2836 2263 3081 2318 Antece-

1716 2337 1860 2396 dens
1882 2344 2072 2396 autem
2097 2345 2318 2396 constat
2338 2355 2410 2396 ex
2429 2343 2691 2400 oratione
2719 2344 2900 2400 David
2922 2347 3074 2402 Psal.

1714 2422 1807 2477 70.
1842 2416 1986 2478 Cum
2030 2421 2282 2493 defecerit
2330 2423 2508 2479 virtus
2558 2441 2699 2489 mea,
2731 2441 2795 2479 ne
2833 2427 3073 2482 derelin-

1715 2522 1854 2582 quas
1879 2523 1961 2560 me
1982 2523 1999 2559 .·
2027 2505 2165 2578 petit
2189 2505 2348 2561 enim
2367 2506 2533 2580 ‘juxta
2559 2523 2928 2565 communem
2979 2511 3080 2566 in-

1716 2586 2210 2659 terpretationem,
2238 2591 2299 2640 ut
2324 2587 2373 2641 si
2404 2587 2552 2645 forte
2578 2589 2771 2662 lapsus
2801 2587 2974 2646 fuerit
3013 2591 3077 2647 in

1717 2672 2025 2739 peccatum,
2075 2671 2377 2739 reparetur
2405 2683 2434 2722 a
2478 2668 2629 2736 De0,
2677 2676 2736 2728 et
2782 2678 3078 2729 revocetur

1716 2744 1786 2802 ad
1809 2747 2108 2820 antiquam
2138 2745 2479 2803 amicitiam.

1790 2828 2187 2902 Respondetur
2227 2829 2587 2888 concedendo
2632 2832 2992 2901 antecedens,
3022 2839 3278 2897 etssesron-

1716 2912 1969 2983 primam
1999 2912 2483 2982 consequentiam,
2505 2918 2561 2969 et
2588 2914 2850 2988 negando
2870 2932 3079 2974 secun-
3139 2897 3218 2932 ⁸¹⁰'

1713 2992 1848 3049 dam
1871 2994 2223 3050 intellectam
2245 2991 2314 3048 de
2337 2994 2547 3049 merito
2569 3010 2822 3068 congruo
2846 2996 3081 3069 proprie

1714 3074 1882 3130 dicto,
1929 3077 1999 3129 Et
2041 3073 2186 3130 ratio
2214 3071 2570 3144 disparitatis
2602 3081 2705 3139 est,
2732 3077 2867 3148 quia
2895 3077 3081 3133 meri-

1715 3161 1838 3211 tum
1866 3155 1936 3211 de
1982 3169 2234 3228 congruo
2264 3153 2498 3226 proprie
2523 3151 2739 3210 dictum
2768 3172 2885 3213 non
2914 3157 3082 3215 inni-

1716 3231 1858 3289 titur
1884 3235 1992 3291 soli
2018 3231 2377 3306 praemiantis
2404 3232 2837 3306 misericordiae,
2859 3236 2958 3293 sed
2980 3238 3085 3295 ali-

1713 3317 1805 3372 cui
1835 3316 2116 3372 merentis
2135 3314 2279 3387 juri,
2311 3316 2516 3371 saltem
2537 3331 2608 3371 ex
2630 3315 2856 3388 justitia
2871 3319 3085 3393 imper-

1713 3395 1887 3463 fecta;
1919 3395 2248 3469 impetratio
2277 3411 2418 3453 vero
2446 3411 2565 3452 non
2587 3399 2727 3469 petit
2748 3399 3081 3471 praedictum

1708 3478 1830 3552 jus,
1863 3475 1961 3532 sed
2004 3476 2282 3532 innititur
2311 3476 2743 3548 misericordiae,
2776 3485 2832 3536 et
2865 3480 3083 3539 libera-

1714 3555 1865 3612 litati
1913 3553 2147 3610 divinae.
2182 3554 2348 3611 Unde
2391 3555 2675 3623 videmuS,
2706 3558 2856 3631 quod
2881 3577 3082 3634 pecca-

1713 3642 1864 3693 tores
1891 3635 2084 3706 aliqua
2128 3635 2444 3707 impetrant
2485 3651 2517 3691 a
2560 3638 2692 3703 Deo,
2731 3655 2858 3711 quae
2886 3645 3082 3699 tamen

1714 3720 2007 3789 nequeunt
2035 3714 2249 3770 mereri
2279 3713 2351 3770 ob
2390 3713 2773 3774 intrinsecam
2821 3719 3083 3795 indigni-

1712 3803 1908 3854 tatem.
1945 3796 2016 3850 Et
2044 3793 2115 3852 ob
2155 3793 2399 3852 eandem
2441 3811 2671 3853 causam
2695 3805 2874 3871 potest
2897 3801 3084 3875 justus

1711 3884 1902 3953 petere
1949 3894 1982 3933 a
2022 3879 2135 3933 Deo
2179 3878 2606 3950 reparationem
2650 3887 2773 3953 post
2826 3882 3077 3955 lapsum,

1709 3976 1952 4032 eamque
1978 3957 2286 4031 aliquando
2307 3959 2623 4032 impetrat;
2657 3963 2854 4035 nequit
2882 3970 3076 4020 tamen

1709 4042 1878 4097 illam
1927 4039 2142 4096 mereri
2186 4040 2395 4097 merito
2441 4039 2513 4097 de
2552 4058 2802 4116 congruo
2845 4044 3076 4117 proprie

1709 4123 1882 4181 dicto.
1910 4127 2092 4188 Quam
2123 4121 2556 4196 responsionem
2587 4124 2762 4181 tradit
2784 4127 3263 4202 D·Th01n·n.rrn0.

1710 4207 1774 4261 in
1823 4203 2113 4278 praesen-ti,
2158 4205 2220 4257 in
2265 4221 2405 4277 resp.
2455 4204 2530 4260 ad
2589 4206 2636 4271 l,
2688 4205 2779 4261 his
2820 4207 3014 4265 verbis
3060 4229 3073 4264 ε

1716 4310 1741 4340 α
1785 4283 2124 4350 Dicendum,
2169 4282 2318 4356 quod
2365 4282 2740 4354 desiderium,
2790 4302 2902 4358 quo
2947 4289 3076 4361 quis

1715 4393 1741 4424 α
1783 4367 2068 4427 desiderat
2092 4366 2513 4438 reparationem
2542 4374 2666 4439 post
2689 4370 2935 4442 lapsum,
2957 4371 3076 4444 jus-

1713 4475 1739 4506 «
1784 4460 1910 4508 tum
1933 4450 2163 4515 dicitur,
2194 4454 2250 4506 et
2283 4450 2559 4507 similiter
2579 4451 2784 4517 oratio,
2812 4469 2924 4525 qua
2947 4459 3077 4510 ten-

1715 4558 1742 4589 α
1783 4535 1869 4591 dit
1913 4532 1982 4591 ad
2019 4531 2337 4606 justitiam3
2380 4546 2497 4588 non
2544 4538 2738 4588 tamen
2785 4534 2884 4600 ita,
2928 4535 3078 4609 quod

1714 4639 1739 4670 «
1778 4616 2015 4692 justitiae
2045 4614 2330 4670 innitatur
2360 4628 2461 4684 per
2484 4611 2720 4668 modum
2742 4617 2956 4683 meriti,
2981 4617 3079 4674 sed

1713 4721 1738 4751 «
1782 4699 1972 4755 solum
2002 4692 2438 4751 misericordiae.
2476 4713 2503 4745 n

1782 4782 1897 4836 Nec
1925 4774 2248 4834 audiendus
2288 4780 2372 4831 est
2400 4773 2664 4848 Ripalda,
2689 4775 2788 4847 qui
2818 4777 2942 4836 loco
2980 4795 3081 4836 su-
3097 4811 3294 4863 mmm.

1709 4877 1813 4933 pra
1859 4859 2029 4917 citato
2070 4855 2320 4913 intendit
2382 4854 2735 4913 confundere
2800 4860 3082 4917 rationem
3101 4860 3298 4952 {magina-

1708 4940 2007 5015 propriam
2033 4938 2458 5011 impetrationis
2479 4952 2609 4994 cum
2633 4939 2859 4995 ratione
2887 4941 3082 4996 meriti
3107 4911 3278 5013 ,ξὲιιῑῖῗιὶ

1710 5023 1780 5081 de
1808 5038 2091 5096 congruo;
2125 5037 2263 5077 nam
2293 5018 2450 5077 adest
2477 5018 2632 5076 inter
2659 5020 2776 5076 haec
2804 5021 3090 5081 latissima
