3647 5753
1387 437 1565 494 DISP.
1611 438 1726 506 1V,·
1750 438 1916 497 DUB.
1959 440 2055 498 IV.
3053 454 3164 510 657

300 617 327 650 α
358 596 543 657 faciet.
571 600 717 666 Quia
738 604 928 679 majus
950 612 1035 662 est
1049 607 1366 682 iustificare
1387 609 1659 684 impium,

301 699 329 733 α
356 696 527 753 quam
573 699 773 742 creare
832 688 1062 756 coelum,
1118 695 1173 747 et
1218 696 1462 748 terram.
1513 694 1662 749 Nam

299 780 325 813 α
350 759 681 834 justificatio
708 765 899 839 impii,
926 775 1207 846 quantum
1230 778 1316 830 est
1336 766 1406 829 de
1425 788 1505 841 se,
1538 789 1663 845 per-

298 860 325 893 «
354 851 578 900 severat
599 845 662 902 in
683 849 986 907 aeternum.
1007 850 1261 924 Sapient.
1296 856 1345 910 l:
1368 853 1662 927 Sapientia

299 940 326 973 α
358 929 630 997 perpetua
698 932 819 984 est:
877 930 1088 987 coelum
1141 939 1352 1000 autem,
1402 939 1459 991 et
1503 940 1661 992 terra

299 1023 326 1057 α
357 1005 704 1076 transibunt,
737 1016 799 1066 ut
824 1012 1036 1070 dicitur
1064 1016 1201 1073 Luc.
1244 1019 1335 1074 21.
1363 1018 1503 1074 Item
1525 1017 1660 1091 quia

300 1106 327 1139 α
357 1102 499 1160 opus
530 1094 826 1165 corporale
852 1096 1159 1154 ordinatur
1200 1098 1271 1155 ad
1311 1100 1615 1173 spirituale
1641 1121 1656 1157 ε

302 1188 329 1220 α
356 1169 564 1225 coelum
586 1176 798 1241 autem,
825 1182 879 1234 et
899 1182 1056 1234 terra
1076 1194 1217 1251 opus
1238 1181 1533 1253 corporale
1552 1184 1654 1250 est,

302 1269 329 1303 α
352 1249 681 1324 Ῐιιεῐίᾱοαῐίο
707 1271 845 1315 vero
883 1258 1052 1332 impii
1089 1276 1230 1335 opus
1267 1260 1589 1336 spirituale.
1625 1283 1653 1318 »

765 1460 1050 1516 DUBIUM
1091 1463 1186 1520 IV.

475 1617 673 1677 Utrum
700 1623 1032 1695 justificatio
1067 1627 1230 1699 impii
1246 1627 1318 1682 sit
1343 1645 1479 1702 opus

765 1706 1179 1764 miraculosum.

362 1863 491 1919 Non
516 1880 817 1936 possumus
850 1865 999 1926 hanc
1019 1868 1414 1929 difficultatem
1440 1888 1653 1930 conve-

265 1941 521 2028 pienter
545 1946 851 2013 resolvere,
880 1948 995 2004 nisi
1019 1950 1181 2022 prius
1203 1950 1457 2010 breviter
1471 1970 1652 2027 expo-

287 2022 493 2091 nendo,
548 2024 610 2080 in
643 2042 755 2098 quo
781 2029 1052 2085 consistat
1093 2033 1332 2105 propria
1382 2032 1651 2092 miraculi

289 2106 453 2163 ratio,
483 2107 628 2163 Hinc
647 2109 808 2164 enim
838 2112 1154 2184 apparebit,
1207 2132 1282 2172 an
1319 2115 1652 2190 justificatio

288 2186 457 2259 impii
478 2188 633 2246 inter
660 2206 834 2263 opera
856 2194 1205 2253 miraculosa
1234 2198 1520 2255 recenseri
1548 2197 1652 2256 de-

290 2267 434 2338 beat,
465 2274 560 2329 vel
583 2288 720 2330 non.

907 2442 1011 2509 §L

482 2588 836 2648 Observanda
857 2612 960 2669 pro
978 2596 1134 2652 dubii
1152 2597 1441 2655 decisione.

35 2759 272 2806 conuitio
298 2789 325 2804 ,
361 2748 455 2803 52.
500 2746 719 2814 Prima,
746 2752 801 2805 et
819 2752 1106 2824 generalis
1127 2755 1395 2826 conditio,
1427 2772 1555 2828 quae
1576 2753 1647 2813 ad

12 2843 15 2883 ι
90 2819 238 2906 ξξῖξξ·
288 2845 491 2888 verum
522 2830 871 2889 miraculum
904 2834 1237 2907 requiritur,
1288 2843 1373 2896 est
1416 2838 1566 2912 quod
1614 2853 1648 2896 a

33 2911 102 2956 *ἃ
118 2910 259 2954 mira-
285 2915 408 2970 solo
435 2915 549 2969 Deo
577 2911 705 2969 fieri
736 2915 944 2972 valeat.
974 2919 1146 2993 Cujus
1195 2921 1480 2980 rationem
1511 2939 1640 2996 pro·

12 2972 130 3077 ,ἄη
130 2960 253 3054 31¹3&
287 2996 449 3069 ponit
471 2998 534 3052 D.
568 2996 772 3055 Thom.
815 3001 831 3055 l
863 3008 1014 3072 part.
1059 3010 1242 3080 quaest.
1277 3006 1399 3071 108,
1431 3011 1541 3061 art.
1584 3006 1641 3074 4,

12 3092 13 3097 ’
282 3076 376 3133 his
401 3075 630 3133 verbis:
686 3099 712 3132 α
745 3078 1081 3149 Dicendum,
1114 3084 1264 3155 quod
1295 3086 1645 3141 miraculum

289 3181 316 3214 α
358 3159 590 3231 proprie
635 3158 864 3227 dicitur,
899 3178 1029 3218 cum
1059 3164 1279 3238 aliquid
1325 3165 1390 3222 fit
1436 3172 1647 3240 praeter

287 3263 314 3296 α
354 3242 621 3299 ordinem
649 3249 894 3300 naturae.
925 3245 1032 3302 Sed
1077 3263 1195 3304 non
1222 3248 1426 3305 sufficit
1453 3250 1523 3306 ad
1548 3267 1644 3308 ra-

284 3345 311 3378 «
356 3325 573 3382 tionem
621 3327 910 3395 miraculi,
960 3329 1009 3385 si
1058 3330 1278 3404 aliquid
1325 3333 1388 3388 fit
1438 3338 1645 3406 praeter

287 3428 314 3461 et
355 3408 622 3465 ordinem
672 3410 913 3484 alicujus
962 3417 1182 3471 naturas
1232 3415 1641 3488 particulariS.

286 3509 313 3542 α
354 3490 501 3553 Quia
538 3490 637 3555 sic,
689 3505 819 3546 cum
873 3492 1083 3565 aliquis
1126 3496 1353 3569 projicit
1389 3497 1642 3571 lapidem

289 3590 317 3622 α
357 3586 608 3637 sursum,
643 3572 992 3631 miraculum
1022 3577 1249 3643 faceret,
1281 3596 1412 3637 cum
1438 3581 1541 3637 hoc
1568 3580 1643 3637 sit

286 3671 313 3704 α
356 3655 562 3723 praeter
612 3652 880 3710 ordinem
913 3660 1133 3715 naturae
1162 3659 1392 3732 lapidis.
1425 3663 1509 3717 Ex
1538 3662 1644 3719 hoc

285 3756 312 3789 α
352 3749 489 3809 ergo
502 3734 718 3807 aliquid
741 3735 954 3793 dicitur
968 3754 1089 3796 esse
1109 3742 1639 3817 miraculum,quod

284 3839 312 3872 α
352 3814 418 3872 fit
445 3821 651 3888 praeter
678 3817 944 3874 ordinem
973 3821 1144 3878 totius
1167 3830 1388 3882 naturae
1415 3831 1635 3886 creatae.

280 3919 308 3951 a
354 3899 470 3955 Hoc
496 3904 686 3955 autem
711 3915 827 3956 non
857 3907 1038 3974 potest
1077 3905 1282 3974 facere,
1329 3909 1444 3965 nisi
1469 3912 1637 3968 Deus.

280 4000 307 4033 α
351 3980 498 4044 Quia
550 3979 827 4053 quidquid
876 3982 1013 4040 facit
1060 3988 1332 4061 Angelus,
1384 3992 1476 4047 vel
1524 3992 1640 4054 alia

281 4083 307 4116 α
348 4078 719 4135 quaecumque
770 4071 1033 4124 creatura
1088 4073 1326 4144 propria
1378 4073 1594 4131 virtute
1620 4116 1633 4139 ,

280 4164 307 4196 α
349 4143 455 4200 hoc
480 4142 545 4198 fit
564 4144 877 4203 secundum
904 4148 1170 4208 ordinem
1195 4156 1417 4211 naturae
1437 4160 1639 4213 creatae

277 4245 305 4278 (ι
348 4228 499 4296 (cum
528 4228 687 4284 enim
735 4235 995 4288 creatura
1021 4232 1095 4288 sit
1121 4236 1515 4306 essentialiter
1537 4238 1640 4294 in-

277 4326 305 4359 «
349 4311 439 4362 tra
487 4308 823 4381 praedictum
883 4311 1170 4379 ordinem,
1223 4317 1422 4389 nequit
1465 4319 1636 4375 illum

277 4409 305 4442 α
346 4390 535 4447 necin
562 4391 819 4458 essendo,
848 4408 951 4450 nec
978 4394 1042 4451 in
1070 4398 1364 4470 operando
1390 4401 1631 4476 egredi).

277 4492 305 4526 «
347 4473 418 4528 Et
442 4473 523 4530 sic
551 4490 668 4531 non
696 4479 780 4531 est
832 4477 1205 4538 miraculum.
1257 4481 1422 4540 Unde
1449 4484 1636 4541 relin-

278 4575 305 4609 α
345 4556 561 4627 quitur,
591 4556 743 4630 quod
782 4560 939 4616 solus
973 4564 1118 4617 Deus
1145 4563 1428 4624 miracula
1449 4567 1636 4627 facere

279 4659 306 4692 α
349 4640 545 4711 possit.
579 4659 605 4691 »
640 4640 769 4697 Haec
795 4656 934 4699 vero
955 4643 1227 4714 conditio,
1260 4647 1392 4705 licet
1418 4649 1487 4706 ad
1517 4653 1634 4709 mi-

274 4719 538 4778 raculum
557 4718 932 4789 desideretur,
979 4728 1234 4782 attamen
1251 4742 1368 4784 non
1389 4745 1635 4789 conver-

272 4802 417 4858 titur
443 4818 572 4859 cum
615 4804 739 4875 ipso
766 4826 780 4870 ;
814 4804 981 4877 plura
1020 4807 1232 4880 quippe
1263 4816 1416 4877 sunt,
1447 4829 1575 4885 quae
1602 4832 1635 4873 a

268 4884 386 4940 Deo
408 4888 632 4939 tantum
677 4882 806 4941 fieri
843 4891 1119 4957 possunt;
1169 4893 1226 4944 et
1249 4889 1635 4953 nihilominus

267 4979 388 5021 non
417 4962 629 5020 habent
678 4964 965 5023 rationem
1008 4968 1299 5037 miraculi,
1332 4976 1397 5027 ut
1422 4974 1634 5034 creatio

266 5044 494 5121 Augen,
549 5062 675 5119 quae
696 5045 942 5118 proinde
979 5050 1170 5106 solum
1198 5050 1520 5127 improprie
1540 5055 1634 5113 di-

1794 625 2004 679 cuntur
2026 624 2327 694 miracula,
2373 630 2467 687 vel
2497 632 2683 703 potius
2709 648 2883 705 opera
2909 633 3160 690 mirabi-

1795 703 1896 773 lia,
1925 710 1986 761 ut
2011 707 2357 782 significavit
2400 713 2555 770 idem
2584 718 2648 771 D.
2681 717 2886 773 Thom.
2920 719 2980 771 in
2996 735 3154 790 pram.

1793 795 1901 842 art.
1943 790 2026 857 10,
2055 790 2151 848 ubi
2180 794 2295 851 ait:
2351 817 2376 848 (ι
2406 797 2472 852 In
2498 797 2766 870 operibus
2794 801 3158 857 miraculosis

1800 891 1827 924 α
1868 871 1982 928 tria
2050 885 2471 935 consueverunt
2539 881 2798 939 inveniri
2838 928 2851 951 ,
2907 899 3156 956 quorum

1800 974 1828 1005 α
1869 969 2050 1011 unum
2075 960 2159 1012 est
2184 973 2255 1015 ex
2277 965 2438 1033 parte
2466 964 2732 1033 potentiae
2753 966 2993 1039 agentiS,
3021 964 3157 1037 quia

1799 1054 1827 1088 α
1867 1037 1989 1093 sola
2010 1036 2211 1096 divina
2239 1041 2454 1099 virtute
2476 1041 2604 1100 fieri
2636 1051 2871 1118 possunt
2902 1070 2915 1113 ;
2941 1053 2998 1103 et
3025 1045 3156 1104 ideo

1796 1135 1825 1169 α
1867 1121 2002 1172 sunt
2051 1118 2399 1192 simpliciter
2441 1124 2614 1191 mira,
2666 1125 2828 1197 quasi
2881 1122 3157 1182 habentia

1798 1218 1826 1251 κ
1864 1213 2095 1255 causam
2117 1202 2413 1271 occultam,
2430 1208 2492 1259 ut
2512 1204 2577 1260 in
2601 1206 2791 1278 primo
2812 1204 3029 1262 dictum
3046 1211 3149 1265 est.

1794 1298 1822 1332 α
1868 1279 1937 1333 Et
1961 1279 2279 1338 secundum
2302 1284 2426 1352 hoc,
2458 1289 2577 1341 tam
2600 1285 2937 1359 jastifloatio
2957 1288 3147 1361 impii,

1796 1378 1826 1412 α
1865 1374 2037 1430 quam
2090 1362 2303 1419 creatio
2356 1365 2701 1432 mundnet
2741 1368 3154 1425 universaliter

1795 1460 1822 1493 α
1863 1454 2037 1497 omne
2057 1457 2217 1514 opuS,
2250 1446 2399 1518 quod
2448 1464 2481 1504 a
2507 1449 2628 1504 solo
2658 1449 2770 1505 Deo
2791 1447 2919 1506 fieri
2950 1453 3146 1522 potest,

1795 1540 1821 1572 α
1865 1520 2276 1581 miraculosum
2306 1525 2418 1584 dici
2443 1533 2644 1600 potest.
2672 1550 2698 1579 ³>

1863 1611 1956 1667 53.
1987 1612 2073 1668 Ad
2102 1617 2515 1686 praecedentem
2557 1618 2943 1678 conditionem
2974 1613 3366 1707 redu-Algffign·

1787 1691 1937 1750 citur
1981 1694 2097 1752 alia
2128 1739 2141 1763 ,
2198 1714 2324 1770 quae
2369 1707 2453 1757 est
2503 1703 2830 1760 communis
2878 1702 3341 1761 omnibuscommu·

1729 1796 1732 1801 ’
1786 1772 2104 1841 miraculis,
2132 1793 2338 1854 nempe
2367 1781 2579 1841 habere
2604 1801 2834 1841 causam
2856 1787 3148 1859 simplici-
3162 1763 3344 1857 unffi),

1786 1858 1875 1911 ter
1895 1858 2192 1926 occultam,
2216 1867 2278 1917 ut
2304 1861 2485 1931 docet,
2509 1869 2563 1921 et
2584 1866 2832 1939 explicat
2854 1869 2916 1924 D.
2937 1867 3142 1924 Thom.

1793 1936 1814 1994 1
1842 1945 1994 2010 part.
2024 1950 2202 2018 qamt.
2242 1946 2361 2010 105,
2387 1954 2497 2003 art.
2521 1950 2575 2017 7,
2593 1947 2684 2004 his
2711 1948 2903 2006 verbis
2935 1972 2949 2007 ε
2980 1973 3005 2004 «
3029 1953 3150 2008 No-

1790 2039 1817 2071 «
1861 2036 1995 2078 men
2024 2024 2411 2103 miraculis-ab
2439 2028 2826 2088 admiratione
2866 2034 3144 2091 sumitur.

1791 2121 1818 2155 α
1859 2101 2183 2162 Admiratio
2201 2114 2390 2165 autem
2412 2113 2724 2186 consurgit,
2757 2129 2886 2169 cum
2915 2114 3150 2171 effectus

1791 2203 1818 2235 «
1858 2189 1991 2239 sunt
2032 2187 2343 2256 manifesti,
2393 2195 2448 2247 et
2488 2208 2655 2248 causa
2706 2195 2940 2250 occulta.
2992 2195 3150 2253 Sicut

1791 2286 1817 2319 α
1860 2267 2069 2339 aliquis
2089 2269 2432 2340 admiratur,
2458 2290 2587 2331 cum
2610 2275 2765 2332 videt
2784 2277 3146 2350 eclipsinso-

1790 2368 1816 2401 «
1860 2348 1932 2404 lis
1951 2355 2008 2405 et
2033 2349 2260 2424 ignorat
2280 2370 2528 2422 causam,
2557 2362 2617 2412 ut
2644 2356 2854 2415 dicitur
2881 2360 2947 2415 in
2977 2360 3149 2432 prin-

1789 2448 1816 2482 «
1856 2429 2009 2503 cipio
2027 2432 2278 2506 Metaph.
2302 2436 2494 2493 Potest
2520 2443 2710 2497 autem
2727 2456 2893 2498 causa
2916 2441 3147 2498 effectus

1789 2529 1815 2562 α
1859 2512 2099 2587 alicujus
2125 2518 2455 2589 apparentis
2484 2521 2656 2578 alicui
2685 2539 2808 2580 esse
2838 2528 2988 2592 nota,
3020 2539 3145 2597 quae

1786 2613 1813 2645 α
1861 2599 2052 2653 tamen
2083 2599 2214 2656 aliis
2241 2605 2326 2657 est
2345 2604 2592 2677 cognita.
2624 2605 2790 2664 Unde
2816 2607 3034 2680 aliquid
3063 2612 3145 2664 est

1788 2693 1814 2727 α
1859 2676 2077 2734 mirum
2109 2680 2230 2747 uni,
2269 2682 2417 2754 quod
2446 2700 2561 2741 non
2590 2691 2674 2741 est
2720 2688 2939 2744 mirum
2990 2688 3144 2745 aliis.

1785 2776 1813 2808 α
1856 2758 2013 2816 Sicut
2036 2763 2276 2836 eclipsin
2297 2766 2435 2822 solis
2457 2768 2706 2826 miratur
2731 2773 2996 2839 rusticuS,
3025 2787 3144 2828 non

1787 2859 1813 2894 α
1855 2847 2047 2900 autem
2077 2848 2411 2923 astrologus.
2446 2850 2795 2912 Miraculum
2824 2859 3017 2913 autem
3047 2855 3145 2913 di-
3182 2860 3185 2867 ’

1784 2940 1810 2972 α
1855 2922 2006 2979 citur
2051 2928 2213 2997 quasi
2255 2929 2643 2991 admiratione
2690 2938 2947 3007 plenum,
2993 2937 3143 3009 quod

1784 3021 1810 3052 α
1854 3003 2070 3062 scilicet
2095 3005 2265 3066 habet
2290 3027 2520 3069 causam
2542 3015 2904 3088 simpliciter,
2930 3023 2986 3073 et
3013 3034 3145 3075 om-

1786 3102 1812 3136 α
1856 3084 2027 3141 nibus
2073 3093 2383 3150 occultam.
2430 3096 2560 3151 Haec
2606 3102 2799 3154 autem
2847 3105 2932 3155 est
2972 3103 3137 3157 Deus.

1785 3183 1812 3217 α
1856 3164 2021 3222 Unde
2040 3165 2163 3235 illa,
2194 3188 2319 3243 quae
2340 3190 2373 3231 a
2403 3176 2514 3233 Deo
2540 3175 2689 3233 fiunt
2712 3185 2918 3252 praeter
2944 3196 3143 3237 causas

1785 3264 1811 3296 α
1855 3244 2021 3302 nobis
2050 3254 2230 3316 notas,
2263 3253 2545 3312 miracula
2572 3255 2867 3315 dicuntur.
2903 3281 2927 3309 »
2963 3262 3139 3322 Caste-

1779 3340 1913 3381 rum
1941 3328 2059 3387 haec
2085 3331 2352 3404 conditio,
2381 3336 2545 3406 [sicut
2563 3343 2620 3393 et
2645 3341 2985 3411 praecedenS,
3020 3358 3139 3400 non

1777 3412 2135 3470 convertitur
2150 3432 2280 3472 cum
2297 3417 2576 3476 miraculo
2600 3425 2849 3495 proprie,
2865 3431 2919 3481 et
2941 3425 3137 3483 stricte

1777 3487 1927 3547 dicto
1952 3515 1965 3549 ι
1995 3494 2093 3550 sed
2122 3496 2291 3552 latius
2319 3503 2489 3570 patet,
2521 3517 2699 3573 quam
2724 3504 2893 3560 illud.
2918 3508 3137 3570 Quam-

1775 3572 1866 3629 vis
1892 3576 2051 3632 enim
2098 3577 2170 3635 de
2218 3580 2440 3638 ratione
2484 3584 2756 3643 miraculi
2807 3588 2880 3643 sit
2928 3588 3139 3648 habere

1775 3669 2004 3712 causam
2029 3660 2335 3729 occultam;
2363 3662 2750 3722 nihilominus
2772 3684 2888 3725 non
2911 3671 3134 3738 omnia,

1774 3751 1899 3807 quae
1920 3753 2147 3794 causam
2177 3740 2432 3815 ignotam
2461 3745 2691 3813 habent,
2718 3755 2851 3804 sunt
2873 3752 3128 3823 proprie,

1773 3821 1832 3872 et
1874 3816 2071 3875 stricte
2121 3820 2419 3881 miracula.
2467 3827 2696 3900 Alioqui
2747 3833 2961 3898 omnia,
3012 3848 3138 3905 quae

1773 3900 1923 3956 Deus
1943 3900 2095 3958 circa
2121 3902 2555 3974 praedestinatos
2576 3917 2847 3990 operatur
2870 3914 2932 3970 in
2956 3930 3136 3990 nego-

1772 3982 1855 4039 tio
1905 3984 2125 4051 salutis,
2180 3987 2460 4046 miracula
2503 3990 2879 4064 dicerentur;
2921 3998 3135 4071 quippe

1770 4081 1896 4139 quas
1936 4066 2150 4125 habent
2171 4072 2424 4130 rationes
2450 4073 2688 4144 {summe
2711 4077 2968 4147 latentes,
2994 4098 3136 4153 quas

1770 4147 2098 4221 specialiter
2142 4150 2442 4210 admirans
2469 4157 2720 4227 Apostol.
2751 4159 2826 4214 ad
2848 4159 3001 4218 Rom.
3042 4163 3210 4231 ll,Ad
3224 4174 3347 4217 nom.

1769 4228 2043 4288 ‹1111120
2065 4233 2304 4289 altitudo
2348 4238 2644 4310 sapientia,
2670 4248 2720 4296 ee
2745 4244 2977 4300 scientia
3004 4244 3126 4314 Dei,
3212 4224 3274 4265 ¹¹·

1769 4329 1938 4389 quam
1958 4315 2523 4388 incomprehensibilia
2543 4330 2672 4379 sunt
2678 4325 2899 4394 judicia
2923 4329 3059 4398 ejus,
3080 4336 3131 4385 et

1768 4392 2169 4465 investiyabiles
2232 4402 2333 4455 υἱέε
2374 4403 2538 4472 ejus!
2580 4406 2714 4468 Quae
2760 4409 2954 4463 tamen
2999 4409 3131 4468 licet

1768 4473 1923 4531 mira
1966 4475 2101 4541 sint,
2136 4478 2417 4539 miracula
2462 4488 2660 4541 tamen
2710 4503 2827 4544 non
2867 4491 3129 4562 appella-

1767 4563 1917 4621 mus,
1947 4561 2009 4611 ut
2055 4563 2206 4629 patet
2232 4575 2302 4617 ex
2346 4565 2639 4621 communi
2670 4568 3005 4641 Sapientum
3033 4589 3131 4631 ac-

1766 4637 2043 4708 ceptione.
2096 4640 2380 4698 Convenit
2424 4644 2603 4719 igitur
2638 4650 2799 4706 omni
2849 4653 3131 4711 miraculo

1768 4715 1981 4774 habere
2032 4735 2261 4778 causam
2299 4724 2644 4797 simpliciter
2681 4731 2954 4790 latentem
2987 4752 3131 4809 ;per

1765 4798 1871 4856 hoc
1916 4803 2112 4857 tamen
2156 4818 2275 4859 non
2320 4809 2643 4879 assequitur
2696 4815 3015 4888 propriam,
3074 4824 3132 4875 et

1763 4880 2070 4952 specialem
2114 4884 2398 4942 rationem
2428 4890 2717 4960 miraculi,
2755 4896 2854 4953 sed
2886 4898 3131 4957 ulterius

1763 4966 1986 5034 oportet
2022 4965 2311 5038 explicare
2353 4969 2638 5030 rationem
2688 4977 2809 5050 ejus
2847 4980 3129 5038 constitu-

1763 5046 1968 5104 tivum.
