3647 5753
1466 435 1643 491 DISP.
1689 437 1782 504 1v,
1828 438 1989 496 DUB.
2036 441 2130 498 111.
2485 495 2492 505 ,
2983 421 2989 430 ’
3074 433 3186 490 655

332 596 511 655 rendo
523 598 1007 672 justificationem
1022 620 1152 662 cum
1175 606 1547 664 conversione
1568 624 1682 682 v.g.

329 678 585 737 hominis
615 682 677 738 in
705 683 977 756 lapidem,
1006 691 1103 742 aut
1137 702 1168 744 e
1208 694 1433 756 contra;
1468 689 1690 763 perfec-

329 762 443 820 tior
468 765 812 838 simpliciter
850 774 934 825 est
971 769 1319 843 justificatio,
1351 791 1522 846 quam
1552 790 1690 830 con-

331 845 540 903 versio,
572 848 827 906 Secunda
855 868 991 909 vero
1032 852 1287 926 ejusdem
1319 854 1691 913 resolutionis

332 943 466 1002 pars
510 929 869 990 ostenditur:
924 935 1197 1007 quoniam
1247 936 1378 994 licet
1422 936 1690 1011 praedicta

333 1011 629 1069 conversio
675 1030 794 1072 non
840 1017 1187 1074 terminetur
1228 1035 1330 1091 per
1373 1035 1434 1076 se
1475 1021 1569 1076 vel
1619 1019 1691 1076 ad

331 1095 589 1152 animam
618 1095 831 1154 Christi
859 1099 1110 1166 Domini,
1164 1102 1254 1157 vel
1297 1101 1367 1158 ad
1406 1102 1691 1159 divinita-

328 1183 465 1244 tem,
492 1176 582 1234 hae
609 1179 818 1253 quippe
842 1197 958 1238 non
979 1183 1409 1241 constituuntur
1451 1186 1518 1243 in
1558 1202 1691 1258 spe-

329 1260 522 1320 ciebus
548 1276 619 1319 ex
646 1263 703 1319 vi
732 1262 946 1334 formas,
988 1281 1091 1323 sen
1131 1268 1547 1335 conversionis;
1581 1274 1691 1326 ter-

330 1343 589 1401 minatur
615 1351 809 1404 tamen
869 1364 971 1421 per
1005 1364 1067 1405 se
1106 1349 1176 1406 ad
1221 1366 1426 1423 corpus
1454 1349 1687 1416 Christi,

333 1426 726 1501 quodcumque
777 1429 922 1486 illud
983 1432 1076 1499 sit,
1126 1433 1246 1489 sive
1294 1434 1519 1499 vivum,
1568 1432 1695 1489 sive

123 1517 177 1558 n.
198 1514 301 1560 'rho-
333 1515 652 1578 mortuum,
677 1515 738 1566 ut
757 1509 913 1569 docet
936 1515 1002 1569 D.
1026 1515 1231 1572 Thom.
1254 1516 1287 1570 3
1312 1533 1372 1588 p.
1393 1527 1575 1593 quaest.
1595 1516 1688 1581 81,

333 1601 442 1650 art.
474 1595 530 1661 4,
574 1600 629 1651 et
666 1611 871 1668 corpus
909 1597 1142 1666 Christi,
1168 1598 1297 1654 sive
1321 1597 1539 1664 vivum,
1571 1598 1695 1654 sive

334 1682 649 1745 mortuum,
670 1677 945 1751 importat
967 1695 1068 1751 per
1089 1696 1147 1736 se
1177 1680 1454 1737 unionem
1477 1679 1546 1736 ad
1571 1696 1696 1753 per-

333 1775 536 1817 sonam
565 1758 760 1826 Verbi,
795 1766 855 1816 ut
896 1761 1073 1818 tradit
1120 1762 1272 1819 idem
1321 1764 1385 1818 D.
1420 1763 1624 1820 Thom.
1658 1763 1695 1819 3

328 1850 481 1918 part.
513 1852 694 1922 quaest.
725 1846 818 1911 50,
850 1853 962 1902 arc.
992 1847 1047 1912 5,
1077 1844 1172 1902 ubi
1202 1846 1305 1903 hac
1334 1845 1556 1903 ratione
1578 1847 1696 1902 sal-

338 1930 448 1992 vat,
475 1925 623 1998 quod
646 1942 848 1997 corpus
888 1927 1101 1982 Christi
1149 1927 1223 1983 sit
1263 1927 1416 1984 idem
1458 1934 1609 1994 ante,
1642 1933 1697 1985 et

334 2008 458 2081 post
480 2011 727 2064 mortem
752 2006 985 2074 Christi,
1019 2008 1151 2065 licet
1178 2008 1381 2065 habeat
1403 2009 1695 2067 diversam

334 2089 606 2147 formam.
637 2090 838 2147 Modus
867 2097 1056 2148 autem
1090 2091 1484 2150 substantialis
1525 2093 1699 2150 unio-

335 2173 431 2231 nis
494 2173 564 2230 ad
624 2189 927 2246 personam
974 2173 1237 2231 divinam
1282 2181 1368 2234 est
1423 2176 1698 2247 simplici-

337 2259 425 2313 ter
481 2254 802 2328 perfectior,
844 2272 1015 2328 quam
1067 2258 1256 2331 g-ratia
1314 2255 1693 2324 sanctificans,

338 2339 399 2391 ut
443 2334 699 2391 diximus
744 2353 899 2391 num.
950 2339 1169 2409 praeced.
1214 2339 1525 2394 Conversio
1564 2353 1699 2412 ergo

253 2491 257 2496 .
339 2415 506 2489 panis
529 2417 591 2471 in
612 2433 816 2489 corpus
846 2418 1056 2474 Christi
1085 2423 1168 2474 est
1200 2419 1544 2492 simpliciter
1567 2435 1699 2492 per-

339 2498 556 2566 fectior,
587 2516 758 2572 quam
784 2501 951 2574 impii
967 2501 1318 2575 justificatio,
1345 2519 1471 2575 quae
1494 2503 1699 2559 termi-

342 2585 515 2638 natur
537 2580 606 2637 ad
627 2583 900 2655 gratiam.

126 2668 326 2711 Anexee-
415 2657 507 2712 47.
554 2658 835 2713 Praeterea
862 2656 1210 2715 conferendo
1249 2673 1389 2730 opas
1418 2657 1701 2733 justifica-

141 2716 316 2811 fflfnffi‘,
345 2734 520 2791 tionis
558 2752 686 2792 cum
730 2739 1099 2794 maternitate
1126 2739 1187 2793 B.
1220 2737 1502 2811 Virginis,
1536 2737 1701 2795 vide-

153 2816 304 2875 rema.
344 2822 436 2872 tur
483 2819 910 2876 maternitatem
947 2820 1288 2894 simpliciter
1335 2819 1613 2888 eminere,
1645 2825 1702 2879 et

119 2864 399 2960 R'fflff'id
426 2900 742 2975 significari
765 2917 797 2957 a
825 2903 890 2957 D.
915 2902 1122 2958 Thom.
1151 2905 1168 2957 l
1218 2909 1368 2975 part.
1395 2910 1577 2980 quaest.
1604 2904 1697 2970 25,

339 2991 449 3040 art.
481 2986 516 3040 6
566 2986 640 3041 ad
666 2986 719 3050 3,
755 2983 851 3041 ubi
880 2985 994 3041 ait:
1023 2984 1213 3060 >Beata
1271 2982 1429 3056 Virqo
1467 3003 1540 3041 ex
1580 2986 1695 3054 hoc,

340 3066 483 3142 quod
506 3074 582 3122 est
608 3074 784 3123 mater
812 3065 931 3131 Dei,
964 3067 1120 3122 habet
1143 3067 1426 3144 quandam
1451 3066 1702 3138 diynita-

339 3155 444 3203 tem
464 3149 743 3217 infinitam
763 3164 834 3203 ex
854 3147 988 3203 bono
1010 3149 1245 3219 infinitO,
1277 3148 1420 3226 quod
1439 3156 1517 3202 est
1542 3150 1705 3215 Deus;

339 3238 389 3286 et
421 3248 493 3286 επ
518 3232 622 3286 hac
638 3237 795 3302 parte
822 3247 932 3284 non
952 3237 1127 3303 potest
1166 3230 1386 3307 aliquid
1422 3232 1544 3302 fieri
1590 3250 1703 3286 me-

344 3314 473 3371 lius.
504 3313 612 3370 Sed
640 3318 834 3370 tamen
861 3312 1232 3371 distinctione
1260 3329 1400 3384 opus
1432 3319 1532 3380 est,
1562 3329 1706 3384 quo-

343 3396 506 3453 niam
538 3394 805 3467 praedicta
850 3392 1188 3449 maternitas
1228 3398 1407 3465 potest
1444 3392 1708 3449 conside-

348 3477 468 3534 rari
495 3474 808 3533 secundum
837 3473 1056 3537 omnia,
1104 3489 1230 3545 quae
1269 3479 1703 3542 concurrerunt,

351 3561 412 3614 ut
438 3558 501 3612 B.
533 3557 711 3629 Virgo
737 3560 883 3611 esset
910 3552 1085 3627 digna
1120 3558 1303 3612 mater
1346 3556 1479 3623 Dei;
1522 3560 1580 3612 et
1606 3556 1710 3612 hoc

353 3643 513 3714 pacto
563 3636 807 3695 includit
846 3636 1094 3711 gratiam
1141 3636 1591 3694 sanctificantem
1646 3638 1709 3694 in

350 3720 532 3797 gradu
596 3718 1080 3776 excellentissimo
1109 3740 1123 3775 ε
1185 3718 1336 3776 unde
1394 3719 1709 3777 secundum

351 3804 498 3860 hanc
528 3803 809 3859 rationem
854 3801 1193 3857 maternitas
1215 3800 1323 3857 fuit
1351 3802 1711 3875 praestantius

350 3901 509 3958 opus,
542 3900 714 3956 quam
736 3883 1140 3957 cujuscumque
1169 3882 1334 3955 impii
1357 3882 1706 3957 justificatiO.

352 3968 456 4024 Vel
479 3972 659 4040 potest
685 3965 1039 4024 considerari
1088 3966 1336 4042 physice,
1386 3972 1441 4024 et
1484 3968 1714 4041 praecise

351 4048 666 4106 secundum
693 4047 841 4121 quod
871 4048 1142 4121 importat
1183 4064 1486 4123 generasse
1514 4049 1714 4105 Chris-

353 4136 476 4187 tum
532 4132 864 4195 Dominum,
909 4135 965 4187 et
1003 4129 1284 4187 abstrahit
1330 4131 1399 4186 ab
1449 4131 1713 4189 ulteriori

354 4211 632 4288 dignitate
676 4213 876 4287 gratiae
921 4210 1346 4269 sanctificantis.
1395 4214 1463 4268 Et
1506 4213 1569 4269 in
1612 4214 1718 4271 hoc

354 4310 527 4354 sensu
570 4292 943 4350 asserendum
988 4299 1090 4360 est,
1123 4294 1390 4368 gratiam,
1432 4299 1489 4350 et
1513 4310 1716 4351 conse-

355 4381 597 4452 quenter
613 4373 1080 4448 justificationem
1101 4390 1223 4432 esse
1257 4375 1715 4447 praestantiorem

358 4456 627 4531 praedicta
671 4458 1057 4514 maternitate.
1109 4458 1242 4520 Quae
1292 4462 1378 4513 est
1432 4449 1718 4514 sententia

142 4535 195 4577 1).
220 4534 326 4587 ΜΒ·
361 4541 423 4596 D.
450 4541 685 4612 August.
713 4538 806 4594 lib.
831 4538 894 4594 de
920 4544 1113 4592 sancta
1140 4532 1480 4607 viryinita'te,
1512 4556 1633 4612 cap.
1659 4539 1713 4608 3,

359 4619 461 4677 ubi
483 4620 686 4677 asserit
714 4617 1028 4675 beatiorem
1057 4616 1233 4675 fuisse
1259 4620 1509 4677 Mariam
1533 4619 1721 4693 perci-

361 4700 571 4777 piendo
622 4699 796 4757 fidem
843 4699 1075 4766 Christi,
1127 4716 1298 4772 quam
1351 4700 1722 4775 concipiendo

362 4798 598 4841 carnem
626 4781 861 4838 Christi.
893 4779 1052 4845 Quod
1074 4785 1129 4837 et
1150 4780 1496 4854 significavit
1523 4782 1723 4838 Chris-¹

142 4881 250 4924 ιω.
270 4879 334 4920 ιι.
362 4871 456 4922 tus
478 4864 756 4921 Dominus
778 4861 893 4920 Luc
924 4864 1007 4929 ll,
1038 4860 1266 4934 quando
1291 4861 1503 4919 dicenti
1530 4882 1544 4918 ε
1576 4860 1725 4919 Bea-

244 4956 257 4969 ·
363 4954 453 5003 tus
490 4952 675 5001 venter
697 4945 793 5021 qui
835 4950 883 4999 te
917 4946 1186 5017 portavit,
1231 4950 1328 5000 etc.
1384 4942 1720 5016 respondit:

366 5028 630 5103 Quim'mo
675 5023 819 5080 beati
842 5026 940 5102 qui
965 5024 1206 5080 audiunt
1249 5025 1474 5081 verbum
1515 5024 1634 5091 Dei,
1677 5032 1728 5081 et

367 5107 682 5168 mstodiunt
708 5104 866 5162 illud.
892 5106 963 5160 Et
991 5104 1140 5162 ratio
1175 5109 1278 5173 est,
1306 5104 1581 5178 quoniam
1610 5121 1729 5163 ma-

1820 610 2063 668 ternitas
2115 613 2409 685 praecisive
2454 615 2684 683 sumpta
2739 624 2856 665 non
2914 605 3186 663 rectificat

1820 694 2155 769 subjectum,
2212 712 2316 753 nec
2362 695 2508 752 illud
2555 693 2849 752 constituit
2905 690 3186 763 particeps

1823 781 2045 833 naturas
2084 776 2316 847 divinae,
2369 793 2471 833 nec
2517 777 2789 848 importat
2841 772 3183 847 dignitatem

1821 857 2211 915 continentem
2257 858 2584 916 eminenter
2629 855 2734 912 has
2791 852 3181 918 excellentias,

1823 955 1962 1011 quas
1979 942 2172 995 tamen
2190 933 2998 1014 praestatgratiasanctificans,
3024 933 3187 990 L'nde

1825 1035 1943 1076 non
1971 1020 2229 1094 implicat
2263 1022 2327 1077 in
2350 1021 2635 1086 terminiS,
2668 1016 2814 1091 quod
2842 1017 3094 1073 existens
3122 1016 3187 1071 in

1827 1109 2045 1176 peccato
2089 1105 2164 1160 sit
2208 1110 2392 1161 mater
2441 1104 2584 1162 Dei:
2644 1105 2920 1174 repugnat
2968 1104 3180 1166 autem,

1823 1186 1971 1260 quod
1993 1187 2208 1245 habens
2234 1188 2482 1262 gratiam
2504 1182 2955 1241 sanctificantem
2979 1183 3188 1241 existat

1826 1270 1890 1326 in
1912 1277 2151 1342 peccato,
2186 1277 2248 1327 ut
2273 1269 2633 1328 ostendimus
2677 1269 2912 1344 disp92,
2955 1265 3084 1322 dub.
3127 1268 3183 1321 4.

1829 1356 1975 1429 Ergo
2000 1357 2186 1429 gratia
2207 1355 2568 1413 sanctificans
2610 1358 2694 1412 est
2739 1353 3040 1427 perfectior
3071 1366 3191 1406 ma-

1828 1438 2097 1494 ternitate
2125 1440 2224 1495 Dei
2248 1443 2476 1512 sumpta
2506 1438 2802 1512 praecisive
2823 1453 2856 1492 a
2882 1434 3105 1509 gratia;
3135 1436 3190 1488 et

1826 1528 2236 1595 consequenter
2257 1524 2428 1597 impii
2471 1522 2802 1597 justificatio
2852 1518 3190 1593 praeeminet

1829 1605 2187 1661 maternitati
2205 1605 2473 1678 praedicto
2489 1606 2659 1664 modo
2674 1601 3063 1662 consideratae.
3079 1603 3192 1656 Nec

1829 1690 1891 1742 D.
1926 1687 2130 1744 Thom.
2178 1690 2298 1746 loco
2343 1706 2519 1761 supra
2559 1690 2738 1747 relato
2771 1686 2931 1743 docet
2959 1682 3192 1756 opposi-

1831 1774 1952 1824 tum
1973 1793 1987 1836 ;
2006 1769 2102 1826 sed
2122 1776 2345 1827 tantum
2370 1772 2638 1836 intendit,
2663 1769 2813 1843 quod
2836 1773 2982 1825 Deus
3010 1767 3194 1822 facere

1831 1866 1948 1907 non
1990 1857 2188 1924 potest,
2222 1855 2362 1909 utB.
2397 1855 2573 1928 Virgo
2601 1855 2675 1910 sit
2702 1858 2886 1908 mater
2930 1847 3192 1905 melioris
3283 1873 3287 1877 ·

1831 1933 1957 2000 filii,
1998 1935 2142 1990 sicut
2180 1951 2280 1991 nec
2326 1935 2477 2008 quod
2526 1936 2672 1992 visio
2716 1933 2972 1991 beatifica
3021 1932 3195 2004 possit

1831 2015 2028 2074 videre
2075 2018 2282 2073 melius
2341 2018 2641 2093 objectum,
2696 2024 2757 2073 ut
2805 2033 2876 2073 ex
2924 2018 3191 2071 contextu

1832 2098 2030 2171 liquet.
2078 2099 2322 2156 Minime
2363 2107 2555 2156 tamen
2605 2106 2791 2173 negat,
2847 2096 2994 2169 quod
3045 2098 3192 2151 Deus

1834 2179 2008 2252 possit
2034 2178 2216 2237 facere
2246 2197 2367 2237 rem
2397 2181 2700 2237 meliorem
2764 2178 2869 2235 illa
2910 2176 3192 2233 materni-

1832 2265 1964 2316 tate.

1906 2336 1997 2390 48.
2043 2335 2203 2399 Quod
2223 2334 2292 2392 ad
2319 2337 2600 2392 miracula
2622 2334 2842 2398 attinet,
2883 2332 3071 2406 palam
3101 2345 3193 2386 se·-
3232 2339 3378 2416 Utrqm

1833 2415 2027 2487 quitur
2046 2433 2118 2472 ex
2140 2416 2321 2483 dictis,
2349 2417 2515 2490 impii
2541 2415 3006 2490 justificationem
3028 2428 3193 2485 praes-
3206 2392 3389 2481 ,1ξῖξίξῖ

1832 2502 1974 2563 tare,
1999 2500 2201 2554 saltem
2228 2514 2297 2555 ex
2322 2504 2482 2570 parte
2510 2498 2662 2563 facti,
2696 2494 2967 2554 omnibus
3016 2494 3195 2550 mira·
3257 2487 3325 2530 ¹¹⁸·

1833 2580 1995 2644 culiS,
2059 2597 2183 2654 quae
2244 2581 2491 2655 gratiam
2556 2577 3008 2635 sanctificantem
3076 2591 3194 2632 non

1836 2661 2154 2726 includunt,
2182 2669 2378 2736 utputa
2403 2661 2810 2719 resurrectioni
2840 2656 3077 2723 mortui,
3113 2656 3197 2712 vi·

1833 2760 1927 2798 sus
1964 2744 2329 2810 restitutioni,
2370 2744 2631 2800 sanitatis
2669 2741 3193 2816 reparationi,4ssetc.

1835 2823 1992 2889 Quod
2029 2824 2375 2901 significavit
2413 2825 2672 2881 Christus
2720 2823 2998 2882 Dominus
3025 2820 3411 2878 Joan.Joan.14.

1843 2908 1925 2974 14,
1960 2908 2078 2963 illis
2110 2907 2301 2965 verbis
2327 2930 2339 2964 ε
2372 2907 2483 2981 Qui
2505 2908 2672 2964 credit
2696 2910 2755 2962 in
2771 2923 2872 2972 mc,
2898 2922 3059 2977 opera
3084 2922 3197 2982 qum

1834 3007 1924 3059 eqo
1973 2990 2138 3061 facie,
2188 2997 2237 3044 ct
2281 2992 2393 3063 ipse
2430 2990 2617 3063 saciet,
2648 2996 2697 3045 et
2739 2990 2953 3059 majora
2998 2987 3195 3042 horum

1835 3073 2022 3142 faciet.
2071 3072 2140 3124 Et
2178 3069 2336 3127 docet
2382 3073 2444 3127 D.
2491 3071 2781 3144 Chrysost.
2830 3069 2975 3124 hom.
3029 3068 3083 3132 3,
3134 3045 3410 3121 inst-⁶¹¹⁸*

1835 3153 1991 3225 epist.
2021 3151 2096 3205 ad
2122 3148 2288 3206 Hebr.
2332 3158 2381 3205 et
2420 3154 2563 3207 hom.
2597 3151 2688 3216 37,
2723 3154 2783 3205 in
2823 3157 2949 3205 acta
2995 3145 3189 3218 Apost.

1838 3236 1900 3288 D.
1978 3233 2214 3305 Gregor.
2281 3232 2375 3287 lib.
2446 3234 2480 3285 3
2530 3232 2734 3300 dialog).
2786 3248 2907 3304 cap.
2994 3231 3073 3295 17,
3142 3227 3401 3328 e‘ffiffg‘uesgi.

1840 3317 1903 3369 D.
1935 3316 2169 3386 August.
2195 3319 2356 3368 tract.
2380 3314 2472 3378 72,
2495 3314 2556 3366 in
2577 3312 2867 3387 Joannem.
2900 3311 3067 3367 Ratio
3090 3314 3194 3375 est,

1840 3394 2113 3467 quoniam
2130 3394 2325 3449 omnia
2342 3392 2490 3449 dicta
2508 3393 2786 3449 miracula
2808 3392 3201 3449 terminantur

1842 3473 1911 3530 ad
1936 3489 2024 3529 res
2046 3473 2230 3547 gratia
2257 3471 2643 3530 sanctificante
2670 3473 3013 3545 simpliciter
3042 3470 3199 3527 infe-

1843 3555 2043 3619 rioreS,
2071 3559 2130 3609 ut
2148 3559 2278 3610 sunt
2295 3555 2413 3611 vita
2437 3554 2739 3622 naturalis,
2761 3554 2935 3620 visuS,
2962 3551 3200 3621 sanitas,

1842 3641 1899 3694 et
1944 3636 2059 3691 alia
2102 3634 2471 3709 hujusmodi:
2520 3649 2656 3709 ergo
2696 3633 3047 3708 justificatio,
3081 3647 3207 3704 quae

1844 3716 2191 3773 terminatur
2232 3716 2301 3773 ad
2341 3716 2609 3790 gratiam,
2641 3721 2725 3772 est
2751 3714 3094 3789 simpliciter
3135 3724 3209 3769 ex

1847 3800 2006 3870 parte
2035 3797 2114 3869 rei
2139 3796 2298 3853 factae
2322 3796 2642 3869 perfectior,
2674 3812 2846 3869 quam
2876 3794 3077 3853 omnia
3100 3793 3208 3849 mi-

1848 3882 2058 3947 racula,
2090 3896 2216 3952 quae
2249 3878 2315 3935 ad
2349 3879 2530 3951 ipsam
2557 3880 2803 3952 gratiam
2852 3894 2969 3935 non
2999 3876 3207 3933 termi-

1847 3969 2063 4020 nantur
2084 3984 2096 4019 ε
2121 3962 2349 4019 sicutob
2371 3960 2612 4018 eandem
2639 3960 3210 4035 proportionabiliter

1849 4045 2132 4102 rationem
2181 4044 2516 4117 praeeminet
2560 4043 2719 4115 operi
2763 4043 3092 4108 creationiS,
3151 4047 3211 4097 ut

1845 4132 2066 4187 constat
2100 4144 2171 4184 ex
2205 4126 2549 4200 supradictis
2595 4144 2748 4182 num.
2790 4129 2871 4183 16.
2922 4126 3208 4191 Diximus,

1849 4227 1963 4287 quar
1989 4226 2096 4263 non
2123 4209 2494 4263 terminantur
2512 4207 2587 4261 ad
2608 4207 2888 4276 qratiam;
2929 4206 3211 4277 quoniam

1851 4295 2030 4363 potest
2056 4288 2181 4346 dari
2206 4286 2535 4363 J‘ustificatio
2556 4287 2723 4359 impii
2755 4287 3119 4352 miraculosa,
3155 4291 3216 4343 ut

1849 4373 1979 4429 dub.
2000 4390 2105 4451 seq.
2137 4370 2498 4428 videbimus:
2530 4372 2619 4427 cui
2650 4371 2891 4444 proinde
2934 4368 3218 4426 miraculo

1852 4469 1970 4510 non
1985 4452 2387 4525 anteponimus
2400 4450 2870 4524 justificationem
2894 4449 3064 4522 impii
3078 4448 3209 4506 sine

1853 4534 2136 4590 miraculo
2158 4533 2386 4589 factam.

1926 4615 2021 4669 49.
2065 4612 2319 4686 Denique
2344 4610 2729 4686 comparando
2752 4610 2920 4684 impii
2937 4612 2957 4686 j
2967 4609 3432 4672 ustifica-Aniusti-

1855 4694 2071 4751 tionem
2099 4709 2230 4750 cum
2253 4692 2664 4766 justificatione
2708 4709 2824 4750 non
2858 4692 3048 4764 impii,
3080 4669 3425 4773 sup-issffi}¹32

1857 4769 2039 4841 posito
2065 4767 2215 4841 quod
2244 4766 2547 4841 utrobique
2586 4769 2773 4843 gratia
2802 4767 2864 4823 in
2893 4766 3092 4824 eadem
3121 4766 3218 4822 in·
3254 4768 3419 4828 perrec-

1857 4851 2118 4907 tensione
2164 4850 2523 4917 infundatur,
2582 4849 2888 4907 dicendum
2941 4854 3042 4913 est,
3099 4826 3414 4958 οπερυἷ’,ξιὲἷῖη

1860 4935 2107 5006 aequales
2131 4949 2200 4990 ex
2223 4938 2385 5007 parte
2415 4934 2497 4992 rei
2526 4933 2704 5001 factam
2734 4934 2995 4989 eminere
3024 4937 3220 4988 tamen
3235 4917 3411 5013 οξῗξοζξξ,

1861 5017 2045 5075 adhuc
2066 5017 2531 5093 justificationem
2562 5016 2729 5089 impii
2756 5033 2826 5074 ex
2856 5021 3016 5090 parte
3037 5014 3215 5083 modi,

1861 5102 2000 5160 etin
2031 5102 2252 5160 ratione
2279 5099 2564 5159 boneficii.
2610 5100 2780 5158 Prior
2815 5116 2949 5174 pars
2990 5112 3219 5155 consec-
