3647 5753
353 921 504 962 Primo.

330 4312 518 4355 chaondi-

359 4366 501 4405 tursc·

354 4411 501 4456 cundo.

537 400 614 457 42
1554 394 1648 449 DE
1689 393 1963 448 GRATIA
2003 392 2345 448 EFFIGACI.

541 594 703 636 nexae
727 594 856 634 cum
884 590 1162 633 consensu
1186 589 1304 630 non
1318 571 1595 645 dependet
1611 568 1896 626 ascientia

540 658 751 722 media,
768 673 871 713 nec
887 672 987 729 per
1003 655 1166 710 illam
1185 650 1714 725 indispensabiliter
1739 665 1900 724 regu-

541 738 928 803 latur.Minor‚
944 741 1000 792 et
1014 733 1415 807 consequentia
1427 729 1898 802 constant.Major

539 825 729 874 autem
760 815 1050 889 probatur.

611 899 702 953 61.
723 897 931 963 Primo,
952 911 1022 951 ex
1038 894 1110 949 iis
1124 909 1252 965 quae
1270 889 1599 948 Adversarii
1614 887 1811 945 docent
1827 885 1898 944 de

537 991 815 1032 consensu
846 975 907 1031 in
936 978 1082 1030 statu
1114 973 1399 1037 absoluto;
1429 970 1564 1043 quia
1600 974 1720 1025 esto
1746 966 1896 1041 quod

537 1057 585 1111 si
616 1059 762 1113 Deus
791 1055 1063 1129 ignorans
1093 1052 1352 1107 futurum
1375 1055 1645 1108 eventum
1667 1049 1898 1106 confer-

536 1141 625 1192 ret
647 1134 873 1192 homini
899 1132 1146 1206 gratiam
1178 1146 1319 1204 pure
1345 1129 1770 1186 indifferentem
1798 1142 1899 1185 an-

536 1215 858 1273 tecedenter
904 1213 973 1270 ad
1014 1227 1375 1276 consensum,
1410 1215 1592 1283 posset
1628 1208 1808 1282 sequi,
1841 1212 1898 1264 et

535 1294 830 1352 multoties
881 1298 1215 1364 sequeretur
1261 1304 1569 1346 consensus
1615 1287 1898 1358 indepen-

534 1377 736 1434 denter
760 1393 793 1433 a
813 1376 998 1449 gratia
1020 1370 1419 1430 antecedenter
1438 1371 1645 1428 efficaci
1665 1369 1898 1427 efficaci-

532 1466 649 1517 tate
690 1457 1025 1515 infallibilis
1062 1454 1473 1519 connexionis3
1512 1451 1897 1509 nihilominus

532 1541 582 1597 si
619 1542 767 1596 Deus
795 1539 875 1594 ita
908 1553 968 1593 se
992 1540 1233 1610 gereret,
1266 1548 1426 1594 caeco,
1457 1538 1514 1589 et
1541 1529 1896 1604 imprudenti

534 1620 704 1677 modo
730 1621 1115 1683 concurreret,
1143 1612 1446 1672 nesciendo
1474 1612 1740 1669 videlicet
1758 1609 1895 1683 quid

533 1717 606 1758 ex
651 1700 775 1774 ejus
824 1696 1179 1754 indifferenti
1235 1710 1510 1751 concursu
1565 1689 1895 1765 ponendum

533 1783 719 1840 foret:
766 1786 821 1837 et
860 1779 996 1852 quia
1037 1775 1393 1849 impossibile
1431 1780 1532 1839 est,
1563 1772 1711 1846 quod
1749 1773 1897 1829 Deus

536 1861 804 1935 praedicto
844 1858 1012 1915 modo
1052 1860 1375 1922 concurrat,
1416 1859 1714 1927 propterea
1741 1866 1897 1908 asse-

537 1948 673 1999 runt
711 1937 1042 1996 Adversarii
1093 1936 1471 1994 necessariam
1500 1949 1623 1990 esse
1646 1934 1894 2008 gratiam

531 2024 809 2083 efficacem
824 2020 1149 2077 efficacitate
1168 2016 1499 2074 infallibilis
1520 2014 1897 2071 connexionis

530 2122 660 2164 cum
687 2104 906 2169 effectu,
937 2117 1106 2175 quem
1136 2102 1283 2156 Deus
1323 2097 1604 2163 intendit;
1636 2097 1780 2152 alias
1807 2096 1891 2153 ef-

529 2188 704 2243 fectus
730 2184 830 2240 ille
851 2198 967 2239 non
990 2177 1338 2253 dependeret
1360 2195 1391 2235 a
1414 2176 1781 2251 providentia
1802 2174 1896 2231 di-

524 2268 684 2330 vina,
715 2269 772 2320 et
789 2267 935 2319 esset
962 2266 1166 2333 praeter
1184 2259 1285 2316 Dei
1307 2255 1896 2327 intentionem.Atqui
1921 2296 1922 2299 η

528 2350 676 2402 Deus
728 2341 1050 2416 praevidens
1111 2354 1211 2411 per
1273 2338 1577 2395 scientiam
1644 2333 1894 2391 mediam

529 2430 678 2484 hanc
712 2424 1014 2481 veritatem
1043 2442 1056 2477 ε
1084 2419 1154 2478 Si
1181 2421 1560 2476 constituerem
1587 2416 1810 2473 Petrum
1835 2418 1897 2470 in

532 2507 637 2563 tali
675 2522 860 2561 rerum
896 2502 1104 2566 ordine,
1148 2507 1198 2555 et
1237 2517 1362 2555 cum
1399 2500 1586 2569 qratia
1621 2499 1897 2551 excitante

533 2604 800 2650 vocarem,
827 2584 1177 2647 consentiret,·
1197 2579 1354 2636 videt
1373 2580 1745 2651 semetipsum
1767 2591 1898 2633 con-

532 2674 862 2727 currentem
907 2664 977 2722 ad
1017 2665 1193 2721 talem
1232 2676 1597 2725 consensum,
1631 2665 1693 2715 ut
1729 2675 1799 2715 ex
1838 2674 1899 2715 se

532 2752 788 2807 constat:
820 2760 955 2819 ergo
980 2741 1133 2799 videt
1155 2739 1527 2812 semetipsum
1556 2737 1896 2796 influentem

498 2824 501 2827 ’
533 2834 595 2890 in
618 2842 957 2889 consensum
986 2822 1177 2882 media
1203 2822 1389 2899 gratia
1416 2820 1625 2880 efficaci
1652 2819 1899 2879 efficacia

533 2907 866 2968 infallibilis
892 2903 1273 2964 connexionis
1302 2901 1689 2958 antecedentis
1722 2922 1734 2957 ε
1763 2914 1898 2973 ergo

537 3004 845 3049 consensus
860 2987 925 3043 in
945 2989 1094 3042 statu
1116 2981 1506 3039 conditionate
1527 2978 1806 3053 dependet
1827 2977 1898 3035 ab

534 3068 861 3147 hujusmodi
878 3065 1303 3141 gratia.Caetera
1319 3065 1597 3118 constant.
1618 3062 1688 3114 Et
1710 3059 1900 3132 prima

534 3149 958 3223 consequentia,
982 3147 1043 3201 in
1064 3159 1176 3217 qua
1199 3147 1418 3216 poterat
1439 3156 1561 3198 esse
1572 3139 1894 3204 difficultas,

535 3233 766 3290 videtur
813 3227 1148 3292 manifesta3
1197 3223 1473 3297 quoniam
1522 3224 1668 3277 Deus
1703 3221 1900 3293 nequit

539 3310 856 3388 praevidere
875 3324 937 3365 se
961 3319 1303 3363 concurrere
1325 3301 1397 3359 ad
1417 3299 1898 3365 consensum,nisi

537 3408 816 3452 concursu
845 3388 957 3446 sibi
989 3385 1283 3460 possibili:
1309 3383 1409 3440 sed
1436 3381 1791 3455 impossibile
1816 3385 1902 3438 est

537 3472 687 3547 quod
731 3473 1054 3532 concurrat,
1102 3466 1216 3521 nisi
1253 3462 1444 3520 media
1483 3463 1667 3536 gratia
1693 3460 1899 3519 efficaci

536 3552 864 3611 efficacitate
880 3543 1215 3604 infallibilis
1231 3542 1608 3601 connexionis
1627 3557 1757 3597 cum
1771 3554 1902 3598 con-

538 3650 739 3699 sensu3
771 3645 908 3687 nam
949 3641 1254 3684 concursus
1296 3624 1467 3681 aliter
1509 3624 1792 3695 praestitus
1817 3625 1903 3680 est

538 3732 732 3781 caecus,
777 3718 833 3770 et
859 3708 1214 3783 imprudens,
1245 3712 1303 3764 et
1343 3711 1550 3779 praeter
1576 3707 1673 3762 Dei
1704 3705 1902 3761 inten-

541 3800 790 3862 tionem;
821 3799 988 3866 atque
1010 3789 1137 3848 ideo
1163 3792 1247 3846 est
1266 3787 1607 3861 simpliciter
1629 3785 1903 3859 impossi-

544 3879 697 3943 bilis,
730 3882 792 3932 ut
831 3873 941 3946 ipsi
984 3869 1316 3928 Adversarii
1362 3869 1424 3924 in
1463 3873 1611 3924 statu
1642 3866 1903 3924 absoluto

543 3962 796 4017 fatentur
824 3968 996 4029 :ergo
1021 3965 1330 4009 consensus
1356 3948 1419 4004 in
1438 3953 1588 4004 statu
1615 3947 1904 4005 conditio-

544 4046 678 4098 nato
705 4033 1052 4111 praevidetur
1077 4028 1400 4102 dependere
1425 4043 1458 4082 a
1483 4028 1671 4101 gratia
1694 4026 1901 4083 efficaci

543 4119 869 4179 efficacitate
894 4109 1299 4176 antecedentis,
1325 4113 1380 4163 et
1402 4106 1737 4163 infallibilis
1761 4121 1904 4164 con-

544 4199 811 4259 nexionis
837 4211 966 4252 cum
996 4193 1118 4264 ipso
1135 4203 1433 4246 consensu.

617 4279 884 4341 Secundo,
916 4277 1063 4329 Deus
1104 4267 1423 4342 praevidens
1450 4267 1596 4323 hanc
1618 4266 1903 4324 conditio-

546 4366 768 4422 nalem:
787 4358 856 4417 Si
877 4357 1073 4415 Petrus
1092 4352 1508 4406 constitueretur
1526 4350 1703 4404 intuli
1719 4367 1902 4406 rerum

544 4445 753 4508 ordine,
778 4446 826 4494 et
852 4453 975 4493 mea
996 4433 1185 4504 qratia
1210 4437 1514 4493 vocaretur,
1545 4432 1868 4486 consentiret
1885 4449 1904 4486 :

544 4527 636 4584 vel
667 4519 936 4598 praevidet
964 4527 1303 4572 consensum
1332 4510 1717 4569 conditionate
1742 4511 1902 4568 futu-

548 4624 677 4666 rum
708 4596 1159 4673 independenter
1199 4609 1231 4649 a
1256 4607 1532 4649 concursu
1561 4590 1777 4660 divino,
1809 4593 1902 4649 vel

543 4683 931 4762 dependenter
958 4676 1028 4734 ab
1062 4675 1185 4732 illo.
1218 4673 1480 4728 Primum
1510 4671 1621 4729 dici
1652 4689 1769 4731 non
1798 4689 1904 4745 po-

543 4775 691 4830 test:
734 4773 852 4823 tum
881 4760 1016 4835 quia
1054 4770 1360 4815 consensus
1384 4759 1626 4820 creatus,
1669 4771 1799 4811 cum
1826 4755 1903 4811 sit

541 4868 646 4910 ens
676 4864 775 4922 per
792 4837 1306 4919 participationem,
1333 4835 1607 4906 importat
1631 4836 1902 4893 essentia-

542 4925 661 4989 lem
689 4921 1128 4999 dependentiam
1152 4933 1184 4973 a
1205 4931 1481 4973 concursu
1502 4913 1704 4972 divino
1732 4937 1745 4971 :
1775 4920 1898 4971 tum

539 5013 765 5087 quiaex
787 5004 1043 5079 opposito
1071 4998 1252 5064 fieret,
1274 4996 1423 5069 quod
1453 4994 1749 5069 purificata
1767 5012 1900 5055 con·

2029 567 2266 635 ditione,
2294 573 2602 641 poneretur
2622 582 2928 625 consensus
2950 568 3175 621 creatus
3202 561 3267 618 in
3296 576 3400 619 re·

2032 664 2164 705 rum
2206 654 2414 704 natura
2442 647 2895 720 independenter
2933 643 3004 702 ab
3030 642 3259 700 influxu
3289 641 3436 698 Dei-

2005 733 2155 785 -actu
2197 730 2437 803 agentis,
2467 727 2618 801 quod
2645 733 2729 785 est
2754 726 2996 784 omnino
3023 725 3254 780 falsum.
3287 721 3398 777 Di-

1937 876 1944 882 .
2028 808 2273 866 cendum
2314 825 2450 884 ergo
2492 815 2577 866 est
2618 807 2950 874 secundum,
2998 819 3206 877 nempe
3238 802 3395 875 quod

2028 904 2336 945 consensus
2354 887 2735 962 praevideatur
2754 886 3140 945 conditionate
3162 884 3396 939 futurus

2028 967 2418 1041 dependenter
2465 986 2498 1026 a
2541 985 2818 1026 concursu
2861 967 2981 1031 Dei,
3013 981 3076 1021 ac
3123 962 3389 1037 proinde,

2029 1049 2179 1125 quod
2225 1051 2327 1108 ille
2376 1067 2682 1109 concursus
2734 1048 3060 1122 implicetur
3111 1062 3181 1103 ex
3229 1050 3393 1117 parte

2028 1131 2394 1197 conditionis,
2422 1149 2453 1189 a
2472 1149 2584 1206 qua
2603 1147 2914 1189 consensus
2930 1127 3275 1203 praevidetur
3295 1124 3394 1182 de·

2032 1212 2297 1286 pendere.
2330 1216 2399 1270 Et
2445 1220 2579 1270 tunc
2619 1214 2863 1270 ulterius
2908 1208 3278 1281 inquirimus,
3309 1222 3391 1264 an

2031 1295 2132 1351 ille
2156 1311 2463 1353 concursus
2489 1294 2725 1351 divinus
2744 1294 2819 1350 sit
2838 1308 3031 1357 caecuS,
3062 1295 3117 1347 et
3156 1290 3392 1361 impru-

2028 1372 2189 1440 dens,
2220 1374 2470 1432 inssuens
2510 1380 2715 1449 praeter
2742 1372 3121 1429 intentionem
3158 1368 3220 1424 in
3245 1384 3392 1425 con-

2029 1470 2311 1522 sensum;
2361 1456 2452 1513 vel
2498 1455 2574 1511 sit
2620 1453 2909 1527 providuS,
2965 1456 3022 1508 et
3069 1446 3388 1505 secundum

2029 1536 2413 1595 intentionem
2430 1539 2458 1593 ⁴?
2478 1537 2536 1592 Si
2563 1537 2809 1611 eligatur
2831 1534 3107 1607 primum,
3130 1530 3392 1603 sequitur

2029 1617 2200 1673 illum
2214 1618 2314 1675 Dei
2329 1633 2668 1674 concursum
2684 1632 2804 1674 esse
2819 1614 2927 1688 ipsi
2945 1608 3386 1685 impossibilem,

2029 1703 2555 1774 et-repugnantem3
2585 1714 2713 1755 cum
2758 1699 3033 1769 repugnet
3068 1694 3181 1748 Deo
3219 1692 3393 1765 igno-

2031 1784 2249 1839 ranter.
2280 1783 2448 1852 atque
2485 1778 2885 1852 imprudenter
2922 1788 3305 1833 concurrere:
3333 1778 3392 1829 et

2027 1865 2441 1931 consequenter
2487 1855 2898 1932 praevidebitur
2940 1869 3251 1912 consensus
3286 1868 3392 1925 po-

2030 1939 2252 2019 nendus
2289 1938 2676 2013 dependenter
2717 1956 2751 1996 a
2774 1935 3019 2010 quadam
3060 1933 3392 2003 conditione

2028 2020 2400 2093 impossibili.
2424 2024 2545 2086 Quo
2566 2019 2704 2094 quid
2729 2016 3069 2076 absurdius?
3095 2015 3153 2070 Si
3195 2019 3391 2071 autem

2028 2102 2276 2175 eligatur
2331 2099 2666 2166 secundum,
2726 2099 3001 2157 habemus
3065 2097 3391 2162 intentum;

2028 2183 2165 2255 quia
2212 2183 2410 2255 nequit
2450 2184 2597 2239 Deus
2632 2195 2974 2238 concurrere
3018 2176 3308 2251 prudenti,
3339 2180 3399 2232 et

2032 2261 2271 2337 provido
2312 2260 2497 2328 modo,
2531 2261 2644 2318 nisi
2669 2278 2770 2334 per
2797 2260 2986 2316 media
3013 2256 3257 2315 efficacia
3284 2270 3397 2313 an-

2030 2342 2371 2408 tecedenter,
2422 2347 2477 2399 et
2523 2340 2920 2399 infallibiliter
2965 2354 3223 2396 connexa
3258 2351 3394 2393 cum

2029 2422 2226 2480 effectu
2258 2439 2292 2478 a
2316 2438 2378 2479 se
2405 2422 2625 2479 intento
2651 2420 3069 2492 (undecumque
3094 2419 3213 2475 haec
3249 2431 3396 2473 con-

2031 2505 2203 2563 nexio
2228 2504 2552 2576 proveniat)
2581 2510 2643 2560 ut
2671 2502 3001 2561 Adversarii
3034 2514 3244 2575 negare
3270 2513 3395 2554 non

2030 2586 2243 2659 audent
2268 2586 2331 2642 in
2372 2591 2519 2642 statu
2547 2585 2805 2644 absoluto
2831 2610 2845 2644 ι
2874 2600 3009 2659 ergo
3031 2598 3147 2640 non
3177 2580 3397 2653 praevi-

2029 2665 2198 2723 detur
2235 2681 2543 2723 consensus
2581 2664 2966 2723 conditionate
2993 2663 3240 2728 futuruS,
3272 2661 3392 2717 nisi

2031 2745 2420 2819 dependenter
2441 2761 2472 2802 a
2499 2747 2682 2820 gratia
2708 2745 2916 2803 efficaci
2944 2743 3184 2802 efficacia
3210 2741 3397 2798 infal-

2032 2828 2213 2887 libilis
2245 2828 2638 2887 connexionis.
2671 2829 2740 2883 Et
2782 2832 2975 2885 tamen
3004 2827 3119 2883 haec
3143 2823 3397 2882 efficacia

2033 2928 2151 2969 non
2176 2909 2456 2983 dependet
2476 2927 2509 2967 a
2533 2910 2773 2967 scientia
2815 2908 3026 2973 media,
3057 2923 3181 2980 quae
3223 2912 3399 2964 ante·

2030 2992 2296 3052 cedenter
2324 2992 2487 3049 illam
2518 2991 2855 3066 praevideat3
2900 2991 3044 3046 alias
3081 2990 3143 3045 in
3183 2987 3398 3045 infini-

2033 3079 2156 3130 tum
2199 3071 2633 3145 procederemus
2678 3094 2691 3129 ε
2738 3086 2875 3146 ergo
2918 3068 3161 3126 scientia
3199 3066 3400 3124 media

2033 3170 2136 3212 nec
2182 3153 2517 3226 requiritur,
2563 3168 2666 3209 nec
2702 3149 2955 3208 deservit
2984 3147 3054 3205 ad
3093 3147 3399 3220 explican-

2032 3233 2166 3291 dam
2193 3249 2393 3292 veram
2413 3233 2613 3308 gratiae
2635 3230 2965 3289 efficaciam.
2990 3231 3181 3301 Itaque
3206 3228 3300 3284 vel
3329 3228 3398 3284 in

2033 3315 2139 3373 illa
2178 3314 2523 3379 conditione,
2553 3328 2662 3385 qua
2706 3310 2886 3384 posita
2918 3314 3224 3382 poneretur
3249 3323 3398 3365 con-

2032 3412 2236 3453 sensus
2261 3401 2554 3460 creaturae,
2590 3410 2706 3452 non
2734 3393 3057 3450 involvitur
3082 3406 3400 3447 concursus

2035 3476 2164 3544 Dei;
2207 3483 2263 3534 et
2301 3477 2381 3533 sic
2409 3481 2526 3532 tam
2553 3474 2823 3539 conditio,
2855 3488 3028 3546 quam
3055 3473 3294 3529 eventus
3321 3468 3399 3527 ab

2033 3574 2101 3616 ea
2138 3557 2467 3632 dependens
2503 3562 2639 3612 sunt
2666 3553 3079 3628 impossibiles;
3112 3556 3399 3626 repugnat

2033 3639 2243 3712 quippe
2271 3636 2500 3711 aliquod
2526 3654 2630 3694 ens
2654 3642 2910 3694 creatum
2940 3631 3334 3706 independens
3363 3647 3398 3687 a

2037 3718 2136 3774 Dei
2162 3717 2384 3775 influxu
2411 3741 2425 3776 z
2450 3717 2543 3774 vel
2566 3716 2898 3788 implicatur
2917 3727 3222 3770 concursus
3247 3709 3400 3766 divi-

2036 3814 2164 3864 nus,
2213 3797 2313 3855 sed
2353 3813 2471 3857 non
2510 3813 2802 3854 connexus
2839 3811 2969 3852 cum
3009 3798 3237 3860 eventu,
3292 3805 3402 3847 nec

2035 3880 2206 3936 illum
2221 3874 2522 3944 'inferens3
2545 3884 2603 3936 et
2629 3883 2763 3935 tunc
2790 3874 3135 3951 praevidetur
3160 3889 3402 3931 concur-

2033 3975 2130 4016 sus
2145 3959 2245 4016 Dei
2265 3975 2458 4025 caecus,
2476 3958 2854 4031 improvidus,
2870 3963 2924 4014 et
2946 3973 2978 4012 a
2999 3970 3149 4021 casu,
3168 3958 3224 4010 et
3246 3968 3402 4026 prae-

2035 4045 2124 4097 ter
2159 4040 2577 4104 intentionem;
2607 4037 2756 4111 quod
2782 4037 2957 4095 etiam
2998 4040 3085 4092 est
3125 4033 3401 4107 impossi-

2038 4118 2152 4175 bile
2197 4139 2211 4174 ε
2268 4119 2360 4176 vel
2411 4117 2660 4190 denique
2707 4117 3040 4188 implicatur
3089 4127 3403 4170 concursus

2033 4203 2241 4264 certus,
2271 4203 2329 4255 et
2356 4196 2750 4254 infallibiliter
2775 4196 3108 4270 conjunctus
3149 4206 3279 4248 cum
3305 4190 3402 4247 et·-

2035 4277 2202 4342 fectu,
2245 4278 2344 4349 qui
2386 4276 2616 4332 iuturus
2660 4281 2843 4341 esset;
2891 4280 2949 4330 et
2991 4273 3074 4328 sic
3118 4270 3404 4328 habemus

2036 4357 2326 4414 intentum
2353 4378 2366 4412 ε
2398 4372 2532 4413 nam
2558 4357 2677 4430 jam
2704 4352 3104 4412 antecedenter
3123 4350 3195 4408 ad
3216 4348 3402 4407 direc-

2035 4437 2251 4494 tionem
2273 4437 2524 4493 scientiae
2551 4434 2754 4492 mediae
2782 4432 3128 4508 praevidetur
3146 4445 3397 4487 concur-

2033 4534 2130 4574 sus
2174 4519 2271 4576 Dei
2311 4517 2506 4574 efficax
2530 4517 2856 4574 efficacitate
2895 4510 3227 4571 infallibilis
3249 4526 3397 4568 eon-

2036 4598 2318 4663 nexionis,
2342 4602 2399 4655 et
2425 4602 2611 4654 actum
2638 4595 2885 4653 liberum
2907 4609 3164 4651 causans

2107 4681 2203 4735 62.
2253 4678 2452 4746 Tertio,
2501 4679 2635 4751 quia
2682 4677 2811 4734 ideo
2847 4678 3056 4733 Suarez
3108 4673 3198 4730 tib.
3249 4672 3290 4726 3
3327 4672 3632 4771 dePffitffltur

2033 4760 2291 4825 auaeiliis,
2322 4777 2446 4831 cap.
2473 4763 2529 4824 7,
2548 4764 2603 4815 et
2629 4757 3015 4814 communiter
3042 4753 3144 4811 alii
3166 4749 3397 4807 Adver-

2032 4840 2172 4896 sarii
2197 4855 2314 4896 non
2336 4836 2548 4895 audent
2567 4836 2891 4901 admittere,
2912 4833 3062 4907 quod
3080 4849 3152 4891 ex
3172 4830 3398 4888 duobus

2032 4917 2370 4975 hominibus
2398 4916 2703 4991 praeventis
2728 4914 2966 4980 eisdem,
2996 4919 3054 4970 et
3077 4911 3399 4985 aequalibus

2032 4999 2287 5066 auxiliis,
2332 5004 2450 5056 tam
2492 4997 2554 5053 in
2593 5012 2714 5053 esse
2748 4995 2916 5060 entis,
2947 5008 3120 5067 quam
3165 4993 3229 5048 in
3268 5006 3399 5047 esse

3163 5072 3391 5146 gratim,
