3647 5753
508 374 626 429 794

308 549 461 592 sonet.
506 560 602 601 ma
624 552 734 601 art.
770 547 814 613 1,
846 549 878 615 §
899 545 1035 603 Alia
1063 550 1349 612 sententia,
1400 550 1581 606 Gonet
1625 551 1764 624 disp.
1811 553 1870 620 2,

506 633 616 681 art.
648 630 704 695 7,
730 628 976 693 concl.2,
1019 633 1076 683 et
1123 630 1248 685 alii.
1297 631 1713 705 Colligiturque
1754 650 1873 692 non

505 703 873 763 inefficaciter
891 724 962 765 ex
987 710 1051 764 D.
1078 709 1283 767 Thom.
1318 710 1381 767 in
1426 714 1695 783 praesenti
1727 715 1871 770 arti-

502 788 630 843 culo
657 790 713 855 63
746 804 883 845 nam
913 790 975 845 in
1000 791 1183 864 priori
1207 798 1374 867 negat
1416 792 1690 859 absolute,
1721 794 1872 867 quod

503 868 676 926 homo
709 869 821 925 sibi
844 878 1139 929 mereatur
1166 874 1422 947 primam
1445 875 1691 947 gratiam
1709 876 1873 949 justi-

503 949 809 1019 ficantem;
864 952 929 1009 in
992 956 1295 1025 posteriori
1348 964 1539 1014 autem
1590 956 1866 1026 concedit,

502 1031 655 1103 quod
678 1033 864 1105 justus
899 1034 1063 1090 illam
1107 1036 1275 1093 alteri
1316 1044 1573 1095 meretur
1618 1037 1689 1096 de
1731 1055 1872 1096 con-

504 1129 685 1187 gruo:
716 1129 852 1187 ergo
877 1115 1111 1189 signum
1132 1122 1238 1184 est,
1268 1117 1418 1190 quod
1450 1119 1511 1174 in
1558 1120 1738 1193 priori
1766 1135 1872 1177 ex-

508 1193 689 1249 cludit
735 1210 849 1251 non
895 1196 1084 1253 solum
1133 1199 1408 1255 meritum
1458 1201 1528 1257 de
1567 1201 1866 1276 condigno,

299 1303 347 1392 L·
393 1349 447 1392 cu
511 1274 609 1331 sed
637 1276 811 1331 etiam
842 1275 911 1332 de
936 1292 1186 1352 congruo
1213 1282 1446 1353 proprie
1484 1288 1731 1354 sumpto.
1760 1287 1871 1340 Fa-

325 1352 392 1395 'on
454 1381 465 1391 .

297 1398 488 1447 mmm·
516 1361 610 1412 vet
635 1357 810 1412 etiam
854 1358 1171 1416 authoritas
1217 1362 1457 1418 Concilii
1504 1364 1864 1431 Tridentini:

515 1453 653 1493 nam
675 1454 803 1493 sess.
835 1439 890 1502 6,
922 1456 1044 1511 cap.
1064 1442 1117 1508 8,
1145 1440 1319 1508 docet,
1362 1443 1509 1515 quod
1540 1444 1666 1503 ideo
1690 1446 1869 1521 gratis

504 1517 810 1591 justificari
833 1517 1049 1575 dicimu
1060 1537 1105 1587 r,
1125 1522 1259 1593 quia
1276 1539 1379 1579 nec
1397 1522 1554 1591 tides,
1573 1542 1677 1582 nec
1696 1542 1870 1599 opera

508 1614 632 1672 quae
649 1597 1119 1673 justificationem
1144 1603 1483 1673 praecedunt,
1504 1605 1869 1680 justificatio-

506 1681 599 1737 nis
621 1682 869 1756 gratiam
910 1693 1348 1754 promerentur:
1391 1686 1489 1742 ubi
1514 1688 1786 1749 absolute.
1812 1695 1870 1746 et

501 1762 632 1818 sine
653 1761 1024 1819 distinctione
1063 1779 1236 1823 omne
1276 1768 1550 1823 meritum
1593 1769 1862 1827 excludit.

504 1842 665 1907 Quod
696 1842 766 1898 ad
796 1845 993 1900 minus
1016 1844 1431 1904 verificandum
1459 1857 1543 1905 est
1564 1848 1634 1906 de
1660 1851 1869 1908 merito

503 1923 739 1996 proprie
765 1931 1015 1996 sumpto,
1047 1925 1171 1981 sive
1195 1927 1270 1981 sit
1314 1928 1383 1985 de
1416 1927 1717 2004 condigno,
1747 1934 1870 1988 sive

501 2004 572 2062 de
618 2020 895 2079 congruo.
941 2007 1109 2063 Ratio
1160 2007 1411 2082 denique
1453 2010 1753 2086 desumpta
1795 2029 1870 2071 ex

501 2086 768 2159 proxime
795 2084 963 2142 dictis
1007 2088 1160 2144 idem
1209 2089 1447 2146 suadet:
1495 2094 1768 2164 quoniam
1797 2094 1868 2151 ad

498 2168 778 2224 meritum
809 2165 879 2224 de
907 2185 1160 2245 congruo
1194 2172 1444 2245 proprie,
1471 2179 1529 2230 et
1560 2175 1869 2233 intrinsece

499 2251 611 2306 tale
652 2266 768 2307 non
815 2250 1042 2317 sufficit,
1085 2252 1235 2326 quod
1282 2270 1424 2328 opus
1464 2256 1670 2314 habeat
1708 2259 1770 2314 in
1807 2274 1870 2316 se

499 2331 752 2402 aliquam
804 2334 1242 2404 proportionem
1285 2352 1416 2392 cum
1467 2339 1727 2411 praemio,
1770 2338 1869 2400 sed

498 2411 738 2484 insuper
776 2410 1158 2481 desideratur,
1187 2415 1339 2487 quod
1371 2418 1648 2491 importet
1666 2420 1760 2493 jus
1798 2420 1870 2477 ad

499 2491 665 2556 illud,
700 2491 1004 2550 fundatum
1032 2496 1239 2551 saltem
1265 2497 1329 2552 iu
1352 2497 1546 2556 debito
1571 2501 1870 2570 amicitiae3

498 2580 664 2646 atque
691 2572 819 2631 ideo
846 2575 916 2631 ad
950 2577 1282 2648 praedictum
1318 2583 1595 2639 meritum
1619 2585 1872 2658 requiri-

496 2659 591 2709 tur
633 2668 750 2710 non
801 2656 991 2711 solum
1040 2657 1294 2731 dignitas
1320 2661 1534 2733 operis,
1566 2664 1664 2720 sed
1693 2667 1869 2725 etiam

497 2732 770 2807 dignitas,
802 2739 860 2790 et
901 2737 1160 2794 amicitia
1205 2756 1278 2796 ex
1331 2747 1493 2814 parte
1537 2747 1868 2816 operantis:

499 2818 719 2871 constat
743 2819 956 2884 autem,
990 2816 1291 2874 hominem
1335 2826 1469 2879 ante
1503 2823 1870 2898 justificatio-

502 2911 637 2953 nem
669 2911 786 2952 non
828 2912 950 2954 esse
991 2900 1091 2955 Dei
1134 2902 1406 2970 amicum,
1435 2919 1537 2961 nec
1564 2905 1776 2965 habere
1807 2910 1870 2967 in

501 2991 563 3034 se
588 2977 779 3033 ullum
808 2978 1069 3035 valorem
1101 2984 1483 3054 personalem,
1510 3003 1639 3044 cum
1665 3006 1872 3063 suppo-

503 3062 679 3115 natur
705 3059 799 3115 vel
845 3060 1092 3119 existere
1135 3063 1198 3119 in
1242 3071 1483 3137 peccato,
1526 3069 1620 3125 vel
1664 3072 1867 3129 saltem

504 3155 608 3213 pro
636 3140 740 3196 illo
777 3139 960 3213 priori
998 3144 1246 3202 existere
1299 3146 1429 3205 sine
1465 3151 1691 3222 gratia:
1734 3169 1872 3229 ergo

504 3237 700 3294 opera,
733 3228 857 3296 qu'ae
871 3223 1338 3297 justificationem
1363 3233 1724 3302 antecedunt,
1752 3251 1870 3295 non

505 3311 811 3360 merentur
856 3305 926 3363 de
973 3307 1121 3366 facto
1164 3312 1414 3385 gratiam
1456 3315 1868 3387 justificantem

506 3384 717 3440 merito
737 3382 807 3440 de
829 3401 1081 3460 congruo
1106 3392 1338 3463 proprie
1358 3401 1603 3467 sumpto.

578 3468 633 3523 6.
681 3467 764 3522 Ex
805 3466 1011 3540 quibus
1059 3468 1484 3533 facile'constat
1535 3480 1604 3535 ad
1654 3481 1870 3540 motiva

302 3550 466 3637 cggtgstj
506 3563 610 3620 pro
636 3549 927 3608 contrario
953 3550 1180 3609 dicendi
1224 3555 1393 3613 modo
1434 3559 1613 3617 relata
1633 3586 1647 3629 ;
1677 3565 1867 3620 solum

315 3647 462 3688 untur.
503 3632 663 3688 enim
693 3632 953 3698 suadent,
987 3650 1162 3707 opera
1190 3640 1568 3711 praecedentia
1585 3645 1868 3719 justifica-

504 3712 722 3769 tionem
753 3714 967 3769 mereri
999 3716 1251 3787 primam
1270 3723 1520 3794 gratiam
1543 3725 1868 3798 justifican-

309 3494 466 3538 motiva

502 3797 618 3849 tem
648 3794 857 3850 merito
883 3793 954 3851 de
993 3812 1246 3870 congruo
1274 3801 1614 3877 improprie,
1661 3813 1719 3864 et
1761 3824 1868 3866 ex·
1905 3835 1908 3836 ⁷

502 3874 750 3930 trinsece
769 3874 890 3939 tali,
912 3875 1063 3948 quod
1077 3878 1264 3934 solum
1278 3880 1417 3939 dicit
1433 3888 1863 3959 proportionem

500 3971 571 4012 ex
600 3960 760 4028 parte
787 3958 998 4027 operis,
1033 3971 1150 4015 non
1192 3977 1331 4020 vero
1376 3964 1736 4040 dignitatem,
1771 3974 1865 4029 vel

496 4038 590 4109 jus
611 4035 843 4107 aliquod
868 4036 1250 4096 intrinsecum
1272 4058 1341 4100 ex
1373 4053 1533 4118 parte
1561 4053 1856 4110 merentia.

507 4116 667 4173 Unde
713 4131 830 4172 non
876 4124 1098 4189 oportet
1136 4121 1382 4198 singulis
1422 4128 1485 4185 in
1527 4133 1861 4202 particulari

500 4212 818 4255 occurrere.
847 4200 915 4252 Et
935 4198 1134 4258 eadem
1166 4203 1565 4279 interpretatio
1586 4212 1864 4271 adhiben-

280 4287 338 4332 D.
359 4288 461 4340 Aug.
499 4280 573 4337 da
596 4284 682 4337 est
708 4282 769 4334 D.
800 4281 1035 4354 August.
1061 4286 1221 4356 epist.
1255 4288 1374 4355 105,
1398 4290 1498 4347 ubi
1529 4294 1609 4349 ait
1638 4295 1862 4374 :Neque

497 4365 621 4435 ipsa
662 4362 911 4416 remissio
933 4372 1281 4433 peccatorum
1317 4372 1435 4426 sine
1453 4373 1641 4452 aliquo
1667 4380 1861 4435 merito

493 4450 591 4509 est,
618 4443 669 4497 si
676 4443 808 4513 fides
827 4444 971 4498 hanc
991 4446 1249 4518 impetrat
1262 4467 1283 4517 ,·
1303 4466 1469 4525 neque
1483 4456 1628 4510 enim
1643 4458 1860 4516 nullum

494 4531 570 4578 est
597 4526 855 4578 meritum
881 4524 1027 4595 fidei.
1074 4526 1351 4600 Loquitur
1375 4534 1536 4589 enim
1563 4537 1618 4592 S.
1653 4539 1859 4597 Doctor

491 4603 563 4662 de
590 4603 798 4659 merito
843 4619 916 4660 ex
958 4610 1117 4676 parte
1164 4611 1372 4682 operis,
1405 4614 1553 4686 quod
1593 4617 1698 4674 etsi
1739 4619 1859 4677 im·-

493 4683 747 4759 proprie,
775 4683 886 4741 dici
911 4690 1093 4758 potest
1115 4689 1345 4762 aliquod
1368 4695 1643 4754 meritum
1666 4723 1679 4765 ;
1713 4713 1857 4773 prae-

487 4764 690 4823 sertim
714 4780 844 4820 cum
876 4767 1181 4836 praemium
1210 4769 1499 4844 impetrat,
1534 4777 1625 4833 vel
1652 4794 1857 4838 conse-

484 4845 703 4920 quitur.
747 4846 1024 4901 Meritum
1066 4853 1256 4908 autem
1305 4853 1429 4911 sive
1472 4855 1543 4914 de
1576 4873 1849 4934 congruo,

480 4929 607 4983 sive
653 4924 725 4982 de
770 4925 1055 5002 condigno
1106 4939 1362 5003 respectu
1404 4937 1608 5007 primae
1651 4943 1855 5015 gratiae

484 5005 852 5082 justificantis
868 5008 1007 5064 satis
1024 5016 1218 5081 aperte
1238 5015 1492 5072 excludit
1511 5018 1633 5091 ipse
1653 5025 1716 5080 D.
1738 5026 1852 5081 Au-

1565 380 1655 435 os
1697 380 2005 437 PRAEmo
2043 341 2338 440 Mamm.

2006 560 2158 628 gust.
2181 559 2303 610 tum
2330 555 2519 610 eadem
2545 557 2705 628 epist.
2733 561 2856 613 tum
2894 575 3059 631 super
3088 557 3239 615 Psal.
3270 559 3366 625 43,

2004 633 2076 691 ad
2099 635 2202 692 illa
2226 635 2435 693 verba:
2459 634 2509 692 A
2531 637 2675 710 socie
2701 639 2937 704 inimici,
2970 646 3020 693 et
3037 655 3371 717 prosequen-

2004 717 2078 770 tis
2100 734 2119 769 .·
2142 725 2194 772 et
2216 717 2308 773 lib.
2361 719 2416 781 2,
2465 716 2529 771 de
2557 719 2747 786 qratia
2787 719 3020 784 Christi,
3045 738 3171 793 cap.
3200 722 3295 786 2-1,
3317 731 3370 777 et

2002 801 2160 872 epist.
2193 801 2314 869 105,
2340 800 2414 857 ad
2437 800 2688 867 sixtum,
2713 808 2762 855 et
2787 819 2950 859 serm.
2993 803 3077 867 15,
3106 804 3171 858 de
3191 804 3370 861 verbis

2004 881 2197 955 Apost.
2246 891 2296 939 et
2343 882 2435 940 lib.
2479 884 2544 939 de
2585 886 2773 954 qratia
2811 893 2861 941 et
2901 886 3067 941 libero
3107 887 3364 956 arbitrio,

2002 980 2122 1035 cap.
2167 966 2225 1031 ὃς
2267 962 2366 1020 ubi
2407 980 2477 1021 ex
2519 964 2786 1039 pluribus
2838 968 3150 1042 Scriptura:
3203 970 3366 1036 locis,

2000 1061 2128 1119 quae
2161 1046 2513 1120 expenderat
2558 1064 2678 1121 cap.
2711 1050 2766 1114 5,
2814 1049 3142 1107 concludit:
3177 1074 3201 1103 ι
3235 1053 3366 1117 His,

2009 1151 2035 1183 α
2067 1134 2123 1186 et
2150 1129 2362 1187 talibus
2402 1131 2750 1188 testimoniis
2798 1131 3016 1190 divinis
3061 1132 3366 1207 probatur,

2005 1234 2032 1265 α
2066 1214 2313 1288 gratiam
2344 1214 2443 1271 Dei
2472 1231 2590 1272 non
2616 1217 2929 1274 secundum
2964 1235 3138 1292 opera
3165 1226 3374 1278 nostra

2007 1315 2033 1347 α
2062 1293 2226 1361 dari;
2276 1294 2737 1368 quandoquidem
2810 1290 2948 1357 non'
2987 1301 3177 1357 solum
3228 1304 3369 1358 nul-

2008 1398 2033 1430 «
2064 1376 2138 1432 lis
2202 1374 2388 1443 bonis,
2439 1393 2645 1435 verum
2702 1381 2880 1437 etiam
2921 1381 3125 1438 multis
3189 1385 3372 1441 malis

2005 1480 2032 1510 α
2063 1457 2291 1514 meritis
2338 1459 2787 1530 praecedentibus
2832 1462 3094 1519 videmus
3143 1462 3366 1532 datam,

2007 1560 2033 1592 α
2060 1543 2117 1595 et
2161 1537 2417 1611 quotidie
2455 1539 2605 1598 dari.
2635 1562 2659 1593 n
2693 1545 2827 1608 Quae
2856 1544 3002 1600 ratio
3039 1544 3258 1600 militat
3302 1547 3371 1603 in

1999 1622 2183 1695 gratia
2205 1620 2654 1694 justificationis,
2685 1631 2746 1682 ut
2776 1625 2943 1683 facile
2968 1626 3372 1685 consideranti

1999 1701 2297 1760 constabit.

2076 1784 2250 1841 Addit
2276 1786 2455 1842 etiam
2479 1788 2541 1842 D.
2582 1789 2790 1846 Thom.
2815 1789 2877 1844 in
2899 1789 3003 1846 hoc
3027 1790 3275 1848 articulo
3305 1794 3365 1859 5,
3383 1806 3440 1849 n.
3457 1805 3540 1849 m.

2002 1865 2065 1921 in
2095 1881 2245 1938 resp.
2278 1862 2347 1920 ad
2380 1868 2426 1931 1,
2464 1889 2490 1919 «
2523 1868 2671 1941 quod
2698 1871 2844 1926 sicut
2868 1872 3103 1944 August.
3128 1870 3272 1927 dicit
3303 1874 3375 1929 in

2005 1968 2031 1999 «
2064 1945 2214 2003 libro
2261 1948 2568 2005 Retractat.
2620 1949 2743 2022 ipse
2789 1951 3097 2022 aliquando
3140 1951 3210 2008 in
3260 1953 3383 2011 hoc

2006 2049 2032 2079 <t
2065 2026 2177 2083 fuit
2201 2026 2487 2100 deceptus,
2515 2030 2664 2102 quod
2684 2030 2930 2088 credidit
2949 2031 3188 2089 initium
3206 2033 3384 2092 Fidei

2009 2131 2034 2161 «
2063 2124 2185 2165 esse
2204 2124 2275 2165 ex
2292 2108 2479 2178 nobis,
2506 2110 2604 2168 sed
2627 2114 3185 2172 consummationem
3203 2116 3387 2174 nohis

2008 2212 2034 2242 α
2064 2188 2192 2245 dari
2220 2204 2291 2245 ex
2319 2191 2469 2247 Deo:
2499 2191 2648 2263 quod
2685 2194 2805 2266 ipse
2831 2191 3047 2251 ibidem
3075 2201 3382 2255 retractat.

2007 2292 2032 2324 ι
2064 2272 2134 2326 Et
2176 2270 2247 2328 ad
2288 2271 2441 2329 hunc
2486 2289 2721 2330 sensum
2773 2275 3006 2332 videtur
3051 2279 3381 2350 pertinere,

2007 2372 2033 2403 α
2066 2351 2214 2425 quod
2244 2351 2383 2409 fides
2404 2352 2875 2425 justificationem
2905 2364 3217 2416 mereatur.
3251 2380 3278 2411 ι
3309 2362 3387 2416 Et

2001 2439 2433 2506 consequenter,
2492 2433 2639 2507 quod
2686 2440 2921 2511 August.
2983 2437 3090 2493 sub
3152 2441 3388 2512 prioris

2004 2514 2415 2587 propositionis
2444 2516 2846 2575 retractatione
2866 2519 3386 2591 comprehenderit

2002 2594 2177 2650 etiam
2199 2593 2510 2652 secundam
2537 2596 3009 2670 propositionem.
3031 2599 3187 2656 Licet
3208 2602 3384 2658 enim

2006 2673 2288 2746 praedictae
2307 2676 2727 2748 propositiones
2740 2693 2857 2735 non
2873 2677 3183 2735 videantur
3197 2697 3326 2754 aequ
3335 2683 3383 2738 i-

2003 2754 2281 2821 valenteS,
2316 2772 2378 2812 re
2401 2761 2595 2813 tamen
2620 2762 2757 2813 sunt
2782 2764 3061 2831 quantum
3105 2759 3177 2816 ad
3221 2779 3380 2835 prae-

2002 2839 2224 2893 sentem
2291 2838 2599 2894 materiam
2621 2861 2637 2907 3
2691 2839 2965 2912 quoniam
3024 2841 3170 2897 sicut
3230 2841 3380 2901 fides

2003 2919 2269 2976 inchoata
2296 2935 2366 2977 ex
2389 2920 2616 2977 viribus
2637 2928 2859 2979 natura:
2880 2938 2997 2980 non
3020 2923 3194 2982 habet
3219 2926 3381 2983 suffi-

2003 3002 2248 3060 cientem
2299 3004 2753 3075 proportionem,
2805 3009 2868 3060 ut
2907 3013 3204 3064 mereatur
3231 3026 3381 3067 con-

2003 3083 2287 3138 summari
2336 3098 2437 3155 per
2482 3085 2685 3158 gratiae
2723 3083 3009 3142 auxilium
3034 3108 3048 3142 ε
3102 3087 3184 3144 ita
3232 3087 3378 3148 fides

2003 3163 2286 3231 inchoata,
2313 3168 2371 3221 et
2397 3170 2792 3221 consummata
2814 3171 2918 3239 'per
2937 3168 3185 3241 gratiam
3211 3172 3381 3227 auxi-

2003 3243 2246 3299 liantem
2297 3249 2453 3300 caret
2514 3244 2901 3317 proportione,
2961 3252 3023 3302 ut
3073 3256 3377 3307 mereatur

2000 3324 2247 3397 gratiam
2276 3323 2651 3381 habitualem.
2698 3326 2840 3381 Cum
2868 3325 2974 3382 hoc
3007 3331 3205 3386 tamen
3248 3330 3374 3388 dis-

2002 3406 2268 3474 crimine,
2299 3406 2449 3479 quod
2484 3406 2723 3463 initium
2752 3406 2884 3464 fidei
2913 3409 2976 3465 in
3004 3411 3189 3483 priori
3235 3429 3370 3471 casu

1999 3493 2154 3545 caret
2207 3488 2597 3562 proportione,
2654 3492 2772 3546 tam
2818 3504 2889 3545 ex
2931 3495 3093 3562 parte
3148 3495 3368 3566 operis,

1999 3585 2170 3641 quam
2198 3586 2268 3628 ex
2296 3575 2456 3643 parte
2482 3570 2777 3642 operantis
2806 3569 2875 3626 ad
2902 3575 3370 3632 consummatio-

2000 3667 2135 3709 nem
2163 3669 2263 3727 per
2288 3652 2538 3728 gratiam
2559 3675 2573 3720 ;
2598 3651 2741 3709 fides
2767 3660 2958 3710 autem
3000 3655 3063 3710 in
3102 3657 3362 3715 secundo

1998 3749 2130 3790 casu
2183 3751 2300 3792 non
2347 3740 2466 3791 tam
2506 3742 2661 3791 caret
2726 3735 3096 3808 proportione
3145 3738 3368 3810 operis,

1998 3831 2170 3887 quam
2200 3814 2572 3889 proportione
2605 3831 2675 3873 ex
2711 3821 2871 3888 parte
2898 3817 3227 3888 operantis;
3266 3822 3372 3892 qui

1998 3900 2193 3953 tamen
2219 3896 2468 3953 defectus
2488 3895 2694 3952 sufficit
2714 3896 2784 3953 ad
2808 3895 3228 3955 excludendum
3247 3917 3378 3958 me-

1998 3977 2177 4035 ritum
2219 3978 2289 4036 de
2316 3995 2571 4054 congruo
2598 3980 2832 4052 proprie
2858 3979 3073 4046 dictum
3102 3989 3372 4054 respectu

1998 4060 2201 4131 primae
2221 4060 2421 4135 gratiae
2441 4059 2827 4135 justificantis.
2862 4061 3027 4118 Unde
3052 4061 3192 4118 satis
3223 4064 3380 4138 reji-

1995 4141 2228 4197 ciuntur
2254 4158 2380 4214 quae
2406 4144 2574 4216 Vasq.
2601 4147 2654 4199 et
2678 4142 2779 4198 alii
2821 4143 2849 4195 J
2858 4142 3089 4199 uniores
3118 4158 3376 4216 respon-

1994 4226 2167 4290 sioni,
2192 4229 2249 4281 et
2271 4225 2737 4299 interpretationi
2759 4225 3068 4299 Augustini
3098 4240 3130 4281 a
3153 4226 3217 4280 D.
3247 4227 3374 4286 Th.

1993 4304 2219 4362 traditae
2247 4309 2563 4377 opponunt.

2066 4385 2368 4459 Supposito
2395 4386 2591 4461 igitur,
2623 4386 2773 4460 quod
2800 4387 2991 4460 prima
3014 4387 3204 4461 gratia
3246 4387 3372 4445 ba·
3386 4412 3560 4455 m.

1992 4468 2227 4526 bitualis
2255 4486 2373 4528 non
2402 4468 2582 4538 cadat,
2639 4485 2743 4527 nec
2789 4467 2990 4526 cadere
3032 4469 3207 4542 possit
3249 4473 3373 4531 sub
3405 4467 3561 4557 ἓξ

1991 4553 2200 4608 merito
2228 4568 2490 4626 operum,
2522 4568 2649 4625 quae
2678 4551 2863 4624 ipsam
2902 4551 3267 4616 antecedunt,
3299 4562 3373 4612 et

1989 4631 2140 4704 quod
2163 4632 2231 4690 de
2248 4633 2392 4690 tacto
2412 4649 2530 4690 non
2550 4631 2709 4690 cadat
2724 4630 2829 4688 sub
2852 4632 3065 4689 merito
3085 4648 3363 4704 operum,

1989 4728 2112 4785 quae
2140 4712 2210 4769 ad
2240 4714 2423 4787 ipsam
2437 4718 2880 4787 consequuntur,
2897 4711 3216 4770 videndum
3247 4721 3366 4782 est,

1990 4809 2065 4850 an
2085 4794 2289 4851 saltem
2310 4793 2509 4853 cadere
2536 4794 2714 4869 possit
2733 4809 2835 4867 per
2861 4791 3124 4850 divinam
3149 4801 3372 4868 poten-

1988 4873 2129 4930 tiam
2164 4874 2271 4932 sub
2318 4877 2527 4933 merito
2562 4873 2845 4950 condigno
2885 4888 3126 4946 operum
3148 4875 3370 4934 subse-

1987 4955 2284 5027 quentium
2301 4980 2316 5024 ς
2333 4961 2390 5014 et
2410 4955 2472 5013 in
2490 4956 2594 5015 hoc
2610 4959 2723 5013 stat
2743 4958 3017 5029 punctum
3048 4959 3368 5029 praesentis

1988 5035 2354 5096 difficultatis.
2504 5040 2513 5050 “

3227 5116 3301 5171 11.
3326 5119 3364 5185 ἕ
