3647 5753
1487 462 1665 520 DISP.
1710 462 1804 530 111,
1849 463 2014 520 DUB.
2049 465 2116 522 V.

296 625 450 695 finis„
477 646 648 703 quam
672 630 985 690 abstulerat
1006 638 1294 705 peccatum
1322 656 1336 691 ε
1367 639 1488 691 tum
1517 633 1653 707 quia

294 710 570 768 satisfacit
590 714 794 770 saltem
817 714 898 769 im
906 714 1148 787 perfecte
1169 732 1273 789 pro
1294 717 1512 792 injuria
1539 719 1653 773 Deo

297 793 462 850 illata
490 809 591 868 per
618 803 804 852 actum
847 797 1077 869 peccati.
1109 798 1272 855 Unde
1300 799 1432 856 licet
1460 800 1523 855 in
1551 815 1652 856 eo-

296 875 427 934 dem
450 878 689 935 instanti
721 878 1063 936 infundatur
1088 881 1291 956 gratia,
1323 881 1653 940 destruatur

293 960 521 1016 macula
561 960 788 1033 peccati,
821 965 878 1017 et
906 960 1234 1019 remittatur
1262 961 1480 1021 offensa
1507 962 1607 1020 Dei
1633 984 1648 1030 ;

293 1045 489 1098 tamen
513 1040 666 1098 inter
684 1041 951 1116 gratiam,
977 1046 1033 1099 et
1052 1041 1498 1101 destructionem
1522 1059 1647 1099 ma-

291 1124 434 1180 culae
455 1139 527 1181 ex
556 1138 671 1181 una
700 1130 876 1198 parte,
909 1131 965 1182 et
992 1124 1392 1184 remissionem
1419 1127 1652 1184 offensae

289 1220 361 1262 ex
389 1205 521 1274 alia,
550 1205 763 1263 mediat
790 1211 944 1264 actus
971 1206 1353 1276 contritionis,
1385 1208 1482 1282 qui
1509 1225 1652 1282 sup-

293 1287 453 1360 ponit
499 1287 763 1362 gratiam,
795 1293 852 1346 et
892 1288 1335 1347 destructionem
1381 1293 1648 1357 maculas-3

295 1366 575 1425 antecedit
596 1384 733 1425 vero
755 1369 1156 1427 remissionem
1179 1368 1427 1437 offensae,
1461 1372 1653 1428 illam·

291 1463 401 1522 que
426 1448 727 1506 moraliter
767 1448 956 1507 efficit.
1004 1452 1073 1506 Et
1113 1451 1218 1508 hoc
1242 1455 1344 1519 est,
1390 1450 1542 1525 quod
1582 1453 1648 1508 D.

290 1529 497 1588 Thom.
521 1529 771 1587 intendit
793 1530 912 1587 illis
932 1530 1125 1588 verbis
1153 1557 1167 1591 ι
1195 1532 1528 1589 Paenitentia
1548 1550 1653 1590 esc-

285 1613 445 1686 pellit
492 1630 648 1667 omne
671 1619 952 1685 peccatum
995 1614 1251 1686 effective,
1284 1617 1343 1671 in
1382 1621 1653 1692 quantum

287 1699 544 1767 operatur
568 1693 983 1749 destructionem
1002 1696 1229 1768 peccati,
1259 1702 1424 1768 prout
1458 1701 1537 1749 est
1573 1712 1655 1750 re·

292 1777 551 1833 mis-sibile
595 1794 667 1832 ea:
709 1777 905 1832 divina
946 1780 1152 1848 qratia,
1204 1777 1421 1832 homine
1464 1795 1651 1851 coope-

290 1866 468 1916 rante.
494 1860 676 1915 Homo
696 1858 856 1914 enim
878 1860 1023 1915 sicut
1042 1859 1334 1930 cooperari
1359 1873 1478 1915 non
1503 1861 1654 1917 valet

289 1940 582 1999 efficiendo
608 1941 874 2015 gratiam,
900 1941 982 1998 ita
999 1942 1298 2015 cooperari
1330 1957 1447 1997 non
1474 1945 1654 2014 potest

290 2020 583 2079 efficiendo
609 2021 1053 2078 destructionem
1101 2021 1366 2083 maculae3
1394 2036 1655 2093 coopera-

291 2110 386 2161 tur
430 2110 621 2160 autem
670 2103 739 2159 ad
790 2106 1194 2161 remissionem
1244 2103 1653 2176 offensae,‘quae

290 2184 547 2259 sequitur
571 2191 693 2257 post
720 2185 1072 2244 infusionem
1094 2187 1313 2261 gratiae,
1334 2192 1389 2243 et
1417 2186 1656 2243 maculas

292 2265 758 2324 destructionem.
809 2270 943 2332 Quae
985 2267 1367 2344 intelligenda
1393 2274 1549 2334 sunt,
1594 2274 1656 2323 ut

289 2347 410 2421 jam
457 2345 931 2420 significavimus,
985 2348 1054 2405 de
1106 2348 1348 2414 offensa,
1395 2364 1522 2422 quae
1572 2354 1656 2405 est

294 2425 575 2484 damnum
605 2444 636 2484 a
678 2435 965 2501 peccatore
1006 2431 1119 2486 Deo
1159 2430 1508 2502 irrogatum;
1538 2444 1656 2486 non

293 2513 483 2564 autem
530 2507 599 2564 de
644 2509 877 2578 offensa,
914 2518 1082 2583 prout
1129 2510 1415 2585 significat
1454 2509 1654 2567 odium

295 2590 395 2647 Dei
413 2606 547 2664 erga
565 2597 931 2664 peccatorem.
949 2596 1094 2649 Nam
1114 2593 1441 2666 hujusmodi
1456 2591 1654 2650 odium

293 2671 519 2726 tollitur
540 2671 872 2729 immediate
894 2688 995 2744 per
1015 2671 1382 2731 dilectionem
1399 2675 1498 2730 Dei
1521 2690 1656 2748 erga

295 2750 613 2818 hominem,
640 2770 765 2825 quae
790 2755 1037 2828 gratiam
1078 2754 1527 2811 sanctificantem
1560 2755 1654 2809 in-

295 2830 510 2905 fundit;
558 2841 613 2891 et
674 2836 753 2891 ita
811 2835 1046 2892 cessatio
1105 2835 1272 2910 hujus
1321 2835 1655 2908 posterioris

296 2915 543 2984 offensae,
578 2919 669 2974 vel
700 2922 761 2973 ut
798 2918 985 2991 aptius
1025 2919 1348 2991 loquamur,
1380 2917 1655 2975 infensio·

200 3023 203 3027 ⁷
297 2999 406 3065 niS,
440 2999 723 3057 antecedit
760 3000 1027 3074 gratiam,
1055 3000 1501 3058 destructionem
1529 3002 1653 3058 cul-

79 3409 264 3450 Aramo.

96 3457 225 3499 Joan.
244 3463 269 3496 a

81 3504 280 3547 SJrhom.

97 3555 253 3597 Gonet.

296 3093 393 3151 pae,
443 3080 890 3137 satisfactionem
938 3081 1212 3149 hominis,
1262 3086 1318 3137 et
1366 3082 1655 3138 remissio·

297 3176 428 3218 nem
455 3163 701 3224 offensae.
738 3170 904 3236 prout
931 3165 1147 3221 offensa
1172 3169 1257 3220 est
1284 3164 1501 3237 injuria
1528 3163 1651 3220 Dei.

295 3243 401 3300 Sed
432 3247 615 3321 major
643 3245 813 3317 hujus
839 3245 1191 3302 difficultatis
1218 3244 1493 3302 discussio
1523 3260 1657 3317 per-

297 3326 439 3384 tinet
466 3328 536 3383 ad
573 3330 759 3385 locum
797 3328 1034 3383 citatum
1079 3328 1115 3381 3
1154 3333 1303 3399 part.
1338 3326 1657 3382 videantur

298 3407 538 3465 interim
561 3411 792 3464 Arauxo
809 3407 910 3474 ibi,
929 3407 1057 3462 dub.
1078 3407 1129 3471 3,
1148 3408 1312 3463 Joan.
1330 3421 1362 3462 a
1377 3408 1426 3460 S.
1447 3405 1652 3462 Thom.

294 3490 437 3561 disp.
469 3491 560 3554 34,
592 3496 701 3545 art.
733 3491 788 3555 ’2,
820 3492 1071 3545 Gonetus
1098 3487 1239 3559 disp.
1272 3489 1326 3554 3,
1373 3494 1485 3543 art.
1515 3488 1570 3552 4,
1603 3491 1660 3543 et

299 3571 401 3626 alii
447 3570 777 3634 Thomistae,
826 3570 925 3642 qui
970 3583 1174 3626 omnes
1217 3568 1297 3625 ita
1342 3567 1658 3625 concedunt

297 3666 426 3707 cum
449 3653 513 3706 D.
539 3651 745 3708 Thom.
766 3655 952 3706 actum
977 3649 1343 3706 contritionis
1364 3648 1659 3706 destruere

296 3731 551 3790 effective
598 3736 905 3805 peccatum,
937 3729 1087 3803 quod
1129 3730 1516 3787 nihilominus
1563 3746 1659 3787 ne·

294 3817 430 3886 gent
443 3812 776 3886 praedictum
793 3816 978 3867 actum
996 3826 1336 3868 concurrere
1354 3813 1471 3868 ullo
1489 3808 1659 3867 modo

298 3894 480 3951 active
520 3894 771 3968 physice,
803 3892 895 3949 vel
943 3891 1244 3949 moraliter
1293 3891 1364 3948 ad
1409 3890 1657 3967 gratiam

290 3973 719 4049 J‘ustificantem.

373 4057 503 4113 Alia
530 4061 870 4131 argumenta
909 4058 1173 4126 poterant
1207 4052 1482 4110 adversus
1523 4068 1659 4111 nos-

302 4142 452 4194 tram
469 4138 845 4196 assertionem
871 4136 1111 4193 formari
1137 4133 1264 4191 :sed
1284 4150 1409 4207 quae
1423 4135 1660 4191 difficul-

300 4225 475 4278 tatem
515 4220 766 4294 aliquam
813 4216 1024 4275 habere
1059 4215 1346 4283 videntur,
1379 4215 1659 4273 diluimus

298 4319 474 4377 supra
498 4304 638 4377 disp.
665 4302 890 4378 praeced.
917 4300 1044 4357 dub.
1075 4301 1130 4366 6,
1176 4298 1274 4355 ubi
1304 4299 1659 4357 ostendimus

300 4391 455 4442 actus
493 4384 876 4449 contritionis,
908 4389 965 4441 et
1000 4381 1297 4439 charitatis
1336 4380 1660 4454 dependere

300 4468 683 4525 essentialiter
705 4483 738 4523 a
762 4464 949 4540 gratia
976 4463 1278 4529 habituali,
1325 4467 1598 4536 tanquam
1628 4479 1660 4520 a

303 4549 587 4622 principio
602 4548 860 4605 effectivo
891 4566 904 4601 ε
934 4562 1059 4618 quae
1084 4544 1353 4601 resolutio
1375 4560 1409 4600 a
1429 4543 1658 4601 fortiori

300 4631 609 4690 confirmat
657 4628 954 4704 praesentis
993 4626 1153 4684 dubii
1202 4626 1571 4684 decisionem.
1601 4627 1660 4682 Si

302 4727 426 4786 quae
447 4727 585 4769 vero
605 4714 860 4784 superest
874 4706 1189 4773 difficultas,
1206 4705 1381 4763 dubio
1399 4706 1661 4781 sequenti

301 4792 670 4851 enodabitur.

3044 468 3154 522 607

2273 638 2557 693 DUBlUM
2601 639 2667 694 V.

1794 781 1993 839 Utrum
2032 792 2189 841 actus
2223 794 2596 860 praeparantes
2635 786 2710 842 ad
2743 787 3016 855 qratiam,
3058 799 3156 854 per

1863 883 2033 942 quam
2093 868 2296 939 impius
2339 869 2706 939 justis-icatur,
2750 868 2861 922 sint
2913 865 3152 937 disposi-

1862 950 2034 1003 tiones
2066 949 2319 1022 physicae,
2363 968 2439 1006 an
2476 949 2726 1005 ’noralem

1871 1104 1993 1160 105.
2037 1105 2150 1162 Pro
2171 1103 2340 1179 huius
2362 1103 2523 1161 dubii
2546 1095 2831 1162 decisione
2849 1101 3150 1162 recolenda
3183 1096 3351 1190 Pffigss‘

1786 1188 1922 1239 sunt
1943 1183 2135 1256 aliqua
2162 1184 2456 1258 operosius
2496 1183 2636 1242 alibi
2681 1185 2985 1242 declarata.
3014 1182 3149 1240 Pri·
3164 1196 3218 1238 D.
3238 1179 3344 1246 Ausi,

1786 1285 1958 1334 mum,
1983 1267 2132 1340 quod
2155 1267 2382 1324 adultus
2404 1268 2618 1341 impius
2640 1284 2756 1324 non
2779 1267 3145 1342 justificatur,

1788 1347 1903 1403 nisi
1932 1347 2320 1421 dependenter
2361 1347 2430 1405 ab
2477 1346 2694 1405 actibus
2745 1365 2778 1405 a
2817 1364 2876 1405 se
2915 1347 3145 1412 elicitis,

1781 1429 1947 1504 J‘uxta
2000 1430 2143 1487 illud
2195 1434 2429 1506 August.
2490 1449 2650 1487 serm.
2710 1433 2792 1497 15,
2837 1430 2907 1488 de
2958 1428 3152 1486 verbis

1787 1511 2019 1569 Domini
2052 1535 2066 1570 :
2110 1512 2222 1587 Qui
2259 1515 2465 1570 creavit
2504 1521 2553 1569 tc
2591 1517 2707 1571 sine
2758 1522 2826 1580 te,
2871 1531 2980 1569 non
3020 1513 3152 1584 jus-

1787 1595 2017 1665 tificabit
2063 1602 2111 1650 ee
2155 1597 2272 1651 sine
2322 1602 2370 1650 le
2397 1612 2415 1648 .·
2453 1598 2510 1652 et
2540 1595 2756 1653 statim.
2825 1595 2976 1652 Fecit
3026 1610 3149 1648 nes-

1786 1678 2031 1742 cientem,
2045 1677 2318 1748 justificat
2347 1676 2627 1742 volentem,
2654 1682 2916 1749 utsupra
2954 1675 3080 1730 dub.
3124 1678 3141 1729 l

1788 1759 1903 1815 late
1949 1756 2335 1829 exposuimus
2379 1755 2710 1824 Secundum,
2754 1757 2904 1830 quod
2951 1757 3152 1830 hujus-

1788 1837 1946 1895 modi
1983 1844 2136 1894 actus
2185 1854 2301 1895 non
2341 1839 2718 1911 requiruntur
2768 1839 3152 1896 essentialiter

1790 1918 1861 1976 ad
1892 1918 2227 1991 praedictum
2250 1918 2532 1987 effectum;
2557 1921 2655 1978 sed
2696 1919 2822 1976 fleri
2869 1918 3153 1975 divinitus

1789 2003 1989 2073 potest,
2033 1998 2180 2071 quod
2222 1999 2436 2072 impius
2486 2000 2825 2074 justificetur
2872 1999 3153 2072 indepen-

1788 2078 1991 2136 denter
2034 2081 2104 2136 ab
2147 2080 2284 2143 illis,
2323 2086 2381 2136 ut
2431 2080 2604 2138 dubio
2637 2085 2671 2137 2
2710 2081 3149 2139 declaravimus.

1797 2159 2061 2225 Tertium,
2105 2160 2255 2233 quod
2286 2159 2541 2233 praedicti
2582 2167 2736 2218 actus
2778 2178 2894 2220 non
2945 2159 3156 2216 habent

1790 2241 2078 2299 influxum
2134 2241 2456 2298 effectivum
2513 2244 2574 2299 in
2627 2245 2895 2317 gratiam,
2953 2241 3155 2297 saltem

1792 2339 1894 2396 per
1940 2321 2175 2380 modum
2235 2340 2418 2381 causae
2474 2325 2814 2398 principalis
2882 2322 3153 2396 physicae,

1791 2409 1853 2459 ut
1906 2409 2122 2461 constat
2172 2420 2242 2460 ex
2284 2404 2450 2461 dictis
2476 2413 2636 2462 tract.
2667 2405 2889 2477 praeced.
2921 2405 3061 2475 disp.
3095 2404 3150 2466 8,

1790 2485 1917 2540 dub.
1954 2487 1998 2541 l.
2033 2487 2216 2541 Immo
2246 2501 2348 2542 nec
2389 2484 2601 2541 habent
2649 2485 2933 2540 influxum
2984 2483 3152 2539 effec-

1792 2566 1979 2622 tivum
2032 2566 2311 2622 moralem
2360 2582 2461 2639 per
2512 2565 2747 2623 modum
2789 2563 3002 2630 meriti,
3035 2562 3152 2618 sal-

1792 2651 1907 2704 tem
1931 2646 2000 2703 do
2028 2646 2329 2722 condigno,
2360 2652 2419 2703 ut
2466 2648 2644 2720 liquet
2688 2663 2758 2704 ex
2804 2647 2970 2702 dictis
3021 2644 3149 2700 dub.

1785 2729 2009 2801 praeced.
2040 2733 2096 2785 et
2148 2730 2398 2801 amplius
2450 2728 2729 2785 constabit
2784 2744 2852 2785 ex
2899 2724 3154 2781 dicendis

1791 2815 1952 2864 tract.
1985 2825 2089 2887 seq.
2117 2809 2258 2884 disp.
2283 2811 2338 2875 6,
2364 2810 2490 2866 dub.
2528 2812 2570 2866 1.
2599 2808 2759 2874 Quod
2783 2813 2972 2865 autem
3008 2820 3154 2880 prae-

1790 2889 1927 2946 dicti
1969 2896 2120 2946 actus
2151 2907 2267 2948 non
2294 2897 2639 2949 concurrant
2680 2890 2749 2948 ad
2799 2889 3153 2946 infusionem

1789 2971 1991 3046 gratiae
2007 2970 2372 3044 justificantis
2402 2973 2464 3028 in
2485 2987 2696 3046 genere
2722 2988 2905 3029 causae
2935 2969 3150 3032 finaliS,

1792 3054 2075 3120 formalis,
2104 3060 2201 3110 aut
2242 3055 2559 3112 materialis
2601 3055 2916 3126 receptiva),
2943 3051 3154 3108 certius

1791 3140 1890 3200 est,
1920 3150 2093 3208 quam
2137 3136 2311 3208 possit
2352 3136 2413 3190 in
2459 3134 2910 3194 controversiam
2936 3132 3149 3189 vocari.

1794 3215 1959 3271 Unde
1982 3215 2349 3286 relinquitur,
2376 3214 2524 3286 quod
2555 3218 2645 3271 vel
2695 3213 2949 3288 praedicti
2999 3217 3154 3268 actus

1794 3297 2018 3351 nullam
2041 3295 2190 3350 circa
2209 3297 2455 3368 gratiam
2473 3294 2879 3368 justificantem
2907 3292 3154 3350 habeant

1793 3377 2206 3443 causalitatem,
2232 3376 2330 3434 sed
2357 3377 2473 3432 sint
2510 3393 2671 3434 mera
2709 3375 2970 3449 quaedam
3013 3390 3151 3431 con-

1793 3456 2142 3529 ditio;quod
2196 3462 2281 3513 est
2321 3456 2654 3522 absurdum,
2686 3464 2740 3513 et
2767 3472 2883 3513 non
2911 3455 3154 3513 cohaeret

1784 3554 1923 3594 cum
1946 3537 2209 3595 doctrina
2229 3539 2470 3596 Concilii
2498 3538 2826 3596 Tridentini
2865 3560 2878 3593 ι
2909 3537 2999 3593 vel
3023 3553 3153 3593 con·
3183 3554 3342 3610 concil.

1794 3617 1994 3676 cedere
2033 3622 2271 3691 oportet,
2304 3618 2452 3691 quod
2495 3618 2742 3675 intluant
2782 3635 2883 3692 per
2916 3603 3361 3675 modum'rndent.

1795 3699 2222 3772 dispositionis;
2285 3715 2387 3755 nec
2450 3700 2611 3756 enim
2664 3703 2933 3773 apparet,
3003 3698 3153 3771 quod

1796 3778 1955 3836 aliud
1984 3779 2265 3835 innuendi
2292 3795 2472 3854 genus
2502 3780 2719 3853 possint
2746 3778 2974 3836 habere.
3010 3783 3153 3844 Qua-

1795 3859 2056 3918 mobrem
2099 3861 2160 3916 in
2214 3861 2319 3919 hoc
2360 3862 2565 3929 ultimo
2612 3861 2916 3918 asserendo
2942 3877 3152 3919 conve-

1796 3942 1967 3997 niunt
1993 3942 2378 3999 communiter
2404 3942 2696 4017 Theologi.

1870 4021 1978 4079 Sed
2015 4028 2102 4079 est
2142 4022 2295 4080 inter
2347 4022 2478 4081 illos
2526 4039 2641 4079 non
2684 4024 2808 4079 leve
2847 4023 3150 4079 dissidium
3166 4031 3345 4084 anisit

1794 4102 1944 4159 circa
1971 4103 2225 4169 modum,
2256 4120 2366 4177 quo
2394 4103 2719 4178 hujusmodi
2748 4108 2902 4161 actus
2941 4092 3339 4186 obeuntgfflsggg

1796 4201 2009 4242 munus
2030 4185 2440 4259 dispositionis,
2472 4186 2812 4261 quibusdam
2842 4186 3151 4243 asserenti-
3165 4168 3350 4278 θῑιξῗὲζῦῖ

1796 4267 1901 4323 bus
1920 4283 2014 4325 eos
2034 4269 2339 4344 disponere
2367 4271 2596 4344 physice
2619 4269 2688 4327 ad
2716 4270 2983 4345 gratiam,
3020 4269 3153 4325 aliis
3302 4267 3312 4276 '

1794 4355 1985 4408 autem
2017 4352 2436 4410 affirmantibus
2475 4353 2778 4427 disponere
2804 4356 2991 4410 solum
3023 4368 3152 4409 mo-

1797 4432 1998 4489 raliter
2024 4458 2036 4500 ;
2063 4434 2339 4507 pluraque
2379 4434 2725 4502 immiscent,
2759 4450 2882 4506 quae
2908 4433 3150 4490 dubium

1797 4512 2075 4569 reducunt
2103 4512 2173 4570 ad
2213 4530 2395 4579 voces,
2426 4519 2481 4571 et
2519 4514 3023 4587 aequivocationem
3051 4528 3152 4587 ge-

1798 4599 2026 4651 nerant.
2051 4597 2234 4659 Quam
2283 4602 2345 4651 ut
2385 4597 2650 4657 vitemus.
2686 4611 2802 4668 prae
2840 4596 3019 4654 oculis
3047 4596 3153 4651 ha·

1798 4675 1932 4733 bere
1958 4682 2195 4748 oportet,
2223 4676 2755 4735 denominationem
2783 4693 2965 4734 causae
3008 4677 3156 4751 phy-

1796 4758 1947 4824 sicae,
1973 4759 2065 4815 vel
2083 4760 2321 4815 moralis
2344 4775 2461 4817 non
2486 4759 2736 4834 regulari
2762 4776 2933 4833 penes
2953 4758 3159 4816 entita-

1798 4850 1881 4902 tes
1940 4843 2185 4911 effectus,
2235 4848 2292 4900 et
2334 4859 2556 4909 causan
2603 4842 2699 4899 sed
2749 4844 2934 4918 magis
2986 4858 3162 4915 penes

1798 4928 2034 4983 modum
2056 4923 2348 4981 causandi.
2382 4923 2535 4980 Fieri
2575 4924 2734 4980 enim
2780 4930 2976 4997 potest,
3010 4922 3161 4995 quod

1799 5005 2029 5081 aliquod
2059 5004 2276 5062 habens
2301 5006 2597 5062 entitatem
2630 5005 2926 5079 physicam
2957 5003 3162 5060 inssuat

1798 5089 2100 5148 moraliter
2136 5110 2149 5144 ε
2186 5088 2329 5145 sicut
2356 5089 2548 5147 suasio
2571 5105 2622 5145 v.
2655 5105 2712 5163 g.
2736 5094 2909 5155 actus,
2935 5094 2991 5145 et
3015 5103 3159 5159 qua-
