3647 5753
470 409 581 464 574

476 580 832 657 approbabit,
858 581 953 654 qui
998 580 1465 648 consideraverit,
1498 580 1649 655 quod
1702 575 1836 640 licet

475 667 538 721 D.
571 664 780 720 Thom.
810 678 875 720 eo
922 663 1042 719 loco
1070 669 1196 737 agat
1235 661 1305 719 de
1350 664 1726 722 conversione
1769 663 1834 719 in

476 748 675 812 Deum,
708 760 879 816 quam
919 745 1171 818 Angelus
1211 745 1273 800 in
1305 746 1493 818 primo
1531 762 1647 802 suae
1672 760 1834 802 crea-

476 827 651 884 tionis
681 825 918 881 instanti
959 824 1177 891 habuit,
1228 842 1353 897 quae
1400 827 1647 899 profecto
1700 842 1836 899 per-

477 908 621 965 fecta
674 906 820 973 fuit;
872 906 1255 962 nihilominus
1307 908 1599 964 occasione
1659 923 1836 981 argu-

477 988 678 1051 menti,
736 986 826 1043 cui
878 987 1162 1053 occurrit,
1221 986 1457 1043 tradidit
1502 989 1835 1061 generalem

475 1070 817 1132 doctrinam,
851 1074 906 1125 et
932 1069 1209 1142 explicuit
1237 1070 1428 1128 varios
1443 1069 1837 1127 conversionis

475 1153 695 1218 modOS‚
727 1152 916 1224 quiin
956 1151 1124 1208 nobis
1145 1153 1521 1227 (Angelorum
1567 1153 1729 1210 enim
1771 1152 1835 1207 in

475 1252 542 1295 ea
571 1235 940 1307 responsione
980 1250 1098 1290 non
1145 1236 1435 1308 meminit)
1465 1241 1698 1310 possunt
1740 1250 1835 1292 re-

515 1333 680 1375 eriri.

477 1336 514 1393 p
551 1394 641 1447 64.
688 1393 802 1446 Nec
830 1389 1002 1447 refert
1031 1390 1079 1445 si
1101 1395 1299 1447 contra
1326 1391 1475 1448 hanc
1505 1389 1836 1463 responsio-

480 1489 614 1531 nem
648 1471 882 1546 objicias
916 1493 927 1529 :
960 1488 1096 1528 nam
1140 1474 1202 1528 D.
1259 1474 1460 1530 Thom.
1514 1475 1634 1530 loco
1662 1487 1837 1544 supra

479 1558 576 1615 cit.
605 1574 676 1612 esc
698 1558 742 1621 l,
773 1558 828 1621 2,
854 1558 915 1610 in
937 1573 1081 1628 corp.
1111 1555 1347 1628 loquens
1373 1555 1442 1613 de
1463 1554 1837 1629 dispositione

476 1640 548 1698 ad
573 1639 821 1715 gratiam
844 1637 1216 1703 habitualem,
1245 1637 1501 1697 absolute
1523 1636 1832 1701 concludit,

480 1744 505 1774 «
548 1718 697 1794 quod
724 1734 1091 1791 quaecumque
1118 1719 1458 1792 praeparatio
1485 1719 1550 1775 in
1599 1718 1840 1775 homine

483 1824 509 1855 α
548 1816 671 1858 esse
700 1804 897 1872 potest,
927 1806 1009 1857 est
1062 1815 1134 1856 ex
1181 1800 1399 1858 auxilio
1428 1800 1527 1856 Dei
1576 1799 1840 1856 animam

485 1906 511 1937 ιι
552 1881 838 1940 moventis
878 1881 947 1937 ad
989 1880 1222 1937 bonum.
1260 1883 1326 1936 Et
1370 1879 1684 1937 secundum
1735 1881 1840 1936 hoc

482 1985 508 2014 «
554 1963 674 2035 ipse
713 1959 894 2018 bonus
940 1966 1129 2017 motus
1177 1959 1347 2017 liberi
1395 1960 1673 2028 arbitrii,
1727 1974 1840 2032 quo

484 2067 511 2097 α
552 2045 680 2118 quis
709 2049 1063 2117 praeparatur
1090 2042 1161 2100 ad
1207 2041 1424 2100 donum
1470 2042 1670 2118 gratiae
1710 2058 1840 2097 sus-

486 2149 510 2179 «
552 2125 901 2200 cipiendum,
927 2130 1010 2182 est
1038 2130 1191 2181 actus
1221 2123 1391 2181 liberi
1421 2123 1653 2181 arbitrii
1696 2121 1840 2179 moti

485 2230 512 2260 «
555 2210 740 2264 aDeO.
788 2229 812 2258 »
872 2207 1239 2262 Praemiserat
1291 2211 1483 2262 autem
1529 2207 1587 2261 S.
1638 2206 1843 2262 Doctor

480 2289 910 2347 distinctionem
953 2290 1105 2345 inter
1134 2287 1439 2355 auxilium,
1472 2292 1527 2345 et
1579 2285 1841 2343 habitum

481 2372 681 2446 gratiae
709 2393 721 2427 ε
750 2387 886 2442 ergo
907 2371 1078 2426 sentit
1107 2385 1524 2443 quamcumque
1552 2383 1843 2441 praepara-

482 2452 718 2517 tionem,
750 2452 922 2507 etiam
952 2451 1237 2516 ultimam,
1264 2451 1395 2507 elici
1426 2449 1715 2507 mediante
1738 2465 1844 2505 au-

484 2533 628 2588 xilio
652 2551 663 2584 :
698 2532 860 2587 nulla
883 2531 1057 2604 igitur
1079 2532 1378 2588 conversio
1407 2545 1742 2603 praeparans
1770 2529 1842 2585 ad

487 2612 731 2687 gratiam
771 2611 1143 2678 habitualem,
1176 2610 1248 2667 ab
1286 2610 1485 2668 eadem
1506 2611 1712 2685 gratia,
1745 2609 1844 2668 sed

486 2697 711 2748 tantum
742 2690 812 2747 ab
853 2691 1093 2757 auxilio,
1146 2697 1417 2762 tanquam
1474 2707 1507 2747 a
1559 2691 1846 2764 principio

484 2775 741 2832 effectivo
768 2774 1068 2848 dependet.

557 2859 705 2921 Non,
733 2855 986 2929 inquam,
1019 2855 1121 2912 hoc
1163 2854 1360 2912 refert.
1390 2856 1537 2909 Tum
1566 2854 1700 2927 quia
1741 2870 1846 2927 po-

481 2941 590 2994 test
618 2938 680 2992 D.
712 2937 917 2993 Thom.
941 2936 1151 3008 exponi
1180 2934 1248 2991 de
1267 2936 1689 3008 praeparatione
1707 2952 1846 3009 prae-

481 3017 750 3073 veniente
777 3015 1118 3088 simpliciter
1163 3014 1380 3071 donum
1425 3015 1625 3089 gratiae
1673 3013 1848 3071 habi-

427 3163 435 3170 ,
482 3097 675 3163 tualiS,
726 3113 898 3170 quam
928 3095 1178 3153 libenter
1226 3095 1476 3152 fatemur
1528 3096 1600 3153 ab
1645 3094 1847 3153 eadem

481 3179 665 3253 gratia
696 3194 813 3235 non
835 3176 1178 3250 dependere,
1202 3175 1301 3233 sed
1341 3176 1474 3233 elici
1502 3175 1848 3233 anteceden-

482 3266 589 3328 ter,
615 3266 671 3317 et
716 3259 1170 3333 independenter
1205 3258 1274 3316 ab
1324 3259 1444 3315 illa.
1504 3258 1664 3323 Quod
1710 3259 1851 3315 satis

482 3342 699 3400 indicat
740 3343 858 3416 ipse
886 3336 942 3401 Sl
970 3347 1123 3401 Doct.
1155 3345 1215 3398 in
1254 3359 1394 3414 resp.
1421 3342 1495 3396 ad
1516 3344 1569 3407 2,
1596 3340 1697 3397 uhi
1727 3342 1807 3398 ait
1833 3362 1847 3397 ε

490 3447 515 3477 «
558 3423 717 3489 Quod
741 3440 871 3481 cum
895 3424 1069 3481 homo
1085 3422 1155 3480 ad
1176 3423 1424 3498 gratiam
1441 3438 1502 3479 se
1524 3435 1853 3495 praeparare

491 3530 516 3560 α
560 3523 677 3565 non
702 3509 898 3580 possit,
932 3506 1047 3563 nisi
1076 3523 1107 3563 a
1135 3509 1248 3562 Deo
1272 3521 1408 3563 eum
1438 3506 1848 3579 praeveniente,

493 3610 519 3641 α
561 3594 618 3646 et
638 3594 907 3646 movente
930 3587 999 3644 ad
1030 3586 1261 3655 bonum,
1289 3603 1409 3643 non
1432 3586 1626 3654 refert,
1654 3592 1856 3643 utrum

497 3693 523 3723 α
565 3670 774 3738 subito,
806 3671 899 3727 vel
952 3670 1231 3742 paulatim
1279 3669 1487 3743 aliquis
1515 3668 1584 3726 ad
1633 3670 1856 3743 perfec-

500 3774 527 3806 «
569 3757 688 3808 tam
742 3752 1219 3825 praeparationem
1272 3752 1607 3824 perveniat,
1657 3757 1777 3809 etc:
1825 3772 1852 3805 »

495 3834 641 3889 Tum
672 3834 866 3899 etiam,
891 3833 1026 3907 quia
1055 3850 1124 3890 ex
1152 3849 1236 3901 e0,
1264 3831 1414 3905 quod
1465 3833 1658 3889 omnis
1706 3848 1858 3906 prae-

500 3915 719 3986 paratio
739 3913 940 3971 debeat
960 3930 1082 3971 esse
1107 3929 1179 3971 ex
1200 3913 1419 3970 auxilio
1437 3913 1685 3980 Dei,n0n
1709 3919 1859 3971 recte

498 3995 879 4062 concluditur,
928 3994 1077 4068 quod
1131 3994 1282 4051 istud
1331 3996 1614 4052 auxilium
1660 3995 1862 4053 debeat

499 4077 778 4153 distingui
833 4078 1067 4134 realiter
1117 4093 1149 4133 a
1193 4077 1381 4151 gratia
1429 4075 1857 4144 sanctificante3

500 4160 619 4216 haec
653 4159 863 4232 quippe
916 4162 1096 4231 potest
1142 4159 1357 4231 optime
1402 4172 1604 4232 gerere
1648 4174 1862 4214 munus

503 4241 729 4306 auxilii,
760 4256 858 4297 seu
896 4239 1167 4314 principii
1195 4239 1535 4297 sufficientis
1575 4238 1646 4296 ad
1673 4245 1861 4296 actum

503 4323 820 4388 charitatis,
853 4323 950 4396 qui
997 4338 1114 4379 suae
1166 4320 1524 4396 productioni
1580 4322 1860 4379 coexistit.

288 4404 671 4462 Adversa-Unde
694 4404 887 4477 plures
911 4419 984 4460 ex
1029 4403 1388 4461 Adversariis
1434 4402 1707 4471 fatentur,
1739 4406 1865 4458 An-

292 4462 476 4566 ωῗὲἷὲἒῖ
504 4489 677 4564 geIOS,
704 4487 1009 4555 Adamum,
1035 4493 1089 4544 et
1117 4487 1408 4544 Christum
1438 4487 1751 4544 Dominum
1798 4485 1866 4541 in

319 4560 442 4606 ωηο·
507 4569 697 4644 primo
720 4570 957 4626 instanti
1006 4569 1316 4627 infusionis
1359 4569 1559 4645 gratiae
1603 4568 1867 4625 elicuisse

507 4669 574 4711 ea
601 4651 892 4709 mediante
919 4648 1106 4710 actum
1134 4652 1463 4718 charitatis;
1493 4651 1759 4723 quamvis
1782 4665 1870 4707 re-

510 4741 694 4793 nuant
719 4735 1055 4800 concedere,
1087 4733 1236 4807 quod
1264 4749 1366 4807 per
1412 4731 1743 4807 hujusmodi
1773 4749 1870 4790 ac·-

274 1401 462 1458 neptim.

285 2861 452 2956 qififfit·

508 4825 631 4876 tum
653 4834 713 4875 se
733 4815 1121 4891 disposuerint
1142 4814 1212 4871 ad
1241 4813 1521 4887 praedictas
1546 4815 1747 4889 gratiae
1773 4829 1869 4871 re-

506 4899 845 4974 ceptionem.
872 4900 1020 4954 Tum
1042 4896 1309 4970 denique,
1329 4900 1384 4952 et
1412 4896 1711 4970 praecipue,
1732 4893 1872 4969 quia

505 4985 569 5039 D.
596 4982 805 5039 Thom.
846 4981 1034 5037 solum
1089 4977 1310 5042 asserit,
1351 4977 1420 5034 ad
1473 4990 1871 5050 quamcunque

508 5062 987 5137 praeparationem
1017 5059 1275 5118 hominis
1303 5057 1374 5115 ad
1402 5057 1620 5114 bonum
1650 5056 1870 5132 requiri

1141 407 1233 462 DE
1274 405 1880 464 DISPOSITIONIBUS
1919 409 2015 464 AD
2054 408 2714 466 JUSTIFICATIONEM.

1965 582 2253 642 auxilium
2281 586 2381 644 Dei
2406 584 2715 643 moventis,
2748 576 3089 657 Hujusmodi
3132 578 3330 631 autem

1966 666 2247 722 auxilium
2276 672 2362 723 est
2405 665 2571 734 illud,
2630 661 2779 737 quod
2829 665 2991 726 DeuS,
3033 655 3329 729 supposita

1965 745 2299 804 sufficientia
2323 763 2393 804 ex
2416 752 2576 819 parte
2600 742 2870 819 principii
2894 739 3198 814 operativi,
3233 736 3327 792 vel

1968 842 2068 899 per
2097 833 2386 892 naturam,
2439 828 2530 884 vel
2556 825 2825 900 gratiam,
2860 820 3005 878 illud
3054 817 3329 891 applicat,

1965 914 2022 966 et
2050 916 2361 982 praemovet
2382 908 2453 965 ad
2481 908 2785 984 agendum,
2807 907 2971 980 juxta
2989 901 3322 977 generalem

1967 989 2287 1048 doctrinam
2316 991 2495 1064 ipsius
2522 989 2777 1064 Angelici
2821 982 3189 1057 Praeceptoris
3221 997 3323 1036 su-

1969 1086 2071 1144 pra
2116 1078 2296 1149 quaest.
2355 1072 2476 1138 109,
2518 1077 2626 1125 art.
2683 1071 2700 1125 1
2754 1070 2815 1123 in
2859 1084 3012 1138 corp.
3043 1063 3141 1119 ubi
3194 1062 3321 1117 ait:

1974 1174 2001 1206 a
2042 1154 2555 1225 Quantumcunque
2601 1155 2808 1206 natura
2837 1148 3027 1220 aliqua
3054 1159 3327 1217 corpora·

1972 1255 1998 1286 «
2043 1233 2133 1301 lis,
2168 1233 2259 1289 vel
2288 1232 2608 1305 spiritualis
2637 1236 2883 1303 ponatur
2912 1226 3176 1302 perfecta,
3206 1240 3326 1281 non

1972 1336 1999 1368 α
2044 1319 2226 1389 potest
2271 1313 2334 1371 in
2378 1330 2547 1370 suum
2598 1319 2787 1369 actum
2836 1308 3159 1384 procedere,
3210 1307 3326 1362 nisi

1975 1421 2000 1451 «
2042 1402 2342 1455 moveatur
2363 1413 2396 1453 a
2417 1400 2551 1454 Deo.
2599 1416 2624 1447 n
2659 1395 2824 1452 Unde
2844 1411 2913 1452 ex
2941 1409 3027 1458 eo,
3053 1390 3202 1464 qnod
3225 1391 3332 1446 hu·

1963 1480 2215 1556 jusmodi
2239 1480 2523 1536 auxilium
2536 1480 2610 1535 sit
2626 1477 3013 1536 necessarium
3039 1474 3108 1532 ad
3129 1489 3330 1547 quam·

1969 1577 2190 1634 cunque
2219 1562 2694 1636 praeparationem
2743 1558 2814 1616 ad
2840 1557 3108 1632 gratiam,
3143 1554 3329 1610 mini-

1969 1658 2064 1700 me
2090 1642 2349 1709 habetur,
2391 1642 2539 1717 quod
2584 1641 2770 1717 gratia
2809 1637 3171 1696 sanctificans
3224 1651 3328 1692 ne·-

1969 1730 2138 1798 queat
2163 1741 2285 1782 esse
2312 1725 2663 1799 principium
2711 1723 3016 1785 sufficienS,
3048 1736 3145 1776 seu
3186 1718 3338 1774 dans

1970 1807 2246 1863 virtutem
2275 1804 2345 1861 ad
2367 1810 2547 1872 actuS,
2583 1822 2682 1878 per
2703 1821 2843 1877 quos
2871 1804 3040 1859 homo
3068 1800 3329 1873 disponi-

1972 1893 2065 1943 tur
2089 1886 2158 1944 ad
2176 1887 2355 1960 ipsius
2376 1888 2575 1961 gratiae
2597 1886 2997 1959 receptionem.
3024 1883 3155 1939 Sive
3170 1881 3328 1938 enim

1974 1968 2121 2025 ratio
2144 1967 2311 2041 hujus
2341 1967 2610 2041 principii
2633 1967 3012 2025 constituatur
3061 1964 3122 2019 in
3144 1962 3330 2037 gratia

1973 2048 2275 2116 habituali,
2304 2055 2367 2104 ut
2387 2066 2491 2106 nos
2521 2049 2829 2106 asserimus
2849 2072 2863 2115 ;
2887 2048 3009 2102 sive
3028 2045 3331 2101 constitua-

1973 2136 2067 2187 tur
2094 2132 2156 2187 in
2198 2131 2417 2188 auxilio
2445 2129 2784 2194 transeunti,
2811 2133 2876 2184 ut
2900 2126 3188 2183 affirmant
3214 2124 3338 2178 Ad·

1973 2212 2219 2270 versarii
2241 2232 2253 2277 ;
2275 2228 2501 2284 semper
2524 2217 2718 2268 tamen
2741 2207 3071 2266 verificatur
3095 2205 3338 2263 assertio

1975 2298 2039 2352 D.
2072 2296 2272 2352 Thom.
2301 2293 2449 2368 quod
2492 2284 2858 2367 quaecumque
2887 2289 3222 2366 praeparatio
3272 2288 3334 2342 in

1977 2375 2213 2433 homine
2239 2390 2359 2431 esse
2387 2380 2602 2448 potest,
2627 2378 2710 2431 est
2737 2390 2808 2430 ex
2836 2372 3053 2429 auxilio
3078 2369 3172 2425 Dei
3201 2385 3332 2424 mo-

1977 2458 2164 2516 ventis
2188 2501 2201 2523 ‚
2254 2459 2447 2529 utique
2498 2457 2856 2532 applicative,
2912 2461 2968 2512 et
3013 2453 3328 2511 efficaciter.

1979 2542 2161 2596 Immo
2188 2555 2325 2596 vero
2372 2539 2538 2596 facile
2564 2539 2740 2596 etiam
2789 2538 3176 2596 admittemus,
3230 2547 3337 2588 ne·-

1976 2621 2294 2677 cessitatem
2342 2620 2548 2676 auxilii
2578 2620 2814 2676 actualis
2865 2615 3227 2674 consistentis
3275 2615 3338 2669 in

1978 2703 2170 2775 aliqua
2211 2701 2618 2764 illustratione,
2663 2702 2786 2755 sive
2833 2698 3235 2770 inspiratione,
3289 2702 3350 2750 et

1975 2798 2036 2838 se
2058 2781 2304 2837 tenentis
2330 2797 2400 2836 ex
2425 2785 2583 2852 parte
2609 2782 2949 2839 intellectus,
2970 2776 3351 2847 distinctique

1978 2878 2011 2918 a
2053 2861 2236 2935 gratia
2263 2860 2562 2917 habituali.
2597 2861 2888 2933 Praecipua
2915 2858 3075 2916 enim
3106 2863 3347 2915 contro-

1979 2941 2166 2998 versia
2192 2945 2277 2996 est
2294 2941 2444 2997 circa
2470 2942 2819 3014 principium
2850 2940 3081 3014 physice
3126 2938 3346 2993 eliciti-

1978 3038 2116 3078 vum
2141 3027 2294 3078 actus
2314 3021 2630 3090 charitatis,
2651 3027 2706 3079 et
2726 3023 2957 3079 elevans
2983 3021 3343 3077 voluntatem

1981 3101 2050 3158 ad
2066 3102 2187 3176 ejus
2213 3102 2588 3158 elicientiam.
2619 3101 2776 3167 Quod
2808 3118 2922 3175 prae
2950 3100 3132 3156 oculis
3156 3100 3216 3154 in
3240 3100 3344 3154 hac

1981 3181 2309 3239 difficultate
2355 3181 2684 3239 habendum
2724 3188 2808 3239 est
2833 3207 2846 3249 ;
2901 3180 3140 3255 quidam
3182 3180 3342 3235 enim

1981 3264 2284 3329 Authores‚
2314 3263 2411 3335 qui
2460 3264 2758 3322 nobiscum
2809 3264 2870 3319 in
2915 3280 2981 3320 ea
3033 3260 3342 3318 decidenda

1982 3344 2350 3411 conveniunt,
2385 3344 2525 3402 adeo
2552 3352 2831 3403 conantur
2853 3343 3194 3417 persuadere
3220 3342 3340 3399 suf-

1985 3425 2298 3483 ficientiam
2321 3428 2518 3501 gratiae
2545 3428 2856 3484 habitualis
2885 3426 2952 3483 ad
2993 3425 3337 3483 eliciendum

1986 3512 2174 3563 actum
2196 3507 2630 3581 charitatiS,quo
2661 3508 2875 3580 impius
2897 3506 2966 3564 ad
2986 3504 3337 3582 justificatio-

1988 3604 2120 3645 nem
2152 3589 2357 3645 ultimo
2402 3587 2749 3663 disponitur,
2784 3594 2844 3645 ut
2885 3589 3189 3644 videantur
3237 3600 3340 3640 ne-

1987 3684 2124 3745 gare
2174 3669 2414 3725 alterius
2461 3671 2668 3727 auxilii
2725 3671 3140 3726 necessitatem.
3183 3664 3342 3721 L'nde

1940 3788 1946 3794 -
1988 3754 2269 3824 coguntur
2315 3748 2385 3806 ad
2427 3750 2584 3807 aliud
2626 3757 2954 3809 extremum
3009 3750 3135 3821 plus
3184 3760 3341 3816 aequo

1990 3830 2302 3896 declinare,
2334 3836 2391 3888 et
2417 3830 2734 3889 difficultati
2777 3832 3020 3907 adjicere
3040 3827 3336 3885 difficulta-

1991 3919 2106 3971 tem
2131 3930 2248 3973 non
2277 3916 2677 3972 necessariam.
2730 3915 3047 3973 Videantur
3091 3926 3214 3986 quae
3244 3908 3344 3965 ad-

1992 3994 2321 4051 notavimus
2342 3995 2404 4051 in
2428 3996 2532 4052 illo
2555 3997 2797 4053 articulo
2824 3999 2878 4053 6.

2066 4077 2158 4131 65.
2204 4074 2462 4132 Secundo
2489 4076 2763 4150 probatur
2814 4076 3013 4133 eadem
3053 4072 3341 4131 sententia
3386 4098 3537 4137 secuu-

1992 4173 2064 4214 ex
2111 4160 2177 4213 D.
2202 4158 2307 4214 Tb.
2339 4160 2394 4223 2,
2426 4160 2481 4223 2,
2508 4165 2688 4231 quoest.
2742 4160 2833 4225 24,
2860 4167 2970 4215 art.
3008 4160 3042 4213 3
3069 4159 3142 4212 ad
3172 4159 3217 4217 l,
3251 4153 3347 4208 ubi
3414 4144 3507 4187 ‘¹⁰¹¹'

1995 4239 2076 4296 ait
2108 4259 2122 4294 ε
2159 4260 2184 4290 α
2228 4237 2560 4305 Dicendum,
2591 4240 2741 4311 quod
2769 4242 2872 4298 illa
2912 4242 3117 4304 virtuS,
3145 4193 3556 4293 secun-Arfflreff

2001 4341 2028 4371 α
2070 4319 2206 4374 dum
2235 4334 2407 4390 quam
2435 4319 2585 4376 dona
2605 4336 2708 4376 sua
2736 4323 2881 4377 Deus
2902 4320 2998 4376 dat
3018 4319 3346 4389 unicuique,
3369 4298 3554 4385 ''Ru-{ff

2003 4421 2029 4452 α
2069 4403 2155 4455 est
2179 4397 2493 4471 dispositio,
2520 4401 2610 4457 vel
2640 4401 2978 4473 praeparatio
3006 4399 3351 4472 praecedenS,

2004 4500 2030 4532 α
2067 4478 2189 4535 sive
2203 4485 2435 4535 conatus
2449 4481 2695 4554 gratiam
2720 4480 3067 4552 accipientis,
3090 4479 3195 4535 Sed
3213 4480 3360 4534 hanc

2003 4581 2028 4612 «
2071 4558 2246 4617 etiam
2298 4559 2750 4633 dispositionem,
2777 4562 2869 4618 vel
2909 4566 3176 4618 conatum
3208 4575 3358 4631 prae-

2005 4665 2032 4696 α
2073 4643 2235 4699 venit
2259 4643 2506 4716 Spiritus
2545 4649 2774 4701 sanctus
2819 4660 3058 4700 movens
3104 4647 3358 4699 mentem

2004 4745 2031 4776 «
2076 4722 2352 4792 hominiS,
2385 4726 2479 4781 vel
2504 4726 2652 4798 plus»,
2679 4726 2770 4781 vel
2799 4725 3015 4791 minuS,
3045 4722 3359 4780 secundum

2008 4827 2033 4857 α
2074 4821 2239 4861 suam
2270 4808 2649 4864 voluntatem.
2693 4828 2718 4857 n
2747 4806 2856 4862 Ubi
2885 4820 3214 4862 sermonem
3244 4820 3362 4861 esse

2000 4885 2071 4943 de
2098 4886 2472 4960 dispositione
2497 4889 2701 4945 ultima
2723 4887 2793 4945 ad
2813 4888 3080 4963 gratiam,
3100 4887 3279 4960 liquet
3293 4903 3364 4943 ex

2002 4984 2088 5035 ee,
2121 4968 2270 5042 quod
2300 4969 2468 5044 hujus
2495 4972 2781 5044 quantitas
2830 4987 2948 5028 non
2995 4985 3364 5027 commensu-

2005 5058 2302 5108 raturcum
2324 5051 2695 5126 dispositione
2718 5053 3058 5117 remota,sed
3080 5069 3209 5110 cum
3235 5053 3357 5118 illa,

3238 5149 3364 5206 quae
