3647 5753
522 391 631 446 458
1450 384 1541 438 DE
1580 378 2155 436 JUSTIFICATIONE
2199 379 2276 430 nti
2288 377 2376 430 [³11
2387 419 2398 431 .

530 580 554 609 «
589 564 881 630 operatur.
917 555 1220 612 Plenitudo
1247 572 1382 630 ergo
1419 554 1559 629 legis
1597 558 1679 609 est
1706 550 1884 607 dilec-

313 626 493 670 D·T¹¹⁰·
534 664 557 691 α
590 639 687 694 tio,
722 658 747 688 »
794 641 928 702 Quae
958 638 1133 694 verba
1173 637 1252 693 sic
1286 638 1538 692 illustrat
1580 636 1641 690 D.
1674 633 1878 687 Thom.

528 718 742 775 ibidem
792 718 916 774 lect.
948 721 1029 775 2:
1080 720 1273 774 «Tota
1318 716 1576 789 impletio
1623 714 1762 787 legis
1812 727 1884 768 ex

532 822 556 851 «
591 799 841 872 proximi
863 799 1162 854 dilectione
1184 798 1482 871 dependet.
1508 794 1612 852 Sed
1637 795 1738 850 hoc
1767 809 1884 850 non

533 903 556 932 «
592 879 818 935 videtur
860 897 1082 935 verum.
1135 880 1353 936 Dicitur
1409 880 1453 941 l,
1507 876 1577 933 ad
1630 874 1879 930 Timoth.

538 986 560 1015 «
591 960 740 1034 quod
769 959 902 1016 finis
948 962 1207 1033 praecepti
1246 961 1493 1016 charitas
1532 965 1632 1015 est.
1668 959 1887 1011 L'num-

536 1068 559 1095 «
590 1041 848 1116 quodque
874 1043 1031 1097 enim
1072 1040 1379 1113 perficitur,
1431 1056 1559 1096 cum
1606 1037 1677 1094 ad
1710 1036 1884 1091 finem

538 1147 562 1176 «
597 1124 895 1196 pervenit:
938 1129 991 1177 et
1021 1122 1146 1178 ideo
1187 1126 1301 1176 tota
1349 1122 1486 1195 legis
1524 1118 1789 1192 perfectio
1823 1116 1885 1170 in

538 1229 562 1257 «
594 1204 867 1261 charitate
892 1203 1165 1259 consistit.
1199 1202 1303 1259 Sed
1332 1201 1579 1257 charitas
1605 1199 1745 1255 duos
1779 1198 1886 1252 ha-

539 1308 562 1337 «
597 1286 687 1342 bet
709 1292 882 1350 actus,
913 1284 1126 1339 scilicet
1152 1282 1513 1339 dilectionem
1534 1280 1651 1343 Dei,
1684 1286 1740 1334 et
1762 1293 1888 1351 pro-

543 1391 567 1418 «
598 1366 763 1422 ximi.
799 1364 958 1420 Unde
985 1370 1041 1419 et
1070 1363 1347 1419 Dominus
1374 1360 1519 1416 dixit
1556 1359 1757 1414 Matth.
1789 1360 1881 1423 22,

541 1471 565 1499 (ι
597 1445 744 1519 quod
796 1452 909 1503 tota
956 1446 1064 1509 lex,
1115 1450 1172 1499 et
1223 1442 1519 1513 Prophetae
1572 1438 1780 1513 pendet
1825 1439 1886 1493 in

538 1550 561 1579 «
594 1526 811 1583 duobus
826 1525 1106 1581 mandatis
1122 1524 1686 1594 charitalis,quorum
1705 1535 1885 1575 unum

539 1632 562 1661 «
594 1615 678 1665 est
704 1608 771 1665 de
793 1606 1093 1663 dilectione
1118 1605 1234 1670 Dei,
1286 1603 1441 1659 aliud
1469 1601 1538 1657 de
1583 1600 1888 1657 dilectione

541 1712 565 1742 «
598 1689 871 1762 proximi.
897 1691 1023 1742 Non
1049 1702 1183 1758 ergo
1222 1684 1449 1741 videtur
1490 1698 1712 1747 verum,
1739 1680 1887 1755 quod

544 1797 565 1824 π
597 1773 692 1845 qui
725 1770 1054 1843 proximum
1082 1767 1288 1840 diligit,
1335 1767 1571 1839 impleat
1598 1771 1773 1821 totam
1801 1765 1888 1820 le-

539 1876 563 1903 «
594 1868 741 1927 gem.
775 1849 881 1906 Sed
909 1846 1213 1904 dicendum
1234 1852 1336 1912 est,
1362 1845 1509 1919 quod
1532 1847 1634 1901 illa
1661 1844 1888 1900 dilectio

540 1956 564 1985 «
598 1930 845 2005 proximi
869 1928 938 1985 ad
959 1924 1588 1998 charitatempertinet‚
1621 1932 1675 1981 et
1705 1927 1887 1999 legem

537 2036 561 2066 «
593 2013 812 2086 implet,
857 2011 990 2083 quia
1020 2011 1318 2083 proximus
1355 2008 1617 2082 diligitur
1659 2013 1888 2080 propter

533 2117 557 2147 «
590 2096 769 2149 Deum
800 2114 811 2147 ε
837 2100 892 2149 et
914 2093 990 2146 ita
1015 2091 1076 2146 in
1099 2090 1403 2146 dilectione
1426 2089 1674 2163 proximi
1701 2089 1889 2144 inclu-

530 2197 555 2227 «
585 2174 742 2230 ditur
772 2173 1002 2230 dilectio
1027 2171 1146 2236 Dei,
1191 2171 1337 2227 sicut
1369 2187 1536 2227 causa
1577 2168 1890 2225 includitur

527 2279 551 2308 «
588 2258 651 2313 in
678 2256 897 2313 effectu.
938 2254 1159 2309 Dicitur
1193 2252 1351 2310 enim
1402 2256 1447 2319 1,
1498 2252 1778 2309 Joannis:
1823 2252 1891 2304 Et

531 2359 554 2390 «
588 2338 691 2393 hoc
735 2336 1071 2393 mandatum
1115 2333 1392 2391 habemus
1438 2351 1470 2390 a
1515 2335 1644 2400 Dee,
1692 2337 1754 2387 ut
1792 2330 1890 2402 qui

532 2440 556 2470 α
588 2417 781 2490 diligit
804 2416 1214 2489 Deum,diligat
1235 2420 1289 2471 et
1311 2416 1642 2487 proximum
1659 2429 1885 2469 suum.»

529 2502 597 2553 Et
621 2498 777 2553 infra
800 2497 954 2552 addit
980 2520 991 2553 :
1028 2518 1053 2547 «
1099 2498 1163 2551 In
1191 2502 1470 2568 quantum
1499 2495 1727 2552 dilectio
1755 2512 1891 2567 pro-

535 2601 560 2628 «
590 2577 737 2633 ximi
782 2576 1023 2632 includit
1052 2575 1415 2632 dilectionem
1446 2576 1565 2641 Dei,
1611 2575 1891 2648 intelligi-

535 2683 559 2712 «
592 2665 705 2725 tur,
736 2658 885 2731 quod
912 2658 1141 2715 dilectio
1187 2658 1436 2730 proximi
1467 2657 1715 2713 excludit
1762 2674 1891 2714 ma-

534 2763 557 2791 «
594 2739 734 2804 lum,
770 2754 887 2794 non
926 2738 1114 2793 solum
1153 2735 1302 2808 quod
1342 2743 1427 2792 est
1452 2743 1650 2794 contra
1693 2738 1892 2809 proxi-

534 2844 557 2872 «
591 2836 772 2889 mum,
818 2820 914 2878 sed
943 2820 1117 2875 etiam
1145 2818 1292 2893 quod
1319 2824 1402 2874 est
1441 2827 1639 2876 contra
1688 2821 1888 2876 Deum.

533 2923 558 2952 «
592 2903 659 2955 Et
679 2902 759 2957 sic
787 2899 1165 2957 includuntur
1192 2899 1366 2955 etiam
1393 2905 1667 2972 praecepta
1690 2901 1894 2973 primas

533 3004 557 3032 «
589 2977 816 3038 tabulae.
851 2982 1068 3038 Ultimo
1091 2986 1278 3038 autem
1303 2981 1480 3037 infert
1509 2981 1890 3038 inclusionem

535 3085 560 3116 «
593 3062 989 3137 principaliter
1039 3062 1343 3127 intentam,
1395 3060 1588 3119 dicens
1635 3084 1647 3118 ε
1691 3063 1892 3118 Pleni-

537 3165 559 3194 «
593 3142 726 3199 tudo
746 3158 882 3216 ergo
906 3143 1047 3216 legis
1068 3149 1151 3200 est
1172 3142 1400 3201 dilectio
1415 3167 1429 3211 ς
1455 3142 1512 3198 id
1535 3149 1635 3211 est,
1672 3159 1771 3215 per
1799 3142 1892 3198 di-

536 3245 561 3275 «
592 3225 896 3281 lectionem
925 3225 1019 3279 lex
1070 3225 1365 3297 impletur,
1407 3230 1463 3280 et
1514 3223 1823 3296 perficitur.
1862 3246 1888 3275 »

330 3321 486 3366 cot.4.
530 3305 684 3362 Idem
725 3304 1007 3379 significat
1044 3310 1235 3380 Apost.
1289 3306 1358 3363 ad
1406 3306 1614 3362 ColosS.
1659 3308 1714 3373 4,
1773 3307 1893 3362 illis

529 3386 723 3444 verbis
749 3408 761 3442 :
794 3408 818 3438 «
844 3388 1025 3458 Super
1052 3388 1251 3444 omnia
1283 3391 1474 3444 autem
1504 3387 1618 3442 haec
1638 3386 1893 3442 charita-

532 3489 556 3520 «
588 3473 764 3523 tatem
814 3466 1034 3533 habete,
1067 3466 1214 3541 quod
1236 3475 1320 3524 est
1346 3467 1645 3524 vinculum
1674 3467 1892 3540 perfec-

309 3549 364 3589 1>-
388 3547 489 3591 ‘rho-
531 3568 556 3598 «
589 3545 835 3603 tionis.»
870 3550 1005 3612 Quae
1028 3548 1091 3604 D.
1138 3548 1341 3604 Thom.
1388 3546 1602 3602 ibidem
1658 3546 1782 3602 lect.
1834 3549 1887 3614 3,

525 3627 772 3698 explicat
814 3628 876 3682 in
921 3629 1070 3685 hunc
1098 3626 1335 3684 modum
1365 3649 1377 3683 :
1407 3648 1431 3680 ι(
1464 3629 1644 3699 Super
1669 3627 1887 3694 omnia,

533 3731 558 3760 «
589 3708 648 3763 id
670 3715 773 3776 est,
807 3711 989 3783 magis
1025 3726 1196 3782 quam
1224 3709 1450 3775 omnia;
1487 3709 1620 3780 quia
1648 3715 1732 3765 est
1758 3708 1893 3765 finis

532 3811 557 3840 «
588 3790 852 3846 omnium
878 3791 1174 3846 virtutum.
1194 3792 1237 3858 1,
1258 3788 1327 3846 ad
1347 3790 1602 3846 Timoth.
1636 3792 1654 3846 l
1691 3811 1703 3844 ε
1731 3790 1893 3845 Finis

532 3893 556 3923 «
592 3873 857 3944 praecepti
885 3879 969 3928 est
1008 3874 1275 3928 charitas,
1328 3872 1430 3927 Vel
1476 3888 1648 3943 super
1695 3872 1894 3928 omnia

531 3973 554 4001 «
588 3951 862 4008 debemus
889 3952 1099 4009 habere
1120 3953 1478 4020 charitatem,
1510 3952 1645 4026 quia
1683 3958 1765 4009 est
1792 3969 1893 4007 su-

533 4057 557 4086 «
590 4051 691 4106 per
711 4034 909 4090 omnia
938 4034 1134 4101 alia.l,
1161 4035 1230 4091 ad
1254 4035 1517 4091 Corinth.
1554 4038 1618 4091 12
1652 4055 1664 4090 :
1694 4035 1893 4092 Adhuc

536 4137 561 4166 «
591 4115 1058 4172 excellentiorem
1105 4115 1263 4171 viam
1316 4114 1481 4171 vobis
1539 4114 1887 4183 demonstrO,

537 4217 560 4246 «
593 4201 698 4251 etc.
730 4200 784 4251 et
811 4194 945 4267 quia
972 4197 1098 4252 sine
1125 4197 1250 4268 ipsa
1273 4195 1423 4250 nihil
1447 4196 1642 4251 valent
1664 4195 1795 4252 alia.
1826 4198 1894 4251 Et

536 4300 559 4327 α
594 4278 739 4333 ratio
767 4278 953 4352 hujuS,
979 4293 1155 4350 quare
1171 4280 1255 4332 est
1281 4276 1563 4344 habenda,
1606 4276 1888 4344 subditur,

538 4359 803 4415 «scilicet
848 4359 984 4431 quia
1027 4363 1111 4415 est
1153 4357 1453 4413 vinculum
1503 4359 1890 4431 perfectionis,

538 4437 915 4493 «Secundum
960 4441 1219 4494 Glossam
1264 4452 1365 4509 per
1404 4453 1604 4494 omnes
1648 4438 1893 4494 virtutes

536 4538 561 4568 «
593 4516 766 4574 homo
795 4517 1088 4590 perficitur
1121 4539 1135 4574 t
1177 4518 1275 4575 sed
1316 4518 1565 4576 charitas
1610 4519 1896 4576 connectit

537 4619 561 4649 α
593 4613 689 4653 eas
716 4597 785 4654 ad
814 4598 1083 4666 invicem,
1112 4605 1167 4656 et
1212 4599 1347 4656 facit
1394 4616 1489 4657 eas
1525 4614 1894 4672 perseveran-

536 4701 561 4730 «
591 4685 675 4736 tes
702 4685 793 4735 :et
820 4679 948 4737 ideo
970 4679 1180 4737 dicitur
1207 4680 1527 4738 vinculum.
1554 4681 1658 4736 vel
1686 4697 1755 4737 ex
1784 4696 1892 4736 na-

537 4782 561 4810 «
592 4765 723 4815 tura
744 4775 846 4816 sua
860 4765 943 4816 est
970 4761 1289 4827 vinculum,
1314 4762 1450 4833 quia
1476 4767 1561 4818 est
1582 4776 1760 4826 amor,
1791 4758 1893 4832 qui

534 4862 559 4892 «
590 4847 675 4897 est
695 4841 902 4898 uniens
942 4849 1197 4899 amatum
1235 4843 1476 4900 amanti.
1501 4845 1655 4898 Oseae
1688 4843 1744 4897 ll
1786 4863 1799 4898 ε
1827 4842 1892 4899 In

535 4945 560 4972 α
592 4922 867 4980 funiculis
898 4922 1106 4980 Adami
1137 4925 1361 4980 traham
1390 4941 1504 4990 eos,
1537 4924 1601 4979 in
1642 4923 1892 4981 vinculis

537 5025 561 5052 «
591 5004 907 5062 charitatis.
940 5005 1049 5063 Sed
1096 5004 1271 5074 addit,
1304 5005 1667 5079 perfectionis
1698 5030 1713 5073 ;
1754 5006 1892 5078 quia

2021 570 2045 600 «
2075 551 2160 604 est
2181 544 2623 618 unumquodque
2665 544 2993 618 perfectum,
3025 541 3250 615 quando
3272 541 3374 598 ad-

2022 651 2046 680 «
2077 628 2252 684 haeret
2280 625 2387 682 fini
2412 626 2634 690 ultime,
2667 626 2881 681 scilicet
2906 627 3035 691 De0,
3067 622 3215 696 quod
3245 621 3375 679 facit

2020 729 2045 760 «
2076 706 2343 763 charitas,
2390 728 2415 758 »
2466 705 2802 761 omittimus
2828 705 2944 761 alia
2985 705 3151 776 plura
3182 703 3374 775 Scrip-

2016 793 2175 853 turae‚
2207 794 2262 845 et
2303 791 2539 844 Patrum
2588 786 2934 854 testimonia,
2980 800 3104 858 quae
3133 782 3372 841 eandem

2015 869 2319 925 veritatem
2366 868 2735 925 confirmant.
2774 866 3050 923 Videatur
3098 868 3267 938 Vasq.
3317 868 3374 920 in
3417 864 3523 915 vas«.

2015 950 2118 1004 hac
2154 951 2193 1017 1,
2219 952 2273 1015 2,
2304 950 2446 1021 disp.
2479 950 2607 1016 203,
2635 947 2731 1003 ubi
2757 964 2873 1004 non
2897 963 3072 1022 pauca
3097 946 3369 1020 congerit,

2017 1034 2079 1084 ut
2117 1029 2317 1102 probet
2353 1034 2541 1085 actum
2571 1029 2869 1085 charitatis
2907 1044 3029 1084 esse
3070 1042 3144 1083 ex
3171 1034 3374 1083 natura

2016 1128 2117 1167 sua
2139 1111 2385 1167 formam
2405 1110 2817 1185 justificantem
2842 1130 2854 1165 :
2880 1125 3005 1182 quae
3032 1109 3163 1165 licet
3191 1108 3374 1165 ineffi-

2017 1195 2166 1250 cacia
2206 1195 2324 1249 sint
2364 1193 2433 1249 ad
2485 1192 2868 1249 evincendum
2913 1190 3246 1264 praedictum
3287 1207 3375 1246 as-

2017 1282 2330 1347 sumptum,
2383 1274 2680 1329 efficaciter
2721 1279 2914 1329 tamen
2956 1271 3201 1345 probant
3231 1288 3374 1344 prae-

2019 1354 2232 1410 dictum
2257 1358 2443 1408 actum
2479 1354 2866 1410 essentialiter
2904 1369 3026 1409 esse
3054 1358 3245 1409 actum
3272 1352 3374 1408 ho-

2019 1436 2197 1491 minis
2224 1433 2518 1508 justificati
2547 1451 2644 1506 per
2671 1435 2915 1509 gratiam
2933 1460 2947 1501 ;
2977 1451 3113 1490 nam
3152 1434 3373 1505 operari

2017 1515 2358 1587 simpliciter
2384 1514 2552 1586 juste,
2599 1514 2930 1588 attingendo
2968 1513 3241 1570 videlicet
3267 1513 3375 1586 pri-

2020 1614 2176 1654 mam
2204 1598 2459 1670 regulam
2478 1596 2734 1669 Justitiae,
2764 1596 3034 1669 supponit
3053 1594 3376 1653 essentiali-

2020 1684 2105 1735 ter
2127 1679 2424 1733 hominem
2445 1692 2568 1732 esse
2586 1678 2825 1750 justum,
2852 1683 2905 1732 et
2948 1682 3164 1734 rectum
3208 1676 3270 1732 in
3295 1691 3373 1733 se.

2093 1762 2221 1815 228.
2267 1761 2378 1813 Nec
2408 1759 2583 1814 refert
2607 1759 2658 1812 si
2681 1757 2854 1823 dicas,
2883 1758 3015 1826 haec,
3049 1764 3105 1815 et
3129 1760 3247 1815 alia
3267 1765 3377 1816 tes·
3433 1761 3529 1820 ¹3⁶¹*

2022 1841 2262 1898 timonia
2328 1838 2708 1913 intelligenda
2770 1856 2891 1897 esse
2949 1839 3019 1898 de
3075 1840 3377 1898 dilectione
3420 1820 3533 1863 ‘mm‘

2022 1925 2121 1980 Dei
2139 1922 2519 1997 permanenti,
2550 1922 2670 1977 sive
2698 1921 2887 1978 elicita
2906 1940 3004 1995 per
3029 1924 3376 1997 principium

2020 2003 2313 2059 habituale
2340 2022 2351 2064 ;
2382 2017 2500 2058 non
2542 2016 2679 2057 vero
2720 2000 2789 2057 de
2839 2002 3146 2061 dilectione
3188 2009 3368 2060 trans—

2020 2083 2199 2147 eunti,
2226 2088 2282 2138 et
2301 2098 2425 2154 quae
2455 2097 2554 2153 per
2579 2080 2932 2152 principium
2960 2080 3030 2137 ab
3071 2082 3380 2139 intrinseco

2021 2164 2308 2221 transiens
2335 2163 2658 2218 eliceretur.
2692 2162 2855 2220 Unde
2877 2179 2994 2220 non
3018 2162 3374 2238 repugnabit,

2019 2246 2170 2320 quod
2204 2245 2369 2301 detur
2420 2262 2584 2302 amor
2622 2246 2940 2313 charitatis,
2985 2247 3126 2320 quin
3170 2245 3382 2303 tribuat

2021 2344 2116 2385 eos
2141 2326 2371 2383 effectus
2389 2327 2528 2383 adeo
2550 2327 2910 2393 excellentes,
2941 2327 3137 2399 quales
3166 2326 3276 2400 ipsi
3298 2329 3379 2383 at-

2023 2407 2286 2464 tribuunt
2307 2407 2618 2479 Scriptura,
2650 2412 2704 2462 et
2726 2409 2925 2464 Patres
2944 2432 2958 2475 ;
2985 2423 3121 2463 nam
3144 2408 3381 2485 loquun-

2023 2498 2116 2547 tur
2143 2490 2213 2546 de
2235 2505 2431 2546 amore
2464 2490 2653 2546 elicito
2680 2507 2713 2547 a
2738 2491 2941 2564 gratia,
2980 2495 3037 2546 et
3079 2489 3373 2553 charitate,

2021 2574 2207 2646 qualis
2229 2571 2398 2629 modo
2426 2572 2610 2629 datur.
3122 2611 3128 2616 -

2098 2656 2231 2720 Hoc,
2266 2653 2522 2724 inquam,
2559 2669 2676 2713 non
2705 2652 2897 2718 refert,
2923 2651 3021 2707 sed
3052 2651 3223 2709 facile
3247 2668 3381 2709 con-
3405 2643 3554 2739 {gfff

2024 2733 2258 2789 tutatur.
2293 2734 2440 2788 Tum
2467 2734 2602 2805 quia
2623 2735 2932 2807 Scriptura,
2966 2737 3020 2788 et
3043 2733 3243 2790 Patres
3270 2748 3382 2790 non

2024 2813 2268 2869 fundant
2314 2814 2681 2870 excellentias
2720 2815 2979 2889 proprias
3007 2814 3228 2871 amoris
3253 2815 3382 2871 cha·-

2026 2896 2210 2951 ritatis
2239 2896 2300 2950 in
2327 2910 2411 2961 ee,
2445 2895 2590 2967 quod
2630 2897 2891 2969 procedat
2912 2914 2944 2954 a
2969 2896 3257 2969 principio
3285 2896 3384 2952 ha·—

2025 2975 2245 3041 bituali,
2278 2976 2370 3032 vel
2412 2979 2778 3046 transeunti3
2811 2979 2992 3034 immo
3044 2979 3277 3035 nullum
3317 2975 3384 3033 de

2025 3057 2130 3112 hoc
2148 3055 2392 3113 verbum
2423 3057 2661 3126 faciunt,
2706 3061 2908 3116 saltem
2950 3075 3222 3133 expresse
3252 3081 3265 3115 ι
3290 3055 3382 3114 sed

2025 3139 2156 3195 illas
2181 3138 2549 3195 excellentias
2580 3138 2824 3196 fundant
2845 3140 2908 3197 in
2928 3157 3013 3207 eo,
3038 3139 3192 3214 quod
3213 3139 3383 3195 attin-

2022 3226 2161 3295 gant
2185 3220 2523 3277 immediate
2550 3225 2728 3278 Deum
2757 3223 3031 3280 ultimum
3061 3222 3263 3289 finem,
3296 3220 3383 3278 di-

2025 3301 2255 3376 ligendo
2297 3303 2486 3376 ipsum
2513 3319 2684 3375 super
2722 3305 2922 3361 omnia
2955 3326 2967 3360 :
3010 3304 3162 3378 quod
3193 3300 3384 3379 praedi-

2022 3388 2212 3439 catum
2232 3384 2501 3439 convenit
2522 3385 2905 3442 essentialiter
2927 3387 3075 3443 actui
3091 3382 3383 3443 charitatis

2023 3461 2335 3520 secundum
2383 3480 2552 3539 suam
2600 3466 2843 3539 speciem
2886 3466 3291 3534 considerato;
3333 3467 3384 3521 et

2025 3546 2153 3604 ideo
2179 3546 2393 3602 salvari
2416 3545 2581 3603 debet
2602 3547 2665 3602 in
2687 3563 3044 3623 quacumque
3065 3546 3377 3623 hypothesi,

2023 3635 2080 3686 et
2098 3629 2274 3684 simul
2297 3645 2425 3684 cum
2452 3644 2520 3685 eo
2544 3645 2746 3686 omnes
2771 3632 3141 3699 excellentiae,
3175 3647 3298 3704 quae
3323 3629 3381 3685 in

2024 3709 2147 3782 ipso
2176 3707 2515 3765 fundantur.
2551 3711 2618 3764 Et
2658 3725 2787 3765 cum
2829 3710 3158 3785 hujusmodi
3201 3710 3381 3768 excel-

2025 3788 2218 3844 lentiae
2245 3789 2459 3862 salvari
2486 3805 2603 3846 non
2627 3791 2845 3862 possint
2872 3792 3083 3866 absque
3105 3789 3379 3865 principio

2028 3867 2413 3942 permanenti,
2461 3872 2516 3924 et
2544 3868 2845 3936 habituali,
2875 3871 3026 3944 quod
3051 3877 3135 3929 est
3154 3870 3335 3946 gratia
3363 3893 3375 3930 ;

2025 3950 2234 4006 merito
2273 3965 2342 4004 ex
2393 3948 2628 4020 propria
2671 3949 2856 4021 specie
2894 3957 3049 4009 actus
3091 3949 3378 4008 charitatis
3608 3973 3610 4010 l

2023 4032 2366 4105 colligimuS,
2401 4031 2548 4102 quod
2571 4030 2771 4088 debeat
2793 4049 3237 4107 praesupponere
3259 4047 3378 4108 gra·

2025 4115 2166 4170 tiam
2193 4111 2662 4169 sanctificantem.
2691 4115 3028 4172 Contrarias
3049 4123 3242 4173 autem
3268 4114 3380 4170 dis-
3579 4109 3584 4148 ¹

2024 4194 2309 4262 currendi,
2354 4200 2410 4251 et
2440 4193 2821 4268 respondendi
2849 4197 3052 4254 modus
3089 4198 3379 4255 manifeste

2024 4276 2166 4350 petit
2216 4276 2589 4349 principium.
2635 4277 2782 4332 Tum
2810 4279 3008 4345 etiam,
3051 4279 3188 4352 quia
3226 4293 3379 4335 amor

2022 4357 2320 4414 charitatis
2342 4356 2441 4411 Dei
2470 4372 2642 4430 super
2668 4359 2884 4425 omnia,
2929 4360 3060 4416 licet
3085 4376 3158 4417 ex
3196 4364 3378 4415 muta-

2025 4437 2246 4493 bilitate
2265 4436 2500 4510 subjecti
2528 4438 2869 4511 quandoque
2897 4437 3141 4507 deficiat,
3167 4438 3377 4496 nihilo·

2022 4517 2220 4573 minus
2229 4532 2298 4572 ex
2314 4516 2498 4589 specie
2506 4532 2608 4572 sua
2622 4521 2705 4573 est
2719 4523 2872 4575 actus
2885 4531 3375 4592 permanensmam

2024 4598 2308 4671 appretiat
2336 4600 2516 4654 Deum
2545 4614 2718 4669 super
2738 4600 2937 4656 omnia
2961 4601 3089 4656 sine
3119 4600 3237 4656 ulla
3262 4612 3376 4654 res-

3579 4215 3592 4324 -.--

2024 4679 2289 4735 trictione
2310 4679 2380 4735 ad
2421 4677 2650 4751 aliquod
2689 4683 2931 4754 tempuS,
2962 4680 3062 4737 sed
3109 4680 3370 4741 absolute.

2023 4765 2079 4817 ct
2129 4757 2437 4827 firmandO,
2490 4765 2658 4831 atque
2712 4759 3053 4818 inclinando
3089 4759 3374 4817 efficaciter

2022 4841 2338 4918 subjectum
2375 4839 2444 4897 ad
2484 4839 2917 4899 observantiam
2963 4843 3180 4901 divinae
3220 4839 3368 4916 legiS,

2021 4924 2484 4997 quotiescumque
2537 4922 2739 4979 divina
2787 4929 3066 4997 praecepta
3121 4934 3373 4981 occurre-

2024 5005 2145 5060 rint
2163 5028 2178 5072 ;
2202 5004 2350 5077 quod
2379 4997 2498 5061 non
2527 5000 2784 5074 haberet,
2814 5005 2863 5060 si
2890 5011 3034 5064 esset
3060 5003 3130 5061 ab
3164 5002 3373 5060 intrin-

2916 5112 2928 5122 ·
3254 5097 3371 5139 seco
