3647 5753
1502 416 1678 473 msP.
1725 418 1794 484 11,
1839 420 2004 477 DUB.
2050 423 2147 479 vl.
3059 432 3171 485 449

297 601 436 642 mus
478 594 639 643 tract.
683 588 909 659 praeccd.
958 588 1103 660 disp.
1150 588 1205 655 5,
1236 587 1363 644 dub.
1407 587 1669 646 3.'Unde

298 666 590 723 auxilium
618 666 882 733 fluidum,
907 683 1007 723 seu
1022 668 1269 740 qualitas
1290 667 1529 724 actualis
1551 684 1667 725 non

290 749 591 806 concurrit
616 748 685 806 ad
727 748 887 814 duas,
913 751 1006 806 vel
1030 750 1224 822 plures
1259 749 1665 822 operationes;

290 827 401 886 sed
441 828 512 886 ad
553 845 728 886 unam
764 835 989 886 tantum
1029 829 1396 895 determinat,
1426 844 1669 902 eamque

302 910 656 977 immediate,
676 916 732 967 et
755 928 857 983 per
875 928 936 968 se
964 911 1154 985 primo
1170 910 1399 984 respicit
1421 933 1436 977 ;
1460 914 1517 967 et
1540 908 1668 968 ideo

296 1005 533 1065 semper
585 992 860 1064 recipitur
904 992 969 1047 in
1024 992 1277 1065 potentia
1331 990 1668 1048 immediate

276 1072 616 1149 ‚operativa
649 1071 755 1128 Sed
801 1072 1048 1143 qualitas
1087 1072 1210 1137 illa,
1254 1086 1378 1143 quae
1430 1071 1496 1126 in
1535 1070 1668 1126 ani-

298 1168 400 1209 ma
441 1150 777 1209 immediate
817 1153 1166 1226 reciperetur
1192 1152 1264 1208 ad
1292 1150 1665 1208 radicandum

292 1248 563 1291 amorem
615 1232 933 1299 charitatis,
989 1234 1295 1306 respiceret
1358 1248 1479 1290 non
1530 1231 1666 1288 uni-

290 1330 424 1372 cam
489 1320 734 1378 tantum,
767 1315 1182 1387 operationem,
1229 1330 1436 1388 nempe
1500 1330 1663 1371 amo-

297 1410 425 1452 rem
467 1395 799 1462 charitatis;
852 1396 948 1453 sed
996 1396 1142 1452 alias
1189 1396 1404 1468 plures,
1460 1410 1666 1452 omnes

295 1474 580 1543 videlicet,
625 1492 766 1548 quas
794 1478 907 1533 Deo
934 1476 1141 1533 ultimo
1186 1476 1292 1532 fini
1338 1474 1661 1549 subjiceret,

294 1559 361 1611 ut
406 1561 813 1631 argumentum
854 1573 1031 1629 supra
1074 1555 1289 1613 sactum
1332 1554 1566 1628 probat;
1609 1560 1667 1612 et

296 1637 533 1694 aliunde
560 1653 677 1693 non
721 1637 1073 1710 reciperetur
1114 1635 1452 1694 immediate
1480 1636 1544 1691 in
1572 1652 1668 1709 po-

294 1719 512 1785 tentiis,
548 1734 651 1774 nec
673 1717 742 1774 ab
776 1720 1108 1789 operatione
1132 1716 1577 1790 specificaretur,
1604 1720 1667 1771 ut

299 1800 633 1859 Adversarii
664 1800 1000 1867 concedunt,
1025 1806 1082 1857 et
1107 1801 1244 1857 satis
1269 1815 1343 1857 ex
1375 1815 1436 1855 se
1462 1798 1661 1870 liquet.

296 1882 445 1955 Ergo
470 1882 681 1954 absque
708 1880 1086 1938 fundamento
1134 1881 1458 1952 appellatur
1506 1879 1666 1935 auxi·

295 1964 442 2020 lium
483 1965 789 2032 transienS‚
836 1979 935 2019 seu
995 1963 1245 2036 qualitas
1289 1962 1556 2027 actualis,
1607 1966 1667 2017 et

292 2044 777 2119 condistinguitur
804 2051 1001 2102 contra
1026 2045 1273 2119 gratiam
1295 2042 1664 2100 sanctifican-

295 2130 411 2182 tem
439 2126 812 2184 habitualem.

90 2208 267 2268 atiqua-
371 2209 500 2263 215.
535 2206 691 2264 Adde
718 2209 934 2273 omnia,
967 2207 1174 2280 quibus
1200 2205 1509 2262 Themistae
1537 2222 1664 2278 pro-

72 2267 286 2359 hssssa'sse
302 2285 439 2343 bant
460 2287 820 2361 impossibile
840 2305 978 2355 esse,
1005 2286 1153 2361 quod
1186 2286 1443 2360 operatio
1470 2287 1662 2359 aliqua

67 2366 274 2458 ξιξξᾶζξῗξ·
298 2368 376 2423 sit
402 2367 588 2424 forma
608 2367 988 2434 sanctificans,
1015 2367 1257 2424 suadere
1280 2367 1477 2432 etiam,
1509 2366 1661 2441 quod

304 2453 585 2521 repugnat
617 2450 862 2520 qualitas
892 2449 1066 2504 ssuida
1092 2448 1416 2505 formaliter
1443 2449 1661 2505 sancti-

300 2528 513 2596 ficans;
557 2532 691 2601 quia
716 2532 861 2587 sicut
886 2532 1141 2604 operatio
1179 2529 1528 2603 intelligitur
1557 2547 1659 2603 per

301 2610 539 2669 modum
567 2613 693 2680 viae,
724 2619 780 2669 et
806 2612 1126 2679 tendentiae,
1169 2619 1226 2669 et
1268 2611 1514 2669 subinde
1553 2628 1659 2671 ne-

296 2694 422 2766 quit
459 2694 800 2751 constituere
842 2698 1052 2749 statum
1083 2694 1335 2767 justitiae,
1362 2694 1461 2767 qui
1503 2692 1572 2751 de
1597 2711 1658 2753 se

292 2774 568 2847 exprimit
597 2773 985 2841 stabilitatem,
1021 2773 1120 2831 sed
1147 2772 1313 2830 debet
1338 2792 1658 2848 supponere

190 2854 210 2863 ’
292 2853 561 2922 formam,
598 2855 661 2911 in
688 2872 799 2928 qua
828 2854 1131 2922 radicetur,
1162 2861 1218 2912 et
1244 2871 1368 2928 quae
1386 2872 1515 2913 eam
1538 2862 1657 2914 sta-

290 2937 575 2995 bilitatem
612 2937 936 2996 formaliter
962 2939 1345 2998 communicet
1372 2951 1385 2996 ·:
1410 2941 1490 2996 ita
1510 2956 1657 3013 qua-

290 3019 419 3077 litas
465 3019 647 3077 fluida
688 3021 1038 3096 intelligitur
1067 3039 1099 3078 a
1129 3020 1355 3078 fortiori
1399 3037 1500 3095 per
1528 3037 1656 3079 mo-

286 3099 427 3157 dum
466 3103 595 3170 viae,
640 3109 697 3160 et
748 3103 1089 3171 tendentiae;
1144 3109 1199 3160 et
1243 3109 1656 3175 consequenter

285 3183 482 3255 nequit
509 3188 719 3239 statum
743 3184 900 3258 justi,
944 3189 1000 3241 et
1030 3183 1323 3257 propriam
1368 3184 1653 3241 rationem

282 3263 428 3336 grati
445 3263 787 3336 simpliciter
804 3264 1146 3321 constituere
1163 3267 1654 3340 :cumqueAraujo

283 3341 444 3414 prius
466 3343 611 3400 illud
640 3349 873 3411 asserat,
900 3343 1096 3400 minus
1115 3349 1527 3416 consequenter
1547 3361 1654 3402 ne-

282 3429 376 3498 gat
394 3425 500 3482 hoc
528 3426 829 3499 posterius,

864 3594 895 3661 g
936 3593 1054 3647 vn.

394 3744 585 3816 Major
635 3747 976 3816 confirmatio
1033 3751 1225 3802 nostras
1261 3749 1521 3804 rationis.

82 3929 216 3973 Aliud
349 3906 477 3961 216.
515 3905 999 3973 Fundamentum,
1032 3907 1121 3963 cui
1169 3909 1470 3964 veritatem
1513 3924 1649 3966 nos-

85 3989 228 4072 „gg‘t'n
287 3987 389 4041 trae
411 3987 741 4042 assertionis
763 3988 1175 4054 commisimus,
1200 3994 1379 4061 potest
1400 3989 1651 4062 amplius

40 4078 268 4122 sententia
287 4065 546 4123 roborari
575 4083 645 4124 ex
672 4068 837 4125 dictis
876 4076 1037 4126 tract.
1082 4071 1136 4134 8,
1168 4071 1312 4143 disp.
1343 4074 1398 4137 4,
1436 4071 1563 4128 dub.
1588 4073 1643 4139 3,

109 4126 233 4221 ξᾟ
284 4146 383 4203 ubi
430 4165 581 4205 num.
634 4151 726 4216 51,
761 4151 1191 4207 insinuavimus
1238 4151 1543 4221 rationem,
1575 4151 1647 4209 oh

278 4246 452 4304 quam
481 4236 758 4305 repugnat
784 4231 912 4288 dari
934 4248 1193 4288 amorem
1220 4232 1519 4307 charitatis
1544 4233 1645 4290 Dei

274 4327 448 4384 super
473 4313 671 4368 omnia
697 4314 907 4386 absque
927 4313 1152 4369 influxu
1173 4315 1372 4388 gratiae
1392 4313 1645 4372 sanctifi-

273 4393 453 4451 cantis
475 4393 807 4451 habitualis.
833 4397 1022 4452 Potest
1039 4399 1231 4451 autem
1252 4397 1334 4474 sic
1361 4397 1606 4471 proponi
1630 4418 1643 4453 ε

272 4474 547 4549 quoniam
589 4473 659 4531 de
703 4477 953 4533 essentia
995 4476 1250 4548 praedicti
1296 4478 1512 4535 amoris
1562 4482 1646 4534 est

272 4556 557 4612 inclinare
582 4556 826 4627 perfecte
843 4556 950 4612 sub
956 4561 1167 4627 jectum
1186 4556 1257 4614 ad
1279 4557 1494 4613 bonum
1519 4574 1648 4631 pro-

272 4635 467 4710 prium
509 4643 730 4692 naturae
765 4635 982 4693 divinae
1017 4656 1030 4691 t
1058 4636 1158 4693 sed
1186 4638 1464 4710 implicat,
1497 4637 1646 4711 quod

269 4716 438 4774 detur
478 4715 807 4791 hujusmodi
840 4716 1144 4773 inclinatio
1170 4717 1380 4791 absque
1420 4718 1644 4775 influxu

265 4797 468 4872 gratiae
487 4795 899 4853 sanctificantis
915 4796 1232 4853 habitualis
1263 4819 1276 4853 :
1297 4813 1435 4871 ergo
1455 4798 1646 4872 impli-

264 4882 375 4946 cat,
406 4877 532 4935 dari
574 4894 834 4935 amorem
873 4877 1188 4945 charitatis,
1238 4883 1295 4934 et
1335 4876 1483 4950 quod
1526 4895 1646 4937 non

271 4958 540 5031 procedat
559 4974 592 5014 a
618 4960 804 5033 gratia
832 4955 1223 5015 sanctificante
1243 4956 1529 5014 habituali
1551 4983 1565 5028 3
1588 4965 1647 5017 et

267 5044 683 5112 consequenter
712 5036 1090 5110 impossibilis
1115 5042 1200 5094 est
1229 5036 1492 5094 remissio
1513 5054 1644 5111 pec-

1799 592 1910 648 cati
1940 610 2042 666 per
2066 599 2253 653 solum
2277 601 2466 655 actum
2484 600 2701 657 amoris
2728 601 2825 658 Dei
2853 618 3026 674 super
3050 619 3171 661 om·

1802 675 1919 741 nia,
1950 675 2049 733 sed
2077 681 2395 737 necessario
2421 681 2737 739 exercenda
2763 689 2849 739 est
2889 700 2990 755 per
3032 701 3171 759 gra-

1802 758 1943 814 tiam
1990 760 2345 819 habitualem
2403 764 2875 832 sanctificantem,
2926 783 3050 839 quae
3096 767 3167 823 ad

1800 841 1975 897 talem
2024 857 2281 900 amorem
2322 851 2813 918 praesupponatur,
2846 846 3007 903 etin
3033 864 3167 904 eum

1798 1016 1870 1057 ex
1900 1003 2105 1075 prima,
2131 1008 2187 1060 et
2213 1020 2283 1061 ex
2322 1006 2414 1061 his
2451 1013 2576 1078 quae
2616 1022 2791 1078 supra
2831 1005 3166 1063 observavi-

1802 1324 2026 1398 pliciter
2055 1327 2348 1393 ultimum,
2374 1332 2428 1383 et
2448 1344 2620 1400 super
2643 1329 2842 1385 omnia
2870 1327 3162 1395 dilectum,

1800 1404 2102 1463 referendo
2138 1423 2215 1472 se,
2247 1412 2303 1463 et
2349 1409 2651 1481 proprium
2689 1410 3071 1481 suppositum,
3105 1416 3162 1467 et

1753 1484 1757 1488 ’
1796 1490 2016 1551 cuncta,
2043 1490 2161 1541 tam
2203 1488 2512 1555 naturalia,
2546 1505 2719 1561 quam
2746 1496 3165 1561 supernatura-

1798 1568 1897 1633 lia,
1918 1567 1988 1625 ad
2017 1571 2195 1625 Deum
2226 1568 2288 1624 in
2309 1570 2599 1642 seips02et
2619 1570 2886 1642 quaelibet
2908 1572 3165 1643 opposita

1799 1648 2101 1715 restrictio,
2127 1649 2221 1705 vel
2247 1650 2520 1707 limitatio
2549 1649 2846 1723 propriam
2878 1652 3162 1708 rationem

1795 1726 2118 1800 specificam
2136 1729 2388 1801 praedicti
2415 1731 2630 1787 amoris
2651 1731 2967 1787 destrueret
2997 1748 3164 1806 :ergo

1796 1806 1867 1863 de
1886 1809 2132 1864 essentia
2159 1809 2485 1883 hujusmodi
2517 1811 2733 1867 amoris
2761 1815 2844 1867 est
2873 1811 3162 1869 inclinare

1798 1887 2043 1961 perfecte
2062 1889 2377 1963 subjectum
2404 1889 2473 1946 ad
2497 1890 2712 1947 bonum
2738 1892 3039 1963 proprium
3066 1907 3165 1948 na·

1797 1976 1942 2025 tura!
1963 1969 2197 2028 divinae.

1869 2045 2062 2101 Minor
2077 2051 2287 2111 autem,
2305 2047 2365 2103 in
2388 2063 2498 2120 qua
2520 2052 2604 2103 est
2624 2046 2945 2112 difficultas,
2967 2050 3160 2103 osten-

1794 2124 1952 2181 ditur
1998 2147 2010 2181 :
2054 2143 2190 2182 nam
2219 2126 2288 2184 de
2326 2128 2574 2184 essentia
2601 2128 2998 2184 inclinationis
3027 2143 3159 2200 per-

1794 2207 1950 2264 fectae
1993 2214 2078 2265 est
2120 2209 2397 2281 respicere
2425 2209 2639 2266 bonum
2669 2209 2968 2283 proprium
2999 2209 3160 2263 illius

1794 2295 2031 2356 naturae,
2065 2307 2097 2347 a
2117 2306 2228 2363 qua
2257 2290 2555 2347 inclinatio
2585 2288 2854 2365 procedit,
2880 2294 2933 2344 et
2957 2289 3020 2344 in
3043 2304 3156 2361 qua

1794 2368 2084 2425 radicatur
2116 2386 2292 2445 :ergo
2332 2370 2609 2442 implicat,
2654 2370 2781 2427 dari
2823 2369 3159 2426 inclinatio-

1793 2469 1926 2509 nem
1958 2452 2263 2525 perfectam
2287 2454 2355 2510 ad
2375 2452 2590 2511 bonum
2614 2452 2914 2525 proprium
2939 2457 3072 2509 natu
3085 2466 3160 2506 rae

1791 2531 2024 2599 divinae,
2049 2538 2107 2589 et
2125 2531 2273 2604 quod
2301 2550 2334 2589 a
2356 2539 2564 2589 natura
2590 2531 2796 2589 divina
2827 2548 2944 2588 non
2969 2547 3158 2604 proce·

1791 2610 1905 2679 dat,
1937 2618 1993 2670 et
2024 2613 2308 2669 radicetur
2336 2612 2398 2668 in
2441 2614 2543 2668 illa
2576 2633 2589 2668 :
2621 2613 2776 2685 atqui
2821 2616 3029 2667 natura
3064 2610 3160 2666 di—

1791 2693 1927 2749 vina
1949 2694 2012 2750 in
2042 2693 2206 2751 nobis
2228 2692 2468 2749 habetur
2495 2709 2596 2766 per
2622 2693 2870 2767 gratiam
2897 2689 3156 2748 sanctifi-

1789 2779 2011 2832 cantem
2059 2773 2410 2830 habitualem
2465 2794 2478 2829 :
2518 2789 2653 2847 ergo
2700 2775 2746 2829 si
2795 2772 2864 2830 de
2909 2773 3156 2829 essentia

1789 2857 2005 2915 amoris
2048 2856 2344 2914 charitatis
2387 2859 2470 2913 est
2507 2856 2798 2913 inclinare
2827 2854 2895 2911 ad
2938 2853 3153 2912 bonum

1789 2940 2090 3011 proprium
2114 2945 2336 2995 naturae
2358 2937 2596 3004 divinae,
2618 2938 2877 3010 implicat
2910 2936 3154 3008 reperiri

1786 3022 1962 3078 talem
2002 3037 2280 3088 amorem,
2331 3025 2388 3077 et
2433 3019 2584 3093 quod
2631 3037 2748 3077 non
2800 3020 3064 3092 procedat
3123 3035 3155 3075 a

1789 3102 2055 3174 praedicta
2099 3102 2303 3176 gratia,
2349 3107 2405 3157 et
2444 3101 2509 3156 in
2551 3117 2616 3157 ea
2667 3116 2784 3157 non
2838 3099 3147 3156 radicetur.

1786 3185 2001 3240 Cretera
2045 3187 2329 3240 constant.
2362 3184 2432 3238 Et
2460 3181 2801 3238 antecedens
2841 3180 3113 3237 suadetur
3142 3201 3153 3233 :

1786 3269 1910 3320 tum
1937 3264 2071 3336 quia
2100 3262 2169 3320 ad
2198 3265 2303 3320 hoc
2324 3279 2424 3336 per
2464 3278 2525 3318 se
2555 3263 2744 3334 primo
2773 3262 3025 3318 deservit
3056 3261 3155 3316 in-

1785 3345 2041 3412 clinatio,
2075 3350 2135 3399 ut
2170 3346 2291 3419 ejus
2332 3342 2682 3416 principium
2714 3342 3060 3416 propendeat
3090 3342 3151 3397 in

1785 3426 2000 3483 bonum
2043 3424 2154 3480 sibi
2205 3425 2526 3497 proprium,
2574 3429 2630 3480 et
2675 3442 2790 3480 sua)
2835 3423 3150 3480 conditioni

1782 3506 2133 3564 conveniens
2165 3525 2178 3560 t
2205 3521 2342 3579 ergo
2368 3502 2438 3560 de
2476 3505 2722 3560 essentia
2752 3502 3150 3560 inclinationis

1787 3586 2045 3660 perfectas
2082 3591 2165 3648 est
2211 3585 2445 3642 tendere
2492 3585 2554 3639 in
2602 3584 2818 3640 bonum
2849 3584 3147 3657 proprium

1784 3667 1944 3724 illius
1972 3670 2210 3732 naturae,
2244 3681 2277 3722 a
2303 3681 2417 3738 qua
2440 3663 2711 3737 procedit,
2743 3669 2798 3719 et
2820 3663 2880 3719 in
2909 3679 3020 3737 qua
3050 3678 3145 3719 ra-

1782 3747 2022 3804 dicatur.
2074 3746 2221 3800 Tum
2261 3745 2452 3811 etiam,
2508 3744 2644 3815 quia
2691 3744 2836 3799 sicut
2891 3742 3150 3800 accidens

1782 3842 1901 3884 non
1941 3831 2025 3883 est
2081 3830 2313 3899 propter
2352 3824 2749 3897 semetipsum,
2779 3822 2877 3880 sed
2919 3827 3150 3896 propter

1780 3907 2179 3973 substantiam,
2218 3907 2309 3963 cui
2355 3906 2535 3972 hiest3
2580 3906 2659 3960 ita
2702 3903 3002 3960 inclinatio
3032 3919 3147 3960 non

1778 3995 1865 4047 est
1907 3996 2136 4063 propter
2157 3989 2424 4062 seipsam,
2456 3988 2555 4046 sed
2581 3986 2815 4061 propter
2849 3991 3141 4050 naturam,

1781 4072 1846 4128 in
1896 4088 2008 4143 qua
2073 4071 2349 4129 fundatur
2398 4094 2411 4129 ε
2465 4069 2563 4128 sed
2619 4075 2827 4125 natura
2881 4068 3148 4141 quaslibet

1779 4169 2009 4209 summa
2055 4153 2384 4218 intimitate,
2431 4155 2490 4208 et
2532 4150 2911 4224 propensione
2954 4154 3038 4205 est
3078 4148 3146 4205 ad

1778 4235 2025 4308 seipsam
2061 4257 2074 4292 :
2103 4251 2240 4310 ergo
2277 4232 2543 4306 quaelibet
2572 4233 2873 4290 inclinatio
2902 4232 3149 4304 perfecta

1778 4313 1947 4372 debet
1992 4314 2227 4372 tendere
2268 4314 2330 4370 in
2372 4313 2587 4371 bonum
2637 4313 2936 4385 proprium
2987 4312 3148 4368 illius

1781 4399 2021 4461 natura),
2056 4412 2089 4452 a
2109 4412 2221 4468 qua
2243 4392 2510 4467 procedit,
2536 4398 2592 4448 et
2614 4393 2675 4448 in
2703 4409 2814 4465 qua
2840 4391 3135 4448 fundatur.

1778 4475 1927 4531 Tum
1960 4481 2257 4549 praeterea.
2289 4476 2423 4548 quia
2449 4473 2497 4528 si
2529 4473 2744 4547 regula,
2772 4478 2834 4528 ut
2871 4473 2951 4529 sic
2990 4472 3147 4530 dica-

1779 4572 1931 4624 mus,
1957 4563 2014 4614 et
2040 4559 2326 4614 terminus
2357 4554 2622 4630 praefixus
2649 4554 2951 4630 cujuslibet
2979 4556 3145 4612 incli-

1780 4638 2038 4694 nationis
2079 4653 2197 4696 non
2224 4643 2371 4694 esset
2414 4637 2629 4694 bonum
2661 4636 2959 4709 proprium
2989 4636 3147 4691 illius

1779 4725 2019 4787 naturae,
2047 4721 2111 4777 in
2151 4736 2263 4793 qua
2300 4724 2384 4776 est
2426 4718 2745 4784 inclinatio,
2772 4718 2936 4774 nulla
2965 4723 3148 4789 posset

1777 4800 2065 4873 assignari
2096 4800 2264 4866 ratic,
2295 4798 2368 4856 ob
2406 4814 2581 4871 quam
2623 4797 2724 4853 tali
2771 4801 2990 4854 naturae
3015 4797 3146 4853 talis

1779 4879 2107 4948 inclinatio,
2151 4885 2210 4937 et
2252 4895 2370 4936 non
2413 4879 2531 4935 alia
2555 4878 2891 4935 conveniret
2929 4892 3148 4949 :quare

1779 4979 1834 5019 v.
1888 4978 1942 5037 g.
1991 4962 2143 5037 ignis
2190 4961 2502 5018 inclinaret
2540 4959 2609 5018 ad
2657 4961 2845 5016 locum
2889 4976 3140 5027 sursum,

1777 5047 1934 5099 terra
1979 5042 2049 5100 ad
2093 5044 2282 5100 locum
2330 5040 2621 5108 deorsum,
2664 5047 2769 5098 etc.
2816 5057 2953 5115 ergo
2992 5039 3142 5097 idem

1800 920 2024 979 influat.
2081 924 2213 980 Haec
2255 926 2502 981 secunda
2546 920 2948 998 consequentia
3015 896 3364 1003 patetcfflffi-

2061 1085 2071 1095 .
2463 1088 2473 1098 .
2511 1088 2522 1099 .
3204 995 3358 1096 ἱέἓηῗιῒι

1800 1100 1949 1140 mus,
1977 1087 2174 1141 Prima
2203 1102 2339 1142 vero
2366 1088 2622 1162 legitime
2644 1088 2900 1144 infertur
2927 1104 2996 1144 ex
3027 1099 3379 1161 prae-essentta-

1799 1164 2012 1221 missis.
2062 1166 2245 1239 Major
2292 1171 2481 1223 autem
2528 1172 2612 1224 est
2650 1174 2804 1224 certa
2849 1170 3165 1240 :quoniam
3201 1142 3344 1244 {¹312}

1799 1260 1966 1301 amor
1984 1244 2280 1301 charitatis
2298 1247 2526 1319 respicit
2549 1249 2728 1304 Deum
2747 1254 2808 1303 ut
2830 1246 3006 1304 finem
3030 1250 3167 1306 sim·
3180 1242 3363 1335 fflgffifl·
