3647 5753
454 708 2421 907 TRAOTATUS
2624 709 3071 899 XV

866 1487 1033 1567 DE
1136 1454 2195 1566 JUSTIFICATIONE
2301 1482 2672 1562 1Mp11.

763 1761 1287 1825 PRAELOQUIUM.

143 1929 301 2021 331²:-
419 1927 726 1996 Postquam
764 1921 1064 1995 Angelicus
1113 1922 1314 1978 Doctor
1354 1920 1424 1977 de
1468 1919 1701 1993 quiddi-

213 1989 315 2055 -ω
342 2011 484 2072 tate,
531 2003 874 2068 existentia,
924 2001 1345 2067 divisionibus»,
1395 2004 1453 2059 et
1516 2001 1702 2057 causis

341 2089 557 2145 divinae
583 2087 782 2162 gratiae
805 2085 1094 2151 disseruit,
1124 2083 1375 2157 procedit
1417 2083 1487 2141 ad
1508 2083 1701 2140 decla-

346 2167 595 2225 randum
656 2167 797 2224 duos
859 2167 1172 2239 praecipuos
1235 2165 1359 2239 ejus
1423 2164 1653 2221 effectus
1682 2207 1695 2231 ,

344 2266 553 2321 nempe
584 2246 1070 2322 justificationem,
1108 2251 1163 2303 et
1190 2246 1468 2303 meritum
1501 2266 1514 2300 ε
1551 2260 1697 2317 quo-

342 2346 475 2386 rum
501 2330 755 2402 primum
783 2327 1167 2385 communicat
1193 2327 1258 2382 in
1282 2340 1492 2400 genere
1515 2341 1699 2383 causae

343 2413 628 2477 formalis,
662 2411 1036 2483 posteriorem
1061 2424 1196 2465 vero
1239 2408 1300 2462 in
1329 2423 1539 2481 genere
1562 2423 1701 2464 cau-

331 2507 422 2547 sae
466 2489 773 2547 efficientis.
818 2486 1312 2554 Quemadmodum
1340 2488 1499 2544 enim
1546 2489 1701 2545 calor

346 2588 455 2646 per
492 2571 900 2628 exhibitionem
940 2586 1057 2627 suae
1101 2570 1359 2628 entitatis
1407 2569 1703 2627 constituit

339 2651 661 2726 subjectum
709 2651 1029 2708 formaliter
1075 2650 1346 2718 calidum,
1389 2655 1445 2707 et
1494 2648 1702 2706 deinde

336 2739 435 2790 est
455 2733 802 2806 principium
845 2733 1094 2788 activum
1140 2731 1509 2789 calefaciendi
1537 2730 1653 2788 alia
1685 2752 1699 2787 ε

341 2817 429 2872 ita
449 2817 633 2892 gratia
670 2832 768 2889 per
806 2815 1052 2895 seipsam
1074 2814 1366 2871 constituit
1387 2812 1701 2888 subjectum

339 2897 672 2954 formaliter
696 2903 943 2972 gratum,
970 2896 1206 2969 justum,
1238 2901 1293 2952 et
1313 2899 1574 2951 sanctum
1600 2919 1614 2962 ;
1643 2898 1700 2952 et

335 2981 585 3051 insuper
603 2976 1047 3051 estprincipium
1068 2976 1390 3033 effectivum
1414 2975 1703 3047 operatio-

335 3075 511 3125 num,
541 3057 746 3129 quibus
772 3058 954 3113 vitam
979 3062 1254 3112 aetcrnam
1283 3071 1595 3112 meremur.
1631 3056 1700 3110 Et

328 3139 484 3213 quia
516 3139 746 3195 effectus
785 3137 1045 3194 formalis
1083 3142 1168 3193 est
1213 3135 1520 3207 unicuique
1560 3134 1704 3190 inti-

332 3219 522 3284 mior,
554 3234 725 3291 quam
752 3218 979 3275 effectus
1027 3216 1090 3271 in
1128 3231 1336 3290 genere
1362 3230 1544 3271 causae
1581 3215 1704 3270 essi—

113 3315 284 3359 nrho.
327 3303 592 3368 cientis;
641 3301 851 3357 idcirco
896 3301 960 3355 D.
1011 3299 1261 3356 Thomas
1320 3297 1382 3352 in
1433 3296 1699 3369 praesenti

320 3382 662 3458 quaestione
714 3383 834 3444 113,
885 3379 1046 3453 prius
1085 3383 1288 3434 tractat
1333 3375 1702 3450 dejustifica·

321 3467 525 3528 tione,
552 3466 781 3518 acturus
807 3462 871 3517 in
891 3460 1147 3533 sequenti
1169 3459 1238 3515 de
1259 3457 1500 3515 merito:
1530 3473 1703 3530 quam

317 3542 686 3602 methodum
714 3558 817 3598 nos
837 3541 1011 3598 etiam
1038 3538 1492 3597 observabimus.

100 3627 275 3724 “1332
401 3627 441 3679 J
448 3621 854 3681 ustificationis
881 3637 1019 3679 vero
1044 3618 1403 3702 vocabulum,
1428 3635 1557 3675 cum
1583 3618 1706 3690 plu-

112 3724 240 3770 tionis
274 3699 529 3763 ‘rimas
573 3701 776 3759 habeat
823 3701 1190 3773 acceptiones,
1221 3716 1361 3771 quas
1399 3699 1518 3756 late
1554 3698 1706 3754 rese-

100 3778 287 3869 =.0⁰T¹³⁰·
309 3790 478 3842 runt
506 3781 896 3855 Stapletonius
917 3781 1009 3836 lib.
1025 3781 1079 3846 5,
1103 3781 1167 3834 de
1192 3777 1385 3850 Justif.
1402 3778 1702 3850 proloyom.

100 3833 257 3919 &ga
307 3872 347 3925 2
388 3875 447 3923 et
476 3867 540 3933 3,
575 3866 738 3919 Sotus
760 3863 852 3918 lib.
884 3864 938 3925 2,
963 3863 1026 3916 de
1047 3869 1271 3926 nattam,
1294 3867 1344 3915 et
1367 3861 1700 3932 qratiastap.

298 3955 366 4017 6,
405 3955 476 4007 et
531 3945 638 4002 alii
666 3968 679 4010 ;
709 3944 1012 4016 dupliciter
1037 3950 1251 4010 tamen,
1283 3946 1338 3998 et
1367 3940 1705 4014 principali-

303 4038 432 4095 ter,
473 4033 772 4101 quantum
802 4024 870 4081 ad
894 4040 1140 4097 praesens
1157 4024 1375 4090 attinet,
1404 4022 1702 4093 accipitur.

298 4116 480 4168 Nam
543 4107 612 4163 in
655 4106 860 4178 primis
898 4102 1211 4177 justificare
1248 4102 1397 4159 idem
1442 4102 1613 4167 valet,
1645 4116 1707 4157 ac

293 4191 606 4262 aliquem
635 4184 1023 4248 innocentem,
1053 4187 1108 4239 et
1129 4182 1347 4253 justum
1387 4180 1702 4245 declarare,

100 4288 410 4334 ›overb.seu
449 4266 858 4341 pronuntiare
892 4278 1043 4335 :quo
1094 4277 1262 4317 sensu
1305 4260 1561 4317 proverb.
1619 4261 1702 4324 17,

100 4345 185 4435 ἐξ·
205 4393 272 4433 15,
290 4371 462 4411 vers.
514 4348 613 4413 15,
642 4346 890 4402 dicitur:
942 4345 1053 4417 Qui
1076 4345 1345 4414 justificat
1369 4343 1614 4415 impium,
1657 4349 1708 4396 et

129 4425 168 4434 ⁹
289 4439 408 4516 qui
431 4430 789 4490 condemnat
800 4430 1034 4500 justum,
1060 4424 1445 4480 abominabilis
1462 4430 1539 4478 est
1567 4431 1709 4479 uter-

286 4536 410 4596 que
434 4509 625 4587 apud
670 4507 865 4563 Deum.
915 4504 1130 4562 Deinde
1170 4504 1323 4560 idem
1349 4503 1620 4574 importat
1647 4520 1710 4560 ac

279 4604 586 4674 justum,
638 4596 698 4647 et
734 4595 992 4646 sanctum
1040 4587 1290 4659 aliquem
1332 4585 1555 4640 facere:
1597 4601 1709 4657 quo

100 4687 497 4740 alrami->ensa
539 4670 806 4742 Apostol.
839 4669 912 4723 ad
937 4669 1094 4726 Rom.
1138 4669 1194 4731 4,
1222 4683 1360 4720 vers,
1399 4666 1452 4729 5,
1481 4665 1706 4737 inquit:

133 4751 167 4790 ⁴·
285 4754 615 4823 Credeuli
671 4753 731 4805 in
771 4767 892 4804 eum
918 4791 929 4813 ,
963 4750 1057 4824 qui
1097 4747 1368 4818 justificat
1420 4746 1652 4818 impium
1692 4763 1711 4811 ;

282 4842 353 4902 id
387 4843 521 4904 est,
555 4830 673 4905 qui
696 4844 768 4884 ex
795 4828 974 4902 impio
997 4826 1454 4901 facitjustum,ut
1477 4825 1712 4896 exponit

281 4922 583 5000 August.
617 4915 682 4968 in
706 4912 902 4985 psalm.
935 4911 1025 4975 30,
1056 4927 1205 4966 conc.
1257 4907 1303 4961 l.
1337 4905 1404 4959 Et
1429 4905 1546 4962 haec
1583 4923 1712 4979 pos-

100 4959 238 5007 baua.

1833 1766 2011 1823 terior
2061 1763 2485 1838 justificationis
2536 1766 2779 1839 acceptio
2830 1767 3188 1845 frequentior

1832 1847 1997 1905 estin
2024 1845 2335 1918 Scriptura,
2372 1852 2428 1903 et
2466 1848 2727 1904 usitatior
2755 1848 2903 1920 apud
2926 1850 3180 1907 Catholi—

1831 1943 1924 1984 cos
1947 1950 1962 1995 ;
2010 1926 2116 1983 illa
2144 1942 2278 1983 vero
2301 1926 2459 1999 prior
2479 1927 2661 2001 magis
2695 1929 2876 2000 placet
2903 1929 3184 1986 Luthera-

1834 2007 1945 2072 niS,
1975 2013 2032 2063 et
2052 2006 2379 2064 calvinistis
2405 2028 2417 2062 :
2447 2008 2489 2063 ii
2510 2009 2669 2064 enim
2692 2008 2755 2064 in
2777 2007 3184 2082 justificatione

1835 2087 2000 2160 impii
2045 2103 2245 2144 veram
2293 2087 2530 2161 justitiae
2593 2089 3174 2146 communicationem

1835 2182 1953 2224 non
1994 2171 2415 2241 recognoscunt,
2464 2166 2562 2224 sed
2600 2168 2780 2225 solam
2810 2185 2926 2225 non
2951 2173 3183 2241 reputa-

1834 2247 2050 2304 tionem
2080 2250 2432 2319 peccatorum
2467 2267 2479 2302 ε
2510 2247 2782 2304 Catholici
2806 2264 2942 2306 vero
2960 2254 3185 2305 utram-

1834 2343 1944 2401 que
1963 2326 2292 2392 admittunt,
2323 2331 2380 2383 et
2423 2326 2784 2384 confitentur.
2818 2327 2981 2384 Unde
3011 2330 3184 2402 justi—

1835 2406 1991 2464 ficari
2041 2406 2289 2478 proprie,
2339 2411 2395 2463 et
2433 2407 2706 2464 catholice
2747 2408 3049 2480 loquendo,
3101 2414 3188 2465 est

1834 2504 2033 2545 veram
2055 2487 2337 2562 justitiam
2370 2487 2636 2560 recipere,
2681 2505 2792 2562 qua
2845 2490 3016 2547 homo
3068 2505 3187 2548 non

1833 2570 2021 2626 solum
2046 2572 2354 2639 reputetur,
2383 2567 2479 2624 sed
2493 2568 2680 2641 justus
2705 2569 2797 2624 sit.

1909 2657 2089 2711 Porro
2121 2654 2341 2726 justitia
2380 2652 2683 2727 dupliciter
2738 2662 3068 2728 usurpatur,
3125 2660 3373 2752 uthlfstitia

1834 2734 2158 2793 observavit
2207 2734 2440 2791 Aristot.
2489 2736 2543 2801 5,
2594 2733 2776 2791 Echio.
2816 2754 2937 2809 cap.
2967 2739 3023 2805 5,
3071 2710 3399 2802 unossic‘ffffl'

1837 2815 2005 2872 modo
2036 2815 2415 2873 determinate
2456 2831 2557 2889 pro
2578 2814 2812 2885 virtute,
2860 2834 2985 2891 quae
3010 2823 3094 2874 est
3114 2816 3182 2872 ad
3197 2808 3389 2910 fflisssse

1836 2899 2102 2964 alterum,
2127 2902 2183 2954 et
2210 2897 2369 2969 ponit
2392 2896 2773 2969 aequalitatem
2811 2899 2962 2956 inter
2988 2913 3184 2970 perso·
3249 2908 3341 2951 riti.

1837 2997 1941 3038 nas
1969 2982 2058 3038 vel
2107 2980 2257 3036 inter
2298 2997 2619 3053 personam,
2651 2988 2709 3038 et
2753 2981 2990 3055 aliquid,
3035 2981 3184 3054 quod

1836 3078 2047 3126 munus
2068 3076 2323 3133 personae
2343 3062 2490 3134 gerit
2519 3081 2532 3117 :
2580 3078 2723 3134 quae,
2753 3067 2811 3117 ut
2856 3061 3187 3134 Jurisperiti
3248 3057 3253 3062 “

1835 3141 2138 3206 definiunt,
2163 3147 2240 3195 est
2260 3149 2531 3207 constam,
2573 3149 2624 3195 et
2644 3148 2903 3214 perpetua
2928 3143 3186 3198 voluntas

1826 3223 1923 3293 jus
1947 3238 2110 3277 suum
2133 3222 2427 3297 unicuique
2453 3221 2746 3276 tribuendi.
2797 3221 2993 3278 Altero
3015 3222 3186 3279 modo

1838 3303 1995 3376 large
2039 3317 2142 3373 pro
2186 3300 2514 3358 collectione
2549 3301 2814 3357 omnium
2859 3301 3188 3369 virtutum;

1839 3399 1975 3439 nam
2020 3398 2149 3438 cum
2165 3381 2389 3456 justitia
2415 3383 2686 3454 importet
2712 3380 3184 3453 adaequationem,

1837 3469 1895 3519 et
1918 3463 2036 3519 haec
2082 3463 2401 3535 reperiatur
2429 3463 2493 3517 in
2521 3460 2775 3534 quolibet
2800 3462 3033 3525 virtutis
3060 3468 3185 3519 actu

1841 3548 2091 3615 respectu
2140 3543 2347 3616 regulae
2400 3540 2665 3601 rationis.
2731 3557 2846 3597 non
2895 3541 3194 3599 immerito
3260 3563 3261 3566 ¹

1836 3620 2100 3696 quaelibet
2143 3622 2329 3677 virtus
2371 3637 2502 3693 pars
2547 3619 2782 3692 justitiae
2830 3625 3084 3686 vocatur,
3131 3627 3191 3679 et

1838 3702 2102 3760 omnium
2131 3700 2409 3757 virtutum
2431 3701 2683 3757 collectio
2703 3698 2913 3757 dicitur
2935 3698 3191 3759 absolute

1813 3803 1820 3810 ⁸
1832 3781 2074 3856 justitia.
2101 3781 2435 3837 Communis
2461 3785 2650 3836 autem
2675 3780 2957 3836 virtutum
2984 3797 3192 3854 super-

1840 3861 2194 3920 naturalium
2219 3859 2382 3916 radix
2407 3864 2490 3916 est
2504 3859 2688 3933 gratia
2708 3858 3088 3928 sanctificanS,
3119 3867 3185 3918 ut

1839 3949 1999 3998 tract.
2027 3941 2246 4014 praeced.
2263 3940 2402 4012 disp.
2423 3940 2476 4006 4,
2502 3940 2626 3995 dub.
2646 3941 2701 4003 6,
2733 3939 3187 4008 declaravimuS,

1841 4037 2132 4096 perquam
2154 4021 2325 4077 homo
2357 4020 2600 4076 interius
2630 4019 2708 4076 ita
2741 4019 3089 4092 disponitur,
3125 4029 3191 4079 ut

1839 4104 1994 4160 vires
2028 4101 2333 4158 inferiores
2367 4100 2684 4157 subdantur
2713 4101 2941 4169 rationi,
2974 4108 3028 4157 et
3064 4102 3172 4160 ista

1843 4185 1992 4242 Deo:
2022 4180 2392 4256 quamohrem
2443 4183 2689 4255 gratiam
2736 4180 3187 4240 sanctificantem

1834 4264 2119 4337 justitiam
2181 4262 2627 4318 antomonastice
2691 4262 3066 4333 appellamuS,
3136 4268 3195 4321 et

1841 4360 2040 4400 omnes
2068 4343 2129 4397 in
2156 4342 2339 4416 gratia
2359 4342 2667 4398 existentes
2702 4357 2967 4397 vocamus
2988 4342 3186 4415 justos,

1841 4424 1962 4486 Quo
1988 4437 2155 4477 sensu
2185 4423 2418 4492 August.
2452 4420 2548 4475 lib.
2594 4420 2656 4473 cle
2682 4427 2870 4475 natur.
2903 4427 2951 4474 et
2975 4425 3184 4489 qratia,
3230 4424 3407 4477 August.

1841 4519 1963 4573 cap.
2012 4501 2102 4566 38,
2157 4506 2206 4554 ct
2248 4516 2371 4571 cap.
2425 4500 2528 4553 ult.
2557 4498 2750 4554 dixit:
2800 4497 3063 4554 Charitas
3108 4503 3195 4554 in·

1842 4584 2054 4648 choma,
2080 4580 2335 4635 inchoata
2346 4582 2571 4650 justitia
2593 4585 2688 4641 est,
2707 4579 3185 4649 charitasmayna,

1840 4679 2043 4732 mayna
2077 4661 2301 4731 justit-ia
2329 4667 2445 4724 est;
2495 4659 2739 4713 charitas
2764 4659 3015 4729 perfecta,
3059 4678 3194 4731 per-

1841 4745 1983 4816 fecta
2024 4742 2251 4814 justitia
2300 4746 2413 4794 est.
2458 4736 2782 4792 Subdividit
2830 4743 3019 4794 autem
3069 4740 3192 4812 ipse

1844 4818 2364 4897 Augustinus·hanc
2386 4817 2686 4894 justitiam,
2715 4817 2777 4872 in
2807 4832 2935 4873 eam
2957 4833 3079 4889 quae
3107 4824 3191 4874 est
3243 4838 3380 4883 Idem.

1845 4904 2078 4979 propria
2122 4904 2444 4968 Beatorum,
2494 4905 2549 4956 ot
2595 4899 2821 4955 nullum
2877 4905 3188 4973 peccatum,
