3647 5753
483 408 594 464 334
1412 406 1504 460 DE
1534 407 1562 462 J
1569 406 2064 464 USTIFICATION
2070 408 2115 463 E
2154 409 2356 466 IMPII.

474 577 720 643 dentini,
752 577 816 632 in
843 577 1048 650 quibus
1093 578 1370 635 asseritur
1408 593 1665 636 amorem
1705 579 1827 645 Dei,

474 661 530 714 et
574 657 983 715 contritionem
1031 673 1375 731 praeparare,
1427 674 1488 715 ac
1527 656 1834 731 disponere

475 740 795 807 hominem,
828 746 889 796 ut
929 740 1289 814 justificetur,
1320 742 1443 799 sive
1468 746 1530 796 ut
1550 739 1832 816 justifica-

474 821 650 879 tionis
668 823 915 896 gratiam
935 829 1333 895 consequatur.

289 924 460 977 vasquii
548 903 641 957 49.
673 902 994 976 Respondet
1018 894 1270 977 vasquez
1295 903 1438 976 disp.
1467 904 1597 970 203,
1628 921 1747 976 cap.
1769 905 1825 971 9,

288 973 418 1073 gigss‘.
476 1002 633 1040 num.
662 987 756 1040 88:
786 987 1106 1043 Concilium
1130 988 1315 1044 necin
1346 984 1632 1058 praedictis
1667 987 1822 1055 10015,

474 1080 579 1122 1190
630 1067 692 1121 111
744 1067 935 1140 aliquo
988 1068 1120 1136 alio,
1177 1068 1540 1125 contritionis
1592 1068 1830 1124 nomine

456 1144 839 1227 significasse,
886 1148 977 1204 vel
1030 1148 1384 1205 intellexisse
1421 1147 1827 1205 contritionem

471 1226 800 1298 perfectam,
831 1242 957 1300 quae
1001 1243 1258 1302 amorem
1286 1229 1387 1286 Dei
1433 1243 1603 1301 super
1630 1228 1828 1285 omnia

468 1307 734 1375 includit,
770 1310 858 1366 vel
887 1309 1307 1382 praesupponit;
1330 1308 1429 1367 sed
1455 1309 1636 1366 alium
1663 1309 1828 1366 dolo-

470 1402 594 1444 rem
647 1388 845 1446 minns
891 1389 1223 1462 perfectum,
1272 1390 1370 1462 qui
1420 1391 1564 1447 solet
1608 1389 1827 1446 attritio

466 1470 766 1543 appellari.
820 1469 982 1527 Unde
1006 1486 1078 1527 ex
1123 1471 1376 1528 Concilio
1415 1487 1533 1528 non
1560 1470 1819 1536 habetur,

464 1549 613 1621 quod
666 1551 933 1607 contritio
986 1550 1231 1623 perfecta
1282 1552 1358 1607 sit
1406 1550 1703 1624 dispositio
1752 1549 1823 1608 ad

458 1630 947 1705 justifica-tionem,
999 1649 1062 1690 ac
1108 1631 1348 1706 proinde
1389 1632 1587 1705 nequit
1624 1647 1696 1688 ex
1721 1632 1825 1687 illo

464 1713 677 1787 colligi,
703 1713 849 1785 quod
879 1731 994 1772 non
1020 1716 1095 1770 sit
1123 1714 1193 1772 de
1228 1714 1371 1771 facto
1398 1715 1586 1771 forma
1608 1711 1825 1787 justifi-

464 1810 601 1851 cans
628 1795 690 1850 in
713 1797 795 1851 eis
835 1795 1152 1854 honoribus
1191 1796 1288 1869 qui
1327 1812 1456 1853 eam
1480 1796 1741 1863 eliciunt,
1767 1801 1825 1852 et

465 1890 533 1930 ea
558 1875 848 1932 mediante
869 1875 1275 1950 justificantur.

257 1969 435 2025 rra-clu·
539 1955 646 2013 Sed
682 1957 799 2014 haec
827 1958 1244 2033 interpretatio,
1277 1962 1445 2031 prout
1477 1956 1558 2013 sic
1582 1957 1821 2014 univer-

252 2017 434 2110 Ἃᾞὲῑῆἷ
463 2038 661 2095 saliter
695 2039 859 2112 jacet,
891 2046 975 2096 est
1018 2041 1318 2097 evidenter
1362 2039 1524 2105 falsa,
1556 2045 1611 2097 et
1642 2044 1823 2113 potest

297 2121 380 2160 ‘¹¹¹'-
461 2118 757 2177 efficaciter
806 2120 1015 2178 refelli.
1066 2121 1275 2188 Primo,
1319 2120 1454 2193 quia
1499 2120 1818 2177 Concilium

459 2215 587 2256 5955.
623 2201 704 2266 14,
730 2218 849 2273 cap.
876 2203 931 2267 4,
953 2201 1257 2258 manifeste
1276 2200 1580 2275 distinguit
1599 2200 1819 2258 contri-

462 2280 678 2337 tionem
701 2282 1028 2353 perfectam,
1054 2298 1226 2354 quam
1244 2283 1487 2339 asseruit
1507 2283 1819 2355 impetrare

461 2362 694 2416 veniam
719 2368 1095 2435 peccatorum,
1147 2378 1179 2419 a
1222 2362 1570 2420 contritione
1596 2363 1819 2435 imper-

460 2438 622 2504 fecta,
679 2441 801 2498 sive
854 2443 1182 2509 attritione;
1232 2458 1369 2499 nam
1411 2449 1707 2516 postquam
1747 2443 1818 2500 de

458 2520 803 2579 contritione
850 2540 1178 2581 sermonem
1231 2525 1458 2591 fecerat,
1508 2526 1703 2581 statim
1746 2524 1818 2582 de

460 2600 757 2657 attritione
795 2603 928 2677 agit,
979 2603 1213 2660 dicens:
1243 2626 1268 2657 ιι
1315 2606 1481 2661 Illam
1512 2620 1650 2661 vero
1676 2621 1815 2662 con-

462 2701 488 2731 «
534 2681 832 2737 tritionem
863 2682 1276 2756 imperfectam,
1328 2701 1452 2757 quae
1477 2685 1696 2742 attritio
1722 2684 1814 2741 di-

462 2782 488 2811 «
533 2760 701 2827 citur,
745 2763 1020 2833 quoniam
1051 2765 1142 2820 vel
1182 2780 1252 2821 ex
1280 2764 1659 2838 turpitudinis
1684 2781 1815 2839 pec-

460 2861 487 2893 «
529 2840 639 2898 cati
667 2841 1139 2915 consideratione,
1185 2845 1277 2903 vel
1321 2860 1393 2902 ex
1431 2844 1728 2920 gehennae,
1759 2850 1814 2904 et

459 2942 484 2972 «
530 2938 832 2994 poenarum
887 2931 1042 2982 metu
1113 2926 1498 2983 communiter
1558 2928 1813 3001 concipi-

456 3022 483 3051 «
527 3006 640 3069 tur,
672 3008 775 3061 etc.
804 3026 829 3056 ι)
857 3007 1006 3079 Ergo
1045 3006 1275 3081 signum
1303 3008 1677 3065 manifestum
1704 3013 1807 3076 est,

451 3085 602 3156 quod
631 3084 952 3145 Concilium
979 3090 1042 3145 in
1072 3090 1252 3162 priori
1292 3091 1494 3163 capitis
1539 3096 1698 3164 parte
1723 3092 1813 3150 lo-

449 3164 728 3235 quebatur
753 3167 823 3226 de
853 3170 1200 3228 contritione
1241 3171 1508 3244 perfecta.
1537 3172 1805 3243 Secundo,

449 3250 507 3303 et
544 3248 845 3322 praecipue,
889 3251 1023 3322 quia
1070 3252 1390 3308 Concilium
1442 3252 1696 3325 loquitur
1740 3253 1812 3311 de

450 3327 813 3396 contritione,
844 3347 968 3403 quae
1002 3331 1130 3388 sine
1155 3333 1523 3389 Sacramento
1557 3332 1620 3388 in
1645 3349 1726 3400 re,
1754 3339 1811 3391 et

448 3422 580 3462 cum
608 3407 974 3467 Sacramenfo
1015 3410 1078 3466 in
1116 3418 1248 3468 voto
1274 3411 1525 3469 deservit
1547 3412 1617 3469 ad
1637 3414 1811 3488 justi-

447 3487 812 3548 ficationemz
855 3492 937 3549 sic
961 3493 1120 3549 enim
1152 3493 1322 3552 habet
1348 3516 1361 3550 ε
1411 3518 1436 3548 α
1465 3497 1633 3553 Docet
1660 3509 1809 3569 pras-

451 3589 478 3620 «
524 3574 696 3633 terea,
744 3572 849 3627 etsi
877 3572 1283 3631 contritionem
1324 3575 1472 3632 hanc
1498 3576 1808 3649 aliquando

450 3669 476 3699 «
520 3649 798 3707 charitate
820 3651 1126 3724 perfectam
1142 3670 1264 3712 esse
1289 3657 1597 3731 contingat,
1625 3657 1808 3713 homi-

453 3752 478 3780 α
520 3745 766 3804 nemque
795 3735 908 3789 Deo
936 3735 1326 3805 reconciliare,
1355 3738 1686 3810 priusquam
1704 3738 1809 3796 hoc

449 3831 475 3860 «
520 3811 955 3869 Sacramentum
976 3816 1360 3885 (Poenitentiae
1379 3817 1667 3890 videlicet)
1681 3824 1806 3876 actu

449 3909 476 3940 «
519 3891 891 3963 suscipiatur,
926 3894 1111 3967 ipsam
1142 3897 1527 3954 nihilominus
1551 3899 1807 3955 reconci-

451 3992 477 4022 «
522 3971 821 4030 liationem
875 3975 984 4048 ipsi
1030 3979 1366 4035 contritioni
1430 3980 1559 4037 sine
1604 3983 1804 4038 Sacra-

451 4071 478 4102 «
520 4052 704 4109 menti
728 4059 877 4118 voto,
908 4056 1058 4128 quod
1086 4058 1149 4114 in
1185 4059 1289 4115 illa
1322 4060 1660 4128 includitur,
1687 4078 1805 4121 non

450 4151 477 4184 α
520 4146 642 4190 9559
682 4132 1139 4194 adscribendam.
1192 4160 1218 4192 »
1257 4141 1539 4200 Contritio
1589 4148 1801 4212 autem,

445 4212 853 4286 quaeimportat
868 4222 1059 4272 votum
1073 4220 1444 4287 Sacramenti,
1463 4227 1520 4279 et
1537 4238 1662 4294 quae
1679 4225 1807 4281 sine

449 4292 556 4350 illo
582 4293 645 4349 in
678 4310 739 4351 re
765 4294 827 4352 in
866 4304 1122 4371 suscepto
1152 4300 1409 4373 perducit
1434 4301 1504 4359 ad
1525 4302 1805 4378 justifica-

449 4374 687 4442 tionem,
732 4393 847 4435 non
875 4384 959 4436 est
998 4382 1235 4448 attritio,
1275 4384 1369 4440 vel
1393 4383 1557 4441 dolor
1585 4383 1808 4457 imper-

451 4453 643 4524 fectus,
668 4456 766 4513 sed
807 4461 1078 4519 contritio
1113 4463 1385 4535 perfecta;
1428 4482 1557 4523 cum
1585 4473 1806 4524 certum

449 4536 543 4606 sit,
592 4540 890 4598 nominem
943 4559 1072 4600 cum
1125 4546 1248 4602 sola
1300 4549 1594 4607 attritione
1644 4556 1808 4608 extra

450 4620 882 4680 Sacramentum
926 4624 1272 4699 justificari:
1325 4646 1462 4707 ergo
1513 4633 1802 4701 contritio,

451 4698 523 4756 de
559 4716 671 4772 qua
722 4702 974 4775 loquitur
1020 4710 1374 4778 Concilium,·
1404 4717 1489 4768 est
1536 4714 1808 4771 contritio

248 4849 284 4890 E
379 4849 391 4892 t
453 4779 720 4852 perfecta.

241 4852 416 4942 ωξθξξῃζ
525 4862 617 4917 50.
649 4863 1035 4924 confirmatur
1063 4871 1286 4942 011111ος
1318 4889 1455 4929 nam
1486 4875 1807 4932 Concilium

259 4946 387 5036 gnus.
454 4957 582 4997 sess.
611 4943 666 5010 6,
699 4961 822 5001 can.
854 4946 907 5012 9,
939 4947 1222 5007 definiens
1247 4959 1445 5012 contra
1472 4956 1810 5030 Pelagianos

241 4996 434 5089 Τῐῗῖἰξξξῑ,
461 5022 849 5080 necessitatem
888 5025 1076 5085 divini
1113 5032 1314 5088 auxilii
1366 5033 1438 5089 ad
1463 5035 1807 5092 eliciendum

1967 585 2140 646 actus,
2159 579 2446 653 quibusad
2457 578 2920 655 justificationem
2933 577 3299 651 disponimur,

1966 662 2188 736 inquit:
2228 685 2254 715 α
2283 663 2341 718 Si
2368 664 2498 736 quis
2517 661 2747 729 dixerit,
2784 662 2911 717 sine
2938 661 3311 735 praeveniente

1971 767 1997 800 α
2039 746 2287 818 Spiritus
2310 745 2491 802 sancti
2519 744 2919 818 inspiratione,
2951 750 3006 800 et
3025 745 3144 818 ejus
3163 742 3306 816 adju-

1971 849 1997 879 «
2039 827 2188 884 torio
2237 826 2535 883 hominem
2572 825 2823 892 credere,
2856 838 3128 897 sperare,
3175 822 3306 877 dili-

1970 930 1997 962 «
2036 923 2189 983 gere,
2221 914 2320 965 ant
2358 909 2635 982 poenitere
2674 923 2852 982 posse,
2905 908 3052 963 sicut
3077 909 3304 977 oportet,

1969 1012 1996 1042 «
2039 994 2100 1044 ut
2157 989 2212 1046 ei
2261 990 2683 1065 justificationis
2733 988 2920 1063 gratia
2969 988 3303 1052 conferatur,

1969 1092 1995 1122 α
2037 1070 2345 1127 anathema
2365 1071 2458 1127 sit.
2484 1090 2510 1123 n
2536 1070 2708 1143 Atqui
2724 1069 3044 1125 Concilium
3068 1067 3312 1138 loquitur

1962 1149 2034 1207 de
2060 1148 2365 1207 dilectione
2386 1150 2503 1219 Dei,
2534 1156 2591 1206 et
2628 1149 2698 1206 de
2721 1148 3071 1206 contritione
3098 1147 3307 1220 perfec-

1963 1232 2035 1287 tis
2066 1252 2081 1286 1
2109 1246 2245 1305 ergo
2272 1229 2599 1304 hujusmodi
2628 1235 2783 1288 actus
2819 1234 2952 1285 sunt
2997 1226 3310 1301 dispositio-

1962 1329 2084 1380 1195,
2115 1319 2179 1369 ut
2198 1314 2386 1388 gratia
2407 1312 2723 1387 justificans
2752 1310 2918 1368 nobis
2944 1308 3308 1375 infundatur;

1961 1399 2128 1466 atque
2153 1393 2283 1452 ideo
2311 1409 2428 1450 non
2449 1398 2584 1449 sunt
2612 1394 2733 1465 ipsa
2764 1392 2954 1448 forma
2978 1387 3308 1464 justificans.

1959 1474 2154 1532 Minor
2181 1474 2395 1547 liquet:
2449 1478 2571 1528 tum
2610 1473 2746 1545 quia
2784 1471 3105 1528 Concilium
3131 1485 3227 1542 per
3254 1470 3309 1544 ly

1958 1556 2187 1622 credere,
2217 1563 2267 1611 et
2312 1571 2548 1627 sperare,
2600 1552 2873 1626 intelligit
2918 1558 3106 1608 actum
3133 1549 3308 1616 Fidei,

1957 1642 2014 1693 et
2040 1637 2170 1709 Spei
2196 1636 2478 1692 virtutum
2505 1633 2977 1706 Theologicarum
3012 1654 3026 1688 z
3054 1646 3188 1705 ergo
3214 1645 3313 1702 per

1960 1717 2019 1790 ly
2044 1718 2287 1787 diliyere,
2336 1723 2386 1771 et
2423 1717 2694 1789 poenitere,
2741 1713 3015 1786 intelligit
3058 1727 3310 1768 amorem

1956 1797 2254 1854 charitatis
2291 1795 2666 1869 Theologicae,
2717 1800 2771 1849 et
2816 1792 3074 1851 dolorem
3114 1808 3184 1848 ex
3213 1791 3315 1846 illo

1957 1893 2153 1935 amore
2196 1875 2628 1952 procedentem;
2678 1874 2823 1930 alias
2875 1872 3196 1930 Concilium
3217 1871 3308 1926 in—

1956 1961 2474 2030 consequenter„et
2508 1954 2648 2010 satis
2675 1953 2913 2011 obscure
2943 1950 3269 2025 procederet
3294 1970 3307 2005 ε

1953 2039 2253 2094 charitatis
2291 2043 2482 2095 autem
2515 2050 2695 2100 amor,
2726 2040 2783 2093 et
2809 2033 2972 2091 dolor
2999 2039 3154 2089 actus
3182 2046 3311 2104 per-

1955 2120 2085 2177 fecti
2102 2124 2258 2188 sunt,
2276 2119 2604 2190 diversique
2624 2115 2694 2172 ab
2709 2116 3023 2180 attritione,
3048 2119 3104 2171 et
3120 2127 3318 2170 amore

1955 2202 2310 2274 imperfecto,
2333 2205 2394 2255 ut
2413 2216 2483 2257 ex
2495 2214 2556 2255 se
2578 2197 2771 2269 liquet.
2795 2197 2945 2251 Tum
2965 2196 3161 2258 etiam,
3180 2193 3314 2267 quia

1958 2283 2279 2339 Concilium
2316 2297 2413 2338 eos
2438 2279 2719 2354 praecipue
2745 2284 2900 2334 actus
2941 2283 3210 2342 recenset,
3243 2273 3311 2332 ad

1951 2380 2092 2437 quos
2124 2364 2407 2437 praecipue
2452 2358 2768 2433 requiritur
2797 2360 3080 2415 auxilium
3103 2358 3318 2414 divina>

1926 2443 2375 2515 inspirationis,
2406 2445 2463 2498 et
2512 2438 2803 2513 adjutorii,
2840 2444 2900 2494 ut
2938 2438 3020 2494 sic
3050 2436 3313 2511 Pelagia-

1953 2538 2164 2580 norum
2191 2520 2522 2595 superbiam
2565 2516 2832 2576 retundat
2863 2518 2998 2574 :sed
3037 2524 3212 2584 actuS,
3243 2515 3313 2574 ad

1951 2619 2092 2675 quos
2114 2603 2398 2676 praecipue
2438 2599 2754 2673 requiritur
2783 2597 3121 2671 praedictum
3150 2596 3315 2654 auxi-

1952 2682 2120 2749 lium,
2146 2688 2282 2739 sunt
2301 2688 2455 2741 actus
2466 2678 2680 2738 amoris
2701 2679 2954 2750 perfecti,
2981 2685 3037 2736 et
3053 2677 3319 2750 perfectae

1950 2762 2333 2829 contritionis,
2390 2768 2451 2818 ut
2496 2778 2567 2819 ex
2617 2778 2711 2829 se,
2761 2766 2817 2818 et
2862 2766 2949 2816 ex¹
2977 2756 3311 2815 eorumdem

1950 2850 2178 2902 actuum
2201 2843 2504 2902 nobilitate
2527 2849 2747 2902 constat
2779 2865 2792 2900 :
2822 2857 2961 2917 ergo
2987 2839 3307 2898 Concilium

1950 2928 2014 2984 in
2043 2925 2307 2999 praed'icto
2344 2926 2570 2984 decreto
2596 2925 2924 3000 hujusmodi
2969 2929 3129 2997 actus
3153 2938 3274 2979 com
3293 2954 3308 2964 -

1948 3008 2271 3081 prehendit.
2316 3013 2371 3065 et
2400 3012 2653 3064 recenset
2705 3008 2858 3063 inter
2891 3005 3036 3062 alias
3061 3003 3309 3076 disposi-

1948 3090 2151 3155 1101195,
2176 3103 2300 3162 quae
2346 3088 2416 3144 ad
2454 3088 2698 3162 gratiam
2723 3085 3133 3161 justificantem
3160 3084 3307 3141 desi-

1947 3168 2244 3228 derantur.

2022 3249 2415 3308 Confirmatur
2449 3248 2697 3307 secundo
2737 3246 3160 3306 considerando
3186 3261 3308 3302 1119-
3321 3267 3478 3310 conmu-

1947 3331 2205 3398 thodum,
2232 3347 2406 3405 quam
2432 3330 2755 3387 Concilium
2778 3331 2841 3385 in
2863 3327 3151 3385 tradenda
3176 3315 3470 3410 doc-²¹¹3?

1947 3413 2102 3469 trina
2129 3412 2290 3468 illius
2313 3416 2488 3468 sextae
2524 3410 2794 3468 sessionis
2821 3408 3127 3476 observat3
3175 3423 3307 3464 nam

1944 3510 2065 3566 cap.
2108 3495 2163 3559 6,
2207 3497 2512 3550 enumerat
2551 3498 2725 3558 actus,
2776 3489 2982 3564 quibus
3022 3491 3201 3547 homo
3241 3485 3308 3543 ad

1939 3572 2405 3648 justificationem
2436 3579 2789 3646 praeparatur
2820 3594 2833 3629 ε
2865 3577 2920 3629 et
2946 3571 3161 3628 deinde
3185 3586 3302 3643 cap.

1943 3659 1998 3723 7,
2028 3658 2290 3732 sequenti,
2336 3655 2591 3730 assignat
2628 3670 2856 3711 causam
2894 3653 3207 3710 formalem
3234 3651 3307 3706 il—

1944 3739 2058 3795 lius
2096 3737 2294 3794 dicens
2342 3759 2356 3794 ε
2420 3759 2445 3789 α
2495 3738 2654 3794 Hanc
2706 3734 3164 3809 dispositionem,
3213 3748 3306 3789 seu

1949 3842 1974 3873 α
2019 3819 2497 3892 praeparationem
2509 3815 2839 3893 justificatio
2863 3817 2985 3889 ipsa
3005 3815 3311 3889 consequi-

1949 3922 1975 3954 «
2018 3907 2131 3968 tur,
2162 3905 2265 3958 etc.
2302 3922 2327 3953 »
2369 3907 2425 3957 91
2465 3905 2657 3973 postea
2698 3900 2896 3957 relatis
2934 3887 3067 3954 aliis
3107 3894 3309 3970 1051111-

1941 3982 2183 4039 cationis
2223 3983 2427 4049 causis,
2473 3981 2664 4054 inquit
2712 4001 2724 4035 :
2775 4003 2801 4034 α
2843 3983 3088 4036 Demum
3146 3978 3312 4034 unica

1949 4086 1975 4116 α
2017 4063 2282 4121 formalis
2316 4080 2483 4121 causa
2508 4068 2592 4119 est
2627 4061 2850 4135 justitia
2890 4061 3010 4124 Dei,
3057 4076 3180 4117 non
3201 4073 3309 4131 qua

1946 4165 1971 4197 «
2015 4143 2337 4218 ipsejustus
2361 4149 2463 4212 est,
2494 4141 2592 4198 sed
2612 4158 2720 4215 qua
2760 4156 2865 4197 nos
2903 4139 3251 4213 justosffacit
3293 4157 3306 4192 :

1947 4248 1974 4280 «
2014 4241 2127 4299 qua
2166 4223 2431 4281 videlicet
2483 4223 2554 4281 ab
2599 4239 2665 4281 eo
2711 4222 2907 4280 donati
2956 4236 3310 4277 renovamur

1948 4331 1974 4361 α
2015 4306 2223 4381 5011110
2253 4307 2465 4363 mentis
2492 4312 2720 4372 nostrae,
2771 4309 2828 4361 et
2866 4319 2984 4360 non
3012 4303 3189 4360 modo
3216 4318 3307 4378 re-

1948 4411 1974 4442 α
2016 4392 2307 4462 putamur,
2357 4384 2456 4443 sed
2484 4401 2620 4443 vere
2640 4386 2781 4459 justi
2824 4383 3225 4450 nominamur,
3253 4387 3308 4439 et

1949 4494 1975 4524 α
2014 4487 2232 4536 51111105,
2272 4469 2556 4543 justitiam
2623 4469 2685 4523 in
2733 4466 2898 4524 nobis
2944 4466 3301 4538 recipientes,

1948 4573 1975 4605 α
2016 4550 2407 4625 unusquisque
2431 4547 2746 4605 secundum
2762 4562 2926 4602 suam
2945 4559 3302 4609 mensuram,

1949 4653 1976 4685 α
2015 4648 2187 4705 quam
2232 4630 2480 4704 Spiritus
2516 4633 2746 4685 sanctus
2775 4628 3021 4701 partitur
3060 4624 3306 4698 singulis

1949 4735 1975 4765 α
2021 4717 2189 4787 01001
2210 4713 2356 4777 vult,
2382 4716 2439 4766 et
2463 4708 2777 4766 secundum
2808 4708 3101 4781 propriam
3124 4705 3305 4779 cujus-

1949 4818 1975 4848 «
2017 4810 2127 4867 que
2152 4793 2606 4866 dispositionem,
2656 4798 2713 4849 et
2747 4790 3227 4863 cooperationem.
3273 4806 3298 4836 »

1943 4873 2055 4931 Ubi
2079 4875 2247 4948 plura
2274 4867 2863 4948 00550111001111911111ι
2881 4886 3006 4943 quaa
3042 4867 3302 4941 superio-

1945 4970 2069 5012 rem
2110 4954 2433 5012 doctrinam
2478 4950 2841 5009 confirmant.
2895 4949 3104 5013 Primo.
3155 4944 3300 5020 quod

1945 5036 2267 5092 Concilium
2290 5052 2413 5106 cap.
2451 5033 2509 5101 6,
2544 5032 2639 5089 ubi
2670 5035 2787 5106 agit
2816 5030 2886 5088 de
2906 5027 3298 5165 (115005111οέιί-

3237 5122 3299 5164 us
