3647 5753
236 1962 425 2007 enodan-

238 2063 273 2102 D
277 2018 415 2105 .u'¹1!l‘10.

429 411 541 466 510

432 581 848 637 connexionem
889 589 1167 654 quantum
1214 583 1285 640 ad
1325 600 1479 650 esse‚·
1503 583 1787 656 siquidem

436 664 614 732 potest
659 677 840 717 unum
886 663 1149 731 existere,
1178 665 1321 737 quin
1348 666 1553 721 existat
1581 664 1740 720 aliud
1771 688 1785 722 z

436 758 575 816 ergo
597 759 714 799 non
738 745 947 802 habent
970 749 1388 805 connexionem
1409 753 1687 819 quantum
1718 746 1789 803 ad

442 839 559 881 non
587 841 729 891 esse,
756 834 921 899 atque
942 828 1069 886 ideo
1097 831 1304 904 poterit
1323 847 1504 886 unum
1527 829 1792 885 desinere

441 919 580 971 esse,
631 907 773 977 quin
814 910 971 966 aliud
1016 910 1240 967 desinat
1267 927 1406 976 esse,
1431 909 1529 966 sed
1560 926 1793 982 perma-

443 991 592 1042 neat.
612 984 879 1055 SecundO,
906 991 1038 1063 quia
1066 995 1287 1064 peccata
1305 997 1441 1047 sunt
1461 989 1651 1046 debita
1667 1007 1793 1063 quae

444 1064 608 1122 nobis
652 1068 899 1124 relaxari
925 1071 1170 1142 petimus
1212 1071 1273 1126 in
1301 1072 1572 1127 Oratione
1595 1070 1795 1126 Domi-

442 1147 569 1203 nica
603 1146 741 1203 :sed
771 1155 948 1222 potest
995 1166 1176 1206 unum
1224 1150 1480 1207 debitum
1520 1150 1790 1216 relaxari,

316 1256 335 1267 α
440 1227 583 1298 quin
606 1225 932 1286 dimittatur
954 1230 1133 1298 aliud,
1160 1236 1222 1286 ut
1245 1237 1395 1304 patet
1416 1233 1478 1287 in
1501 1231 1792 1287 humanis:

440 1321 576 1380 ergo
622 1312 802 1378 potest
848 1325 1028 1364 unum
1073 1317 1358 1383 peccatum
1382 1309 1598 1367 destrui
1624 1352 1637 1376 ,
1671 1326 1799 1365 ma-

443 1392 616 1444 nente
645 1389 779 1444 alio,
818 1389 1015 1458 Tertia,
1037 1396 1324 1462 peccatum
1356 1391 1672 1446 remittitur
1699 1404 1799 1461 per

444 1468 810 1527 dilectionem
860 1471 958 1527 Dei
1012 1469 1343 1526 miserentis
1390 1491 1402 1525 :
1457 1470 1555 1525 sed
1620 1472 1803 1543 potest

446 1556 593 1610 Deus
666 1553 906 1626 diligere
980 1558 1328 1625 peccatorem
1399 1557 1677 1625 quantum
1730 1548 1800 1605 ad

446 1650 631 1690 unum
665 1679 677 1700 ,
733 1637 789 1689 et
836 1648 955 1690 esse
1003 1634 1111 1705 ipsi
1148 1633 1397 1690 offensus
1422 1638 1701 1705 quantum
1732 1630 1802 1686 ad

448 1714 641 1782 aliud3
690 1714 833 1769 sicut
859 1713 1046 1788 diligit
1077 1719 1364 1779 naturam,
1396 1720 1452 1771 et
1477 1712 1608 1771 odio
1636 1710 1805 1767 habet

450 1801 737 1871 peccatum
756 1817 768 1852 ε
788 1811 922 1868 ergo
944 1798 1089 1852 Deus
1113 1800 1292 1868 potest
1307 1795 1599 1852 dimittere
1621 1809 1803 1850 unum

451 1882 739 1951 peccatum
767 1877 1028 1942 mortale,
1062 1893 1178 1933 non
1207 1875 1550 1933 dimittendo
1573 1875 1707 1932 alia.

525 1961 646 2027 Hm,
682 1961 940 2032 inquam,
973 1958 1313 2033 objectiones
1360 1976 1476 2017 non
1524 1959 1802 2026 referunt,

450 2040 548 2098 sed
570 2057 664 2098 eas
690 2040 904 2114 optime
931 2039 1104 2096 diluit
1132 2042 1198 2096 D.
1222 2041 1426 2097 Thom.
1454 2042 1576 2097 loco
1614 2041 1803 2096 citat0.

453 2123 522 2177 Et
551 2124 754 2196 primae
782 2121 1027 2179 occurrit
1054 2124 1112 2176 in
1133 2139 1271 2195 resp.
1296 2123 1374 2176 ad
1393 2123 1446 2187 3,
1475 2121 1565 2176 his
1594 2118 1805 2177 verbis:

459 2226 485 2256 «
531 2207 755 2262 Peccata
783 2203 1049 2277 quamvis
1075 2219 1191 2260 non
1220 2203 1337 2259 sint
1357 2217 1614 2260 connexa
1634 2217 1810 2274 quan-

462 2292 655 2343 «tum
683 2286 752 2342 ad
774 2286 1209 2342 conversionem
1229 2285 1299 2342 ad
1324 2284 1540 2343 bonum
1559 2299 1811 2341 commu-

461 2391 486 2422 «
530 2369 724 2433 tabile,
756 2373 890 2424 sunt
910 2373 1105 2423 tamen
1144 2383 1402 2425 connexa
1427 2373 1709 2457 quantum
1741 2364 1811 2421 ad

460 2474 484 2503 α
531 2446 1607 2513 aversionemabonoincommutabili,
1629 2447 1814 2519 inqua

462 2555 487 2586 «
530 2531 883 2588 conveniunt
918 2528 1116 2586 omnia
1157 2535 1374 2602 peccata
1405 2529 1715 2594 mortalia3
1757 2532 1814 2583 et

463 2635 488 2664 «
530 2628 601 2668 ex
630 2612 733 2666 hac
762 2615 919 2683 parte
946 2604 1157 2666 habent
1186 2611 1470 2666 rationem
1499 2608 1747 2665 offensas.
1780 2629 1807 2658 n

456 2691 667 2763 Nequit
694 2694 883 2746 autem
905 2688 1122 2745 destrui
1151 2688 1336 2743 ullum
1368 2693 1677 2761 peccatum,
1700 2686 1813 2742 nisi

456 2778 631 2847 cesset
664 2771 1004 2842 simpliciter
1044 2769 1260 2827 offensa
1281 2769 1415 2836 Dei;
1464 2775 1520 2826 et
1557 2785 1623 2825 eo
1668 2768 1809 2840 ipso,

457 2852 608 2928 quod
634 2857 808 2908 cesset
836 2850 1177 2923 simpliciter
1198 2849 1432 2918 offensa,
1465 2851 1694 2906 nullum
1725 2865 1817 2905 va·

462 2937 540 2993 let
591 2949 892 2991 remanere
935 2938 1242 3006 peccatum.
1292 2933 1610 2990 Secundam
1647 2930 1819 2988 diluit

460 3020 521 3072 in
560 3032 701 3087 resp.
733 3015 807 3068 ad
830 3015 885 3082 4,
919 3012 1015 3069 ubi
1041 3014 1157 3071 ait:
1191 3035 1217 3066 α
1271 3012 1627 3079 Dicendum,
1668 3009 1818 3085 quod

466 3120 492 3151 «
537 3095 795 3153 debitum
817 3095 1122 3151 exterioris
1147 3094 1230 3151 rei
1252 3095 1407 3167 (puta
1423 3096 1685 3168 pecuniae)
1703 3107 1820 3148 non

467 3201 492 3232 «
536 3176 924 3235 contrariatur
972 3175 1274 3242 amicitiai,
1319 3192 1391 3231 ex
1418 3192 1531 3248 qua
1559 3173 1819 3231 debitum

464 3282 490 3313 «
538 3257 854 3316 remittitur
878 3280 892 3324 ;
923 3261 978 3312 et
1006 3254 1134 3314 ideo
1156 3261 1334 3329 potest
1379 3272 1563 3312 unum
1604 3252 1820 3310 dimitti

469 3364 493 3394 α
535 3341 664 3397 sine
704 3339 841 3395 alio.
872 3337 979 3394 Sed
1006 3336 1262 3393 debitum
1290 3340 1471 3411 culpae
1495 3337 1825 3395 contraria-

469 3446 495 3477 α
539 3427 634 3477 tur
662 3420 1045 3485 amicitiae3>et
1073 3417 1199 3475 ideo
1228 3435 1345 3475 una
1372 3420 1570 3491 culpa,
1616 3418 1706 3474 vel
1734 3415 1826 3473 ol-

472 3527 497 3557 «
535 3503 697 3560 sensa
721 3516 837 3557 non
868 3499 1181 3556 remittitur
1197 3500 1323 3556 sine
1340 3498 1825 3555 alia.}tidiculum

471 3607 497 3638 «
538 3584 698 3641 enim
721 3580 968 3646 videtur,
993 3579 1143 3653 quod
1163 3581 1337 3637 etiam
1367 3578 1437 3636 ab
1465 3579 1702 3634 homine
1724 3577 1829 3634 ali-

472 3687 498 3717 «
539 3664 667 3737 quis
713 3662 947 3719 veniam
995 3665 1209 3733 peteret
1252 3660 1321 3717 de
1362 3676 1476 3716 una
1505 3658 1741 3726 offensa,
1773 3662 1830 3714 et

473 3769 499 3800 «ι
544 3761 662 3802 non
690 3744 759 3800 de
787 3744 918 3799 alia.
967 3764 992 3794 ι)
1039 3742 1251 3798 Tertiae
1296 3741 1548 3799 occurrit
1597 3743 1656 3796 in
1683 3757 1823 3812 resp.

468 3828 542 3884 ad
562 3826 615 3893 5,
649 3825 746 3881 ubi
776 3824 964 3897 inquit
997 3844 1009 3878 ε
1045 3844 1072 3875 α
1116 3822 1370 3888 Dilectio‚
1408 3837 1522 3894 qua
1550 3825 1696 3878 Deus
1737 3819 1830 3875 di-

478 3932 504 3965 «
547 3909 674 3984 ligit
697 3906 951 3964 hominis
979 3909 1267 3971 naturam,
1296 3921 1412 3961 non
1435 3902 1737 3960 ordinatur
1759 3900 1831 3958 ad

479 4015 505 4047 t(
547 3991 763 4049 bonum
801 3988 1002 4063 gloriae
1026 4031 1038 4053 ,
1095 4003 1129 4043 a
1172 4003 1282 4059 quo
1319 3986 1638 4059 impeditur
1661 3986 1834 4041 homo

481 4098 507 4129 α
554 4090 654 4147 per
696 4067 988 4146 quodlibet
1010 4074 1297 4140 peccatum
1327 4070 1588 4126 mortale.
1616 4068 1724 4125 Sed
1739 4067 1834 4123 di-

482 4177 507 4209 «
550 4154 716 4211 lectio
741 4149 958 4226 gratim,
991 4165 1092 4220 per
1116 4164 1289 4221 quam
1318 4147 1381 4204 fit
1414 4149 1678 4205 remissio
1703 4164 1835 4221 pec-

478 4259 503 4289 «
546 4228 655 4292 cati
677 4229 958 4295 mortalis,
984 4227 1214 4285 ordinat
1235 4227 1534 4285 hominem
1559 4227 1629 4283 ad
1654 4229 1834 4284 vitam

480 4341 505 4372 «
547 4323 844 4374 aeternam.
896 4311 1060 4369 Unde
1100 4327 1217 4368 non
1243 4314 1329 4366 est
1348 4310 1563 4366 similis
1589 4310 1752 4367 ratio.
1800 4330 1828 4362 »

475 4403 610 4465 Quae
650 4413 770 4454 non
810 4410 1014 4468 parum
1041 4391 1390 4450 confirmant
1416 4389 1741 4448 doctrinam
1771 4389 1836 4447 in

481 4480 744 4556 praesenti
768 4477 943 4534 dubio
979 4475 1269 4541 traditam,
1298 4490 1506 4548 nempe
1534 4490 1650 4531 non
1675 4489 1837 4547 posse

479 4560 776 4620 hominem
841 4556 1134 4615 conditum
1189 4557 1252 4613 in
1312 4557 1473 4628 puris
1528 4571 1561 4611 a
1614 4560 1838 4627 peccato

481 4640 773 4706 mundari,
804 4638 944 4712 quin
970 4637 1305 4694 extrahatur
1328 4635 1398 4692 ab
1426 4634 1631 4694 ordine
1660 4650 1838 4707 puro-

482 4740 633 4791 rum,
663 4727 719 4779 et
746 4722 1001 4777 elevetur
1022 4719 1093 4775 ad
1118 4718 1385 4776 ordinem
1419 4723 1839 4791 supernatura-

483 4811 597 4866 lem
624 4829 637 4864 :
662 4804 832 4877 idque
855 4801 1136 4876 profunde
1156 4800 1504 4877 significavit
1531 4804 1593 4857 D.
1627 4801 1836 4856 Thom.

481 4890 621 4947 dum
645 4885 811 4951 dixit,
836 4881 984 4956 quod
1005 4884 1251 4938 remissio
1274 4883 1483 4956 peccati
1504 4881 1725 4937 ordinat
1747 4880 1842 4935 Ιιο-

483 4974 686 5027 minem
703 4967 780 5023 ad
805 4967 980 5020 vitam
1003 4971 1281 5020 aternam.

556 5052 686 5109 296.
723 5046 972 5103 Infertur
994 5046 1258 5113 secundo,
1279 5043 1696 5118 impossibilem
1719 5059 1842 5101 esse

1386 413 1479 466 DE
1517 411 2101 466 JUSTIFICATIONE
2141 413 2342 467 lMPII.

1922 583 2324 641 remissionem
2374 582 2713 639 indirectam
2759 581 2966 655 peccati
3015 579 3282 637 mortalis
3317 593 3493 638 secun

1922 663 2253 721 habitualis.
2292 666 2406 721 Hoc
2444 663 2816 720 corollarium
2845 662 3086 719 habetur
3117 642 3515 750 pers-dssffn'

1924 746 2084 818 picue
2103 763 2174 802 ex
2195 745 2403 801 dictis
2389 761 2452 800 in
2480 746 2600 808 hoc.
2627 749 2682 800 et
2706 743 3043 817 praecedenti
3067 741 3470 808 dub103rium.

1923 827 2020 885 sed
2051 827 2194 884 illud
2220 843 2371 883 nunc
2387 825 2807 901 subjungimus,
2828 833 2890 882 ut
2903 819 3308 899 explicemuS,

1925 909 2072 984 quod
2124 909 2263 965 alibi
2310 908 2586 965 diximuS.
2640 909 2747 964 Ubi
2789 909 2949 966 enim
2997 924 3137 980 opus
3165 921 3286 963 non
3359 920 3366 928 ·

1926 995 2049 1047 erat
2069 988 2480 1057 determinare,
2523 1006 2622 1062 per
2650 1006 2821 1063 quam
2853 989 3100 1046 sormam
3129 1030 3141 1052 ,
3193 987 3288 1044 vel

1927 1088 2038 1145 quo
2061 1076 2218 1144 pacto
2246 1070 2478 1128 deberet
2507 1078 2794 1143 peccatum
2819 1070 3112 1126 habituale
3135 1083 3290 1124 mor-

1929 1152 2041 1208 tale
2067 1151 2310 1223 expelli,
2358 1150 2523 1208 t'acile
2565 1151 2906 1207 admisimus
2947 1148 3289 1205 destructio·
3355 1163 3362 1170 ·

1931 1248 2064 1288 nem
2114 1229 2451 1287 indirectam
2507 1231 2667 1286 illius
2705 1247 2803 1303 per
2850 1231 3286 1293 contritionem,

1933 1317 2030 1368 aut
2055 1312 2197 1368 alios
2224 1312 2445 1368 similes
2467 1317 2638 1368 actus,
2668 1315 2715 1366 N
2722 1325 2830 1367 unc
2851 1327 2988 1368 vero
3009 1313 3128 1385 jam
3151 1309 3290 1365 satis

1932 1393 2131 1457 elucet,
2178 1389 2425 1465 qualiter
2465 1391 2772 1448 destructio
2804 1393 3012 1463 peccati
3037 1389 3290 1448 fieride-

1934 1472 2095 1540 beat;
2125 1474 2398 1545 quoniam
2429 1474 2531 1529 illa
2557 1473 2768 1551 dicitur
2796 1473 3103 1530 destructio
3132 1469 3293 1527 indi-

1938 1559 2088 1610 recta
2133 1554 2443 1610 habitualis
2492 1555 2717 1626 peccati,
2750 1570 2874 1626 quae
2920 1552 2984 1609 fit
3028 1570 3128 1627 per
3169 1553 3293 1609 for-

1936 1651 2114 1700 mam,
2147 1635 2236 1691 cui
2266 1636 2451 1708 ipsum
2477 1634 2808 1691 immediate
2837 1651 2953 1691 non
2990 1638 3289 1707 repugnat,

1936 1715 2075 1772 etin
2102 1717 2258 1790 cujus
2298 1716 2546 1792 subjecto
2580 1716 2914 1772 immediate
2945 1732 3060 1772 non
3085 1714 3292 1787 recipi·

1939 1802 2066 1864 tur,·
2090 1802 2148 1854 et
2191 1798 2459 1870 oppositae
2504 1797 2858 1855 conditiones
2906 1798 3196 1870 pertinent
3221 1795 3293 1853 ad

1939 1875 2380 1934 destructionem
2435 1877 2711 1935 directam
2741 1901 2753 1934 ε
2797 1878 2950 1951 atqui
3005 1883 3292 1949 peccatum

1941 1956 2236 2014 habituale
2283 1958 2477 2029 nequit
2522 1956 2739 2014 destrui
2777 1958 2891 2013 nisi
2922 1973 3022 2029 per
3047 1956 3293 2030 gratiam

1940 2037 2410 2104 sanctificantem,
2436 2044 2492 2095 et
2520 2040 2650 2096 huic
2693 2038 3026 2096 immediate
3052 2038 3296 2112 opponi-

1941 2124 2054 2186 tur,
2085 2125 2140 2177 et
2168 2120 2231 2176 in
2256 2121 2376 2193 ejus
2399 2118 2649 2192 subJ‘ecto
2679 2121 2979 2193 recipitur3
3012 2119 3297 2190 siquidem

1942 2202 2142 2278 gratia,
2174 2208 2230 2258 et
2265 2201 2600 2274 praedictum
2627 2210 2912 2275 peccatum
2953 2217 3301 2273 comparan-

1946 2289 2039 2340 tur
2070 2288 2130 2338 ut
2157 2283 2370 2350 forma,
2402 2290 2456 2341 et
2487 2285 2736 2357 privatio
2760 2326 2773 2350 ,
2830 2289 2993 2356 atque
3037 2282 3300 2338 substan·

1946 2365 2088 2421 tiam
2116 2364 2327 2420 animae
2354 2364 2684 2422 immediate
2713 2365 2775 2419 in
2797 2365 2979 2436 seipsa
3001 2363 3253 2419 afficiunt
3281 2385 3294 2419 ε

1946 2461 2080 2518 ergo
2127 2444 2482 2517 impossibile
2508 2450 2610 2510 est,
2642 2444 2792 2517 quod
2835 2450 3116 2537 peccatum
3147 2459 3303 2500 mor·

1947 2529 2060 2584 tale
2088 2526 2378 2583 habituale
2407 2526 2753 2592 destruatur,
2790 2527 2902 2582 nisi
2931 2527 3162 2582 directe.
3197 2527 3306 2581 Re·

1946 2610 2210 2664 colantur
2229 2626 2353 2681 quae
2374 2609 2628 2665 diximus
2648 2609 2787 2681 disp.
2833 2611 2876 2675 l,
2921 2609 3052 2663 dub.
3095 2610 3139 2675 1,
3165 2609 3304 2663 etin

1947 2690 2051 2744 hac
2076 2689 2279 2761 disput.
2305 2691 2432 2748 dub.
2463 2693 2517 2758 2,
2549 2698 2597 2744 ct
2618 2690 2747 2745 dub.
2771 2693 2824 2746 6.

2023 2769 2430 2827 297.1nsertur
2449 2735 2633 2837 tertio,
2654 2769 3008 2842 impossibile
3023 2786 3144 2826 esse
3158 2767 3307 2842 quod
3322 2758 3509 2866 ’ξξέὲξῗξ

1952 2852 2098 2908 Deus
2124 2851 2374 2908 remittat
2399 2856 2683 2924 peccatum
2707 2851 3028 2909 mortalem
3046 2851 3307 2912 instanti,
3366 2857 3486 2902 rium.

1953 2931 2014 2988 in
2039 2948 2150 3004 quo
2176 2932 2572 2988 committitur.
2589 2932 2916 3005 Oppositum
2934 2933 3066 2988 huic
3093 2947 3315 2988 consec·

1954 3014 2100 3070 tario
2115 3013 2448 3085 opinionem
2466 3016 2870 3071 tuenturJoan.
2892 3013 2961 3071 de
2974 3016 3128 3088 Lugo
3148 3020 3309 3069 tract.

1952 3096 2015 3150 de
2037 3094 2237 3152 Poenit.
2257 3096 2403 3167 disp.
2424 3098 2479 3165 7,
2501 3114 2654 3153 num.
2683 3098 2802 3162 126,
2824 3102 2878 3153 et
2900 3095 3146 3169 Ripalda
3166 3095 3310 3166 disp.

1955 3177 2057 3233 ult.
2079 3183 2203 3232 sect.
2235 3178 2329 3232 29.
2353 3176 2458 3232 Sed
2488 3193 2591 3249 pro
2612 3178 2776 3233 nobis
2797 3182 2951 3244 stant
2976 3193 3093 3233 non
3118 3177 3312 3237 solum

1955 3258 2284 3325 Thomistae‚
2315 3257 2413 3314 sed
2438 3258 2612 3315 etiam
2640 3261 2850 3315 Suarez
2875 3259 2967 3314 lib.
2997 3263 3054 3324 7,
3085 3259 3148 3313 de
3171 3275 3310 3329 yra-

1957 3341 2057 3407 tia,
2090 3356 2210 3411 cap.
2260 3339 2352 3403 21,
2385 3343 2440 3394 et
2485 3340 2871 3395 communiter
2915 3339 3206 3413 Theologi.
3243 3340 3311 3393 Et

1961 3419 2174 3476 relictis
2202 3418 2333 3474 aliis
2360 3419 2613 3487 motivis,
2645 3418 2852 3491 quibus
2878 3420 3056 3475 utitur
3083 3422 3313 3476 Suarez.

1960 3500 2171 3556 veritas
2218 3499 2388 3573 hujus
2422 3499 2714 3556 corollarii
2746 3500 3018 3572 probatur
3045 3516 3115 3555 ex
3141 3513 3319 3570 supra

1961 3579 2171 3636 dictis:
2200 3578 2473 3652 quoniam
2503 3584 2831 3650 peccatum,
2876 3586 3154 3658 quatenus
3184 3578 3316 3641 tale,

1962 3678 2078 3719 non
2107 3659 2191 3728 fit,
2243 3676 2346 3716 nec
2385 3666 2756 3716 conservatur
2784 3678 2817 3717 a
2846 3663 2978 3725 Dee,
3009 3647 3103 3716 sed
3131 3675 3164 3714 a
3188 3657 3312 3714 solo

1965 3747 2288 3816 peccatore·
2311 3756 2447 3814 ergo
2467 3742 2610 3796 sicut
2652 3740 3006 3813 impossibile
3030 3744 3130 3804 est,
3163 3735 3314 3810 quod

1964 3826 2251 3896 peccatum
2274 3818 2390 3889 fiat,
2419 3821 2531 3877 nisi
2560 3837 2629 3878 ex
2659 3820 2882 3877 influxu
2911 3820 3182 3877 defectivo
3210 3818 3317 3874 ho-

1965 3903 2143 3960 minis
2165 3902 2445 3975 peccantis
2463 3927 2477 3969 ;
2510 3904 2588 3958 ita
2623 3907 2922 3975 repugnat,
2954 3900 3102 3974 quod
3128 3915 3324 3973 pecca-

1964 3990 2088 4041 tum
2109 3990 2283 4042 cesset
2319 3984 2575 4056 quandiu
2604 3986 2776 4041 homo
2804 3994 3090 4057 peccatum
3132 3976 3322 4045 efficit,

1965 4072 2021 4124 et
2063 4071 2361 4123 conservat
2388 4065 2521 4122 :sed
2560 4065 2788 4139 quando
2833 4070 3121 4136 peccatum
3164 4079 3327 4122 com-

1966 4147 2233 4215 mittitur,
2268 4152 2403 4203 tunc
2441 4147 2612 4203 homo
2652 4144 2798 4200 illud
2822 4145 2974 4210 facit,
3006 4151 3062 4201 et
3087 4160 3325 4201 conser-

1967 4233 2080 4293 vat,
2114 4233 2175 4283 ut
2201 4227 2341 4299 ipsis
2363 4227 2630 4283 terminis
2652 4226 2828 4298 liquet
2850 4226 3143 4297 :implicat
3164 4238 3319 4297 ergo,

1966 4309 2114 4383 quod
2142 4315 2429 4383 peccatum
2452 4309 2694 4365 mortale
2714 4306 3061 4374 destruatur,
3097 4313 3195 4363 aut
3230 4322 3326 4363 re-

1968 4391 2232 4448 mittatur
2272 4391 2336 4446 in
2381 4390 2580 4448 eodem
2630 4390 2888 4455 instanti,
2921 4390 2985 4445 in
3010 4405 3126 4462 quo
3165 4404 3327 4445 com-
3383 4450 3392 4453 ⁷

1968 4472 2237 4529 mittitur.

2041 4554 2172 4610 298.
2217 4552 2377 4609 Dices
2424 4568 2555 4609 cum
2610 4549 2892 4623 praedictis
2937 4549 3511 4630 Junioribus.01,joe.

1972 4636 2117 4691 Deus
2156 4635 2218 4690 in
2244 4634 2444 4691 eodem
2481 4632 2739 4698 instanti,
2772 4631 2834 4686 in
2861 4645 2971 4703 quo
2995 4630 3150 4687 videt
3169 4646 3323 4687 exis·
3392 4625 3468 4670 ¹¹⁰

1970 4722 2090 4773 tere
2112 4722 2417 4790 peccatum,
2438 4719 2618 4788 potest
2638 4714 2786 4769 velle
2807 4711 3108 4768 efficaciter
3128 4709 3330 4768 cedere

1966 4797 2085 4872 juri
2115 4796 2392 4870 puniendi
2430 4799 2736 4869 peccatum,
2769 4801 2823 4850 et
2849 4791 3117 4867 exigendi
3158 4792 3330 4848 satis-

1972 4879 2278 4937 factionem
2318 4894 2420 4952 pro
2445 4875 2686 4935 offensem
2714 4880 2773 4930 et
2809 4875 2987 4930 simul
3019 4879 3198 4947 potest
3224 4872 3330 4929 de-

1973 4975 2207 5018 cernere
2224 4975 2286 5016 se
2310 4957 2508 5016 eodem
2531 4953 2702 5011 modo
2726 4970 2927 5028 gerere
2946 4971 3077 5011 cum
3106 4953 3212 5010 illo
3231 4952 3332 5010 ho-

1975 5032 2152 5111 mine,
2185 5058 2248 5099 ac
2286 5041 2335 5097 si
2374 5055 2489 5096 non
2520 5042 2807 5110 peccaret:
2834 5037 2927 5095 sed
2959 5037 3061 5094 hoc
3087 5040 3171 5092 est
3200 5050 3332 5107 pec-

3139 5117 3331 5172 catum

3579 5400 3594 5419 Ο

3577 5450 3588 5461 ι

3573 5215 3647 5614 ,1

3555 5534 3566 5555 Ι

3270 5565 3300 5587 α
3551 5562 3558 5571 ι

3535 5596 3548 5613 Ξ
