3647 5753
1212 466 1392 523 DISP.
1440 466 1558 532 VII,
1601 466 1766 523 DUB.
1813 468 1909 522 lV.
2877 468 2952 523 99

93 636 185 691 vel
204 637 364 692 velle
385 637 644 695 absolute
668 638 790 696 fieri
825 641 1162 698 volitionem
1216 639 1460 697 liberam

97 715 288 774 medio
317 719 544 776 auxilio
570 736 639 776 ex
676 738 752 787 se,
797 728 852 779 et
891 722 961 779 ab
1001 723 1313 780 intrinseco
1338 720 1462 778 esti-

95 798 242 862 caci;
273 799 556 869 quoniam
580 800 906 871 praedictum
929 803 1213 859 auxilium
1241 808 1326 858 est
1345 817 1463 858 me·

97 875 260 931 dium
305 879 590 950 ineptum,
629 886 683 935 ut
708 888 977 953 sequatur
1023 882 1154 938 talis
1192 881 1459 950 effectus;

100 958 464 1013 connectitur
484 960 642 1015 enim
671 959 1061 1017 infallibiliter
1087 977 1217 1017 cum
1256 976 1464 1032 opera·-

103 1039 277 1104 tione,
300 1037 652 1096 determinat
674 1042 1022 1098 voluntatem
1042 1040 1111 1098 ad
1130 1057 1303 1097 unam
1329 1057 1463 1114 par·

103 1127 238 1185 tem,
271 1125 328 1175 et
373 1120 624 1176 excludit
661 1120 1114 1178 indifferentiam
1144 1121 1211 1178 ad
1233 1121 1465 1194 opposi-

105 1210 226 1259 tum
281 1223 294 1256 :
336 1207 506 1273 atque
543 1202 670 1260 ideo
718 1205 894 1260 infert
927 1205 1319 1277 operationem
1348 1219 1466 1260 non

104 1282 372 1347 liberam,
398 1281 495 1337 sed
517 1285 915 1340 necessariam.
939 1283 1103 1340 Unde
1127 1285 1270 1339 sicut
1289 1300 1359 1340 ex
1374 1298 1461 1353 e0,

103 1362 251 1436 quod
292 1366 443 1420 Deus
476 1363 764 1420 contineat
804 1364 1149 1421 vitalitatem
1179 1363 1488 1437 operatio-¹

106 1445 198 1499 nis
224 1448 448 1507 creatae,
472 1449 526 1498 et
551 1443 600 1498 si
627 1459 756 1499 eam
789 1443 1048 1501 absolute
1085 1438 1364 1507 intendat]
1392 1444 1469 1499 il-

109 1525 222 1580 lam
266 1522 660 1579 infallibiliter
705 1532 914 1589 causet,
945 1525 1192 1581 minime
1220 1524 1469 1581 infertur

109 1605 255 1677 quod
292 1608 445 1660 Deus
466 1605 637 1677 possit
665 1606 831 1662 illam
862 1607 1205 1663 vitalitatem
1255 1606 1469 1679 produ-

110 1702 233 1742 cere
277 1684 473 1742 medio
518 1685 711 1759 aliquo
740 1687 1025 1758 principio
1049 1686 1314 1759 proximo
1352 1702 1469 1743 non

115 1766 291 1830 vitali,
325 1764 424 1821 sed
460 1767 646 1822 solum
671 1767 860 1822 medio
890 1768 1173 1840 principio
1201 1767 1384 1834 vitali,
1415 1774 1472 1823 et

114 1847 431 1919 operationi
477 1848 908 1919 proportionato
954 1871 967 1904 ι
1016 1849 1096 1904 ita
1134 1865 1204 1904 ex
1230 1864 1298 1905 eo
1322 1848 1471 1920 quod

117 1930 517 2001 praecontineat
543 1928 866 1986 libertatem
886 1931 1235 2002 operationis
1249 1935 1467 1996 creatae,

115 2016 164 2067 et
207 2012 252 2065 si
280 2027 409 2067 eam
440 2010 694 2066 absolute
731 2011 1029 2077 intendat,
1084 2011 1472 2068 infallibiliter

119 2091 353 2151 inferat,
389 2090 724 2161 neutiquam
770 2091 1027 2162 sequitur
1058 2133 1071 2155 ‚
1122 2089 1270 2162 quod
1302 2090 1475 2162 possit

122 2172 272 2226 illam
294 2186 530 2225 causare
551 2168 744 2226 medio
767 2170 959 2242 aliquo
982 2171 1265 2243 principio
1287 2186 1474 2226 neces-

118 2252 277 2313 sario,
303 2249 623 2324 cujusmodi
646 2258 732 2307 est
761 2253 1046 2307 auxilium
1071 2252 1140 2307 ab
1164 2251 1476 2307 intrinseco

122 2332 335 2400 efficax;
365 2332 465 2389 sed
491 2335 682 2390 solum
713 2333 902 2391 medio
933 2334 1216 2406 principio
1243 2332 1476 2389 indiffe-

126 2417 282 2480 renti,
314 2417 483 2487 quale
509 2424 596 2472 est
623 2415 909 2472 auxilium
941 2417 1241 2471 inventum
1272 2416 1342 2472 ab
1368 2414 1477 2469 Ad-

126 2497 405 2552 versariis.

59 2592 90 2632 l·
195 2576 295 2633 Sed
321 2582 522 2632 contra
551 2582 633 2632 est
662 2598 674 2631 :
699 2576 975 2648 quoniam
999 2577 1175 2633 semel
1205 2577 1473 2642 admisso,

58 2652 94 2683 '¹‘
129 2657 598 2729 omnipotentiam
630 2658 731 2712 Dei
753 2658 1048 2713 continere
1069 2662 1184 2713 tam
1209 2658 1479 2714 substan-

134 2740 293 2797 tiam.
339 2757 514 2812 quam
563 2738 800 2796 modum
840 2738 1088 2794 liberum
1131 2739 1480 2811 operationis

131 2829 346 2886 creatae‚
384 2826 440 2878 et
465 2821 744 2875 similiter
785 2818 1176 2875 infallibiliter
1203 2819 1330 2876 fieri
1358 2836 1482 2893 quae

133 2904 265 2959 Deus
285 2901 408 2958 fieri
433 2902 559 2956 vult
574 2925 588 2966 ;
614 2900 861 2956 minime
886 2905 1161 2973 repugnat
1184 2904 1364 2958 Deum
1388 2899 1483 2957 ab·

133 2985 298 3041 solute
328 2985 478 3040 velle
505 2981 655 3055 quod
679 2980 782 3038 fiat
806 2983 1005 3040 volitio
1034 2982 1235 3048 libera,
1272 2983 1484 3055 quippe

133 3079 248 3118 cum
274 3070 476 3130 certuS,
504 3069 562 3120 et
581 3079 814 3120 securus
840 3063 914 3117 sit
939 3067 1054 3117 tam
1085 3062 1305 3119 ratione
1334 3079 1484 3135 prae-

137 3146 485 3202 contInentiae
506 3188 519 3209 ,
567 3162 741 3218 quam
773 3143 995 3199 ratione
1022 3142 1480 3209 infallibilitatis,

138 3225 269 3295 quod
311 3232 580 3299 sequetur
622 3226 898 3299 operatio,
929 3231 984 3281 et
1014 3223 1250 3280 libertas
1277 3240 1485 3297 opera-

142 3308 313 3364 tionis.
345 3308 521 3364 Sicuti
550 3351 564 3371 ,
615 3313 678 3362 ut
723 3306 1204 3363 Adversariorum
1254 3313 1487 3363 utamur

141 3390 381 3462 exemplo
405 3432 418 3454 ,
468 3388 609 3462 quia
656 3390 803 3443 Deus
849 3388 1103 3446 continet
1143 3387 1485 3444 vitalitatem

142 3471 469 3542 operationis
495 3474 719 3533 creatae,
746 3474 800 3525 et
829 3467 1220 3524 infallibiliter
1242 3469 1488 3541 assequi-

146 3555 225 3605 tur
242 3552 516 3615 ellectum,
543 3566 714 3623 quem
732 3548 987 3605 absolute
1009 3546 1280 3614 intendit,
1308 3553 1490 3621 potest

146 3633 276 3688 velle
319 3633 592 3698 absolute,
636 3630 787 3705 quod
824 3630 922 3687 fiat
950 3636 1105 3688 actus
1133 3631 1351 3688 vitalis..
1381 3633 1489 3689 Sed

146 3712 249 3770 haec
275 3721 558 3789 nequeunt
583 3713 892 3782 verificari,
926 3714 1039 3768 nisi
1076 3717 1222 3770 Deus
1248 3729 1490 3771 concur-

151 3799 226 3849 rat
265 3795 333 3852 ad
376 3804 564 3853 actum
618 3795 870 3850 liberum
910 3799 1164 3850 creatum
1195 3810 1295 3867 per
1324 3795 1491 3852 auxi-

153 3873 280 3931 lium
307 3876 372 3932 ab
401 3877 718 3932 intrinseco
738 3874 932 3930 efficax
962 3895 973 3929 :
998 3890 1133 3948 ergo
1159 3875 1239 3929 sic
1260 3891 1491 3932 concur-

155 3954 239 4010 rit.
267 3956 540 4013 Probatur
569 3956 791 4019 minor,
821 3953 956 4026 quia
984 3969 1154 4010 omne
1182 3955 1487 4021 auxilium,

154 4035 281 4105 quod
308 4053 420 4094 non
459 4043 546 4094 est
590 4035 662 4092 ab
710 4036 1024 4091 intrinseco
1065 4035 1279 4102 efficax,
1313 4040 1495 4108 potest

158 4131 245 4171 suo
284 4115 473 4173 effectu
524 4116 748 4188 privari
775 4160 787 4181 ,
833 4120 890 4171 et
938 4115 1198 4186 ineptum
1253 4114 1495 4188 proinde

159 4195 344 4262 existit,
369 4203 427 4252 ut
446 4198 522 4252 sit
551 4195 941 4267 medium,per
966 4195 1116 4266 quod
1138 4194 1339 4253 divina
1367 4212 1495 4253 om-

161 4276 449 4348 nipotentia
468 4293 810 4335 consensum
835 4274 1082 4332 liberum
1107 4276 1496 4334 infallibiliter

164 4363 345 4425 causet,
375 4365 434 4413 ut
459 4363 679 4415 constat
705 4373 776 4413 ex
802 4356 980 4426 dictis,
993 4357 1123 4412 dub.
1152 4359 1373 4430 praeced.
1404 4363 1434 4427 ξ
1461 4362 1496 4414 4

165 4445 206 4492 et
223 4440 285 4506 55
311 4457 440 4516 ergo
467 4441 582 4497 nisi
605 4443 752 4495 Deus
779 4443 1081 4495 concurrat
1106 4439 1177 4495 ad
1207 4446 1393 4497 actum
1421 4442 1497 4497 li-

170 4516 344 4577 berum
384 4538 482 4594 per
521 4519 810 4576 auxilium
839 4518 909 4575 ab
937 4519 1251 4577 intrinseco
1276 4521 1492 4589 efficax,

169 4600 355 4656 salvari
383 4602 578 4673 nequit
604 4597 754 4672 quod
781 4598 1070 4655 contineat
1097 4598 1157 4654 in
1179 4617 1280 4656 sua
1303 4602 1498 4659 omni-

174 4683 395 4750 potentia
438 4689 555 4738 tam
601 4679 1023 4745 substantiam,
1072 4696 1245 4752 quam
1298 4698 1500 4739 omnes

176 4762 345 4819 modos
382 4762 733 4837 operationis
773 4767 990 4827 creatae,
1035 4769 1092 4819 et
1130 4763 1279 4871 quod
1325 4764 1501 4836 possit

174 4857 283 4899 eam
308 4844 552 4904 absolute
584 4841 905 4900 intendere.

58 4947 116 4996 ιη·
117 4961 144 4991 r
246 4927 352 4984 149.
393 4927 780 4986 confirmatur
814 4924 1021 4997 primo,
1053 4926 1188 4998 quia
1229 4930 1375 4985 Deus
1419 4933 1508 4984 est

58 5006 150 5089 ff·
179 5021 236 5060 ex
256 5023 311 5064 se
332 5010 690 5082 omnipotens
713 5005 782 5062 ad
805 5005 1152 5063 causandum
1177 5024 1293 5065 non
1314 5009 1502 5065 solum

181 5086 522 5148 substantiam
575 5086 876 5145 volitionis
920 5092 1137 5154 creatae,
1187 5087 1283 5145 sed
1329 5088 1503 5144 etiam

1595 637 1832 695 modum
1863 639 2144 696 libertatis
2184 639 2345 696 illius
2397 662 2409 696 ε
2462 656 2596 715 ergo
2647 656 2954 698 concursus

1594 719 1834 775 actualis
1862 721 1961 776 Dei
1987 720 2164 777 infert
2183 737 2254 777 ex
2292 738 2352 778 se
2392 727 2507 778 tam
2548 722 2949 787 substantiam,

1593 813 1765 870 quam
1812 797 1983 855 illum
2032 799 2285 858 modum.
2329 801 2681 858 Antecedens
2708 805 2791 856 est
2827 816 2954 857 cer-

1593 885 1738 945 tum,
1763 879 1898 949 quia
1924 880 1972 934 si
2002 883 2149 937 Deus
2175 898 2292 938 non
2316 881 2549 938 haberet
2575 899 2643 939 ex
2664 897 2724 939 se
2753 887 2955 955 poten-

1596 960 1737 1015 tiam
1767 963 1883 1015 tam
1914 958 1982 1016 ad
2005 961 2404 1029 substantiam,
2430 979 2603 1035 quam
2626 962 2695 1019 ad
2718 963 2954 1019 modum

1596 1039 1848 1096 liberum
1876 1041 2171 1099 volitionis
2210 1050 2428 1108 creatae,
2456 1060 2572 1100 non
2594 1049 2740 1099 esset
2759 1044 2954 1100 omni-

1599 1126 1815 1195 potenS,
1847 1123 2057 1195 quippe
2101 1124 2199 1196 qui
2228 1140 2345 1179 non
2374 1129 2558 1196 posset
2582 1124 2800 1181 efficere
2827 1141 2956 1181 om-

1599 1203 1697 1259 nia
1725 1201 1999 1276 objective
2022 1203 2334 1277 possibilia,
2379 1206 2470 1261 vel
2514 1210 2697 1278 posset
2725 1222 2826 1278 per
2854 1222 2958 1278 po-

1599 1283 1840 1340 tentiam
1864 1283 2095 1340 aliunde
2122 1284 2562 1341 emendicatam.
2593 1288 2958 1359 Consequen-

1601 1363 1679 1419 tia
1709 1379 1847 1420 vero
1893 1362 2202 1435 probatur;
2234 1381 2371 1420 nam
2415 1364 2651 1422 cuilibet
2694 1365 2960 1437 potentiae

1600 1443 2002 1517 correspondet
2053 1449 2207 1500 actus
2271 1445 2381 1517 ipsi
2448 1448 2911 1517 proportionatus
2943 1467 2958 1501 ε

1600 1541 1735 1599 ergo
1764 1526 2028 1598 potentiae
2053 1542 2124 1581 ex
2148 1542 2210 1582 se
2238 1526 2451 1598 potenti
2483 1527 2720 1593 inferre,
2752 1532 2807 1583 et
2833 1543 2965 1583 cau—

1602 1621 1728 1661 sare
1771 1604 2052 1674 effectum,
2091 1605 2494 1678 correspondet
2521 1613 2675 1664 actus
2700 1623 2771 1664 ex
2796 1623 2858 1663 se
2885 1608 2962 1663 il-

1603 1687 1725 1741 lum
1778 1684 2038 1741 effectum
2090 1685 2392 1742 conferens
2413 1729 2426 1752 ,
2478 1692 2534 1743 et
2582 1704 2821 1743 causans
2861 1708 2875 1743 :
2910 1692 2967 1744 et

1602 1771 2014 1837 consequenter
2038 1766 2087 1820 si
2116 1766 2534 1839 omnipotentia
2562 1768 2658 1823 Dei
2690 1772 2869 1841 potest
2894 1782 2965 1825 ex

1603 1865 1664 1905 se
1694 1849 1934 1911 inferre,
1965 1851 2021 1902 et
2046 1863 2279 1904 causare
2307 1853 2493 1903 actum
2522 1848 2792 1915 liberum,
2826 1864 2967 1905 con-

1605 1947 1801 1987 cursus
1841 1928 2076 1985 actualis
2117 1929 2217 1984 Dei
2263 1944 2332 1985 ex
2371 1945 2431 1985 se
2475 1929 2663 1996 insert,
2695 1936 2750 1987 et
2774 1936 2968 1987 causat

1606 2012 1779 2067 talem
1803 2013 2012 2064 actum.
2039 2009 2108 2062 Et
2135 2013 2268 2064 tunc
2291 2010 2441 2065 ultra
2470 2030 2483 2063 :
2508 2011 2655 2065 Deus
2676 2010 2967 2067 concurrit

1607 2090 1677 2148 ad
1706 2097 1862 2146 actus
1890 2088 2100 2145 liberos
2134 2089 2323 2153 medio
2350 2090 2569 2146 auxilio
2609 2092 2815 2147 actuali
2844 2090 2968 2148 effi-

1608 2173 1722 2231 caci
1749 2196 1761 2230 :
1786 2187 1923 2246 ergo
1945 2171 2270 2244 hujusmodi
2295 2172 2579 2228 auxilium
2601 2190 2670 2230 ex
2691 2189 2750 2229 se
2768 2174 2964 2239 infert,

1607 2260 1663 2311 et
1682 2259 1876 2310 causat
1902 2258 2089 2309 actum
2119 2251 2402 2318 liberum;
2436 2258 2601 2325 atque
2622 2253 2752 2310 ideo
2790 2259 2873 2310 est
2897 2269 2969 2310 ex

1608 2340 1768 2407 se‚.et
1794 2334 1866 2391 ab
1894 2335 2206 2390 intrinseco
2230 2333 2447 2389 efficax.

1685 2419 1796 2472 Per
1832 2413 1981 2488 quod
2034 2418 2226 2469 tamen
2272 2416 2291 2482 (
2318 2418 2379 2467 ut
2432 2413 2615 2470 tacitae
2666 2413 2968 2488 objectioni

1612 2498 2021 2567 occurramus)
2049 2496 2296 2552 minime
2330 2494 2674 2562 excluditur,
2698 2497 2848 2570 quod
2877 2496 2975 2552 in-

1612 2580 1801 2636 fluxus
1848 2576 2161 2635 voluntatis
2206 2581 2408 2632 creatae
2466 2575 2823 2633 desideretur
2846 2620 2860 2645 ,
2917 2582 2972 2633 et

1613 2660 1683 2717 ad
1738 2656 2131 2731 operation'em
2180 2655 2427 2712 liberam
2474 2662 2776 2713 concurrat
2802 2682 2817 2724 ;
2872 2656 2970 2713 sed

1614 2746 1839 2798 tantum
1892 2738 2135 2794 habetur
2163 2781 2176 2806 ,
2244 2736 2393 2810 quod
2440 2737 2729 2793 auxilium
2779 2737 2978 2794 efficax

1617 2822 1859 2897 perfecte
1886 2819 2151 2894 subjiciat
2173 2819 2525 2875 voluntatem
2554 2824 2801 2876 creatam
2824 2822 2971 2886 *De0,

1614 2915 1671 2963 et
1692 2905 1861 2961 faciat
1879 2903 2042 2958 illam
2061 2901 2241 2958 libere
2258 2917 2441 2975 agere,
2462 2908 2517 2958 et
2531 2902 2640 2957 sibi
2657 2903 2972 2974 cooperari.

1616 2988 1770 3044 Sicut
1796 3003 1867 3042 ex
1895 3002 1981 3052 eo,
2011 2983 2160 3057 quod
2196 2984 2613 3056 omnipotentia
2661 2986 2760 3041 Dei
2806 2985 2979 3057 possit

1616 3085 1687 3125 ex
1706 3083 1767 3123 se
1787 3082 2022 3123 causare
2050 3065 2389 3122 volitionem
2419 3064 2652 3121 vitalem
2673 3109 2686 3134 ,
2734 3065 2982 3121 minime

1617 3148 1896 3222 sequitur,
1939 3145 2090 3220 quod
2120 3146 2309 3202 valeat
2335 3145 2500 3201 illam
2527 3145 2745 3202 efficere
2771 3145 2993 3217 absque

1617 3230 1915 3286 voluntate
1979 3231 2167 3283 creata
2224 3226 2480 3283 vitaliter
2534 3224 2830 3294 influente,
2884 3224 2985 3282 sed

1618 3316 1845 3367 tantum
1885 3308 2033 3382 quod
2083 3308 2255 3380 possit
2294 3308 2648 3365 voluntatem
2684 3323 2897 3375 creare,
2930 3312 2985 3363 et

1620 3391 1818 3448 omnia
1848 3388 2239 3463 praerequisita
2272 3389 2637 3462 conjungere,
2670 3393 2725 3443 et
2752 3403 2995 3444 movere

1619 3488 1744 3544 quae
1772 3470 1843 3527 ad
1886 3470 2225 3526 volitionem
2273 3469 2512 3525 vitalem
2559 3467 2980 3535 desiderantur,

1620 3553 1761 3625 quin
1789 3553 1908 3609 haec
1947 3549 2183 3607 aliunde
2228 3549 2587 3616 emendicet,
2641 3548 2740 3606 sed
2786 3550 2987 3606 omnia

1625 3635 1814 3708 potius
1840 3649 1911 3690 ex
1932 3648 1991 3689 se
2014 3632 2216 3705 pariat.
2234 3628 2303 3685 Et
2332 3632 2479 3688 ratio
2505 3637 2591 3687 est
2610 3629 2809 3687 eadem
2832 3637 2987 3687 utro-

1621 3714 1811 3786 bique,
1851 3715 1988 3786 quia
2016 3711 2282 3767 videlicet
2319 3711 2585 3783 quamvis
2613 3711 2790 3783 aliqui
2833 3715 2989 3767 actus

1622 3794 1796 3851 creati
1821 3792 2180 3865 dependeant
2200 3791 2582 3847 essentialiter
2604 3807 2720 3848 non
2746 3792 2932 3848 solum
2956 3806 2991 3846 a

1626 3880 1760 3943 Dec,
1789 3874 1887 3932 sed
1908 3875 2083 3932 etiam
2108 3872 2178 3930 ab
2200 3873 2393 3946 aliquo
2415 3873 2700 3947 principio
2726 3873 2995 3947 proximo

1626 3964 1832 4026 creato,
1855 3962 1957 4014 eta
1983 3955 2245 4030 pluribus
2272 3956 2403 4012 aliis
2433 3956 2754 4029 requisitis;
2781 3955 2991 4012 nihilo·

1627 4041 1823 4098 minus
1869 4040 1988 4096 haec
2032 4039 2229 4095 omnia
2268 4037 2511 4096 subsunt
2543 4037 2760 4094 divinae
2788 4042 2990 4112 poten-

1627 4121 1738 4186 tiae,
1772 4127 1892 4176 tam
1922 4119 1983 4175 in
2009 4135 2148 4186 esse,
2181 4135 2353 4192 quam
2394 4119 2456 4175 in
2479 4134 2664 4192 agere,
2695 4122 2752 4174 et
2779 4122 2896 4173 tam
2925 4116 2988 4172 in

1628 4202 1883 4277 produci,
1916 4217 2089 4276 quam
2117 4202 2181 4258 in
2210 4200 2484 4274 applicari
2510 4223 2522 4257 :
2550 4217 2685 4256 nam
2712 4197 2988 4273 quidquid

1628 4285 1873 4357 explicat
1902 4283 2188 4340 rationem
2229 4283 2396 4349 entis,
2448 4282 2597 4339 cadit
2621 4282 2727 4338 sub
2757 4283 2987 4349 virtute,

1628 4371 1684 4422 et
1740 4365 2073 4422 causalitate
2126 4364 2302 4437 primi
2333 4406 2345 4430 ‚
2401 4375 2458 4420 et
2503 4361 2991 4421 universalissimi

1630 4446 1870 4520 agentiS,
1903 4444 2053 4518 quod
2102 4444 2342 4518 proinde
2390 4449 2570 4517 potest
2594 4461 2666 4502 ex
2710 4460 2771 4500 se
2795 4448 2995 4500 cuncta

1583 4537 1603 4554 ·
1630 4525 1733 4581 illa
1760 4541 2015 4592 causare,
2047 4528 2351 4595 causatque
2393 4540 2493 4596 per
2537 4540 2707 4579 suum
2752 4539 2996 4580 concur-

1629 4621 1759 4661 sum
1789 4605 1989 4662 omnia
2015 4604 2313 4661 efficaciter
2340 4604 2703 4661 inferentem.
2738 4605 2846 4669 Qui
2874 4604 2996 4660 dis-

1630 4684 1833 4743 cursus
1859 4685 2110 4741 sumitur
2136 4701 2207 4740 ex
2235 4687 2301 4739 D.
2326 4685 2530 4742 Thom.
2564 4686 2617 4750 3,
2650 4691 2841 4741 contra
2864 4702 2999 4757 yen-

1633 4774 1726 4832 teS,
1759 4784 1880 4838 cap.
1912 4767 2003 4823 94.

1709 4845 2101 4904 confirmatur
2120 4844 2368 4903 secundo
2388 4844 2699 4902 evertendo
2719 4844 2997 4904 Adversa·
3009 4871 3211 4916 mmm„-

3009 4922 3224 4966 Adversa·

1635 5009 1757 5066 sive
1792 5008 2078 5065 auxilium
2127 5007 2341 5074 efficax,
2384 5005 2532 5079 quod
2558 5024 2630 5065 ex
2679 5025 2793 5065 una
2839 5013 2999 5082 parte
3027 4972 3189 5064 'ii‘i’giim

3051 5079 3161 5114 vum·

1636 4928 1862 4986 riorum
1891 4929 2208 4995 motivum;
2237 4928 2511 5000 quoniam
2538 4944 2845 4986 concursus
2870 4929 2992 4996 Dei,

1637 5091 1816 5148 infert
1842 5106 1913 5148 ex
1951 5106 2030 5158 se,
2078 5095 2135 5147 et
2160 5087 2231 5145 ab
2272 5089 2585 5148 intrinseco
2606 5097 2812 5162 actum,
2844 5096 2902 5148 et
2927 5108 2998 5150 ex
