3647 5753
0 281 8 440 ,Ι
1348 359 1526 415 DlSP.
1570 359 1689 427 vn,
1736 362 1900 418 DUB.
1946 365 2066 423 vn.
2977 367 3077 421 261

0 461 10 524 Ι

57 592 196 688 ζξῑτξξξζξ
234 603 456 669 feriori,
481 607 575 662 cui
597 608 1139 674 communicatur,et
1158 610 1415 681 sequitur
1438 610 1600 665 illius

232 683 647 755 conditionem;
672 688 1119 762 unumquodque
1144 690 1302 747 enim
1327 691 1601 764 recipitur

157 825 174 832 a
235 762 305 820 ad
364 765 602 824 modum
668 769 996 841 recipientis
1053 791 1066 825 ε
1107 775 1164 826 et
1208 770 1311 827 hac
1377 771 1602 828 ratione

234 847 501 916 quamvis
534 847 630 904 Sol
655 864 726 905 ex
751 865 812 905 se
840 854 967 923 agat
994 849 1387 915 uniformiter,
1414 857 1469 908 et
1497 866 1603 908 ne-

237 927 483 982 cessario
511 944 641 984 cum
682 929 952 985 omnibus
974 931 1159 986 causis
1199 930 1597 998 inferioribus,

1 543 12 626 Ι
48 536 194 578 confir·
230 537 413 580 causae
459 526 786 597 superioris
814 527 1174 585 modificatur
1214 529 1278 586 in
1304 545 1473 585 causa
1503 529 1596 586 in·-

236 1006 495 1064 diversos
531 1009 920 1066 nihilominus
957 1010 1196 1067 effectus
1237 1011 1496 1083 producit
1540 1012 1635 1067 in·

237 1088 454 1159 planta,
489 1088 638 1144 acin
668 1089 923 1155 homine,
954 1095 1011 1146 et
1049 1092 1130 1146 sic
1170 1090 1240 1147 de
1267 1091 1399 1147 aliis
1435 1107 1606 1166 :ergo

238 1167 384 1223 sicut
411 1169 589 1225 motio
631 1170 731 1224 Dei
769 1170 1089 1227 necessario
1116 1172 1337 1245 agentis
1386 1178 1607 1244 recepta

243 1250 307 1305 in
349 1248 534 1304 causis
583 1252 919 1307 necessariis
959 1249 1280 1310 necessario
1326 1257 1602 1319 moveret,

240 1336 299 1387 et
322 1338 694 1388 concurreret
724 1331 795 1388 ad
825 1334 1174 1390 necessarias
1201 1335 1561 1407 operationes
1591 1358 1604 1400 ;

243 1412 327 1467 ita
356 1416 578 1483 recepta
599 1411 663 1466 in
688 1428 857 1470 causa
876 1430 946 1470 ex
967 1432 1028 1471 se
1056 1413 1256 1480 libera,
1289 1413 1609 1489 cujusmodi

243 1497 331 1550 est
357 1492 624 1550 voluntas
651 1501 854 1562 creata,
891 1495 1072 1554 libere
1112 1504 1388 1565 moveret,
1418 1504 1475 1554 et
1514 1497 1610 1552 in-

248 1573 483 1630 duceret
508 1573 871 1645 operationes
893 1576 1124 1634 liberas.

47 1665 238 1711 secundo.
329 1650 720 1708 confirmatur
741 1655 987 1713 secundo
1024 1678 1037 1712 z
1061 1672 1197 1713 nam
1220 1656 1441 1728 quoties
1466 1655 1611 1712 actio

247 1732 532 1807 dependet
553 1750 586 1789 a
601 1732 814 1807 duplici
839 1739 1144 1812 principio,
1166 1754 1412 1811 quorum
1430 1753 1612 1794 unum

246 1816 489 1873 deficere
511 1832 627 1872 non
650 1824 849 1889 potest,
882 1827 938 1876 et
960 1822 1117 1877 aliud
1142 1827 1323 1894 potest
1349 1820 1608 1888 deficere,

249 1898 394 1955 actio
444 1895 639 1954 evadit
701 1898 1045 1972 simpliciter
1106 1903 1460 1977 contingens,
1522 1902 1614 1958 vel

249 1978 424 2034 etiam
454 1975 656 2039 libera,
683 1977 731 2034 si
777 1980 1149 2054 principium,
1180 1982 1329 2055 quod
1375 1980 1616 2038 deficere

253 2057 422 2123 valet,
457 2055 712 2111 liberum
740 2059 815 2114 sit
852 2081 866 2117 ε
910 2077 1022 2134 qua
1068 2062 1290 2118 ratione
1329 2059 1616 2117 conclusio

251 2134 581 2210 dependens
631 2152 703 2192 ex
744 2138 958 2213 duplici
1012 2142 1326 2214 praemissa,
1373 2155 1616 2197 unane-

252 2217 517 2283 cessaria,
550 2223 606 2273 et
634 2220 752 2277 alia
773 2223 1145 2297 contingenti,
1177 2238 1293 2279 non
1321 2228 1405 2278 est
1430 2238 1618 2278 neces-

254 2300 425 2365 saria,
464 2297 563 2354 sed
589 2302 930 2377 contingens
982 2326 995 2360 ε
1039 2303 1135 2360 sed
1184 2304 1384 2361 volitio
1429 2308 1619 2360 creata

255 2380 536 2453 dependet
568 2400 685 2445 non
729 2386 918 2441 solum
966 2401 999 2442 a
1049 2388 1182 2452 Dec,
1225 2384 1325 2440 sed
1369 2384 1545 2441 etiam
1586 2398 1621 2439 a

262 2463 557 2523 voluntate
579 2470 785 2541 creata,
831 2482 956 2538 quae
983 2483 1054 2523 ex
1104 2483 1166 2522 se
1207 2465 1388 2522 libera
1414 2471 1516 2532 est,
1564 2469 1622 2521 et

264 2544 420 2601 valet
443 2545 680 2604 deficere
712 2568 724 2604 ε
761 2563 897 2621 ergo
923 2548 1148 2604 etiamsi
1191 2550 1338 2604 Deus
1365 2552 1623 2604 moveret

264 2628 603 2694 necessario,
623 2627 802 2685 adhuc
818 2628 1019 2686 volitio
1042 2633 1231 2686 creata
1250 2632 1397 2684 esset
1416 2627 1616 2684 libera.

340 2705 725 2765 confirmatur
770 2709 936 2766 tertio
989 2730 1002 2765 ε
1054 2724 1188 2764 nam
1228 2724 1299 2765 ex
1342 2724 1428 2775 e0,
1474 2705 1622 2781 quod

255 2788 412 2844 Deus
437 2797 625 2864 ageret
672 2790 1009 2855 necessarie,
1053 2791 1242 2847 solum
1285 2789 1618 2859 inferretur,

250 2868 407 2941 quod
437 2871 610 2927 vellet
637 2869 961 2928 necessario
989 2870 1326 2927 volitionem
1351 2876 1620 2937 creatam,

248 2965 430 3022 quam
459 2950 631 3009 modo
654 2952 781 3007 vult
807 2949 990 3007 libere
1020 2974 1034 3018 ;
1064 2956 1120 3007 et
1166 2950 1316 3024 quod
1365 2967 1625 3009 necessa-

251 3033 345 3089 rio
368 3032 652 3105 praeberet
693 3032 977 3089 auxilium
1008 3034 1308 3106 praevium,
1339 3039 1396 3091 et
1415 3034 1627 3090 simul-

249 3117 516 3181 taneum,
575 3131 701 3187 quae
760 3113 930 3171 modo
969 3114 1149 3171 libere
1201 3113 1422 3171 confert
1473 3135 1486 3170 z
1527 3114 1627 3171 sed

246 3193 427 3251 modo
469 3196 597 3251 vult
644 3210 759 3251 non
804 3196 993 3251 solum
1045 3195 1384 3252 vetitionem
1443 3194 1629 3267 quoad

242 3274 664 3341 substantiam,
696 3274 795 3332 sed
840 3274 1017 3331 etiam
1069 3274 1256 3346 quoad
1296 3275 1535 3332 modum
1565 3276 1630 3331 li·

243 3353 523 3422 hertatiS,
555 3362 611 3413 et
637 3355 709 3412 ad
737 3362 1044 3427 utrumque
1067 3354 1279 3426 praebet
1319 3355 1500 3412 libere
1526 3371 1632 3412 au-

240 3437 470 3493 xilium
511 3436 815 3509 praevium,
845 3443 902 3493 et
921 3437 1337 3492 simultaneurn
1372 3448 1390 3491 :‘
1413 3451 1550 3511 ergo
1570 3439 1631 3492 in

240 3518 591 3595 hypothesi,
620 3517 771 3590 quod
807 3523 999 3593 ageret
1041 3534 1114 3574 ex
1156 3518 1486 3575 necessitate
1525 3534 1632 3574 na-

242 3606 416 3669 turae,
444 3605 512 3657 et
556 3598 942 3654 substantiam
995 3598 1291 3655 volitionis
1329 3604 1550 3666 creatas,
1578 3604 1634 3655 et

242 3682 500 3739 modum
546 3679 834 3737 libertatis
864 3679 1186 3736 necessario
1228 3680 1419 3747 vellet,
1470 3686 1526 3736 et
1565 3679 1635 3736 ad

244 3770 582 3835 utrumque
635 3759 958 3817 necessario
1010 3757 1289 3831 praeberet
1327 3760 1633 3816 auxilium.

246 3848 332 3901 Ex
356 3861 478 3919 quo
501 3851 709 3901 tamen
730 3841 976 3898 minime
995 3842 1274 3913 sequitur,
1307 3840 1454 3914 quod
1481 3849 1638 3899 actus

243 3933 485 3984 creatus
539 3940 666 3981 non
699 3929 845 3980 esset
872 3921 1040 3988 liber,
1068 3921 1167 3978 sed
1195 3922 1381 3994 potius
1407 3922 1512 3979 hoc
1548 3924 1638 3995 ip-

245 4023 383 4063 sum
408 4007 748 4064 inferretur
774 4020 847 4061 ex
874 4002 1131 4058 maxima
1170 4001 1519 4069 necessitate,
1551 4009 1640 4059 at·

249 4104 364 4161 que
417 4087 703 4152 efficacia,
760 4090 877 4141 tam
936 4083 1251 4140 voluntatis
1296 4083 1418 4151 Dei,
1466 4099 1640 4157 quam

252 4172 495 4241 auxilii,
532 4186 640 4228 seu
670 4183 976 4225 concursus
1002 4164 1210 4221 divini.

27 4258 225 4302 occurri·
333 4253 473 4309 362.
522 4250 619 4306 Ad
664 4255 1072 4323 argumentum
1113 4250 1245 4320 (quo
1290 4262 1409 4304 non
1464 4246 1644 4303 semel

26 4317 231 4404 ‘ffssffi'
259 4334 451 4390 utitur
479 4335 727 4398 Suarez,
774 4335 835 4385 ut
873 4328 1117 4402 gratiam
1163 4343 1233 4384 ex
1272 4342 1333 4383 se
1363 4325 1643 4384 efficacem

255 4415 603 4488 impugnet)
654 4409 1032 4482 respondetur
1078 4404 1434 4464 admittendo
1461 4407 1647 4480 majo-

257 4512 389 4554 rem
415 4520 433 4565 ;
467 4510 621 4551 nam
647 4506 871 4556 revera,
901 4490 952 4545 si
981 4492 1127 4545 Deus
1149 4494 1340 4562 ageret
1363 4504 1436 4545 ex
1462 4503 1648 4544 neces-

252 4580 433 4636 sitate
457 4582 723 4640 naturai,
757 4587 876 4629 non
896 4571 1173 4629 efficacius
1199 4575 1408 4644 ageret,
1439 4570 1648 4644 quippe

253 4660 359 4736 qui
405 4662 620 4735 ageret
668 4669 801 4711 cum
847 4653 1064 4710 minori
1100 4650 1551 4716 universalitate,
1594 4655 1650 4708 et

253 4758 396 4799 cum
422 4735 656 4814 maiori
686 4733 1191 4797 determinatione,
1221 4736 1278 4788 et
1304 4734 1366 4786 ut
1389 4731 1472 4787 sic
1491 4730 1650 4788 dica-

241 4841 414 4894 mus,
448 4817 851 4896 subjectione,
882 4821 937 4872 et
975 4814 1348 4888 dispositione
1391 4811 1462 4869 ad
1503 4812 1654 4871 bona

259 4900 691 4984 particularia,
722 4911 848 4970 quae
883 4896 1198 4953 necessario
1235 4893 1517 4968 diligeret.
1561 4894 1654 4951 Si-

263 4996 367 5046 cut
411 4984 600 5044 modo
665 4991 790 5035 non
841 4977 956 5051 agit
1004 4976 1282 5034 efficacius
1326 4975 1435 5042 lec,
1482 4991 1654 5048 quam

55 2727 216 2772 Tertio.

1732 531 1924 599 homo,
1977 535 2104 592 licet
2157 536 2257 593 ille
2292 539 2629 605 necessario,
2661 544 2717 595 et
2757 538 2863 594 iste
2908 535 3091 592 libere

1731 621 2017 687 operetur.
2062 619 2132 673 Et
2172 617 2379 676 deinde
2418 637 2681 679 concessa
2720 618 2960 684 minori,
2993 631 3092 673 ne·

1731 711 1934 769 gamus
1971 701 2459 771 consequentiam.
2492 703 2661 760 Ratio
2688 708 2879 758 autem
2907 697 3091 771 dispa-

1736 776 1921 832 ritatis
1948 783 2165 834 constat
2202 795 2273 836 ex
2299 797 2474 854 supra
2514 781 2681 838 dictis
2712 804 2727 848 ;
2759 795 2894 836 nam
2923 777 3091 833 auxi-

1735 858 1883 913 lium
1908 857 2228 927 efficaciter,
2258 867 2314 918 et
2340 862 2740 919 antecedenter
2767 875 3095 919 connexum

1734 955 1864 996 cum
1893 941 2241 1012 operatione,
2272 942 2421 1015 quod
2462 943 2532 1000 de
2573 943 2717 999 facto
2743 942 2931 1007 datur,
2955 957 3094 1014 sup-

1739 1019 1900 1092 ponit
1922 1022 1985 1075 in
2004 1021 2119 1077 Deo
2144 1027 2478 1094 potestatem
2494 1022 2739 1097 negandi
2762 1021 3094 1095 praedictum

1737 1097 2044 1166 auxilium,
2069 1119 2102 1153 a
2126 1103 2287 1174 cujus
2306 1103 2563 1158 carentia
2597 1100 2878 1175 dependet
2897 1115 3095 1157 essen-

1739 1179 1955 1235 tialiter
1988 1182 2243 1237 carentia
2273 1183 2626 1254 operationis
2669 1191 2872 1239 creatae
2901 1203 2914 1238 ε
2944 1179 3099 1237 unde

1739 1259 1931 1316 taliter
1952 1260 2129 1318 int'ert
2153 1262 2546 1320 infallibiliter
2563 1269 2771 1328 actum,
2802 1269 2863 1318 ut
2889 1261 3099 1318 nihilo-

1742 1339 1937 1395 minus
1962 1356 2154 1397 secum
2190 1342 2482 1414 permittat
2532 1342 2595 1398 in
2622 1341 2829 1404 eodem
2848 1341 3100 1415 subjecto

1743 1427 2076 1494 potestatem
2113 1421 2184 1479 ad
2223 1425 2540 1480 carentiam
2582 1430 2747 1480 actus
2778 1422 3103 1495 ponendam

1743 1499 2129 1575 dependenter
2157 1518 2191 1559 a
2234 1504 2484 1561 materia
2523 1503 2729 1559 auxilii
2762 1525 2775 1560 ε
2806 1519 2917 1575 quo
2951 1503 3102 1559 nihil

1744 1582 1994 1718 augguus
2022 1583 2360 1655 requiritur,
2400 1590 2463 1640 ut
2492 1585 2761 1639 voluntas
2786 1589 2975 1641 creata
3004 1598 3105 1655 per

1743 1678 1802 1718 m
1884 1678 1978 1717 um
2028 1662 2297 1736 principii
2343 1664 2654 1721 habitualis
2703 1663 2802 1720 Dei
2843 1663 3105 1736 potestati

1743 1741 1977 1816 subJecti
2006 1743 2178 1814 possit
2199 1744 2463 1800 omittere
2484 1743 2897 1816 operationem,
2930 1759 3105 1816 quam

1746 1829 1871 1879 actu
1915 1823 2115 1890 elicit;
2178 1830 2236 1880 et
2285 1829 2695 1897 consequenter
2736 1824 2851 1898 agit
2903 1823 3103 1881 libere.

1748 1905 2026 1958 Caeterum
2075 1902 2124 1957 si
2176 1904 2325 1959 Deus
2390 1907 2587 1976 ageret
2639 1902 2977 1970 necessariO,
3028 1901 3110 1957 ita

1749 1988 2126 2057 praemoveret
2147 1985 2504 2040 voluntatem
2540 1988 2811 2049 creatam,
2838 1988 2900 2038 ut
2922 1983 2985 2038 in
3007 1983 3110 2039 illo

1747 2063 1987 2119 instanti
2023 2078 2141 2121 non
2191 2069 2379 2137 posset
2417 2078 2535 2119 non
2569 2060 2825 2118 absolute
2864 2078 3113 2135 praemo-

1750 2159 1904 2211 vere,
1953 2159 2057 2200 nec
2097 2144 2313 2200 valeret
2352 2143 2670 2200 carentiam
2720 2141 3114 2214 praemotionis

1750 2223 2059 2291 inducere;
2104 2224 2248 2280 alias
2289 2239 2406 2280 non
2436 2229 2812 2295 praemoveret
2853 2237 3115 2279 necessa—

1753 2303 1857 2371 rio,
1889 2301 1988 2359 sed
2015 2302 2215 2369 libere,
2241 2309 2297 2360 et
2318 2303 2399 2358 ita
2425 2301 2816 2358 destrueretur
2840 2301 3114 2376 hypothe-

1751 2383 1830 2438 sis
1856 2381 2040 2439 dubii.
2071 2381 2235 2440 Unde
2281 2383 2546 2440 voluntas
2575 2388 2764 2439 creata
2792 2397 2908 2439 non
2930 2385 3116 2454 posset

1752 2463 1816 2520 in
1861 2464 2060 2522 eodem
2110 2464 2349 2520 instanti
2402 2470 2590 2521 actum
2620 2464 2931 2530 omittere3
2978 2477 3115 2519 nam

1752 2547 1988 2604 omissio
2014 2547 2367 2620 operationis
2413 2544 2622 2619 pendet
2661 2544 3046 2602 essentialiter
3084 2559 3118 2599 a

1754 2630 2008 2686 carentia
2036 2628 2243 2686 auxilii
2266 2627 2336 2685 ad
2365 2628 2781 2701 operationem,
2831 2634 2891 2683 ut
2929 2628 2995 2683 in
3019 2642 3120 2685 eo-

1754 2711 1885 2768 dem
1915 2712 2154 2768 instanti
2183 2710 2465 2784 possibili.
2499 2714 2680 2784 Atque
2707 2708 2833 2767 ideo
2855 2711 3121 2768 voluntas

1756 2797 1946 2849 creata
1970 2808 2088 2848 non
2118 2797 2308 2867 ageret
2349 2789 2550 2857 libere,
2581 2806 2681 2847 seu
2708 2807 2837 2847 cum
2867 2806 3024 2856 vera,
3066 2794 3122 2847 et

1756 2871 2117 2930 dominativa
2140 2878 2411 2945 potestate
2438 2870 2508 2927 ad
2551 2871 2810 2944 opposita
2840 2895 2853 2938 ;
2882 2870 2980 2929 sed
3015 2885 3122 2926 ne—

1727 2973 1732 2979 *
1758 2954 2022 3020 cessario,
2050 2959 2259 3011 etcum
2282 2952 2618 3010 omnimoda
2639 2950 3123 3009 determinatione

1759 3033 1832 3091 ad
1861 3050 2068 3090 unum.
2098 3031 2259 3098 Quod
2287 3048 2407 3089 non
2434 3031 2714 3089 accideret
2739 3031 2811 3089 ob
2844 3032 3125 3105 majorem

1761 3115 2169 3189 perfectionem
2215 3112 2537 3187 specificam
2598 3114 2888 3179 motioniS,
2937 3118 2997 3169 ut
3027 3127 3128 3168 ar-

1759 3214 1940 3273 guens
1980 3197 2176 3253 minus
2203 3195 2349 3253 bene
2369 3194 2639 3267 supponit
2671 3219 2684 3262 ;
2713 3193 2811 3251 sed
2841 3195 3028 3268 potius
3054 3191 3128 3251 ob

1761 3277 2260 3351 imperfectionem
2333 3275 2627 3349 principii,
2693 3290 2728 3331 a
2776 3291 2888 3348 quo
2935 3275 2997 3331 in
3059 3290 3129 3331 eo

1763 3366 1973 3418 eventu
1994 3357 2361 3416 descenderet
2392 3377 2406 3412 z
2446 3372 2582 3412 nam
2608 3356 2686 3412 ita
2706 3357 3067 3413 conferretur
3096 3370 3129 3411 a

1767 3442 1902 3508 Deo,
1930 3440 2079 3512 quod
2095 3455 2213 3496 non
2235 3443 2419 3511 posset
2440 3436 2693 3493 absolute
2714 3452 2832 3492 non
2850 3434 3121 3494 conferri.

1840 3519 1926 3576 Ad
1944 3521 2194 3593 primam
2207 3516 2708 3575 confirmationem
2728 3516 3121 3589 respondetur,
3175 3529 3312 3577 Prima

1768 3600 2105 3658 antecedens
2147 3601 2336 3657 solum
2395 3597 2684 3655 verificari
2733 3598 2795 3653 in
2848 3597 3121 3661 motione,
3168 3578 3317 3671 ⁰22¹}ss

1766 3684 1891 3740 sive
1915 3681 2139 3739 influxu
2174 3696 2355 3737 causae
2382 3679 2728 3736 universalis
2764 3686 2988 3748 creatae,
3027 3695 3129 3736 cu-
3144 3676 3331 3722 diluitur.

1763 3763 2017 3839 jusmodi
2045 3770 2129 3819 est
2166 3763 2294 3821 Sol:
2324 3777 2440 3818 non
2464 3778 2600 3818 vero
2654 3761 2715 3817 in
2741 3762 2997 3818 motione
3016 3760 3133 3819 effi·

1769 3845 1885 3902 caci
1915 3844 2092 3917 primi
2134 3842 2438 3900 moventis.
2491 3845 2558 3898 Et
2595 3842 2741 3898 ratio
2781 3840 3134 3914 disparitatis

1772 3931 1875 3992 est,
1898 3926 2172 3997 quoniam
2185 3923 2364 3981 motio
2373 3939 2554 3979 causae
2566 3922 2911 3979 universalis
2931 3928 3134 3980 creatae

1771 4006 1963 4064 solum
1994 4005 2225 4078 respicit
2250 4005 2511 4062 ellectum
2540 4001 2851 4061 secundum
2881 4005 3135 4077 aliquam

1775 4085 2060 4143 rationem
2107 4101 2477 4142 communem
2522 4085 2769 4141 ulterius
2807 4081 3137 4142 connotabi·

1775 4168 1890 4223 lem
1914 4182 2017 4239 per
2044 4167 2191 4223 alias
2215 4166 2469 4224 rationes
2498 4165 2681 4239 magis
2706 4164 3132 4230 determinatas,

1776 4262 1900 4320 quae
1925 4246 2112 4303 causis
2159 4244 2608 4321 particularibus
2650 4243 3133 4323 correspondentj

1776 4332 1834 4384 et
1859 4325 1988 4384 ideo
2009 4328 2189 4385 motio
2213 4344 2396 4384 causas
2422 4327 2769 4384 universalis
2794 4324 3139 4382 determina·

1777 4413 1874 4463 tur
1900 4422 2002 4480 per
2042 4423 2224 4465 causae
2258 4406 2625 4481 particularis
2651 4406 2956 4464 influxum.
2986 4408 3141 4464 Sicut

1777 4487 1940 4546 enim
1966 4488 2112 4546 ratio
2137 4504 2191 4545 v.
2225 4504 2280 4563 g.
2327 4490 2582 4560 corporis
2633 4488 2823 4555 mixti,
2860 4503 2983 4561 quae
3022 4489 3140 4546 Soli

1778 4568 2203 4641 correspondet,
2256 4567 2679 4627 determinatur
2711 4585 2813 4645 per
2860 4571 3141 4628 rationem

1781 4650 2056 4718 viventis,
2081 4664 2206 4723 quae
2225 4648 2633 4723 correspondet
2657 4651 2867 4724 plantae
2898 4673 2911 4708 :
2943 4651 3023 4709 ita
3048 4652 3145 4708 in-

1782 4732 1973 4789 fluxus
2001 4730 2153 4786 Solis
2197 4727 2623 4787 determinatur
2670 4746 2771 4804 per
2817 4732 3026 4806 plantae
3053 4733 3148 4789 in-

1784 4812 2030 4870 fluxum.
2060 4813 2339 4868 Caeterum
2370 4810 2625 4884 primum
2652 4826 2890 4869 movens
2916 4812 3148 4886 simpli-

1784 4893 1929 4951 citer
1950 4891 2182 4965 attingit
2209 4906 2309 4964 per
2334 4906 2396 4948 se
2423 4906 2644 4959 omnes,
2688 4896 2746 4949 et
2768 4892 3024 4966 singulas
3050 4909 3149 4951 ra-

1789 4975 1996 5045 tiones,
2029 4978 2147 5031 tam
2173 4973 2547 5042 universales,
2575 4989 2748 5046 quam
2777 4968 3149 5048 particulares
