3647 5753
565 438 670 494 100

560 608 674 666 alia
720 611 880 680 parte
926 608 1202 680 relinquit
1230 611 1561 681 potestatem
1590 607 1659 665 ad
1688 608 1921 682 opposi-

555 692 703 753 tum,
725 688 923 761 nequit
936 688 1188 746 libertati
1206 688 1579 763 praejudicare
1597 713 1609 756 ;
1633 687 1920 762 siquidem

561 768 796 825 libertas
837 770 1074 824 actualis
1114 785 1231 825 non
1252 769 1510 826 consistit
1539 769 1601 825 in
1629 769 1923 827 elicientia

562 849 808 908 duorum
832 856 1060 907 actuum
1085 851 1234 907 inter
1255 867 1314 908 se
1336 851 1918 924 incompossibilium,

554 929 659 989 sed
688 930 751 987 in
778 931 1044 988 elicentia
1071 931 1244 987 unius
1271 932 1589 1004 conjuncta,
1614 937 1670 989 et
1701 931 1926 990 coexis-

558 1017 718 1070 tente
745 1012 920 1068 simul
951 1028 1082 1068 cum
1120 1017 1391 1085 potestate
1436 1011 1506 1068 ad
1553 1014 1876 1085 oppositum
1908 1033 1920 1069 :

565 1095 721 1168 atqui
750 1093 1035 1149 auxilium
1063 1109 1134 1149 ex
1159 1109 1220 1149 se
1240 1093 1454 1158 efficax,
1488 1110 1543 1150 v.
1575 1111 1629 1168 g.
1662 1093 1733 1150 ad
1762 1110 1927 1151 amo-

566 1190 689 1232 rem
717 1188 788 1229 ex
815 1189 931 1230 una
957 1179 1134 1245 parte,
1163 1172 1553 1231 infallibiliter
1574 1174 1752 1230 insert
1774 1189 1929 1230 amo-

565 1270 710 1322 rem,
741 1257 797 1310 et
822 1268 891 1309 ex
919 1254 1033 1309 alia
1065 1258 1223 1325 parte
1251 1269 1365 1310 non
1409 1253 1654 1310 destruit
1683 1257 1929 1325 potesta-

559 1339 683 1391 ·tem
730 1332 802 1389 ad
845 1334 1167 1406 oppositum
1204 1352 1381 1411 :ergo
1430 1351 1546 1393 non
1601 1332 1931 1408 praejudicat

568 1415 819 1472 libertati
851 1433 863 1467 ε
898 1431 959 1471 ac
989 1415 1227 1487 proinde
1282 1422 1461 1490 potest
1506 1431 1626 1473 esse
1673 1414 1928 1471 medium

570 1503 784 1570 aptum,
821 1502 879 1552 ut
917 1496 1118 1554 divina
1158 1500 1576 1574 omnipotentia
1617 1502 1806 1554 causet
1836 1496 1932 1552 in-

571 1577 896 1634 fallibiliter
923 1584 1109 1634 actum
1140 1579 1413 1636 liberum.
1450 1578 1653 1651 Maj0r,
1687 1583 1742 1635 et
1768 1581 1933 1633 utra-

563 1674 678 1732 que
722 1659 1127 1730 consequentia
1174 1665 1456 1717 constant.
1506 1660 1701 1715 Minor
1741 1662 1932 1714 autem

570 1738 753 1814 quoad
784 1740 1031 1812 primam
1069 1747 1288 1813 partem
1318 1759 1436 1800 non
1461 1746 1699 1815 negatur
1722 1740 1792 1796 ab
1815 1738 1933 1794 Ad-

569 1821 864 1886 versariiS,
898 1826 953 1876 et
979 1823 1161 1894 quoad
1207 1824 1516 1880 secundam
1565 1821 1886 1879 ostenditur
1919 1841 1931 1876 :

570 1910 693 1962 tum
735 1904 868 1977 quia
913 1905 1198 1960 auxilium
1228 1922 1298 1962 ex
1331 1923 1408 1970 se,
1435 1911 1490 1962 et
1524 1904 1594 1962 ab
1622 1904 1936 1961 intrinseco

574 1986 832 2043 inferens
853 1999 1128 2050 amorem,
1163 2001 1280 2042 non
1310 1990 1490 2058 potest
1517 1985 1699 2060 magis
1738 1984 1937 2042 exclu-

571 2065 708 2123 dere
723 2069 1055 2137 potestatem
1073 2062 1140 2120 ad
1161 2066 1483 2137 oppositum
1506 2065 1741 2132 amoriS,
1762 2079 1936 2137 quam

573 2161 737 2203 amor
765 2144 884 2217 ipse
906 2148 1027 2199 actu
1051 2145 1301 2200 existens
1321 2168 1334 2211 ;
1362 2145 1646 2217 siquidem
1678 2143 1938 2217 impossi-

573 2226 766 2283 bilitas
792 2222 1171 2296 componendi
1197 2241 1372 2280 unam
1398 2224 1650 2281 formam
1670 2241 1800 2280 cum
1825 2224 1939 2280 alia

567 2305 888 2366 attenditur
938 2320 1109 2377 penes
1155 2305 1383 2362 effectus
1408 2349 1420 2372 ,
1474 2323 1613 2379 quos
1660 2310 1895 2362 causant
1924 2326 1935 2361 :

571 2390 728 2464 atqui
785 2403 948 2443 amor
976 2393 1099 2442 actu
1141 2387 1392 2443 existens
1436 2405 1490 2443 v.
1521 2404 1573 2461 g.
1610 2388 1669 2443 in
1700 2388 1938 2443 instanti

575 2474 640 2536 Α,
694 2483 812 2524 non
859 2466 1109 2522 excludit
1151 2473 1484 2539 potestatem
1518 2467 1587 2523 ad
1616 2468 1938 2539 oppositum

573 2547 791 2606 amoris
819 2547 882 2601 in
911 2545 1110 2601 eodem
1142 2546 1414 2612 instanti;
1449 2547 1592 2601 alias
1620 2546 1815 2601 nullus
1842 2545 1939 2618 qui

576 2633 748 2693 amat,
784 2629 1004 2681 amaret
1028 2624 1234 2690 libere;
1279 2624 1563 2696 siquidem
1591 2630 1810 2682 careret
1841 2642 1943 2697 po-

575 2712 774 2765 testate
821 2704 891 2761 ad
939 2705 1281 2777 oppositum,
1314 2706 1441 2761 sine
1468 2721 1579 2776 qua
1626 2722 1745 2761 non
1772 2704 1943 2761 datur

578 2787 811 2845 libertas
842 2806 854 2841 :
879 2801 1014 2858 ergo
1043 2786 1327 2840 auxilium
1350 2800 1419 2841 ex
1439 2801 1517 2851 se,
1549 2791 1606 2841 et
1632 2784 1703 2840 ab
1732 2785 1945 2841 intrin-

574 2886 701 2929 seco
742 2867 1000 2925 inferens
1042 2882 1320 2933 amorem,
1352 2883 1469 2923 non
1516 2867 1665 2923 tollit
1695 2873 1944 2941 potesta-

560 2958 695 3009 tem
720 2949 789 3006 ad
817 2948 1162 3022 oppositum.
1206 2950 1353 3003 Tum
1394 2949 1589 3013 etiam,
1623 2949 1757 3021 quia
1796 2949 1845 3004 si
1874 2948 1946 3004 ob

582 3033 837 3105 aliquam
863 3030 1146 3087 rationem
1171 3030 1454 3085 auxilium
1476 3029 1669 3087 efficax
1688 3030 1947 3088 inferens

575 3128 653 3169 ex
680 3127 759 3177 se,
785 3116 839 3167 et
869 3110 938 3166 ab
981 3109 1295 3166 intrinseco
1334 3125 1590 3166 amorem
1619 3110 1949 3168 excluderet

588 3196 920 3265 potestatem
950 3189 1017 3245 ad
1047 3188 1242 3245 odium
1293 3206 1395 3262 pro
1440 3188 1638 3246 eodem
1684 3190 1942 3257 instanti,

589 3272 843 3328 maxime
872 3271 1006 3343 quia
1033 3270 1365 3349 praedictum
1397 3270 1679 3326 auxilium
1722 3278 1806 3328 est
1854 3273 1949 3328 in-

579 3349 980 3425 conjunbibile
1006 3366 1135 3406 cum
1165 3350 1419 3407 carentia
1460 3350 1675 3407 amoris
1725 3373 1738 3407 :
1794 3352 1949 3425 atqui

589 3451 752 3493 amor
779 3434 953 3490 etiam
982 3438 1067 3488 est
1095 3432 1568 3507 inconjungibilis
1596 3449 1723 3489 cum
1745 3434 1833 3490 sui
1856 3451 1952 3491 ca-

591 3515 797 3579 rentia,
823 3518 877 3570 et
900 3513 1287 3569 nihilominus
1317 3513 1612 3586 relinquit,
1641 3515 1731 3569 vel
1759 3530 1952 3570 secum

589 3596 872 3672 permittit
895 3599 1229 3668 potestatem
1259 3594 1328 3651 ad
1364 3596 1563 3659 illam;
1595 3596 1737 3651 alias
1764 3598 1954 3653 omnis

589 3677 686 3751 qui
716 3681 888 3740 amat,
923 3691 1040 3730 non
1071 3681 1256 3747 posset
1285 3680 1418 3730 tunc
1447 3691 1564 3732 non
1606 3690 1835 3742 amare;
1867 3683 1955 3732 at-

580 3777 699 3833 que
722 3758 851 3816 ideo
873 3765 1092 3816 amaret
1115 3759 1453 3825 necessario,
1485 3757 1635 3831 quod
1657 3763 1740 3814 est
1761 3759 1957 3816 absur-

594 3840 733 3896 dum
767 3860 781 3895 ε
810 3855 944 3913 ergo
965 3839 1141 3895 etiam
1167 3839 1452 3895 auxilium
1475 3854 1546 3895 ex
1567 3854 1627 3895 se
1665 3838 1861 3895 efficax
1887 3840 1956 3897 ad

599 3937 856 3980 amorem
882 3922 1176 3993 relinquit,
1202 3926 1258 3979 et
1279 3939 1469 3980 secum
1491 3922 1803 3978 coexistere
1827 3938 1959 3995 per-

601 4005 781 4063 mittit
810 4008 1139 4076 potestatem
1168 4004 1483 4060 voluntatis
1529 4002 1597 4059 ad
1645 4004 1957 4060 carentiam

601 4084 836 4143 amoriS.
861 4085 1007 4138 Tum
1037 4082 1301 4155 denique,
1330 4098 1467 4138 nam
1496 4081 1623 4139 ideo
1652 4098 1813 4139 amor
1837 4089 1958 4139 actu

591 4167 850 4225 existens
876 4165 1169 4237 relinquit,
1201 4167 1257 4220 et
1277 4179 1468 4220 secum
1492 4164 1774 4235 permittit
1796 4164 1959 4221 illam

603 4252 934 4323 potestatem
960 4290 973 4314 ,
1018 4247 1153 4319 quia
1196 4247 1327 4302 licet
1364 4246 1439 4301 sit
1491 4246 1964 4321 inconjungibilis

590 4347 731 4388 cum
759 4329 848 4385 sui
871 4329 1144 4393 carentia,
1166 4328 1550 4385 nihilominus
1572 4330 1798 4385 nullum
1823 4346 1966 4402 prae·

603 4411 853 4468 dicatum
893 4409 1060 4465 habet
1115 4425 1441 4483 repugnans
1487 4410 1743 4481 potestati
1774 4409 1844 4467 ad
1871 4427 1967 4467 ca-

597 4493 856 4550 rentiam
894 4491 1108 4547 amoris
1166 4490 1478 4547 secundum
1536 4507 1615 4557 se,
1649 4507 1857 4565 nempe
1897 4491 1967 4549 ad

599 4573 922 4630 carentiam
949 4577 1013 4626 ut
1037 4570 1494 4645 conjungendam
1524 4586 1642 4627 non
1669 4588 1798 4628 cum
1846 4573 1969 4645 ipso

608 4671 826 4721 amore,
858 4654 953 4711 sed
983 4670 1111 4710 cum
1155 4655 1447 4712 voluntate
1474 4655 1667 4727 :atqui
1707 4655 1839 4712 licet
1864 4672 1970 4712 au-

607 4736 819 4793 xilium
869 4751 939 4791 ex
965 4750 1024 4791 se
1063 4734 1257 4791 efficax
1305 4732 1374 4790 ad
1417 4751 1694 4802 amorem,
1729 4739 1971 4808 nequeat

609 4833 740 4874 cum
768 4816 889 4891 ejus
916 4816 1168 4872 carentia
1194 4815 1483 4890 conjungi,
1518 4817 1746 4872 nullum
1775 4820 1973 4873 tamen·

613 4895 785 4955 habet
825 4896 1190 4969 praedicatum
1241 4912 1565 4970 repugnans
1605 4897 1864 4969 potestati
1902 4896 1971 4953 ad

612 4978 930 5043 carentiam
970 4979 1185 5035 amoris
1209 4978 1519 5035 secundum
1547 4994 1623 5044 se,
1657 4994 1863 5051 nempe
1903 4977 1974 5035 ad

612 5058 931 5118 carentiam
960 5060 1122 5116 illam
1149 5065 1206 5114 ut
1228 5058 1682 5134 conjungendam
1707 5076 1823 5117 non
1845 5076 1972 5116 cum

1571 438 1663 492 DE
1703 438 1976 493 GRATIA
2028 437 2351 492 EFFICACI
2360 478 2372 491 .

2054 608 2176 682 ipso
2197 609 2437 674 auxilio,
2461 608 2558 666 sed
2586 625 2715 666 cum
2738 610 3034 666 voluntate
3061 629 3074 664 :
3098 623 3232 681 ergo
3268 623 3421 680 prro-

2054 689 2267 746 dictum
2290 689 2572 746 auxilium
2599 691 2894 762 relinquit,
2919 695 2975 746 et
2995 704 3185 745 secum
3207 687 3424 744 coexis-

2055 775 2175 827 tere
2203 770 2483 847 permittit
2505 776 2839 843 potestatem
2880 769 2952 826 ad
2974 769 3316 842 oppositum.
3351 769 3422 821 Et

2056 857 2464 925 consequenter
2484 853 2767 909 auxilium
2790 869 2863 909 ex
2882 869 2941 909 se
2960 852 3158 910 efficax
3179 850 3248 907 ad
3266 865 3423 907 amo·

2060 948 2182 988 rem
2224 949 2341 989 non
2369 933 2551 1007 magis
2580 931 2912 1005 praejudicat
2940 931 3213 995 libertati,
3245 945 3420 1002 quam

2059 1031 2220 1072 amor
2249 1016 2384 1087 ipse,
2414 1015 2461 1070 si
2507 1015 2812 1071 eliceretur
2853 1012 3311 1086 independenter
3351 1009 3423 1068 ab

2060 1094 2278 1151 auxilio
2302 1110 2373 1151 ex
2398 1110 2457 1150 se
2501 1093 2729 1161 efficaci,
2762 1100 2824 1150 ut
2852 1100 3156 1151 autumant
3196 1092 3424 1149 Adver-

2060 1175 2226 1232 sarii.

2143 1257 2264 1312 150.
2310 1257 2421 1312 Nec
2446 1256 2789 1312 satisfacitsi
2821 1257 3063 1322 dicatur,
3098 1256 3422 1312 maximum

2062 1352 2182 1394 esse
2208 1334 2517 1392 discrimen
2553 1337 2704 1393 inter
2729 1337 3012 1392 auxilium
3053 1353 3123 1394 ex
3168 1352 3228 1393 se
3269 1332 3579 1414 inse-Affissr

2067 1433 2197 1473 rens
2216 1431 2494 1482 amorem,
2518 1422 2575 1472 et
2601 1432 2856 1473 amorem
2885 1418 3141 1474 elicitum
3164 1434 3198 1473 a
3221 1418 3423 1474 volun·
3463 1421 3577 1464 rusa

2066 1500 2179 1553 tate
2237 1511 2353 1552 non
2385 1501 2656 1568 praemota
2704 1497 2921 1554 auxilio
2949 1513 3019 1554 ex
3075 1514 3136 1554 se
3190 1498 3422 1554 efficaci.

2066 1577 2349 1641 Quoniam
2375 1577 2503 1632 licet
2529 1576 2795 1633 voluntas
2817 1593 3019 1633 amans
3064 1583 3303 1651 nequeat
3342 1578 3427 1634 si-

2067 1658 2191 1712 mul
2220 1655 2430 1713 habere
2476 1657 2691 1713 amoris
2735 1658 3072 1724 carentiam,
3119 1659 3428 1716 nihilomi-

2070 1754 2178 1793 nus
2221 1737 2340 1794 haec
2388 1736 2725 1809 impotentia
2770 1739 3133 1810 consequitur
3179 1738 3427 1796 liberam

2069 1816 2382 1874 voluntatis
2421 1815 2962 1874 determinationem
2990 1861 3001 1883 ,
3071 1836 3181 1891 qua
3244 1835 3304 1875 se
3357 1818 3427 1876 ad

2069 1895 2381 1953 amandum
2409 1896 2735 1968 applicavit,
2770 1903 2937 1971 atque
2965 1899 3092 1956 ideo
3126 1915 3243 1956 non
3280 1914 3430 1972 prae-

2064 1978 2279 2054 judicat
2319 1979 2630 2034 voluntatis
2676 1978 2962 2046 libertati3
3006 1986 3090 2037 est
3122 1982 3283 2037 enim
3312 1982 3429 2037 im-

2072 2058 2318 2132 potentia
2349 2074 2715 2130 consequens,
2741 2066 2796 2115 et
2822 2060 3059 2118 fundata
3083 2062 3144 2116 in
3166 2062 3427 2134 supposi-

2072 2142 2228 2198 tione
2251 2139 2433 2196 libera
2458 2142 2772 2196 voluntatis
2793 2147 2848 2198 et
2869 2141 2937 2198 ab
2957 2159 3026 2200 ea
3048 2143 3425 2216 impedibiliS.

2073 2224 2354 2278 Caeterum
2381 2221 2664 2277 auxilium
2693 2240 2764 2280 ex
2790 2240 2850 2279 se
2887 2223 3082 2281 efficax
3110 2228 3193 2280 est
3218 2241 3434 2297 suppo-

2072 2304 2204 2359 sitio
2232 2302 2586 2369 antecedens,
2618 2322 2789 2377 quam
2819 2321 2920 2362 nec
2946 2307 3212 2363 voluntas
3252 2312 3435 2378 potest

2075 2384 2375 2457 impedire,
2421 2401 2522 2441 nec
2563 2388 2714 2443 valet
2751 2404 2878 2443 cum
2921 2387 3175 2444 carentia
3217 2388 3434 2444 amoris

2072 2483 2415 2540 componere
2448 2490 2460 2523 :
2489 2471 2750 2542 quocirca
2788 2470 3003 2527 inducit
3040 2471 3432 2527 necessitatem

2075 2547 2520 2614 antecedentem,
2552 2556 2610 2606 et
2647 2550 2810 2606 affert
2837 2551 3238 2624 impotentiam
3269 2557 3435 2608 ante-

2075 2629 2365 2686 cedentem
2395 2630 2464 2685 ad
2492 2633 2807 2688 carentiam
2849 2633 3081 2688 amoris
3113 2633 3213 2687 His
3241 2637 3434 2688 autem

2075 2709 2375 2776 stantibus,
2416 2727 2534 2768 non
2554 2718 2665 2768 stat
2692 2713 2946 2769 libertas,

2153 2792 2285 2856 Hoc,
2315 2790 2569 2865 inquam,
2598 2808 2714 2848 non
2750 2793 3042 2858 satisfacit,
3081 2793 3178 2849 sed
3219 2791 3436 2849 confir-

2080 2873 2392 2930 mationem
2424 2878 2675 2929 nostram
2703 2874 2763 2930 in
2790 2893 2892 2931 suo
2916 2873 3118 2931 robore
3136 2874 3435 2948 relinquit.

2079 2955 2290 3021 Prinio,
2316 2953 2449 3026 quia
2494 2954 2721 3025 quando
2751 2957 2921 3012 homo
2957 2956 3034 3011 ita
3073 2955 3226 3012 elicit
3256 2971 3436 3012 unum

2081 3042 2286 3102 actum,
2308 3042 2369 3091 ut
2389 3036 2562 3092 simul
2587 3037 2791 3094 habeat
2819 3037 2889 3094 ab
2911 3039 3223 3095 intrinseco
3248 3044 3441 3111 potes-

2081 3124 2255 3175 tatem
2286 3116 2355 3173 ad
2396 3117 2737 3189 oppositum,
2772 3119 2969 3191 nequit
3017 3135 3131 3175 non
3161 3134 3327 3192 agere
3358 3119 3437 3174 li-

2083 3198 2256 3265 bere;
2296 3199 2623 3254 sicutenim
2672 3198 2906 3255 libertas
2953 3199 3260 3256 habitualis
3301 3216 3441 3256 con-

2082 3280 2230 3335 sistit
2276 3280 2336 3335 in
2362 3285 2632 3352 potestate
2659 3279 2728 3335 ad
2764 3281 3040 3353 opposita,
3067 3297 3183 3338 non
3205 3280 3439 3352 quidem

2085 3366 2146 3416 ut
2166 3358 2680 3431 componenda.sed
2707 3364 2764 3415 ut
2779 3361 3033 3427 divisim,
3053 3367 3109 3419 et
3127 3361 3442 3418 secundum

2084 3457 2144 3496 se
2172 3439 2434 3496 habenda
2464 3462 2476 3497 :
2528 3439 2606 3497 ita
2635 3440 2870 3498 libertas
2897 3442 3135 3498 actualis
3163 3459 3279 3499 non
3305 3459 3445 3499 con-

2086 3522 2235 3577 sistit
2261 3521 2323 3576 in
2350 3521 2748 3594 conjunctione
2800 3522 2861 3578 v?
2888 3539 2944 3596 g.
2998 3523 3233 3590 amoris,
3266 3529 3322 3579 et
3346 3540 3447 3580 ca-

2089 3602 2288 3658 rentia}
2310 3602 2564 3657 amoris:
2593 3602 2690 3657 sed
2715 3603 2774 3657 in
2802 3619 2888 3667 eo,
2909 3604 3058 3675 quod
3083 3605 3345 3661 voluntas
3368 3604 3447 3660 ita

2088 3682 2278 3740 eliciat
2300 3698 2574 3747 amorem,
2612 3688 2672 3737 ut
2697 3683 2869 3738 simul
2897 3683 3099 3740 habeat
3116 3690 3446 3757 potestatem

2090 3762 2160 3820 ad
2206 3763 2522 3818 carentiam
2591 3763 2807 3819 amoris
2858 3765 3174 3821 secundum
3222 3782 3282 3820 se
3307 3807 3321 3822 .
3376 3768 3446 3821 Et

2090 3841 2341 3915 quandiu
2373 3841 2476 3897 hoc
2500 3843 2775 3909 salvatur,
2822 3845 3018 3916 nequit
3046 3861 3161 3900 non
3182 3845 3453 3901 essentia-

2092 3924 2225 3979 liter
2269 3922 2481 3978 salvari
2539 3922 2770 3980 libertas
2817 3926 3073 3989 actualis,
3118 3941 3247 3981 cum
3297 3926 3449 3982 nihil

2093 4004 2250 4059 aliud
2277 4008 2554 4077 exposcat.
2603 4007 2767 4063 Ratio
2809 4011 2997 4062 autem
3020 4006 3284 4078 superius
3306 4006 3456 4063 facta

2094 4100 2210 4141 non
2237 4101 2305 4141 eo
2329 4085 2600 4152 collimat,
2626 4092 2687 4141 ut
2714 4086 2971 4143 ostendat
2996 4084 3194 4142 eodem
3219 4102 3457 4158 prorsus

2095 4164 2264 4222 modo
2309 4182 2369 4223 se
2416 4166 2626 4224 habere
2648 4168 2932 4224 auxilium
2959 4183 3027 4223 ex
3073 4182 3133 4223 se
3157 4167 3353 4224 efficax
3382 4166 3460 4223 ad

2097 4262 2375 4313 amorem,
2402 4264 2464 4303 ac
2492 4265 2748 4306 amorem
2779 4249 2965 4320 ipsum
2992 4248 3250 4305 elicitum
3282 4248 3455 4304 inde-

2100 4326 2414 4401 pendenter
2460 4328 2531 4385 ab
2558 4330 2777 4385 auxilio
2816 4345 2885 4385 ex
2906 4346 2966 4385 se
2991 4329 3198 4385 efficaci
3227 4354 3240 4396 ;
3266 4328 3363 4387 sed
3393 4334 3456 4384 ut

2101 4408 2298 4484 probet
2339 4408 2671 4482 praedictum
2702 4411 2985 4466 auxilium
3041 4410 3458 4483 relinquerein

2101 4491 2394 4548 voluntate
2414 4490 2656 4547 eandem
2686 4495 3018 4563 potestatem
3042 4489 3112 4546 ad
3139 4489 3458 4547 carentiam

2101 4572 2335 4638 amoris,
2366 4588 2538 4644 quarn
2592 4588 2756 4629 amor
2800 4572 2920 4644 ipse
2969 4573 3266 4644 relinquit.
3298 4571 3460 4637 Quod

2101 4652 2239 4709 satis
2267 4652 2571 4708 manifeste
2593 4651 3093 4725 probat,qu0niam
3123 4650 3461 4725 praedictum

2105 4733 2388 4790 auxilium
2407 4748 2523 4789 non
2552 4732 2752 4806 magis,
2781 4732 2898 4789 imo
2935 4733 3131 4788 minus
3150 4731 3464 4804 opponitur

2103 4814 2371 4871 carentiae
2423 4814 2656 4877 amoris,
2696 4829 2759 4870 ac
2806 4814 2927 4886 ipse
2975 4829 3184 4869 amor:
3233 4828 3367 4886 ergo
3411 4812 3463 4867 si

2106 4910 2270 4951 amor
2295 4910 2484 4951 secum
2517 4893 2795 4967 permittit
2821 4894 2882 4949 in
2906 4894 3200 4950 voluntate
3230 4896 3468 4965 potesta-

2107 4982 2222 5031 tem
2245 4974 2314 5031 ad
2342 4976 2430 5031 sui
2459 4975 2775 5031 carentiam
2820 4980 2879 5029 ut
2908 4973 3237 5047 possibilem
3268 4970 3465 5029 haberi

2110 5057 2172 5114 in
2194 5056 2392 5115 eodem
2432 5056 2688 5122 instanti,
2729 5072 2849 5113 non
2866 5055 3101 5129 quidem
3129 5055 3302 5110 simul
3334 5069 3467 5110 cum

3251 5150 3467 5199 amore,

3446 1477 3577 1513 serim

3456 1271 3599 1315 Discri

3470 2807 3637 2848 Everti-

3502 2860 3583 2899 tur.
