3647 5753
302 2481 356 2522 Et
373 2489 438 2524 ra-

301 2528 424 2574 iloni.

506 426 620 482 646
1214 423 1309 477 DE
1347 423 1786 487 QUIDDITATE
1822 425 2423 482 JUSTIFICATIONIS
2463 430 2664 485 IMPII.

513 619 540 650 α
570 613 697 671 quae
735 594 886 652 dicta
910 598 1044 650 sunt
1084 609 1259 666 supra
1299 592 1432 649 dist.
1471 595 1554 658 ll,
1585 593 1656 652 de
1702 599 1871 653 tran-

509 702 536 732 «
567 677 1041 734 substantiatione
1063 677 1228 748 panis
1257 676 1319 732 in
1339 692 1545 749 corpus
1572 677 1805 733 Christi.
1835 698 1862 730 ι

509 761 590 817 Eo
611 765 801 817 autem
825 759 946 815 loco
970 772 1176 829 nempe
1196 763 1379 833 quast.
1410 759 1456 822 1,
1482 765 1593 815 art.
1618 759 1673 825 3,
1693 776 1857 836 ques·

506 846 684 901 tiano.
713 845 748 898 2
774 843 848 898 ad
885 844 939 907 2,
970 854 1237 912 expresse
1277 838 1490 896 refellit
1537 842 1867 914 responsio-

509 942 643 983 nem
659 941 722 980 su
732 938 834 996 pra
857 920 1146 985 traditam,
1171 926 1227 976 et
1246 919 1533 977 concludit
1556 942 1569 977 :
1597 943 1622 974 α
1650 924 1720 978 Et
1739 921 1866 979 ideo

516 1030 542 1061 «
572 1006 742 1063 aliter
780 1000 1105 1067 dicendum,
1137 1000 1287 1074 quod
1314 1017 1431 1058 non
1460 1009 1544 1058 est
1570 1004 1865 1077 assignare

514 1113 541 1146 α
570 1089 843 1145 ultimum
892 1087 1133 1149 instans»,
1174 1083 1272 1140 sed
1303 1084 1573 1140 ultimum
1615 1090 1859 1158 tempus,

511 1193 537 1224 ι(
571 1172 635 1226 in
661 1185 771 1243 quo
792 1173 875 1225 est
904 1167 1090 1239 panis.
1120 1165 1199 1222 Et
1224 1166 1379 1230 infra
1407 1166 1587 1222 :Toto
1607 1170 1864 1238 tempore

512 1276 538 1307 α
568 1250 904 1327 praecedenti
951 1252 1075 1304 erat
1115 1247 1279 1320 panis
1335 1252 1542 1320 praeter
1588 1248 1862 1304 ultimum

424 1339 431 1346 ‘
511 1357 538 1388 α
566 1335 805 1397 instans,
832 1330 895 1385 in
921 1344 1033 1401 quo
1051 1333 1135 1385 est
1160 1343 1364 1399 corpus
1385 1327 1615 1383 Christi.
1642 1348 1667 1379 n
1702 1329 1770 1382 Et
1798 1328 1862 1383 in

508 1434 655 1490 resp.
684 1413 754 1471 ad
776 1414 842 1468 3:
867 1435 891 1465 α
912 1409 996 1466 Ad
1021 1410 1185 1476 hanc,
1206 1407 1860 1486 inquit,conversionem

510 1520 536 1551 α
569 1512 688 1554 non
712 1495 960 1568 pertinet
986 1491 1098 1547 nisi
1128 1490 1276 1546 illud
1298 1506 1468 1557 nunc,
1497 1492 1559 1546 in
1585 1507 1696 1564 quo
1716 1491 1862 1549 desi-

509 1601 535 1631 «
568 1578 657 1633 nit
714 1594 834 1634 esse
887 1573 1051 1648 panis
1071 1615 1084 1639 ,
1133 1578 1189 1629 et
1241 1573 1442 1645 incipit
1486 1587 1608 1629 esse
1657 1588 1861 1645 corpus

507 1681 533 1712 α
566 1659 799 1714 Christi.
836 1679 861 1708 »
890 1654 1157 1726 Idemque
1184 1654 1388 1726 repetit
1428 1653 1463 1708 3
1489 1660 1645 1725 part.
1673 1661 1855 1731 quest.

498 1744 593 1808 75,
626 1749 736 1797 art.
769 1743 803 1793 7
831 1739 906 1793 ad
946 1739 991 1805 l,
1025 1735 1123 1792 ubi
1167 1736 1381 1802 relatis,
1413 1741 1468 1792 et
1507 1736 1860 1810 impugnatis

500 1823 750 1879 aliorum
807 1816 1274 1891 responsionibus
1313 1815 1599 1874 concludit
1648 1838 1660 1873 :
1715 1837 1740 1868 α
1788 1819 1860 1873 Et

504 1931 529 1958 u
564 1904 691 1962 ideo
716 1908 799 1960 est
824 1900 1056 1975 quidem
1077 1899 1217 1956 dare
1239 1901 1491 1972 primum
1520 1899 1760 1966 instans,
1793 1900 1857 1955 in

502 2010 528 2041 α
560 2003 671 2060 quo
717 1991 800 2042 est
843 2000 1047 2055 corpus
1088 1982 1332 2048 Christi,
1382 1998 1499 2039 non
1533 1988 1620 2039 est
1664 1988 1857 2039 autem

501 2091 527 2122 α
560 2068 700 2125 dare
722 2066 996 2124 ultimum
1019 2065 1260 2130 instans,
1281 2064 1344 2119 in
1364 2079 1475 2136 quo
1494 2063 1568 2119 sit
1588 2063 1857 2121 substan-

500 2171 527 2202 α
559 2150 640 2205 tia
668 2147 862 2221 panis;
887 2145 985 2202 sed
1005 2149 1089 2202 est
1110 2143 1248 2202 dare
1271 2145 1545 2202 ultimum
1568 2152 1811 2219 tempus.
1826 2168 1852 2198 »

496 2231 583 2286 Ex
624 2229 831 2303 quibus
877 2227 1225 2284 testimoniis
1270 2226 1569 2285 evidenter
1612 2232 1850 2295 constat,

497 2314 1128 2386 responsionem'supra
1150 2309 1468 2367 adhibitam
1490 2325 1613 2367 esse
1638 2309 1857 2367 doctri-

496 2407 586 2449 nae
611 2395 676 2450 D.
703 2392 907 2447 Thom.
939 2391 1311 2448 contrariam.

571 2473 876 2530 Refellitur
902 2472 1079 2529 etiam
1126 2473 1349 2530 ratione
1387 2489 1459 2530 ex
1496 2472 1712 2531 eisdem
1738 2478 1856 2531 tes-

495 2555 757 2617 timoniis
804 2554 1101 2628 desumpta
1132 2576 1147 2611 ε
1188 2553 1463 2629 quoniam
1501 2556 1633 2612 licet
1669 2559 1857 2631 gratia

496 2650 617 2692 non
661 2640 1029 2691 mensuretur
1076 2635 1351 2709 partibus,
1385 2635 1477 2691 vel
1506 2635 1854 2693 instantibus

492 2716 769 2788 temporis
800 2717 1000 2783 nostri,
1028 2715 1126 2772 sed
1148 2717 1264 2772 alia
1283 2717 1656 2774 eminentiori
1684 2734 1855 2775 men-

491 2814 633 2853 sura
647 2821 661 2865 ;
708 2797 1094 2854 nihilominus
1122 2799 1261 2871 petit
1296 2800 1552 2870 incipere
1598 2815 1698 2874 per
1717 2805 1855 2858 'cor-

497 2881 963 2956 respondentiam
990 2883 1371 2939 extrinsecam
1401 2884 1494 2940 vel
1522 2883 1592 2940 ad
1639 2890 1850 2958 partes,

494 2964 588 3020 vel
634 2961 706 3019 ad
753 2967 1045 3018 momenta
1089 2962 1271 3019 nostri
1322 2964 1598 3035 temporis
1649 2985 1662 3021 ε
1710 2966 1856 3022 sicut

494 3045 761 3119 quamvis
778 3044 1029 3118 Angelus
1051 3058 1168 3099 non
1184 3050 1552 3102 mensuretur
1574 3051 1850 3121 tempore,

499 3127 600 3186 sed
632 3144 773 3195 aevo,
805 3127 971 3184 debet
1000 3132 1193 3184 tamen
1221 3126 1475 3201 incipere
1502 3142 1604 3203 per
1630 3146 1854 3187 corres-

499 3208 874 3285 pondentiam
900 3208 1280 3265 extrinsecam
1320 3211 1413 3266 vel
1455 3210 1524 3267 ad
1552 3212 1848 3278 instantia,

495 3294 589 3350 vel
616 3292 687 3350 ad
710 3296 897 3366 partes
922 3290 1197 3363 temporis
1219 3293 1401 3348 nostri
1428 3292 1573 3360 veri,
1601 3294 1690 3350 vel
1714 3294 1855 3350 ima-

493 3373 711 3448 ginarii
757 3396 769 3429 :
808 3373 889 3429 ita
927 3377 991 3426 ut
1028 3372 1077 3426 si
1105 3373 1252 3427 Deus
1278 3377 1497 3430 crearet
1540 3375 1848 3447 Angelum,

434 3480 446 3493 ·
494 3455 670 3512 homo
708 3456 766 3512 id
798 3456 983 3513 sciens
1018 3458 1202 3526 posset
1225 3452 1514 3511 affirmare
1547 3455 1752 3513 :Nunc
1775 3464 1853 3512 est

492 3537 756 3606 Anyeeus,
800 3546 850 3594 et
888 3546 1121 3610 tempore
1158 3538 1492 3593 antecedenti
1529 3555 1639 3594 non
1676 3547 1794 3595 erat
1834 3558 1854 3593 .·

493 3621 606 3688 vel,
650 3621 819 3678 Nunc
856 3639 965 3676 non
1003 3628 1081 3676 est
1106 3619 1370 3691 Anqelus,
1412 3627 1464 3676 et
1488 3623 1593 3677 erit
1620 3628 1854 3696 tempore

490 3703 801 3758 immediate
844 3702 1105 3780 sequenti.
1150 3702 1372 3757 Formae
1399 3707 1589 3759 autem
1619 3719 1853 3775 perma-

493 3787 675 3854 nenti,
706 3792 763 3843 et
789 3784 1022 3841 habenti
1043 3800 1166 3842 esse
1194 3784 1391 3853 simul,
1424 3786 1607 3861 magis
1633 3803 1853 3844 conna-

492 3868 678 3924 turale
717 3872 802 3923 est
839 3866 1094 3939 incipere
1140 3881 1242 3938 per
1281 3865 1850 3939 correspondentiam

491 3947 563 4004 ad
596 3948 837 4016 instans,
869 3951 924 4003 et
947 3962 1047 4019 per
1071 3947 1317 4021 primum
1340 3963 1468 4013 esse,
1500 3962 1672 4020 quam
1699 3947 1853 4006 inci-

491 4044 626 4102 pere
655 4045 755 4102 per
801 4029 1059 4084 ultimum
1089 4044 1198 4082 non
1238 4044 1365 4094 esse,
1397 4031 1452 4084 et
1499 4042 1601 4100 per
1625 4045 1852 4087 corres-

491 4107 865 4183 pondentiam
914 4108 985 4165 ad
1027 4114 1271 4182 tempus,
1306 4113 1368 4163 ut
1395 4106 1465 4165 de
1509 4110 1763 4183 Angelis,
1794 4115 1851 4168 et

299 4199 439 4243 sotus.
486 4192 697 4249 Anima
730 4190 1003 4247 rationali
1031 4205 1161 4246 cum
1208 4191 1359 4255 Soto,
1408 4194 1465 4246 et
1491 4190 1624 4246 aliis
1650 4190 1853 4249 docent

272 4246 471 4303 ⁸U⁰⁰mp
486 4276 556 4331 N.
602 4272 885 4344 Complut.
919 4271 1056 4328 locis
1100 4285 1276 4342 supra
1302 4269 1507 4327 citatis.
1542 4274 1690 4346 Ergo
1716 4288 1849 4329 cum

484 4356 672 4432 gratia
719 4351 1040 4427 justificans
1094 4353 1169 4408 sit
1224 4351 1413 4409 forma
1477 4369 1844 4425 permanens,

483 4443 542 4495 et
556 4436 758 4494 habeat
779 4452 900 4493 esse
920 4434 1117 4499 simul,
1145 4431 1349 4489 debet'
1333 4432 1588 4507 incipere
1610 4451 1711 4508 per
1730 4452 1852 4493 cor-

487 4517 954 4591 respondendam
995 4512 1065 4571 ad
1113 4512 1339 4570 instans
1389 4515 1573 4573 nostri
1621 4521 1850 4589 tempo-

486 4599 586 4666 riS,
613 4599 735 4656 sive
768 4614 867 4670 per
901 4598 1149 4672 primum
1176 4612 1302 4662 esse,
1334 4596 1416 4653 ita
1446 4602 1505 4652 ut
1540 4598 1617 4653 sit
1643 4613 1849 4655 verum

483 4682 674 4740 dicere
718 4703 730 4737 ε
761 4681 929 4737 Nunc
954 4685 1031 4735 est
1068 4679 1257 4749 qratia
1286 4678 1629 4751 justificans,
1659 4686 1709 4735 et
1736 4683 1850 4736 im-

478 4764 714 4822 mediate
742 4768 867 4816 ante
893 4776 1002 4815 non
1040 4765 1181 4814 erat.
1211 4759 1383 4830 Atqui
1424 4763 1711 4832 peccatum
1740 4762 1849 4818 ha·-

479 4845 578 4903 bet
613 4860 721 4899 esse
748 4839 1004 4913 quandiu
1031 4854 1150 4895 non
1192 4837 1525 4898 infunditur
1550 4841 1758 4916 gratia,
1791 4846 1850 4898 et

482 4926 654 4985 habet
682 4941 843 4980 suum
873 4941 981 4979 non
1024 4939 1132 4979 esse
1177 4919 1277 4977 ubi
1308 4923 1499 4995 primo
1524 4923 1711 4998 gratia
1750 4923 1847 4980 in-

485 5007 787 5073 funditur;
829 5003 1115 5078 siquidem
1161 5001 1469 5061 destructio
1514 5004 1723 5077 peccati
1761 5011 1847 5062 est

478 5090 707 5147 effectus
732 5085 1110 5145 secundarius
1136 5084 1341 5159 gratiae
1360 5082 1751 5160 justificantis,
1782 5091 1846 5141 ut

1997 603 2216 656 constat
2242 616 2312 657 ex
2335 600 2500 657 dictis
2521 602 2661 675 disp.
2688 605 2743 660 2.
2777 605 2926 678 Ergo
2955 612 3242 678 peccatum
3270 604 3363 663 de·

1997 681 2139 736 sinit
2161 698 2263 754 per
2283 686 2530 755 primum
2562 702 2674 739 nem
2706 702 2835 751 esse,
2860 687 2985 742 sive
3016 703 3115 759 per
3135 703 3361 745 corres-

1998 762 2370 835 pondentiam
2399 764 2468 823 ad
2492 766 2733 836 instans,
2767 770 2830 825 in
2851 786 2963 842 quo
2981 769 3170 843 gratia
3191 769 3360 827 habet

1995 864 2119 902 sum
2160 850 2405 920 primum
2447 863 2557 903 esse
2598 869 2616 903 .·
2641 850 2838 907 existit
2883 868 3023 908 vero
3070 858 3358 925 peccatum

1997 934 2113 985 toto
2134 934 2390 1000 tempore
2410 930 2744 988 immediate
2764 932 3118 990 antecedenti
3141 933 3212 990 ad
3234 934 3357 991 ins-

1995 1015 2142 1076 tans,
2173 1010 2236 1067 in
2262 1027 2373 1084 quo
2397 1014 2583 1087 gratia
2610 1013 2960 1071 infunditur.

2069 1089 2156 1145 Ad
2192 1092 2356 1149 haec:
2395 1095 2583 1150 forma
2612 1111 2976 1167 permanens,
3008 1102 3064 1152 et
3089 1095 3355 1153 desinens
3371 1093 3529 1138 Restm*

1995 1171 2065 1228 ad
2092 1173 2494 1248 incoeptionem
2519 1177 2776 1246 alterius,
2800 1178 2968 1236 debet
2994 1178 3258 1239 desinere
3284 1181 3353 1238 ad
3382 1149 3528 1247 ‘iilius

1993 1253 2250 1324 modum,
2294 1274 2407 1331 quo
2453 1261 2635 1317 altera
2680 1261 2870 1318 forma
2901 1260 3120 1334 incipit,
3168 1264 3248 1320 ita
3293 1271 3354 1319 ut

1992 1337 2220 1406 quando
2245 1339 2315 1396 de
2360 1339 2547 1396 forma
2587 1340 2930 1400 adveniente
2978 1342 3351 1402 verificatur:

1992 1417 2160 1475 Nunc
2184 1427 2260 1486 est
2281 1422 2463 1493 forma
2485 1438 2647 1489 nova,
2660 1432 2711 1479 et
2734 1424 3045 1478 immediate
3064 1434 3228 1482 antea
3247 1445 3356 1482 nan

1991 1508 2109 1555 erat
2126 1520 2143 1566 ,·
2188 1501 2260 1559 de
2306 1502 2494 1558 forma
2541 1505 2942 1576 praeexistente
2985 1505 3352 1564 verificetur:

1990 1579 2159 1637 Nunc
2183 1599 2294 1637 non
2333 1591 2409 1638 est
2453 1584 2636 1656 forma
2684 1588 2939 1664 antiqua,
2971 1593 3020 1641 et
3051 1589 3357 1645 immediate

1990 1670 2156 1718 antea
2193 1673 2331 1721 erat.
2365 1667 2471 1722 Sed
2517 1673 2808 1738 peccatum
2838 1668 3135 1725 habituale
3161 1686 3224 1726 se
3249 1670 3352 1726 ha-

1992 1744 2084 1802 bet
2124 1746 2195 1803 ad
2243 1749 2427 1805 instar
2456 1750 2658 1807 formae
2706 1752 3120 1822 permanentis,
3149 1756 3205 1808 et
3248 1752 3354 1809 ha-

1992 1824 2179 1881 bentis
2217 1845 2385 1885 suum
2414 1845 2536 1886 esse
2561 1831 2768 1896 simu13
2792 1837 2848 1886 et
2876 1831 3114 1887 aliunde
3140 1830 3353 1889 desinit

1991 1905 2059 1962 ad
2105 1908 2509 1982 incoeptionem
2555 1911 2772 1984 gratita,
2806 1918 2867 1966 ut
2912 1914 3052 1968 satis
3081 1912 3259 1986 liquet
3279 1929 3354 1970 ex

1988 2005 2164 2061 supra
2183 1990 2349 2047 dictis
2363 1993 2503 2065 disp.
2529 1993 2563 2047 3
2585 1995 2734 2066 Ergo
2754 1993 2983 2065 quando
3001 1994 3346 2051 verificatur:

1987 2067 2157 2128 Nunc
2174 2079 2250 2128 est
2265 2076 2472 2143 qratia,
2497 2080 2545 2127 et
2562 2073 2871 2130 immediate
2889 2083 3053 2131 antea
3079 2094 3188 2132 non
3207 2084 3358 2141 eram

1989 2151 2154 2212 debet
2180 2154 2465 2212 verificari
2499 2178 2513 2211 z
2544 2155 2710 2212 Nunc
2738 2174 2846 2210 non
2869 2164 2945 2212 est
2973 2164 3274 2231 peceatum,
3304 2166 3356 2213 et

1989 2237 2303 2293 immediate
2323 2245 2485 2293 antea
2521 2247 2659 2293 erat.
2693 2239 2761 2291 Et
2784 2244 3195 2311 consequenter
3224 2255 3357 2312 pec-

1988 2326 2178 2378 catum
2203 2337 2319 2378 non
2339 2319 2563 2377 desinet
2588 2337 2689 2393 per
2716 2321 2974 2376 ultimum
3004 2338 3131 2388 esse,
3166 2327 3228 2377 ut
3255 2322 3355 2379 in-

1990 2402 2258 2460 tendebat
2303 2403 2407 2459 illa
2454 2403 2793 2481 responsio;
2838 2402 2935 2460 sed
2983 2419 3084 2475 per
3104 2406 3355 2476 primum

1988 2501 2098 2538 non
2128 2501 2253 2538 esse.
2294 2485 2428 2548 Quae
2456 2489 2645 2540 autem
2673 2484 2754 2539 sic
2774 2483 3066 2549 desinunt,
3098 2483 3357 2541 existunt

1987 2569 2104 2622 toto
2131 2569 2388 2636 tempore
2408 2563 2763 2619 antecedenti
2787 2562 2856 2620 ad
2880 2564 3122 2630 instanS,
3151 2565 3213 2620 in
3240 2582 3356 2638 quo

1989 2645 2372 2703 introducitur
2419 2644 2607 2701 forma
2650 2646 2942 2703 contraria
2975 2665 2989 2701 t
3017 2649 3075 2702 et
3099 2644 3179 2701 ita
3205 2645 3358 2703 facta

1988 2728 2396 2802 suppositione,
2426 2727 2576 2800 quod
2616 2729 2861 2785 existant
2891 2728 2954 2783 in
2997 2727 3189 2800 aliquo
3225 2729 3355 2784 ins-

1988 2811 2154 2879 tanti,
2185 2810 2397 2868 debent
2421 2812 2597 2867 etiam
2638 2811 2965 2868 continuari
2989 2816 3248 2885 tempore
3269 2825 3358 2867 se-

1988 2895 2184 2968 quenti
2243 2908 2418 2965 usque
2460 2892 2536 2949 ad
2590 2893 2811 2949 instans
2860 2910 2974 2950 suae
3025 2892 3352 2950 desitionis.

1990 2976 2138 3049 Ergo
2184 2975 2337 3031 inter
2382 2974 2604 3031 instans
2637 2975 2957 3032 existentiae
3018 2975 3249 3048 peccati,
3279 2979 3342 3030 et

1989 3056 2211 3113 instans
2255 3056 2553 3113 desitionis
2600 3055 2761 3111 illius
2787 3099 2800 3122 ‚
2851 3055 3065 3112 mediat
3116 3053 3356 3127 aliquod

1987 3144 2232 3210 tempus,
2260 3139 2321 3194 in
2342 3154 2452 3211 quo
2475 3142 2763 3209 peccatum
2790 3136 2973 3193 adhuc
2996 3140 3347 3209 perseverat.

2060 3219 2155 3273 30.
2202 3218 2419 3274 Relicta
2463 3232 2598 3291 ergo
2641 3215 2908 3290 praedicta
2950 3211 3560 3304 responsione,1f⁸ffin

1987 3297 2058 3355 ad
2100 3303 2504 3372 argumentum
2537 3296 2911 3370 respondetur
2951 3296 3212 3371 negando
3238 3312 3349 3353 an·
3506 3310 3516 3318 ·

1986 3380 2266 3448 tecedens,
2297 3380 2431 3453 quia
2461 3385 2746 3453 peccatum
2780 3379 3095 3436 secundum
3123 3395 3349 3438 conna-

1986 3463 2255 3527 turalem,
2287 3466 2344 3516 et
2382 3460 2745 3517 ordinariam
2774 3459 3200 3533 providentiam
3238 3477 3350 3518 ne-

1987 3543 2110 3616 quit
2135 3541 2402 3599 desinere
2443 3558 2543 3614 per
2583 3541 2845 3597 ultimum
2876 3559 3003 3599 esse.
3038 3542 3202 3599 Unde
3228 3558 3347 3599 non

1986 3625 2265 3695 sequitur,
2287 3621 2437 3697 quod
2458 3629 2715 3696 tempore
2737 3623 3073 3681 immediate
3091 3624 3351 3697 sequenti

1987 3705 2057 3761 ad
2086 3706 2329 3769 instans,
2362 3705 2424 3760 in
2452 3722 2563 3777 quo
2585 3705 2780 3763 existit
2808 3712 3115 3779 peccatum,
3147 3707 3236 3763 vel
3259 3705 3353 3760 in-

1984 3786 2159 3859 cipiat
2202 3786 2387 3860 gratia
2426 3785 2768 3860 justificans,
2800 3789 2892 3845 vel
2942 3789 3115 3845 homo
3144 3785 3351 3843 existat

1986 3865 2200 3940 absque
2239 3866 2446 3941 gratia,
2477 3872 2533 3922 et
2561 3864 2771 3938 absque
2813 3872 3056 3941 peccato,
3091 3872 3150 3922 ut
3175 3881 3352 3939 argu-

1986 3953 2247 4005 mentum
2276 3964 2348 4004 ex
2378 3947 2483 4003 illo
2531 3947 2887 4005 antecedenti
2938 3953 3085 4006 recte
3110 3947 3349 4021 collige-

1985 4027 2081 4085 bat
2107 4050 2119 4085 :
2144 4028 2241 4086 sed
2274 4029 2460 4102 potius
2484 4030 2743 4101 sequitur
2769 4030 3114 4103 oppositum,
3141 4043 3350 4100 nempe

1986 4115 2273 4183 peccatum
2302 4110 2548 4166 existere
2597 4110 2803 4167 ultimo
2851 4111 2913 4165 in
2949 4116 3066 4167 toto
3091 4116 3350 4184 tempore

1985 4188 2341 4248 antecedenti
2372 4189 2442 4246 ad
2486 4190 2728 4259 instans,
2757 4190 2819 4246 in
2847 4206 2957 4263 quo
2987 4191 3176 4262 primo
3198 4191 3352 4248 inci-

1985 4272 2069 4345 pit
2092 4271 2294 4345 gratia
2328 4270 2413 4326 Ad
2444 4269 2838 4343 probationem
2880 4277 3071 4327 autem
3121 4275 3351 4329 antece-
3609 4310 3626 4333 ι.

1983 4352 2173 4409 dentis
2210 4351 2516 4409 dicendum
2564 4357 2649 4408 est
2696 4367 2824 4407 cum
2851 4354 3092 4409 Montes.
3126 4352 3343 4410 Curiel.
3363 4363 3550 4405 nomm
3617 4354 3630 4425 ἦ

1984 4435 2254 4507 Vasquez,
2275 4437 2507 4508 Gregor.
2529 4434 2700 4488 Mart.
2722 4437 2779 4487 et
2799 4431 2975 4487 aliis'
2960 4451 3025 4490 in
3050 4434 3343 4506 praesenti
3387 4411 3554 4515 ‘322⁸‘

1983 4516 2212 4571 nullum
2228 4530 2348 4571 esse
2365 4515 2796 4579 inconveniens,
2815 4513 2965 4586 quod
2983 4513 3129 4571 facta
3141 4530 3205 4569 su
3214 4532 3544 4605 ppo-m
3361 4512 3550 4567 oretur

1981 4596 2189 4654 sitione
2208 4595 2523 4654 existentias
2545 4595 2752 4667 peccati
2776 4594 2838 4650 in
2859 4595 3052 4668 aliquo
3076 4595 3347 4664 instanti,

1982 4683 2215 4735 maneat
2243 4678 2415 4734 homo
2441 4681 2858 4748 consequenter
2879 4673 3253 4733 nece‘ssitatus
3274 4641 3353 4732 aci

1986 4774 2104 4815 non
2126 4757 2532 4831 deponendum
2554 4763 2851 4828 peccatum
2870 4756 2934 4812 in
2957 4757 3354 4831 temporeim-

1984 4842 2233 4902 mediate
2283 4840 2544 4914 sequenti
2571 4882 2585 4906 ,
2638 4839 2737 4896 sed
2791 4838 2991 4896 debeat
3044 4850 3353 4913 expectare

1982 4924 2141 4982 aliud
2170 4924 2424 4989 instans;
2457 4922 2595 4997 quia
2626 4926 2917 4994 peccatum
2948 4937 3065 4980 non
3093 4920 3351 4995 deponi-

1983 5011 2097 5071 tur,
2125 5005 2237 5060 nisi
2268 5019 2369 5076 per
2395 5003 2664 5076 gratiam,
2691 5009 2747 5060 et
2768 5002 2883 5059 haec
2912 5001 3109 5075 nequit
3129 5017 3352 5060 conna-

1980 5083 2248 5141 turaliter
2297 5082 2529 5139 infundi
2574 5083 2690 5138 nisi
2740 5082 2803 5139 in
2852 5082 3113 5140 instanti.
3144 5082 3353 5214 Sirip-

3225 5172 3346 5215 ura

3411 3272 3512 3314 rgn-

3381 3317 3538 3419 &2⁸⁸3

3410 3414 3491 3460 υθ-
