3647 5753
1420 416 1600 472 DISP.
1645 414 1739 482 IV,
1782 411 1951 470 DUB.
2007 413 2079 469 V.
3027 421 3141 478 755

280 591 338 644 et
364 587 435 645 ad
463 591 716 659 malum;
743 593 822 649 ita
844 608 1027 666 neque
1048 592 1111 648 in
1133 590 1379 648 habente
1397 587 1646 663 gratiam

281 667 451 728 datur
478 673 691 729 similis
713 680 882 743 actus,
913 675 1012 748 qui
1043 690 1160 731 non
1187 674 1262 730 sit
1289 669 1641 734 meritorius,

280 755 376 811 vel
402 753 810 812 demeritorius
839 778 851 812 ε
880 747 930 812 si
961 762 1150 813 autem
1179 760 1334 812 actus
1364 754 1645 810 virtutum

281 837 594 894 moralium
619 839 1026 910 acquisitarum
1045 840 1107 896 in
1131 838 1378 913 gratiam
1402 834 1648 892 habente

281 933 400 976 non
443 923 580 974 sunt
631 935 831 977 omnes
888 920 1175 977 meritorii
1200 963 1213 988 ,
1265 934 1396 975 cum
1462 931 1647 989 neque

280 998 457 1056 etiam
477 1000 598 1056 sint
615 999 995 1067 demeritorii,
1030 1001 1224 1075 plures
1262 997 1555 1055 dabuntur
1581 997 1646 1052 in

278 1095 348 1147 eo
367 1086 522 1137 actus
550 1081 944 1141 indifferentes
964 1081 1035 1138 ad
1057 1081 1353 1146 meritum,
1379 1084 1436 1136 et
1456 1079 1646 1136 deme-

280 1162 478 1229 ritum,
510 1178 626 1220 non
656 1165 850 1221 minus
876 1180 1049 1238 quam
1078 1162 1142 1220 in
1179 1163 1301 1230 illo,
1332 1162 1429 1236 qui
1457 1161 1643 1236 gratia

277 1250 432 1301 caret
464 1250 559 1303 :et
608 1246 687 1304 ita
727 1263 911 1321 neque
954 1247 1070 1303 erit
1114 1261 1252 1302 vera
1294 1243 1643 1301 universalis

277 1327 400 1393 illa,
433 1324 605 1400 qua'm
654 1331 719 1386 D.
763 1331 967 1387 Thom.
1017 1328 1283 1394 adstruit,
1329 1343 1432 1385 nec
1469 1325 1643 1383 stabit

275 1407 605 1466 differentia
633 1411 703 1467 ab
724 1428 791 1469 eo
817 1410 1001 1485 quoad
1031 1411 1135 1467 hoc
1163 1411 1465 1467 constituta
1488 1409 1642 1465 inter

275 1488 603 1555 habentem,
637 1496 691 1547 et
713 1507 828 1548 non
858 1488 1164 1548 habentem
1190 1489 1458 1565 gratiam.
1491 1490 1641 1545 Tum

275 1567 541 1643 denique,
593 1571 728 1644 quia
781 1573 929 1629 ratio
982 1577 1216 1644 propter
1265 1585 1438 1643 quam
1489 1571 1638 1644 Ang.

274 1652 478 1709 Doctor
523 1653 747 1720 asserit,
803 1652 952 1726 quod
995 1654 1059 1709 in
1105 1652 1348 1710 habente
1392 1651 1638 1726 gratiam

274 1748 474 1788 omnes
501 1739 656 1790 actus
686 1735 920 1790 virtutis
943 1733 1152 1790 debent
1176 1749 1298 1791 esse
1326 1732 1633 1800 meritorii,

273 1814 504 1886 estquia
526 1814 627 1871 ille
642 1831 720 1881 se,
742 1821 799 1872 et
820 1816 1021 1873 omnia
1034 1831 1137 1872 sua
1155 1814 1351 1872 retulit
1375 1814 1436 1870 in
1458 1816 1640 1870 Deum

275 1909 377 1966 per
404 1899 591 1951 actum
619 1897 931 1962 charitatiS,
965 1915 1137 1970 quem
1186 1897 1386 1954 habuit
1431 1899 1555 1969 (per
1579 1912 1640 1954 se

276 1974 579 2047 loquendo)
606 1992 709 2033 suo
740 1982 1015 2051 tempore,
1049 1981 1207 2053 cujus
1235 1979 1341 2044 vis,
1372 1982 1429 2034 et
1455 1977 1639 2034 virtus

272 2073 500 2131 semper
522 2067 853 2131 perseverat
874 2063 1129 2136 quandiu
1163 2060 1466 2134 praedictus
1486 2066 1640 2117 actus

275 2155 393 2195 non
423 2145 765 2205 retractatur
801 2166 812 2198 r
843 2144 998 2217 atqui
1029 2144 1147 2201 haec
1172 2145 1317 2201 ratio
1337 2158 1494 2216 aeque
1522 2142 1640 2197 mi-

274 2220 401 2278 litat
453 2222 517 2278 in
569 2224 788 2280 actibus
841 2228 1105 2283 omnium
1161 2227 1460 2289 virtutum,
1516 2225 1640 2280 sive

274 2304 699 2375 acquisitarum,
740 2306 862 2363 sive
903 2307 1252 2371 infusarum,
1287 2311 1349 2362 ut
1386 2305 1636 2362 intuenti

271 2385 551 2442 constabit
602 2408 615 2442 ε

273 2468 544 2524 Thomas,

41 2565 209 2610 Levis
344 2550 435 2605 72.
471 2553 636 2607 Forte
668 2552 879 2627 ingerit
902 2554 1073 2610 alicui
1100 2555 1457 2627 scrupulum,
1488 2552 1636 2625 quod

4 2615 251 2717 {figggffiff
273 2629 514 2688 adducta
525 2635 829 2693 D.Thomae
847 2638 1174 2695 testimonia
1194 2655 1306 2695 non
1325 2639 1385 2693 in
1398 2639 1635 2691 Summa

71 2721 182 2760 tur.
272 2714 630 2790 Theologica‚
665 2734 788 2790 quae
828 2721 1096 2778 maximae
1136 2721 1501 2778 authoritatis
1527 2723 1629 2784 est,

272 2795 460 2854 sedin
490 2798 622 2855 aliis
660 2799 781 2873 ejus
824 2803 1052 2875 scriptis
1094 2802 1481 2859 continentur.
1526 2800 1633 2857 Sed

272 2878 409 2949 quid
461 2879 557 2936 ubi
602 2884 903 2956 scrupulus
948 2885 1075 2942 sine
1122 2885 1342 2942 ratione
1383 2883 1633 2958 pungit?

272 2959 611 3018 Dicemusne
634 2962 774 3021 adeo
800 2981 1126 3039 expressam
1158 2966 1220 3022 in
1249 2967 1379 3023 aliis
1404 2963 1633 3037 scriptis

269 3042 332 3097 D.
359 3041 559 3099 Thom.
594 3047 938 3103 sententiam
981 3048 1157 3105 fuisse
1195 3046 1265 3104 ab
1304 3046 1505 3103 eodem
1538 3060 1633 3101 re-

268 3127 565 3180 tractatam
596 3126 657 3181 in
682 3128 938 3193 Summa,
965 3129 1101 3201 quia
1126 3143 1254 3183 eam
1284 3127 1363 3183 ibi
1409 3142 1526 3183 non
1552 3126 1633 3181 sic

265 3207 623 3276 expresserit,
656 3224 786 3263 cum
815 3226 917 3266 nec
950 3208 1275 3281 oppositum
1303 3208 1395 3263 vel
1427 3207 1632 3263 leviter

265 3285 691 3345 insinuaverit?
713 3293 824 3345 Aut
843 3307 965 3347 esse
988 3290 1195 3363 poterit
1211 3286 1631 3346 retractationis

263 3367 515 3441 signum,
547 3385 671 3442 quae
701 3372 865 3428 toties
893 3372 955 3427 in
984 3372 1118 3433 aliis
1158 3370 1326 3427 libris
1362 3383 1632 3442 expressa

266 3454 420 3517 sunt,
441 3465 557 3506 non
582 3450 789 3524 ubique
810 3468 1074 3525 expresse
1097 3455 1389 3526 repetere?
1401 3456 1594 3525 Apage
1613 3471 1627 3507 ε

272 3533 469 3588 nullus
495 3532 598 3590 hoc
625 3533 791 3600 dicet,
820 3551 1009 3612 nec-ex
1038 3535 1335 3608 discipulis
1356 3537 1409 3592 S.
1440 3537 1631 3590 Docto·

272 3612 372 3679 riS,
406 3629 509 3670 nec
534 3631 606 3672 ex
640 3615 791 3672 aliis,
833 3618 1221 3691 Praeterquam
1261 3615 1408 3690 quod
1452 3615 1631 3672 etiam·

270 3692 334 3749 in
362 3696 597 3752 Summa
626 3699 708 3768 (ut
748 3700 1049 3772 scrupulus
1088 3699 1329 3756 omnino
1375 3696 1629 3768 tollatur)

269 3774 401 3831 licet
441 3790 558 3832 non
607 3777 684 3832 ita
736 3794 1020 3851 expresse,
1070 3777 1436 3836 confirmavit
1479 3780 1623 3850 Ang.

268 3856 470 3912 Doctor
497 3871 681 3921 suam,
712 3863 769 3914 et
796 3865 1052 3916 nostram
1080 3857 1425 3917 sententiam
1460 3878 1473 3913 :
1506 3861 1626 3913 tum

264 3936 399 4008 quia
423 3936 485 3993 in
512 3937 617 3994 hoc
636 3938 671 3992 4
699 3938 940 3996 articulo
968 3940 1204 4012 loquens
1243 3938 1313 3995 de
1339 3953 1407 3995 eo
1427 3937 1524 4011 qui
1544 3942 1630 3993 est

267 4018 330 4074 in
357 4019 560 4093 gratia,
588 4018 746 4076 docet
767 4035 968 4076 omnes
995 4026 1148 4077 actus
1176 4020 1423 4076 aliarum
1449 4018 1628 4074 virtu·

267 4105 390 4156 tum
416 4100 678 4159 ordinari
702 4103 765 4159 in
793 4103 896 4161 illo
924 4102 994 4160 ad
1022 4102 1196 4160 finem
1225 4102 1540 4167 charitatis,
1571 4106 1627 4157 et

266 4179 337 4238 ab
357 4197 424 4238 eo
452 4183 750 4256 imperari,
782 4183 931 4256 quod
959 4189 1041 4240 est
1067 4199 1267 4241 omnes
1292 4198 1415 4240 esse
1443 4181 1626 4239 beati-

266 4260 485 4319 tudinis
531 4265 882 4322 meritoriOS.
925 4268 996 4321 Et
1032 4267 1087 4334 2,
1131 4268 1185 4330 2,
1229 4283 1282 4339 q.
1325 4266 1380 4331 2,
1424 4271 1536 4320 art.
1565 4264 1619 4330 9,

262 4343 474 4417 absque
514 4347 844 4405 retrictione
891 4347 1095 4404 asserit
1132 4352 1286 4404 actus
1335 4346 1626 4402 naturales

262 4426 433 4484 liberi
450 4428 807 4503 arbitrii,qui
824 4435 956 4487 ante
970 4431 1306 4487 charitatem
1326 4445 1443 4486 non
1459 4431 1626 4486 erant

261 4511 566 4579 meritorii,
600 4511 726 4570 fleri
756 4514 1084 4571 meritorios
1117 4514 1394 4571 charitate
1419 4528 1624 4587 super-

258 4593 529 4652 veniente
551 4611 652 4668 per
674 4595 858 4668 ipsam
883 4596 1242 4663 charitatem,
1274 4597 1419 4653 sicut
1445 4596 1624 4654 etiam

256 4673 323 4731 fit
340 4680 494 4732 actus
524 4676 653 4735 fidei
674 4701 687 4744 ;
709 4678 860 4735 unde
881 4679 942 4735 in
962 4679 1250 4737 solutione
1270 4679 1340 4736 ad
1364 4680 1622 4753 primum

259 4759 342 4816 ita
363 4759 552 4832 inquit
577 4782 590 4817 ε
621 4784 646 4815 α
664 4765 857 4835 Neque
879 4766 1100 4831 natura,
1129 4779 1312 4836 neque
1334 4763 1473 4821 fides
1494 4764 1622 4820 sine

264 4864 290 4895 α
332 4842 608 4901 charitate
636 4850 872 4917 possunt
899 4845 1209 4918 producere
1230 4852 1412 4905 actum
1439 4847 1622 4903 meri-

264 4946 291 4977 «
332 4925 548 4982 torium
566 4950 580 4992 ;
597 4924 696 4982 sed
710 4925 987 4982 charitate
1001 4928 1445 4999 superveniente
1465 4934 1622 4985 actus

260 5027 286 5057 «
330 5004 467 5063 fidei
508 5005 571 5061 fit
611 5006 945 5063 meritorius
971 5023 1073 5079 per
1093 5008 1451 5075 charitatem,
1477 5010 1623 5066 sicut

263 5109 289 5138 α
331 5091 389 5144 et
429 5092 583 5143 actus
625 5091 866 5153 naturae,
896 5092 950 5144 et
979 5091 1271 5147 naturales
1311 5088 1481 5147 liberi
1522 5105 1621 5148 ar-

663 2404 799 2463 ergo
839 2388 909 2446 de
955 2389 1231 2446 omnibus
1271 2389 1524 2461 loquitur
1567 2391 1633 2445 D.

1786 607 1812 640 α
1855 585 2037 643 bitrii.
2072 607 2098 639 »
2125 588 2196 642 Et
2220 594 2399 661 quoest.
2424 590 2480 655 6,
2505 595 2616 645 art.
2648 591 2684 645 2
2705 590 2780 644 ad
2804 592 2860 656 2,
2890 606 3022 647 cum
3051 590 3144 647 di-

1777 669 1954 725 xisset
1979 669 2106 726 dari
2146 670 2369 743 aliquos
2393 677 2550 729 actus
2576 671 2755 729 bonos
2790 689 2909 731 non
2951 674 3144 731 infor-

1778 755 1964 808 matos
2001 752 2296 822 charitate,
2346 753 2540 811 subdit
2575 775 2588 811 ε
2628 754 2783 813 Sicut
2825 756 3145 834 plerumque

1777 836 2042 906 cont-inyit
2069 838 2129 891 in
2152 837 2541 910 peccatoribus,
2573 841 2695 902 Quo
2715 839 2943 896 dicendi
2975 840 3145 898 modo

1776 918 1915 972 satis
1954 917 2166 986 innuit,
2205 933 2301 976 eos
2338 933 2636 991 nunquam
2676 919 2804 976 dari
2847 919 2912 976 in
2951 921 3140 993 justiS,

1776 996 1875 1053 sed
1914 1014 2116 1056 omnes
2155 1014 2359 1055 eorum
2407 1006 2561 1056 actus
2607 1000 2785 1058 bonos
2831 1001 3147 1058 informari

1776 1079 2054 1136 charitate
2087 1099 2100 1135 ε
2132 1095 2270 1137 nam
2295 1083 2579 1139 restrictio
2605 1081 2730 1151 illa,
2756 1085 2816 1138 in
2839 1085 3144 1156 peccatori-

1775 1161 1891 1229 bus,
1925 1161 2298 1234 proculdubio
2322 1163 2546 1221 similes
2581 1170 2736 1220 actus
2764 1181 2796 1220 a
2831 1164 3002 1237 justis
3039 1180 3143 1222 ex-

1775 1241 1975 1300 cludit.
2003 1244 2151 1299 Tum
2180 1243 2377 1310 etiam,
2408 1244 2546 1316 quia
2584 1249 2646 1300 ut
2684 1259 2756 1300 ex
2792 1243 3048 1302 dicendis
3077 1247 3141 1302 in

1773 1329 1891 1382 toto
1916 1325 2021 1382 hoc
2056 1323 2232 1383 dubio
2271 1325 2568 1391 constabit,
2602 1327 2886 1398 praecipua
2928 1325 3140 1384 funda-

1774 1410 1988 1472 menta,
2013 1404 2221 1479 quibus
2241 1407 2358 1463 haec
2387 1409 2448 1462 D.
2477 1407 2683 1469 Thom.
2712 1408 2998 1464 sententia
3020 1408 3141 1464 ful-

1773 1487 1939 1556 citur,
1991 1486 2277 1544 habentur
2321 1487 2497 1545 etiam
2542 1486 2607 1542 in
2649 1487 2927 1560 partibus,
2982 1495 3043 1544 ut
3080 1491 3141 1544 in

1772 1569 1878 1624 hac
1905 1571 1951 1635 l,
1970 1571 2024 1636 2,
2044 1577 2225 1646 quast.
2253 1570 2374 1636 100,
2393 1577 2503 1626 art.
2535 1569 2615 1638 lO,
2637 1574 2692 1625 et
2712 1572 2767 1637 2,
2793 1572 2847 1636 2,
2869 1576 3056 1650 quaest.
3079 1570 3134 1633 4,

1772 1656 1884 1707 art.
1914 1651 1969 1716 3,
2002 1657 2187 1728 quaest.
2217 1652 2309 1719 23,
2325 1659 2450 1707 ·art.
2483 1652 2537 1717 8,
2575 1666 2798 1708 necnon
2834 1658 3016 1728 qua-st.
3042 1651 3134 1717 44,

1772 1737 1882 1787 art.
1907 1732 1941 1786 4
1969 1740 2021 1787 et
2053 1735 2106 1800 5,
2139 1734 2383 1808 aliisque
2408 1734 2473 1792 in
2515 1733 2651 1791 locis
2677 1733 2741 1790 in
2767 1734 3139 1807 sequentibus

1775 1811 2112 1871 referendis.

2386 2020 2417 2087 5
2458 2018 2526 2074 11.

1827 2160 1878 2218 Ε
1879 2161 2034 2217 adem
2058 2161 2125 2219 D.
2166 2162 2377 2220 Thomse
2400 2166 2665 2220 sententia
2691 2165 3085 2237 discipulorum

2025 2238 2458 2295 authoritatibus
2482 2239 2879 2313 comprobatur.

1841 2384 2285 2443 73.·Confirmat
2307 2392 2564 2444 nostram
2588 2388 2962 2446 assertionem
2982 2404 3132 2445 com·
3146 2399 3334 2445 Themis·

1769 2467 1965 2522 munis
2010 2483 2317 2525 consensus
2367 2466 2782 2540 discipulorum
2828 2471 2889 2525 D.
2922 2468 3126 2525 Thom.
3160 2457 3334 2546 031¹ssss

1768 2548 1867 2620 qui
1894 2555 2190 2622 sequentes
2217 2553 2364 2623 Ang.
2388 2551 2727 2624 Magistrum
2758 2550 2975 2616 docent,
3002 2566 3132 2607 om·
3196 2560 3283 2594 ⁸15·

1770 2644 1872 2685 nes
1910 2637 2064 2686 actus
2103 2631 2391 2689 huma‘nos
2438 2631 2691 2688 hominis
2732 2633 3029 2690 existentis
3068 2632 3132 2688 in

1765 2711 1971 2785 gratia,
2003 2713 2099 2785 qui
2140 2730 2257 2771 non
2297 2720 2431 2771 sunt
2470 2713 2850 2780 demeritorii,
2883 2722 2938 2771 et
2967 2716 3128 2783 mali,

1765 2811 1888 2852 esse
1914 2797 2239 2856 meritorios
2264 2814 2336 2855 ex
2357 2798 2622 2872 imperio,
2655 2805 2710 2856 et
2736 2799 3122 2868 ordinatione,

1764 2879 1967 2934 saltem
1996 2879 2254 2949 virtuali,
2279 2881 2612 2949 charitatis3
2643 2881 2792 2955 quod
2813 2888 2897 2938 est
2917 2897 3038 2938 esse
3059 2881 3130 2938 de

1764 2960 2051 3035 condigno
2078 2963 2408 3022 meritorios
2452 2966 2586 3022 vitae
2624 2971 2869 3022 aeternae.
2904 2968 2984 3020 Ita
3027 2964 3132 3020 do-

1763 3041 1879 3096 cuit
1907 3044 2213 3115 Capreolus
2241 3046 2301 3099 in
2327 3047 2381 3110 2,
2412 3047 2543 3100 dist.
2573 3047 2627 3111 4,
2658 3053 2838 3121 quaest.
2869 3047 3041 3108 hart.
3069 3046 3123 3109 3,
3157 3042 3345 3095 capreon.

1765 3119 1834 3175 ad
1861 3123 2170 3180 secundam
2217 3122 2715 3181 confirmationem
2754 3123 2988 3180 secundi
3029 3139 3125 3180 ar-

1762 3205 2021 3277 gumenti
2045 3229 2058 3272 ;
2087 3204 2186 3261 sed
2209 3208 2375 3278 praeci
2384 3222 2490 3279 pue
2508 3208 2642 3261 dist.
2664 3208 2754 3271 40,
2780 3224 2910 3278 saepe
2930 3207 3120 3270 citata,

1763 3291 1946 3358 quaest.
2000 3287 2046 3350 1,
2083 3294 2196 3341 art.
2247 3288 2294 3352 l,
2347 3286 2444 3342 ubi
2495 3284 2742 3343 secundo
2794 3287 2914 3342 loco
2969 3287 3130 3360 ponit

1763 3365 1934 3420 istam
1956 3367 2382 3423 conclusionem
2409 3367 2648 3424 :Nullus
2673 3375 2830 3423 actus
2856 3369 3133 3425 humanus

1762 3447 2059 3502 secundum
2105 3448 2459 3506 individuum
2498 3450 2874 3506 consideratus
2924 3453 2986 3506 in
3024 3452 3132 3507 ha-

1761 3526 1912 3598 bente
1947 3530 2192 3597 qratiam
2218 3537 2292 3585 est
2320 3531 2638 3604 indifferens
2661 3532 2737 3586 ad
2761 3534 3123 3602 meritorium,

1760 3617 1810 3664 et
1829 3611 2257 3668 demeritorium.
2279 3614 2461 3677 Quam
2481 3614 2911 3671 conclusionem
2931 3616 3130 3673 autho·

1762 3693 2030 3749 ritatibus
2052 3695 2116 3750 D.
2142 3695 2345 3752 Thom.
2371 3702 2427 3753 et
2456 3695 2776 3753 rationibus
2799 3698 2879 3754 ibi
2904 3699 2973 3755 ad
2997 3700 3129 3755 lon-

1759 3790 1898 3848 gum
1941 3773 2159 3848 probat.
2193 3779 2263 3832 Et
2288 3780 2349 3834 in
2370 3779 2405 3834 3
2431 3785 2540 3836 art.
2573 3780 2746 3835 solvit
2787 3784 3130 3854 argumenta

1759 3862 1959 3913 contra
1987 3858 2171 3924 illam,
2206 3860 2302 3917 ubi
2347 3862 2411 3918 in
2450 3864 2736 3920 solutione
2777 3862 2848 3919 ad
2904 3865 2948 3930 l,
2980 3863 3129 3936 quod

1758 3944 1884 3995 erat
1927 3941 2092 4008 Scoti,
2130 3943 2211 3999 sic
2264 3945 2344 4001 ait
2376 3966 2389 4002 :
2421 3944 2496 4003 In
2539 3946 2765 4002 habente
2802 3947 3129 4003 charitatem

1758 4023 1937 4077 omnis
1999 4033 2156 4081 actus
2206 4027 2490 4082 moraliter
2550 4027 2722 4083 bonus
2778 4029 3015 4101 refertur
3070 4033 3130 4084 in

1758 4100 1955 4171 Deum,
1986 4123 2096 4160 non
2137 4107 2355 4184 quidem
2393 4109 2688 4165 actualiter
2726 4110 2852 4181 (hoc
2895 4115 2980 4167 est
3005 4110 3130 4167 for-

1757 4182 2011 4254 maliter)
2051 4194 2146 4242 nec
2177 4188 2348 4243 solum
2373 4188 2757 4256 habitualiter,
2787 4191 2879 4245 sed
2906 4192 3127 4247 virtua-

1759 4263 1901 4333 liter,
1934 4272 2032 4323 etc.
2063 4268 2133 4322 Et
2156 4267 2357 4325 eodem
2389 4274 2588 4327 tenore
2618 4272 2980 4344 prosequitur
3013 4289 3125 4331 cae-

1757 4354 1911 4405 teras
1935 4356 2410 4423 argumentorum
2439 4351 2694 4427 ejusdem
2723 4353 2890 4419 Scoti,
2924 4359 2979 4410 et
3007 4357 3127 4413 Du-

1759 4429 1929 4501 randi
1957 4432 2292 4490 solutiones.

1831 4509 2043 4569 Eodem
2068 4512 2236 4570 modo
2258 4515 2529 4587 loquitur,
2555 4520 2611 4573 et
2630 4516 2874 4573 eandem
2899 4518 3125 4576 conclu-

1754 4591 1982 4649 sionem
2012 4594 2174 4666 ponit
2212 4594 2429 4654 ibidem
2473 4598 2618 4653 Deza
2660 4597 3037 4670 Hispalensis,
3069 4604 3127 4657 et
3162 4603 3291 4647 neza.

1754 4673 1956 4732 eodem
1979 4677 2148 4735 modo
2171 4678 2472 4752 respondet
2494 4680 2563 4736 ad
2588 4687 2928 4756 argumenta
2949 4682 3118 4749 Scoti,

1753 4764 1809 4815 et
1825 4758 2106 4826 Durandi,
2126 4766 2395 4833 sequutus
2419 4778 2519 4834 per
2541 4764 2739 4819 omnia
2756 4765 3120 4836 capreolum.

1755 4838 1922 4896 Unde
1961 4857 2187 4899 necesse
2233 4859 2351 4901 non
2389 4844 2501 4900 erit
2540 4844 2664 4918 ejus
2702 4845 2879 4902 verba
2908 4845 3000 4901 hic
3028 4862 3124 4903 re·-

1755 4922 1928 4990 ferre,
1958 4926 2095 4997 quia
2122 4942 2156 4983 a
2183 4926 2376 4983 verbis
2402 4931 2459 4985 et
2495 4942 2668 4984 sensu
2714 4929 2973 5001 capreoli
3003 4945 3122 4986 non

1752 5006 2048 5066 differunt.

1832 5093 2132 5168 cajetanus
2177 5095 2222 5161 l,
2254 5096 2310 5163 2,
2354 5101 2534 5169 quast.
2567 5096 2621 5161 8,
2654 5102 2764 5151 art.
2796 5095 2849 5163 3,
2883 5094 3073 5167 inquit
3105 5094 3320 5151 :etiem-
