3647 5753
44 4137 231 4191 Singula

72 4188 223 4282 Ps‘ffls‘

1367 351 1545 407 DISP.
1592 351 1686 419 ΙΙΙ,
1730 349 1898 405 DUB.
1957 350 2028 405 11,
2979 344 3090 401 713

234 521 595 596 concipiendi
628 538 760 579 cum
786 523 974 597 seipsa
1000 523 1312 582 secundum
1337 522 1489 598 quod
1515 528 1601 580 est

235 604 651 661 formalissime
678 606 919 662 actualis
944 606 1034 662 sui
1058 606 1367 664 intellectio
1394 627 1407 662 ε
1431 622 1600 663 cons-

234 691 318 744 tat
351 692 561 754 autem,
591 686 742 759 quod
782 687 844 743 in
873 693 1079 746 natura
1105 687 1305 747 divina
1332 688 1445 745 duo
1483 688 1600 745 haec

236 768 318 825 ita
364 767 518 824 inter
560 784 622 825 se
667 784 738 825 ex
779 768 949 827 modo
1002 775 1196 826 nostro
1240 767 1597 843 concipiendi

233 850 631 918 conferuntur,
650 855 711 906 ut
732 850 852 924 ipsa
872 851 1230 909 considerata
1247 870 1346 926 per
1361 852 1597 911 modum

236 937 464 989 naturae
496 931 851 1003 concipiatur
879 938 939 988 ut
968 933 1133 989 radix
1159 935 1371 992 suimet
1407 934 1600 992 consi-

234 1011 446 1069 deratae
473 1027 573 1084 per
615 1010 851 1069 modum
893 1013 1130 1069 actualis
1170 1013 1594 1081 intellectionis,

237 1093 759 1166 praecontineatque
782 1093 971 1165 primo
992 1093 1160 1152 modo
1176 1100 1416 1167 accepta,
1437 1096 1598 1168 quasi

236 1174 303 1230 in
345 1173 554 1240 radice,
585 1179 641 1231 et
669 1173 883 1230 virtute
908 1175 1274 1247 semetipsam
1299 1175 1600 1247 posteriori

236 1252 408 1312 modo
435 1259 746 1327 sumptam.
791 1253 955 1311 Unde
997 1255 1047 1311 si
1089 1255 1298 1328 aliquis
1341 1271 1601 1313 excessus

240 1341 303 1397 in
358 1338 728 1412 perfectione,
778 1343 833 1395 et
883 1337 1160 1413 dignitate
1223 1338 1305 1396 ibi
1373 1340 1602 1398 futurus

239 1427 404 1487 esset,
438 1435 555 1476 non
584 1419 894 1476 intellectio
935 1425 1224 1484 naturam,
1255 1419 1353 1478 sed
1393 1426 1604 1480 natura

244 1502 431 1575 potius
481 1500 754 1567 absolute,
808 1506 867 1557 et
913 1500 1254 1574 simpliciter
1306 1509 1604 1575 superaret

246 1581 720 1641 intellectionem;
767 1582 913 1638 sicut
955 1582 1248 1638 cernimus
1294 1582 1358 1638 in
1397 1588 1602 1642 natura

241 1669 450 1728 creata,
477 1677 602 1734 quae
629 1660 900 1725 absolute,
926 1668 981 1718 et
1006 1663 1349 1734 simpliciter
1374 1671 1605 1737 superat

244 1749 308 1805 in
374 1745 719 1819 perfectione
789 1746 1262 1818 perfectissimam
1320 1764 1605 1821 quamque

243 1846 408 1887 suam
437 1829 761 1885 naturalem
802 1830 1214 1901 operationem.
1248 1829 1604 1889 Conferendo

246 1912 423 1986 igitur
451 1911 604 1967 inter
629 1927 691 1968 se
718 1911 1041 1968 formaliter
1067 1911 1312 1986 gratiam
1353 1928 1483 1968 cum
1512 1913 1605 1970 vi-

239 1996 403 2053 sione
430 1993 706 2054 beatifica.
740 1994 844 2050 illa
871 1992 1036 2050 debet
1062 2009 1184 2050 esse
1226 1993 1391 2052 radix
1419 1996 1599 2064 istius,

242 2077 684 2150 vlrtualiterque
710 2092 839 2133 eam
883 2076 1297 2148 praecontinere
1338 2093 1438 2149 per
1477 2093 1606 2135 mo—

241 2158 380 2215 dum
409 2163 647 2221 natura-²,
680 2172 742 2212 ac
783 2155 1049 2214 radicalis
1097 2158 1402 2230 principii;
1442 2164 1495 2215 et
1545 2159 1606 2214 in

242 2239 449 2298 ordine
470 2238 540 2296 ad
569 2237 996 2311 perfectionem.
1021 2256 1144 2310 qum
1186 2238 1388 2296 fundat
1412 2237 1607 2312 digni-

245 2326 440 2387 tatem,
472 2326 528 2376 et
556 2320 832 2385 valorem,
864 2319 913 2375 si
941 2321 1069 2393 quis
1111 2321 1263 2377 inter
1290 2337 1385 2376 eas
1412 2335 1608 2376 exces-

244 2419 342 2458 sus
379 2403 776 2468 constituatur,
810 2418 927 2458 non
975 2404 1122 2460 visio
1149 2401 1443 2477 superabit
1472 2419 1609 2478 gra-

245 2484 414 2550 tiam,
428 2481 525 2540 sed
542 2483 728 2556 potius
751 2498 781 2541 e
803 2499 1096 2552 converso,
1111 2485 1313 2541 saltem
1329 2489 1606 2557 quantum

243 2570 330 2622 est
349 2580 421 2621 ex
450 2569 610 2637 parte
635 2564 897 2622 essentiae
937 2565 1144 2622 harum
1173 2566 1514 2631 formarum,
1548 2569 1610 2621 ut

243 2645 465 2701 dictum
489 2652 589 2702 est.

321 2727 623 2800 Potestque
648 2725 770 2782 haec
805 2725 1004 2784 eadem
1031 2727 1229 2801 gratias
1255 2726 1522 2803 dignitas,
1551 2732 1609 2784 et

243 2807 558 2880 aequalitas,
586 2808 676 2863 vel
705 2823 964 2865 excessus
987 2808 1049 2864 in
1072 2808 1415 2883 perfectione
1433 2821 1608 2883 supra

244 2891 535 2948 visionem
564 2890 789 2948 beatam
818 2891 1067 2964 amplius
1105 2892 1399 2966 explicari,
1431 2899 1488 2949 et
1512 2910 1609 2952 so-

245 2973 392 3030 lutio
431 2973 551 3029 haec
595 2973 779 3048 magis
823 2971 1159 3030 confirmari
1200 2988 1271 3030 ex
1316 2989 1403 3037 eo,
1458 2973 1607 3047 quod

243 3056 395 3113 visio
424 3056 486 3112 in
514 3054 718 3113 ordine
756 3056 1186 3128 supernaturali
1227 3055 1396 3113 habet
1430 3058 1609 3115 ratio-

245 3153 382 3195 nem
407 3135 755 3194 haereditatis
778 3141 1110 3209 praeparatae
1130 3154 1162 3194 a
1186 3139 1298 3195 Deo
1325 3136 1465 3192 filiis
1491 3137 1611 3210 ejus

244 3218 555 3292 adoptivis:
602 3218 791 3293 gratia
830 3233 966 3275 vero
1005 3224 1091 3274 est
1119 3218 1322 3284 forma,
1353 3234 1478 3291 quae
1504 3217 1612 3274 ho-

243 3300 436 3358 mines
461 3299 615 3356 filios
657 3299 757 3355 Dei
786 3297 1081 3371 adoptivos
1108 3298 1418 3365 constituit,
1452 3298 1612 3355 ideo-

244 3396 355 3454 que
400 3379 633 3437 cuilibet
677 3379 739 3435 in
784 3379 972 3453 gratia
1022 3379 1327 3436 constituto
1374 3376 1612 3435 debetur

246 3462 433 3537 gloria
482 3462 615 3535 jure
665 3461 1050 3528 haereditariO,
1094 3462 1259 3534 juxta
1305 3459 1496 3517 illud:
1544 3459 1613 3519 Si

250 3544 377 3616 filii,
435 3549 483 3597 et
527 3542 798 3597 haeredes:
841 3558 958 3599 non
1008 3547 1092 3598 est
1140 3547 1330 3598 autem
1378 3541 1614 3614 majoris

253 3621 551 3697 dignitatis
604 3620 932 3688 haereditas,
989 3639 1161 3695 quam
1213 3622 1417 3678 filiatio
1441 3647 1456 3689 ;
1511 3637 1615 3679 neo

255 3706 384 3780 plus
406 3718 438 3758 a
461 3707 619 3774 patre
640 3702 957 3759 aestimatur
973 3719 1414 3778 regnum‚quam
1433 3702 1609 3771 filius,

254 3784 351 3842 sed
373 3784 556 3858 magis
582 3798 614 3839 e
634 3798 936 3846 converso;
961 3784 1103 3840 alias
1126 3800 1243 3840 non
1272 3800 1534 3858 regnum,
1559 3791 1616 3843 et

257 3864 562 3923 haereditas
603 3864 864 3920 instituta
908 3870 1098 3921 essent
1144 3869 1373 3937 propter
1401 3864 1610 3935 filium,

254 3947 354 4004 sed
394 3946 549 4003 filius
588 3946 814 4021 genitus
840 3951 985 4004 esset
1009 3952 1239 4019 propter
1268 3964 1529 4024 regnum,
1561 3952 1619 4005 et

258 4027 675 4091 haereditatem
702 4028 850 4101 quod
873 4031 1070 4086 nullus
1096 4029 1260 4087 dicet.

342 4121 424 4176 14.
475 4117 561 4174 Ad
608 4117 861 4191 primam
901 4117 1287 4176 antecedentis
1328 4117 1619 4191 probatio-

262 4217 395 4257 nem
437 4197 831 4272 respondetur‚
863 4199 1110 4274 gloriam
1140 4200 1202 4255 in
1235 4200 1456 4256 ratione
1481 4199 1620 4255 doni

66 4286 231 4341 opposi·
262 4298 421 4354 posse
448 4281 560 4339 dici
602 4282 896 4355 majorem,
922 4297 1095 4353 quam
1122 4281 1389 4355 gratiam,
1413 4297 1621 4353 quam-

51 4342 351 4430 ‘Zffissf'vis
378 4361 630 4435 dignitas
655 4361 857 4435 gratiae
901 4359 1157 4417 absolute
1181 4360 1256 4415 sit
1295 4362 1497 4435 major,
1528 4361 1620 4417 vel

261 4443 513 4513 aequalis.
541 4443 611 4496 Et
641 4441 786 4498 ratio
811 4445 915 4506 est,
960 4440 1095 4514 quia
1131 4457 1260 4496 cum
1301 4440 1370 4498 de
1400 4441 1622 4498 ratione

262 4523 397 4580 doni
425 4524 518 4591 sit,
551 4529 614 4579 ut
652 4522 811 4580 cedat
850 4523 912 4579 in
938 4522 1303 4579 commodum
1346 4523 1505 4579 illius
1531 4523 1623 4579 cui

262 4603 531 4671 donatur,
564 4620 712 4677 saepe
738 4603 795 4659 id
835 4602 985 4675 quod
1024 4608 1107 4659 est
1147 4602 1401 4660 absolute
1428 4604 1625 4660 minus

264 4683 498 4752 bonum,
533 4689 715 4758 potest
744 4682 854 4739 dici
885 4684 1071 4757 maJ‘us
1112 4684 1175 4739 in
1216 4684 1437 4740 ratione
1463 4682 1619 4748 doni,

264 4764 399 4838 quia
428 4767 557 4838 plus
581 4763 728 4821 cedit
756 4764 819 4820 in
847 4763 1211 4821 commodum
1238 4764 1418 4837 ipsius
1448 4785 1461 4820 t
1492 4763 1626 4835 quia

266 4846 441 4920 igitur
496 4862 598 4920 per
650 4845 899 4920 gratiam
966 4846 1138 4903 homo
1202 4845 1506 4903 ordinatur
1556 4843 1627 4900 ad

266 4929 464 4994 Deum,
492 4931 549 4984 et
569 4928 657 4997 (ut
682 4927 763 4983 sic
783 4925 1063 4997 dicamus)
1085 4927 1231 4983 Deus
1255 4923 1501 4999 possidet
1521 4925 1629 4982 ho-

265 5008 483 5066 minem
512 5033 525 5081 ;
595 5023 699 5081 per
751 5008 1037 5066 visionem
1105 5022 1243 5065 vero
1306 5004 1631 5065 beatificam

409 5087 704 5149 Salmant.
736 5087 901 5149 Curs.
926 5089 1149 5164 tkeoloq,
1177 5095 1305 5146 tom.
1337 5086 1406 5148 Χ.

1732 521 1974 595 ipsemet
2013 522 2185 579 homo
2227 523 2405 577 Deum
2456 519 2715 593 possidet,
2747 525 2911 590 atque
2953 517 3093 576 adeo

1733 603 1860 675 plus
1883 604 2017 669 haec,
2043 617 2215 675 quam
2239 602 2342 658 illa
2365 602 2427 657 in
2449 599 2814 657 commodum
2837 601 3093 657 hominis

1731 683 1912 751 cedit;
1954 684 2164 741 idcirco
2192 690 2372 757 potest
2411 682 2524 739 dici
2552 683 2736 757 major
2765 683 2827 739 in
2871 684 3095 740 ratione

1731 767 1889 834 doni,
1938 768 2203 842 quamvis
2249 767 2504 824 absolute
2549 768 2772 837 (saltem
2817 783 2887 824 ex
2938 771 3097 839 parte

1734 852 1959 923 formae)
2005 868 2122 908 non
2168 851 2244 907 sit
2287 852 2472 925 majus
2518 849 2755 907 bonum.
2804 853 2986 907 Immo
3024 865 3096 906 ex

1735 935 1841 992 hoc
1866 934 1948 1000 fit,
1979 934 2126 1008 quod
2155 934 2303 1007 apud
2343 937 2523 991 Deum
2558 934 2741 1008 magis
2781 933 3097 990 aestimetur

1732 1017 1938 1092 gratia,
1958 1034 2129 1091 quam
2152 1018 2299 1075 visio
2319 1041 2332 1084 ;
2355 1018 2481 1090 plus
2501 1016 2660 1072 enim
2687 1018 2831 1071 Deus
2853 1016 3103 1072 aestimat

1734 1099 1813 1166 id,
1860 1116 1962 1173 per
2008 1099 2157 1174 quod
2207 1101 2504 1158 hominem
2558 1096 2822 1172 possidet,
2868 1098 3099 1169 ipseque

1734 1183 1907 1241 homo
1936 1183 2005 1240 ad
2029 1184 2199 1240 illum
2242 1183 2564 1247 ordinatur,
2595 1180 2856 1253 quodque
2896 1183 2979 1249 (ut
3020 1180 3099 1235 sic

1733 1264 2011 1334 dicamus)
2031 1263 2180 1320 cedit
2201 1265 2262 1320 in
2284 1261 2667 1327 commodum,
2688 1267 2742 1317 et
2763 1260 3099 1332 obsequium

1735 1346 1916 1419 ipsius
1946 1345 2064 1410 Dei,
2098 1361 2270 1417 quam
2301 1343 2360 1399 id
2403 1361 2503 1417 per
2541 1343 2690 1416 quod
2719 1344 2891 1400 homo
2922 1344 3098 1397 Deum

1738 1426 2032 1500 possidens
2072 1424 2137 1481 fit
2164 1425 2378 1493 beatuS,
2410 1431 2466 1482 et
2492 1425 2654 1489 felix,
2685 1422 2946 1497 quodque
2974 1436 3103 1477 ma-

1734 1509 1821 1582 gis
1849 1507 1995 1564 cedit
2021 1508 2083 1564 in
2110 1507 2475 1564 commodum
2503 1506 2684 1579 ipsius
2711 1504 2985 1562 hominis

1810 1589 1896 1645 Ad
1929 1589 2238 1648 secundam
2268 1590 2665 1662 probationem
2702 1586 3099 1660 respondetur,

1736 1672 1983 1746 gratiam
2010 1677 2289 1744 quantum
2324 1677 2410 1729 est
2434 1687 2506 1727 ex
2535 1675 2695 1743 parte
2719 1686 2837 1725 suae
2878 1668 3098 1732 formae,

1738 1752 2263 1826 incorruptibilem,
2288 1758 2344 1808 et
2372 1749 2816 1808 inamissibilem
2856 1764 3011 1814 esse;
3053 1747 3102 1802 si

1738 1839 1932 1891 tamen
1959 1833 2226 1908 subjecto,
2254 1834 2345 1889 cui
2375 1834 2544 1899 inest,
2572 1831 2817 1906 perfecte
2844 1829 3105 1887 domine-

1738 1920 1874 1970 tur:
1903 1921 1958 1971 et
1997 1917 2078 1971 sic
2117 1915 2302 1989 gratia
2349 1915 2573 1980 Patriae,
2618 1929 2742 1986 quae
2780 1918 2864 1969 est
2903 1911 3104 1968 eadem

1738 2011 1868 2052 cum
1896 1997 2081 2070 gratia
2122 1997 2246 2056 vias.
2283 2010 2578 2068 nunquam
2608 1994 2915 2050 amittitur.
2947 1990 3106 2057 Quod

1740 2079 1961 2133 veroin
1992 2077 2085 2132 via
2111 2076 2474 2149 deperdatur,
2505 2075 2771 2147 provenit
2790 2090 2861 2130 ex
2885 2074 3106 2146 imper-

1741 2158 1982 2215 fectione
2003 2157 2257 2231 subJecti,
2277 2163 2331 2214 et
2354 2155 2508 2214 modi
2534 2155 2679 2211 illud
2702 2152 3061 2212 informandi
3092 2173 3105 2208 ε

1740 2240 1885 2294 sicut
1929 2238 2078 2311 quod
2131 2239 2330 2294 anima
2377 2236 2678 2294 rationalis
2720 2236 2781 2291 in
2833 2236 2937 2291 hac
2989 2234 3109 2289 vita

1742 2321 2019 2378 informet
2045 2338 2250 2393 corpus
2291 2318 2707 2384 amissibiliter,
2740 2323 2796 2374 et
2835 2319 2899 2373 in
2928 2318 3110 2373 altera

1742 2403 2229 2468 inamissibiliter,
2275 2408 2443 2475 atque
2489 2400 2628 2459 adeo
2669 2401 2761 2457 hic
2806 2399 3112 2457 constituat

1740 2484 2060 2559 subjectum
2083 2484 2474 2558 corruptibile,
2502 2484 2626 2540 illic'
2644 2500 2782 2540 vero
2804 2483 3112 2554 incorrup-

1745 2565 1928 2633 tibile,
1985 2583 2055 2623 ex
2108 2566 2483 2639 dispositione
2534 2564 2789 2638 subjecti,
2845 2568 2902 2621 et
2953 2561 3133 2630 modi,

1742 2648 1890 2704 illud
1932 2647 2291 2704 informandi
2332 2652 2525 2705 ortum
2560 2646 2733 2703 ducit.
2768 2648 2850 2703 Ex
2877 2661 2988 2718 quo
3014 2660 3110 2701 so-

1741 2730 1865 2785 lum
1888 2729 2166 2802 sequitur,
2191 2729 2442 2805 gratiam
2471 2728 2580 2785 viae
2606 2744 2727 2785 esse
2755 2725 3108 2784 beatitudine

1741 2811 2228 2885 imperfectiorem
2280 2826 2353 2867 ex
2393 2816 2553 2883 parte
2592 2810 2772 2867 solius
2810 2807 2967 2866 modi
3014 2824 3108 2865 es-

1739 2894 1923 2960 sendi,
1950 2896 2047 2968 qui
2069 2899 2154 2951 est
2173 2894 2264 2950 illi
2287 2892 2682 2958 accidentalis»,
2710 2907 2827 2949 non
2854 2908 2924 2948 ex
2949 2897 3110 2965 parte

1741 2976 1961 3042 formae,
2009 2981 2105 3032 aut
2150 2975 2413 3032 essentias
2459 2975 2641 3047 ipsius
2685 2974 2903 3047 gratiae,
2940 2988 3111 3045 penes

1740 3076 1913 3132 quam
1955 3056 2269 3115 attenditur
2309 3058 2431 3130 ejus
2476 3055 2746 3131 dignitas,
2788 3060 2845 3111 et
2889 3071 2958 3111 ex
2999 3071 3112 3127 qua

1741 3140 2062 3197 desumitur
2091 3141 2253 3196 valor
2276 3139 2492 3195 meriti.

1815 3221 1904 3277 Ad
1918 3222 2148 3278 tertiam
2172 3220 2480 3277 dicendum
2497 3225 2597 3288 est,
2619 3234 2911 3275 excessum
2937 3220 3107 3274 illum

1741 3319 1855 3376 quo
1882 3300 2172 3359 beatitudo
2212 3300 2433 3358 excedit
2469 3302 2719 3377 gratiam
2745 3317 2815 3358 ex
2841 3317 2927 3367 e0‚
2960 3301 3108 3375 quod

1745 3387 1862 3443 haec
1886 3386 1962 3441 sit
1989 3385 2175 3442 forma
2204 3384 2517 3441 habitualis
2558 3383 2775 3441 habens
2825 3385 3108 3441 rationem

1744 3473 1898 3524 actus
1928 3467 2124 3539 primi,
2157 3467 2262 3522 illa
2307 3481 2445 3522 vero
2492 3465 2567 3521 sit
2607 3471 2762 3522 actus
2805 3464 3108 3530 secunduS,

1745 3553 1970 3605 tantum
2029 3562 2151 3603 esse
2214 3561 2510 3604 excessum
2568 3545 2883 3603 secundum
2949 3544 3107 3618 quid,

1746 3644 1954 3702 nempe
1981 3627 2043 3683 in
2065 3643 2186 3684 esse
2213 3633 2386 3693 actus,
2416 3627 2789 3702 quiproinde
2817 3643 2934 3684 non
2965 3625 3117 3682 tollit

1747 3709 2133 3782 aequalitatem
2155 3708 2498 3780 simpliciter
2527 3730 2539 3764 :
2565 3714 2943 3784 praeterquam
2965 3706 3117 3780 quod

1747 3791 1840 3847 hic
1866 3805 2124 3847 excessus
2153 3788 2388 3846 aliunde
2414 3792 2713 3864 suppletur
2740 3790 2804 3848 in
2831 3790 3032 3865 gratia,
3060 3794 3116 3844 et

1749 3874 1812 3930 in
1853 3872 2070 3930 actibus
2098 3873 2432 3944 meritoriis,
2461 3879 2523 3929 ut
2549 3873 2804 3930 dicemus
2831 3891 2986 3928 num.
3024 3875 3106 3927 17.

1825 3954 1907 4010 Ad
1938 3955 2204 4010 ultimam
2231 3954 2478 4029 denique
2507 3953 2905 4028 probationem
2934 3953 3107 4018 dicas,

1750 4037 2165 4094 beatitudinem
2192 4054 2314 4095 esse
2336 4039 2520 4112 ipsam
2541 4039 2789 4112 gratiam
2813 4054 2914 4110 per
2937 4037 3117 4092 visio-

1751 4135 1885 4175 nem
1927 4123 2355 4184 commutatam,
2386 4124 2443 4176 et
2470 4119 2551 4175 sic
2592 4135 2709 4176 non
2751 4119 2982 4192 praecise
3024 4134 3122 4174 ra-

1753 4201 1908 4257 tione
1929 4200 2193 4263 visionis„
2225 4198 2322 4255 sed
2349 4200 2576 4258 ratione
2598 4200 2774 4256 etiam
2798 4200 2977 4273 ipsius
2998 4215 3122 4273 gra-

1754 4281 1850 4337 tiae
1904 4278 2135 4345 habere,
2185 4279 2334 4351 quod
2379 4280 2455 4335 sit
2499 4281 2825 4336 maximum
2882 4280 3123 4336 bonum.

1754 4361 1913 4427 Quod
1936 4365 2128 4418 autem
2152 4362 2300 4419 visio
2320 4362 2586 4420 excludat
2617 4362 2940 4419 formaliter
2956 4378 3129 4418 omne

1755 4445 2004 4507 malum,
2061 4443 2236 4499 etiam
2292 4460 2497 4516 poenae,
2558 4459 2676 4500 non
2722 4459 2862 4500 vero
2906 4443 3123 4517 gratia,

1753 4525 2011 4599 quandiu
2034 4531 2116 4582 est
2140 4526 2203 4581 in
2226 4525 2338 4591 via,
2367 4541 2488 4583 non
2511 4526 2699 4600 arguit
2723 4526 2886 4582 illam
2914 4542 3036 4582 esse
3056 4541 3128 4582 ex

1752 4614 1920 4681 ,parte
1970 4608 2172 4663 formae
2209 4606 2552 4678 simpliciter
2597 4607 2783 4681 gratia
2831 4607 3135 4680 perfectio-

1761 4698 1884 4739 rem
1907 4706 1920 4749 ;
1954 4698 2095 4737 nam
2123 4681 2299 4736 etiam
2328 4682 2471 4738 unio
2499 4680 2869 4754 hypostatica,
2902 4697 3026 4752 quae
3051 4686 3135 4736 est

1760 4763 1929 4836 longe
1959 4761 2266 4835 perfectior
2294 4761 2521 4818 visione
2560 4759 2837 4827 beatifica,
2870 4777 2989 4817 non
3029 4777 3132 4816 ex-

1761 4842 1941 4899 cludit
2006 4842 2329 4899 formaliter
2396 4840 2712 4898 secundum
2778 4856 2840 4897 se
2905 4841 3134 4914 praecise

1762 4932 1995 4998 sumpta
2023 4941 2195 4983 omne
2216 4926 2460 4994 malum,
2484 4942 2616 4981 cum
2639 4924 2904 4980 admittat
2929 4924 3132 4979 saltem

1786 5007 2009 5065 malum
2038 5022 2233 5082 poenae,
2255 5008 2344 5065 vel
2368 5005 2736 5082 poenalitatis.
2753 5003 2968 5060 Sufficit
2985 5018 3141 5078 ergo,
