3647 5753
33 2070 101 2112 tir·

31 2129 75 2161 ur

31 2177 87 2211 io.

32 3787 111 3832 ado

1220 393 1226 399 ’
1269 413 1447 468 mse.
1490 412 1586 479 vr,
1630 412 1794 469 nus.
1841 414 1934 470 111.

131 586 489 660 parationem
508 590 630 657 post
642 585 1310 659 lapsum.Consequentia
1323 589 1495 657 patet.

128 670 314 744 Major
341 669 516 726 etiam
547 674 766 726 constat
792 711 804 735 ‚
833 685 970 725 nam
992 669 1090 742 qui
1117 667 1187 723 de
1216 667 1498 741 condigno

130 756 388 809 meretur
409 751 657 824 gratiam
673 749 1125 808 sanctificantem
1144 755 1205 806 ut
1220 747 1497 822 peccatori

130 831 560 897 conferendam,
592 836 848 888 meretur
875 830 945 888 de
971 831 1256 906 condigno
1287 830 1498 886 remis-
1530 882 1536 888 .

130 917 353 973 sionem
379 913 625 972 infinitae
653 914 880 971 offensae
902 914 1022 980 Dei,
1057 930 1119 970 ac
1141 912 1382 987 proinde
1404 911 1498 969 de-

128 999 225 1055 bet
238 998 289 1055 ei
312 997 517 1053 offerre
538 995 891 1067 obsequium,
916 1011 1014 1052 seu
1045 995 1318 1051 meritum
1340 993 1464 1049 aesti
1482 1026 1499 1035 -

130 1077 467 1136 mabilitatis
488 1077 827 1149 simpliciter
850 1076 1091 1133 infinitae
1108 1074 1281 1148 3quod
1304 1080 1498 1131 tamen

132 1175 291 1234 purae
337 1163 608 1214 creaturae
652 1162 946 1231 repugnat,
999 1162 1059 1212 ut
1105 1157 1235 1213 dub.
1269 1156 1493 1229 proeced.

133 1241 601 1317 ponderavimus.
632 1241 826 1297 Minor
866 1239 1112 1312 denique
1152 1239 1492 1306 ostenditur,

130 1326 267 1399 quia
308 1323 593 1398 reparatio
639 1328 761 1395 post
806 1322 1028 1396 lapsum
1070 1322 1134 1379 fit
1174 1323 1498 1381 formaliter

131 1406 493 1480 pergratiam
508 1402 960 1462 sanctificantem
979 1411 1039 1461 ut
1062 1406 1336 1478 peccatori
1361 1404 1500 1460 dan-

129 1489 263 1546 dam
288 1513 301 1555 ;
332 1504 434 1545 nec
478 1488 636 1545 enim
681 1488 967 1559 reparatio
995 1491 1117 1559 post
1144 1488 1367 1559 lapsum
1397 1501 1502 1559 po-

131 1578 238 1630 test
266 1571 533 1645 intelligi,
568 1570 681 1626 nisi
710 1576 766 1626 et
799 1571 985 1645 gratia
1011 1567 1376 1626 sanctificans
1404 1569 1501 1625 in-

132 1653 428 1721 fundatur,
450 1659 506 1710 et
527 1651 861 1725 subjectum,
882 1652 972 1709 cui
1000 1649 1345 1716 infunditur,
1371 1667 1502 1722 sup-

132 1741 381 1808 ponatur
410 1734 774 1807 praeexistere
817 1733 880 1789 in
902 1738 1048 1811 statu
1081 1731 1290 1805 peccati
1324 1746 1500 1805 :bergo

131 1818 232 1891 qui
254 1821 509 1874 meretur
531 1813 600 1871 de
621 1814 904 1889 condigno
933 1814 1354 1886 reparationem
1379 1816 1502 1885 post

135 1902 381 1974 lapsum,
402 1898 844 1954 mereturetiam
867 1895 936 1952 de
949 1895 1230 1972 condigno
1250 1895 1498 1970 gratiam

131 1979 586 2039 sanctificantem
644 1986 705 2036 ut
750 1979 1024 2053 peccatori
1065 1976 1494 2035 conferendam.

209 2061 599 2120 confirmatur
628 2060 835 2133 primo,
869 2062 1001 2134 quia
1048 2060 1335 2133 reparatio
1377 2063 1502 2131 post

133 2146 358 2217 lapsum
399 2143 582 2216 magis
609 2141 875 2214 explicite
905 2141 1071 2198 aflert
1099 2140 1499 2197 remissionem

132 2227 361 2283 offensae
386 2224 502 2289 Dei,
523 2241 695 2296 quam
711 2225 899 2296 gratia
915 2231 975 2280 ut
993 2223 1268 2297 peccatori
1286 2221 1499 2278 danda:

129 2305 230 2363 sed
249 2306 382 2377 quia
402 2306 587 2379 gratia
612 2310 671 2360 ut
691 2304 881 2361 danda
903 2304 1181 2377 peccatori
1209 2303 1376 2361 affert
1398 2319 1506 2359 ne-

130 2385 378 2444 cessario
427 2386 827 2441 remissionem
874 2385 1103 2442 offensae
1154 2386 1273 2451 Dei,
1307 2385 1507 2458 nequit

129 2472 277 2524 esset
326 2467 631 2539 praemium
681 2466 1133 2539 correspondens
1180 2465 1389 2522 merito
1436 2465 1506 2523 de

128 2547 417 2622 condigno
445 2563 604 2621 purae
648 2553 940 2604 creaturae.
982 2545 1266 2603 Probatur
1293 2547 1497 2620 maj0r,

128 2631 268 2704 quia
287 2630 475 2704 gratia
499 2635 560 2685 ut
579 2628 768 2685 danda
783 2627 1076 2702 peccatori,
1095 2627 1321 2685 videtur
1343 2645 1505 2701 posse

130 2712 486 2771 considerari
516 2710 914 2785 specificative,
947 2717 1004 2769 et
1032 2711 1326 2783 praecisive
1346 2729 1379 2769 a
1408 2728 1503 2769 re—

128 2796 407 2853 missione
430 2796 660 2853 offensae
689 2795 809 2863 Dei,
834 2797 913 2853 ita
956 2799 1015 2851 ut
1040 2796 1225 2869 gratia
1250 2796 1327 2853 sit
1353 2812 1502 2869 prae-

128 2881 319 2936 mium
338 2894 439 2951 per
459 2894 519 2935 se
543 2878 855 2951 inspectum
873 2894 905 2933 a
924 2876 1150 2944 merito,
1167 2883 1223 2933 et
1240 2879 1502 2935 remissio

128 2961 362 3019 offensae
388 2964 765 3031 consequatur
801 2958 1095 3025 indirecte,
1126 2965 1181 3016 et
1207 2962 1369 3033 quasi
1400 2977 1502 3033 per

129 3044 392 3102 accidens
406 3043 476 3100 ob
495 3043 1127 3116 incompossibilitatem
1145 3042 1378 3100 offensas
1398 3047 1498 3100 Det

127 3143 261 3184 cum
309 3125 429 3198 ejus
473 3123 698 3196 gratia:
730 3130 997 3182 caeterum
1048 3123 1334 3196 reparatio
1380 3129 1505 3196 post

128 3210 360 3280 lapsum
389 3204 586 3276 nequit
607 3221 724 3261 non
746 3206 1076 3277 exprimere
1100 3204 1500 3260 remissionem

130 3286 363 3362 peccati,
390 3288 443 3340 et
466 3283 694 3340 offensae
707 3308 722 3350 ;
747 3284 1029 3356 siquidem
1060 3285 1178 3340 haec
1195 3290 1329 3339 sunt
1351 3300 1504 3356 prae-

130 3369 299 3441 cipua
346 3364 558 3420 damna
594 3380 696 3436 per
742 3366 967 3437 lapsum
1016 3363 1266 3430 inducta,
1292 3369 1348 3419 et
1400 3379 1503 3436 per

132 3448 382 3524 gratiam
432 3444 755 3516 reparanda
794 3466 807 3500 z
849 3461 983 3520 ergo
1035 3444 1320 3516 reparatio
1376 3449 1504 3518 post

134 3528 575 3604 lapsummagis
597 3528 866 3599 explicite
905 3529 1071 3585 affert
1098 3527 1501 3585 remissionem

137 3611 366 3669 offensae
394 3607 510 3675 Dei,
557 3625 729 3681 quam
751 3609 938 3683 gratia
961 3614 1022 3664 ut
1049 3607 1328 3681 peccatori
1357 3623 1511 3680 con—⁴

142 3692 398 3752 serenda.

219 3775 604 3832 confirmatur
631 3769 895 3834 secundo,
923 3769 1058 3843 quia
1079 3771 1358 3845 maj0rem
1386 3769 1504 3825 im·-

142 3856 574 3927 proportionem
603 3850 757 3915 dicit,
789 3851 937 3922 quod
978 3849 1166 3922 justus
1212 3856 1503 3907 mereatur

141 3935 251 3992 sibi
283 3934 706 4007 reparationem
736 3937 859 4003 post
887 3932 1133 4002 lapsum,
1164 3947 1336 4004 quam
1354 3930 1503 4003 quod

139 4025 430 4073 mereatur
491 4013 741 4089 gratiam
808 4011 1265 4069 sanctificantem
1332 4014 1505 4071 alteri

141 4096 418 4171 peccatori
447 4112 548 4153 con
560 4092 858 4152 ferendam
890 4115 902 4148 ε
927 4109 1064 4166 ergo
1108 4094 1160 4148 si
1189 4093 1293 4150 hoc
1317 4099 1505 4167 poste-

140 4180 264 4236 rius
324 4183 632 4251 repugnat,
704 4175 888 4246 magis
951 4173 1292 4248 repugnabit
1357 4174 1503 4232 illud

140 4262 318 4334 prius,
368 4259 651 4317 Probatur
702 4255 1076 4324 antecedens3
1111 4274 1247 4313 nam
1302 4258 1364 4315 in
1411 4274 1505 4315 se-

139 4343 323 4400 cundo
349 4359 476 4399 casu
507 4342 694 4397 solum
739 4338 1055 4411 subjectum
1085 4340 1312 4411 praemii
1357 4340 1505 4396 reci-

142 4426 337 4501 piendi
365 4426 710 4499 supponitur
754 4423 818 4478 in
858 4429 1102 4495 peccato,
1143 4439 1261 4480 non
1310 4428 1502 4481 autem

134 4513 320 4586 justus
346 4510 443 4582 qui
472 4513 760 4573 meretur3
793 4510 847 4562 et
876 4506 956 4560 ita
992 4507 1055 4561 in
1086 4509 1343 4578 tempore
1381 4507 1506 4563 col-

140 4590 375 4647 lationis
404 4588 629 4661 praemii
667 4591 851 4660 posset
886 4587 979 4659 jus
1007 4586 1350 4643 meritorum
1381 4601 1506 4659 per-

139 4687 406 4728 severare
452 4692 464 4727 :
510 4676 568 4736 at
608 4670 670 4725 in
724 4671 914 4741 primo
967 4683 1095 4723 casu
1149 4684 1267 4724 non
1314 4668 1504 4724 solum

138 4753 456 4827 subjectum
488 4753 735 4827 praemii,
767 4751 865 4807 sed
892 4752 1069 4808 etiam
1100 4747 1340 4808 merens‘
1358 4750 1506 4808 foret

90 4897 93 4898 a
142 4840 205 4894 in
260 4843 500 4910 peccato,
549 4853 681 4893 cum
739 4835 1047 4907 praemium
1099 4834 1502 4902 conferretur3

141 4916 428 4992 siquidem
475 4922 620 4974 esset
666 4915 821 4972 idem
861 4915 1242 4988 suppositum,
1276 4921 1331 4971 et
1360 4915 1506 4972 alias

145 5018 265 5062 non
294 5005 477 5075 posset
511 4997 817 5064 verificari,
846 4997 994 5072 quod
1036 4997 1146 5053 sibi
1179 5003 1507 5056 mereretur

149 5083 572 5156 reparationem
604 5087 727 5153 post
756 5082 1000 5153 lapsum,
1031 5080 1080 5136 si
1109 5085 1370 5155 tempore
1386 5081 1507 5138 col-

2879 417 2987 472 837

1631 582 1867 640 lationis
1897 585 2126 663 praemii
2148 602 2265 643 non
2292 591 2436 643 esset
2463 587 2526 642 in
2568 592 2790 660 peccato
2818 607 2829 642 :
2854 601 2989 661 ergo

1631 666 1915 739 majorem
1960 667 2478 740 improportionem
2506 668 2661 734 dicit,
2695 665 2841 741 quod
2863 667 2987 741 jus-

1632 751 1724 802 tus
1749 753 2044 805 mereatur
2082 748 2192 805 sibi
2226 751 2649 823 reparationem
2694 755 2819 823 post
2864 750 2990 821 lap-

1630 841 1777 893 sum,
1812 844 1985 900 quam
2013 829 2164 903 quod
2191 838 2481 889 mereatur
2522 832 2758 888 alterius
2797 829 2990 887 homi-

1630 907 1725 964 nis
1789 913 2099 982 peccatoris
2144 912 2628 987 justificationem.
2700 916 2810 969 Nec
2857 911 2990 967 huic

1631 989 1870 1055 motivo,
1902 998 1957 1050 et
1977 990 2513 1050 confirmationibus
2542 996 2722 1065 potest
2761 1007 2990 1065 respon-

1631 1069 1719 1125 sio
1745 1069 2031 1139 adhiberi,
2062 1087 2188 1145 quae
2222 1072 2498 1130 convulsa
2527 1089 2642 1130 non
2669 1078 2901 1129 maneat
2920 1087 2990 1129 ex

1632 1149 1796 1208 dictis
1821 1154 1950 1212 dub.
1981 1155 2203 1229 praeced.

1705 1236 1798 1292 67.
1844 1239 2106 1312 oppones
2158 1241 2353 1294 tamen
2411 1255 2542 1295 cum
2593 1238 2839 1312 quodam
2885 1238 2992 1291 Ju-

1634 1316 1798 1374 niore
1828 1339 1840 1374 :
1871 1334 2008 1375 nam
2049 1317 2178 1376 ideo
2211 1336 2355 1392 pura
2381 1325 2644 1377 creatura
2666 1337 2785 1378 non
2814 1324 2990 1392 potest

1633 1399 1703 1457 de
1753 1400 2037 1478 condigno
2100 1404 2314 1460 mereri
2381 1404 2619 1460 alterius
2684 1402 2989 1476 peccatoris

1627 1480 2118 1555 justificationem,
2144 1484 2280 1557 quia
2322 1485 2522 1557 nequit
2561 1483 2773 1541 habere
2807 1484 2991 1541 meri-

1634 1568 1757 1620 tum
1778 1566 2125 1637 simpliciter
2147 1566 2470 1635 infinitum,
2503 1574 2558 1624 et
2580 1568 2749 1641 quale
2796 1567 2993 1641 requi-

1635 1647 1785 1704 ritur
1808 1647 1878 1705 ad
1909 1649 2357 1722 promerendum
2392 1650 2463 1707 de
2484 1650 2768 1725 condigno
2798 1650 2999 1709 remis·

1634 1731 1858 1788 sionem
1898 1730 2127 1789 offensae
2173 1732 2271 1790 Dei
2326 1754 2339 1789 :
2387 1734 2484 1791 sed
2538 1734 2665 1791 fieri
2714 1734 2996 1790 divinitus

1636 1817 1836 1884 potest,
1871 1818 1931 1867 ut
1957 1811 2176 1870 habens
2220 1816 2498 1872 meritum
2526 1816 2870 1889 simpliciter
2898 1816 2997 1873 in·—

1636 1893 1869 1951 finitum
1893 1893 2123 1952 ordinet
2143 1896 2288 1953 illud
2314 1899 2383 1955 ad
2403 1898 2860 1971 consequendam
2881 1898 2995 1956 sibi

1638 1977 2062 2048 reparationem
2113 1985 2236 2051 post
2287 1980 2510 2052 lapsum
2540 1997 2710 2054 :ergo
2751 1980 2878 2037 fieri
2902 1996 2999 2053 po·

1635 2063 1761 2126 test,
1786 2063 1848 2114 ut
1867 2061 1995 2131 quis
2017 2065 2309 2117 mereatur
2330 2060 2442 2118 sibi
2466 2061 2535 2118 de
2551 2060 2836 2136 condigno
2859 2079 3000 2135 prae·

1637 2139 1850 2197 dictam
1899 2142 2322 2212 reparationem
2345 2166 2359 2210 ;
2384 2148 2439 2199 et
2461 2148 2873 2214 consequenter
2894 2143 3000 2200 fal-

1636 2218 1892 2276 sificatur
1918 2223 2155 2279 assertio
2183 2228 2399 2288 nostra,
2435 2227 2603 2295 prout
2632 2224 2831 2279 statuit
2859 2225 2997 2281 uni-

1637 2304 1942 2361 versaliter
2000 2306 2347 2378 oppositum.
2414 2304 2694 2362 Suadetur
2760 2305 2991 2369 minor,

1636 2387 1771 2459 quia
1816 2388 1866 2442 si
1920 2387 2253 2445 humanitas
2292 2393 2438 2444 esset
2467 2388 2628 2444 unita
2658 2387 2845 2444 Verbo
2891 2406 2994 2462 pro

1638 2475 1896 2542 tempore
1930 2470 2330 2537 determinate,
2357 2488 2413 2527 v.
2441 2488 2497 2544 g.
2528 2488 2640 2544 pro·
2674 2472 2842 2529 unico
2881 2472 2990 2538 die,

1638 2568 1815 2625 eoque
1838 2558 2122 2610 transacto
2149 2559 2516 2611 revocaretur
2542 2554 2613 2610 ad
2637 2570 2801 2611 suam
2828 2553 2997 2611 subs-

1640 2634 1923 2700 tantiam,
1968 2638 2026 2690 et
2078 2635 2390 2707 potentiam
2454 2635 2720 2708 peccandi
2749 2678 2760 2700 ,
2814 2639 2999 2707 posset

1639 2714 1909 2789 praedicta
1950 2717 2285 2772 humanitas
2330 2719 2539 2774 merita
2580 2717 2842 2784 infinita,
2873 2733 2998 2790 quae

1638 2804 1896 2869 tempore
1923 2799 2158 2855 unionis
2198 2797 2563 2872 hypotasticae
2606 2800 2801 2868 habet,
2835 2800 2997 2858 ordi—

3028 1239 3178 1335 offlec-

1639 2896 1781 2937 nare
1802 2880 1874 2938 ad
1901 2897 2065 2938 suam
2092 2881 2515 2953 reparationem
2541 2889 2664 2954 post
2686 2885 2911 2955 lapsum
2934 2883 2998 2938 in
3077 2920 3084 2926 -

1638 2967 1879 3033 peccata,
1905 2978 2033 3035 quae
2062 2966 2254 3033 postea
2297 2962 2406 3018 sibi
2452 2965 2648 3020 relicta
2698 2965 2996 3030 incurret;

1639 3057 1821 3114 neque
1867 3043 2027 3098 enim
2073 3041 2138 3097 in
2177 3042 2281 3098 hoc
2327 3048 2564 3114 apparet
2605 3043 2796 3115 aliqua
2826 3059 2997 3115 repu-

1637 3122 1879 3196 gnantia
1910 3145 1924 3179 :
1955 3136 2091 3193 ergo
2130 3119 2260 3177 fieri
2296 3127 2494 3192 potest,
2528 3128 2589 3177 ut
2617 3122 2832 3179 habens
2871 3139 2998 3180 me-

1642 3202 1821 3257 ritum
1868 3200 2211 3273 simpliciter
2256 3200 2556 3257 infinitum
2593 3201 2824 3260 ordinet
2850 3202 3000 3260 illud

1640 3281 1711 3338 ad
1762 3280 2220 3354 consequendam
2262 3280 2375 3337 sibi
2422 3284 2845 3354 reparationem
2874 3290 2999 3358 post

1640 3370 1887 3436 lapsum.
2265 3384 2269 3387 ⁴

1714 3436 2113 3510 Respondetur
2177 3437 2438 3512 negando
2498 3440 3210 3507 minorem3nam801mur.

1638 3521 1998 3594 suppositum
2052 3519 2348 3585 divinum.
2382 3523 2531 3595 quod
2577 3525 2766 3580 solum
2820 3529 3002 3596 potest

1641 3602 1855 3660 habere
1880 3604 2155 3660 meritum
2183 3604 2525 3677 simpliciter
2553 3604 2871 3672 infinitum,
2905 3607 3003 3663 in-

1640 3702 1818 3757 capax
1868 3689 1954 3742 est
2006 3686 2198 3758 lapsus
2252 3685 2314 3740 in
2368 3691 2658 3759 peccatum
2696 3708 2708 3742 :
2735 3688 3002 3760 quocirca

1642 3768 1774 3825 licet
1800 3767 2387 3839 aliisreparationem
2431 3766 2500 3823 de
2546 3768 2830 3843 condigno
2875 3785 3003 3826 me-

1641 3853 1856 3913 reatur,
1911 3848 2108 3918 nequit
2149 3853 2341 3904 tamen
2385 3848 2550 3905 illam
2591 3849 2701 3904 sibi
2763 3852 3000 3909 mereri.

1640 3932 1855 3985 Caetera
1883 3934 2073 3984 autem
2110 3929 2419 4001 supposita,
2451 3945 2576 4002 quae
2600 3927 2714 3985 labi
2746 3937 3000 4003 possunt,

1640 4016 1933 4083 nequeunt
1980 4009 2193 4068 habere
2221 4012 2496 4068 meritum
2524 4013 2868 4085 simpliciter
2907 4016 3005 4072 in—

1639 4093 1872 4149 finitum
1898 4136 1911 4160 ,
1963 4095 2131 4165 quale
2172 4093 2243 4150 ad
2284 4094 2730 4166 promerendum
2761 4096 2831 4153 de
2874 4114 3006 4155 con·

1640 4174 1815 4248 digno
1834 4175 2160 4247 praedictam
2180 4176 2603 4248 reparationem
2620 4176 3000 4237 desideratur.

1639 4258 1726 4314 Ad
1756 4258 2003 4315 minoris
2034 4274 2170 4315 vero
2208 4256 2626 4330 probationem,
2654 4261 2866 4319 omisso
2894 4279 3003 4319 an-

1639 4339 1920 4397 tecedenti
1947 4382 1960 4405 ,
2014 4355 2293 4413 negamus
2320 4341 2786 4411 consequentiam
2815 4366 2828 4407 ;
2858 4359 3005 4415 quo—

1641 4420 1802 4476 niam
1832 4422 2100 4486 actioneS,
2132 4425 2187 4476 et
2216 4421 2507 4492 passiones
2531 4437 2647 4477 non
2670 4429 2805 4478 sunt
2834 4430 3006 4481 natu-

1643 4518 1845 4559 rarum
1872 4545 1885 4568 ,
1926 4502 2024 4559 sed
2068 4504 2500 4574 suppositorum
2535 4549 2545 4570 ,
2587 4511 2642 4562 et
2687 4505 3006 4565 subsisten-

1642 4586 1811 4642 tium.
1839 4586 1904 4640 In
1952 4583 2221 4656 praedicta
2287 4590 2477 4641 autem
2517 4587 2838 4660 hypothesi,
2872 4589 3005 4647 licet

1639 4668 1966 4724 salvaretur
2006 4665 2276 4722 identitas
2312 4682 2383 4723 ex
2412 4674 2573 4740 parte
2601 4669 3000 4738 humanitatiS,

1641 4755 1977 4808 non'tamen
2000 4764 2069 4805 ex
2099 4754 2261 4821 parte
2280 4751 2592 4823 suppositi;
2625 4768 2760 4810 nam
2790 4771 3006 4828 suppo-

1639 4833 1816 4887 situm
1844 4847 2075 4888 merens
2095 4835 2240 4887 esset
2270 4847 2513 4904 persona
2542 4831 2762 4900 divina,
2793 4851 3006 4913 suppo-

1640 4915 1815 4971 situm
1865 4930 2002 4971 vero
2045 4912 2194 4987 quod
2244 4921 2563 4987 reparatur,
2596 4923 2741 4974 esset
2761 4934 3007 4989 persona

1639 5001 1847 5054 creata.
1894 4995 2059 5052 Unde
2099 4995 2347 5053 minime
2389 4995 2823 5066 verificaretur,
2856 5001 3008 5073 quod

1641 5079 1771 5153 quis
1798 5080 2123 5135 mereretur
2141 5076 2255 5134 sibi
2279 5079 2704 5153 reparationem
2734 5085 2856 5152 post
2878 5082 3007 5154 lap-
