3647 5753
511 401 622 455 386
1112 355 1120 363 ⁶
1441 398 1536 451 DE
1573 394 2157 453 Jns‘rmoa‘rmna
2196 396 2402 453 IMPH.

510 567 715 626 ordine
742 568 812 625 ad
840 584 930 636 se;
954 572 1012 625 et
1053 569 1155 626 lux
1195 567 1394 642 nequit
1415 568 1684 636 diffundi,
1728 568 1874 641 quin

508 649 758 721 expellat
784 647 1051 706 tenebras
1077 670 1091 705 ε
1116 664 1254 723 ergo
1273 663 1346 709 ex
1370 664 1457 717 eo,
1487 647 1638 723 quod
1665 649 1875 707 termi-

509 744 652 786 nare
685 729 960 787 divinam
998 729 1370 787 dilectionem
1408 730 1753 805 simpliciter
1780 735 1873 788 ta·-

508 810 644 877 lem,
669 809 745 864 sit
763 808 996 867 effectus
1013 808 1391 867 secundarius
1409 811 1629 884 gratiae,
1665 825 1873 885 perpe·-

509 906 636 948 ram
651 890 962 965 colligitur,
981 890 1134 963 quod
1149 891 1326 963 possit
1338 891 1524 966 gratia
1540 891 1795 962 infundi,
1814 899 1874 949 et

505 969 685 1027 talem
712 967 1077 1027 dilectionem
1104 986 1228 1027 non
1251 972 1587 1028 terminare.
1636 970 1867 1044 Quarto,

506 1049 643 1125 quia
665 1047 866 1106 eodem
894 1049 1273 1108 fundamento
1300 1051 1416 1109 dici
1454 1056 1680 1124 posset,
1730 1067 1871 1127 gra-

507 1132 651 1189 tiam
695 1131 929 1189 unionis
968 1133 1335 1206 hypostaticae
1382 1148 1500 1191 non
1540 1133 1870 1192 terminare

503 1212 870 1270 dilectionem
910 1212 1012 1269 Dei
1037 1213 1415 1285 simpliciter,
1446 1215 1586 1288 quia
1638 1215 1870 1288 prima-

505 1295 630 1352 rius
671 1300 972 1369 conceptus
1025 1295 1307 1368 praedictae
1352 1295 1590 1354 unionis
1623 1312 1744 1355 non
1783 1304 1871 1356 est

503 1374 823 1433 terminare
861 1376 1031 1432 illum
1070 1391 1366 1444 amorem;
1394 1376 1495 1433 sed
1523 1377 1863 1447 terminare,

502 1462 560 1515 et
608 1459 964 1531 suppositare
1016 1459 1251 1533 physice
1292 1464 1562 1517 naturam
1590 1467 1864 1529 creatam,

461 1572 462 1577 κ
504 1536 576 1594 ad
601 1536 750 1612 quod
795 1539 1053 1612 sequitur
1098 1539 1270 1595 illum
1311 1555 1570 1597 amorem
1611 1539 1864 1615 exigere,

502 1620 648 1677 sicut
683 1619 1016 1677 Adversarii
1058 1620 1541 1694 philosophantur
1565 1621 1637 1679 de
1655 1624 1866 1697 gratia;

502 1706 670 1775 atque
691 1700 818 1760 ideo
841 1718 957 1759 non
977 1704 1174 1760 minus
1195 1708 1380 1777 posset
1400 1705 1649 1778 compati
1664 1704 1867 1763 odium

502 1782 607 1839 Dei
634 1798 770 1858 erga
799 1783 1222 1841 humanitatem
1246 1782 1409 1856 prius
1447 1784 1707 1842 affectam
1736 1802 1868 1859 pec-

500 1866 641 1928 cato,
692 1868 749 1918 et
798 1862 1006 1920 deinde
1053 1869 1406 1936 assumptam
1435 1880 1469 1921 a
1502 1880 1746 1938 persona
1772 1865 1868 1922 di-

499 1941 658 2008 vina,
689 1957 862 2014 quam
890 1944 1254 2015 compatitur,
1288 1947 1351 1999 ut
1381 1943 1717 2002 Adversarii
1759 1961 1867 2002 au-

500 2025 767 2088 tumant,
817 2039 954 2097 erga
1000 2024 1299 2082 hominem
1346 2031 1697 2096 peccatorem
1726 2068 1740 2093 ,
1770 2026 1865 2083 cui

502 2103 650 2158 Deus
675 2103 922 2175 gratiam
957 2105 1366 2161 communicat.

294 2193 490 2251 consuia-
586 2183 707 2239 127.
764 2185 851 2239 Ex
899 2182 1106 2257 quibus
1151 2184 1327 2241 etiam
1368 2185 1644 2257 praeclusa
1668 2190 1867 2243 manet

287 2242 468 2335 ἑῧξῑῖξξζ
505 2261 623 2319 alia
645 2265 907 2333 Curielis,
933 2270 990 2322 et
1014 2264 1379 2338 quorundam
1407 2266 1620 2335 evasio,
1650 2268 1750 2340 qui
1769 2266 1865 2324 di-

313 2342 467 2385 evasio.
504 2348 639 2400 cunt
685 2350 1093 2419 argumentum
1144 2345 1411 2418 superius
1454 2346 1668 2404 factum
1715 2353 1866 2405 recte

503 2425 845 2482 convincere
870 2467 884 2491 ,
916 2424 1199 2498 loquendo
1224 2425 1294 2483 de
1320 2442 1520 2483 amore
1539 2427 1641 2483 Dei
1666 2427 1865 2485 confe-

505 2505 688 2561 rentis
714 2505 959 2579 gratiam
988 2505 1054 2561 in
1078 2521 1202 2562 esse
1227 2507 1456 2579 gratiae3
1485 2522 1648 2564 secus
1691 2523 1856 2576 vero,

503 2584 553 2640 si
580 2586 887 2658 loquamur
913 2583 984 2640 de
1006 2601 1202 2642 amore
1223 2587 1324 2642 Dei
1349 2585 1716 2659 producentis
1734 2603 1864 2661 gra-

503 2664 644 2720 tiam
676 2665 738 2719 in
764 2678 887 2719 esse
913 2663 1228 2736 qualitatis,
1260 2667 1396 2733 Hoc,
1422 2667 1681 2737 inquam,
1712 2667 1863 2723 effu-

499 2745 661 2819 gium
683 2750 880 2801 manet
897 2746 1036 2801 satis
1060 2747 1399 2818 praeclusum
1427 2769 1440 2804 ε
1464 2749 1738 2821 quoniam
1763 2765 1864 2805 no-

498 2825 661 2882 mine
686 2826 886 2900 gratiae
931 2826 994 2884 in
1032 2842 1155 2886 esse
1191 2828 1486 2901 qualitatis
1512 2831 1606 2887 vel
1633 2831 1862 2888 intelli-

497 2906 655 2980 gitur
675 2907 829 2963 solus
850 2914 1154 2981 conceptus
1189 2910 1490 2984 genericus
1514 2910 1733 2986 gratiae,
1766 2914 1859 2968 vel

498 2987 1008 3060 comprehenditur
1033 2989 1209 3046 etiam
1238 2990 1444 3048 ultima
1470 2992 1669 3066 gratiae
1689 2991 1860 3048 diffe-

502 3069 690 3124 rentia
731 3068 985 3143 physica,
1011 3074 1069 3127 et
1099 3068 1396 3142 specifica?
1421 3073 1481 3128 Si
1502 3071 1727 3128 dicatur
1753 3072 1862 3128 hoc

502 3147 775 3204 ultimum
798 3192 811 3216 ,
864 3155 1190 3222 perseverat
1237 3156 1643 3223 argumentum
1683 3168 1860 3224 supra

502 3228 746 3296 factum;
777 3246 915 3287 nam
959 3231 1499 3305 gratia‘secundum
1525 3249 1692 3290 suam
1716 3234 1859 3290 ulti-

502 3327 660 3367 mam
699 3312 1087 3370 differentiam
1137 3319 1364 3386 praestat
1408 3315 1576 3373 nobis
1620 3327 1859 3373 consor-

500 3389 649 3447 tium
673 3397 894 3449 naturae
919 3392 1158 3461 divinas,
1189 3399 1246 3450 et
1273 3393 1538 3462 radicale,
1563 3399 1621 3452 et
1638 3410 1860 3453 conna-

502 3474 687 3530 turale
733 3474 1087 3547 principium
1133 3473 1205 3531 ad
1232 3474 1547 3532 videndum
1581 3479 1764 3533 Deum
1792 3474 1859 3532 in

498 3554 717 3626 seipso3
768 3557 935 3628 atque
986 3554 1113 3612 ideo
1156 3561 1244 3612 est
1267 3555 1485 3614 bonum
1509 3562 1859 3629 supernatu-

501 3635 623 3691 rale
636 3636 997 3709 simpliciter,
1015 3636 1165 3710 quod
1187 3639 1386 3711 nequit
1407 3654 1525 3697 non
1548 3640 1859 3712 provenire

498 3731 570 3773 ex
589 3716 895 3775 dilectione
908 3717 1009 3775 Dei
1024 3719 1366 3793 simpliciter
1381 3736 1518 3795 erga
1532 3722 1852 3780 hominem.

498 3798 557 3853 Si
597 3803 789 3856 autem
827 3799 1074 3874 eligatur
1114 3802 1390 3874 primum,
1422 3802 1851 3861 nihil·¹dicitur.

497 3879 643 3935 Tum
670 3880 805 3952 quia
842 3879 1197 3953 impossibile
1221 3888 1325 3950 est,
1374 3884 1619 3957 gratiam
1666 3883 1859 3941 inhae-

499 3976 663 4028 rere,
696 3969 752 4018 et
801 3962 1219 4021 communicari
1263 3965 1493 4022 homini
1538 3965 1855 4023 secundum

493 4041 736 4116 gradum
763 4043 1124 4116 genericum,
1156 4045 1301 4119 quin
1327 4046 1440 4118 ipsi
1468 4046 1767 4115 inhaereat,
1799 4052 1875 4104 et,

493 4124 949 4180 communicetur
974 4124 1288 4181 secundum
1309 4125 1699 4183 differentiam
1721 4143 1856 4200 spe-

491 4203 729 4262 cificam.
763 4206 911 4261 Tum
936 4206 1092 4278 quia,
1125 4206 1230 4264 illo
1281 4207 1630 4280 impossibili
1675 4208 1856 4281 gratis

491 4283 759 4351 admisso,
779 4284 829 4339 si
848 4287 1241 4344 controversia
1266 4287 1337 4343 ad
1360 4287 1508 4343 illud
1531 4292 1849 4356 revocetur,

490 4369 669 4421 cessat
691 4368 868 4421 status
896 4367 1194 4438 praesentis
1234 4365 1417 4432 dubii,
1447 4365 1597 4439 quod
1623 4371 1855 4425 tantum

490 4444 754 4518 inquirit,
793 4462 868 4503 an
895 4452 1187 4520 peccatum
1225 4447 1471 4505 mortale
1497 4448 1686 4505 valeat
1712 4463 1854 4505 con-

484 4525 652 4600 jungi
690 4543 819 4582 cum
839 4527 1027 4601 gratia
1052 4526 1367 4585 secundum
1393 4544 1559 4585 suam
1581 4529 1853 4587 ultimam

487 4606 877 4664 differentiam
918 4612 1171 4680 accepta;
1201 4608 1266 4665 in
1312 4608 1417 4666 hoc
1442 4609 1654 4683 quippe
1679 4625 1851 4668 sensu

488 4694 764 4747 tractatur
785 4689 902 4746 haec
928 4689 1230 4748 difficultas
1256 4707 1290 4748 a
1315 4691 1672 4749 Doctorihus.

275 4779 473 4825 nmmum
572 4774 696 4829 128.
747 4774 965 4830 Ultimo
1012 4772 1289 4847 probatur
1328 4779 1525 4832 nostra
1559 4775 1853 4833 conclusio

273 4831 474 4923 ἶῗξῖῗῆο·
490 4853 713 4910 ratione
752 4851 1054 4926 desumpta
1081 4868 1153 4910 ex
1179 4857 1245 4911 D.
1276 4855 1481 4912 Thom.
1513 4857 1576 4920 in,
1599 4857 1853 4928 prasenti

275 4927 449 4973 dnmen·
489 4942 599 4990 art.
631 4935 686 5002 9,
717 4938 774 4991 et
798 4950 973 5007 supra
1000 4944 1183 5013 quast.
1225 4938 1347 5004 110,
1378 4944 1514 4995 art..
1527 4945 1615 4994 ,ct
1635 4939 1672 4993 3
1691 4943 1850 5009 part.

295 4983 675 5092 n⁰m1io.quoest.
721 5016 816 5081 23,
859 5018 970 5089 sere
1021 5034 1119 5088 per
1162 5025 1354 5087 totam,
1386 5033 1511 5091 quae
1563 5022 1744 5090 potest
1769 5019 1853 5075 sic

2007 567 2253 626 formari
2286 590 2301 626 ε
2332 572 2479 626 Nam
2529 574 2808 644 repugnat
2829 568 3126 629 hominem
3169 584 3361 642 pecca-

2006 653 2191 707 torem
2217 666 2340 708 esse
2363 647 2552 707 filium
2592 649 2928 725 adoptivum
2953 652 3052 709 Dei
3082 672 3096 707 ε
3128 650 3226 708 sed
3271 667 3363 709 re-

2006 734 2223 804 pugnat
2248 729 2545 788 hominem
2579 732 2799 804 purum*
2838 729 3050 789 habere
3094 731 3359 806 gratiam,

2004 813 2062 868 et
2080 825 2199 867 non
2217 826 2341 869 esse
2367 808 2556 868 filium
2578 812 2680 870 Dei
2702 810 3083 885 adoptivum.
3107 826 3244 903 ergo
3271 828 3364 870 re-

2005 895 2220 964 pugnat
2242 891 2566 965 conjunctio
2590 891 2807 968 gratiae,
2838 897 2895 948 et
2921 891 3130 965 peccati
3176 892 3240 948 in
3264 907 3363 950 eo-

2003 967 2134 1026 dem
2156 970 2411 1029 homine.
2439 971 2854 1066 Consequentia
2877 972 3074 1046 liquet,
3099 976 3158 1029 et
3179 972 3365 1046 maJ‘or

2002 1055 2088 1109 est
2113 1058 2313 1110 certa.
2340 1058 2465 1110 tum
2516 1054 2654 1127 quia
2703 1057 3021 1129 peccatores
3069 1057 3209 1109 sunt
3251 1052 3363 1110 fllii

2003 1131 2239 1207 diaboli,
2264 1141 2329 1191 ut
2346 1134 2557 1193 dicitur
2580 1135 2748 1193 Joan.
2773 1137 2827 1203 8,
2857 1142 2909 1191 et
2933 1133 3100 1192 Joan.
3131 1136 3201 1191 3·
3188 1127 3553 1221 ,ergoff‘fflss

2003 1228 2122 1271 non
2140 1210 2277 1272 sunt
2297 1213 2407 1273 filii
2430 1215 2685 1289 adoptivi
2705 1215 2827 1273 Dei.
2869 1216 3023 1271 Tum
3044 1215 3185 1288 quia
3205 1214 3366 1273 inde·
3515 1210 3524 1220 ’

2002 1309 2135 1351 cens
2177 1296 2421 1353 omnino
2445 1301 2551 1364 est,
2580 1295 2732 1369 quod
2761 1296 2909 1352 Deus
2934 1295 3029 1364 sit,
3063 1299 3122 1353 et
3140 1295 3367 1352 dicatur

2003 1380 2183 1447 pater
2205 1376 2535 1448 peccatoris.
2578 1376 2730 1432 Tum
2774 1375 2914 1450 quia
2939 1374 3064 1433 filio
3097 1374 3367 1448 adoptivo

2002 1455 2106 1512 Dei
2130 1455 2369 1514 debetur
2395 1455 2698 1514 haereditas
2722 1460 2938 1514 aeterna
2961 1456 3281 1515 consistens
3300 1458 3366 1514 in

2003 1536 2225 1596 visione
2251 1539 2355 1595 Dei
2381 1539 2445 1595 in
2469 1539 2678 1612 seipso,
2704 1539 2871 1613 juxta
2915 1537 3063 1595 illud
3106 1539 3364 1613 Apostoli

2003 1616 2074 1674 ad
2093 1618 2263 1676 Rom.
2291 1621 2350 1674 8:
2377 1618 2447 1678 Si
2466 1619 2592 1691 filii,
2621 1626 2671 1675 et
2690 1619 2936 1676 haeredes.
2969 1621 3039 1676 Et
3084 1619 3365 1694 peccatori
3380 1622 3537 1665 Rom-8·

2002 1712 2120 1755 non
2147 1697 2387 1756 debetur
2409 1700 2528 1758 haec
2547 1698 2869 1768 haereditas,
2893 1716 3023 1758 cum
3046 1701 3234 1774 potius
3256 1701 3330 1758 ha
3348 1733 3366 1744 ·

2002 1776 2130 1835 beat
2156 1784 2381 1836 reatum
2406 1779 2478 1837 ad
2507 1796 2738 1853 poenam
2757 1785 3051 1849 aeternam,
3075 1798 3201 1855 quae
3225 1797 3366 1839 con-

2001 1859 2153 1915 sistit
2178 1861 2244 1916 in
2270 1861 2528 1918 carentia
2551 1861 2832 1936 praedictae
2851 1862 3132 1919 visionis:
3154 1862 3370 1921 habere

2001 1943 2194 1996 autem
2240 1940 2388 1997 illud
2424 1942 2537 2015 jus,
2569 1946 2627 1998 et
2663 1957 2731 1999 eo
2775 1957 2988 2009 carere,
3031 1944 3126 1999 vel
3153 1942 3368 2001 habere

2002 2026 2226 2078 reatum
2249 2020 2322 2079 ad
2342 2023 2688 2096 oppositum,
2719 2023 3023 2096 implicant
3041 2023 3371 2081 contradic-

2000 2098 2220 2157 tionem
2248 2117 2441 2176 :ergo,
2467 2107 2573 2159 etc.
2597 2101 2792 2160 Minor
2811 2101 2990 2160 etiam
3012 2102 3205 2174 liquet,
3227 2103 3369 2175 quia

1998 2181 2185 2255 gratia
2208 2188 2434 2254 praestat
2452 2182 2602 2239 indis
2610 2180 2983 2255 pensabiliter
3001 2182 3228 2240 homini
3242 2197 3371 2240 esse

1999 2261 2188 2319 filium
2228 2264 2331 2329 Dei
2372 2264 2728 2338 adoptivum,
2770 2265 2935 2339 juxta
2970 2262 3118 2320 illud
3164 2267 3365 2337 Apost.

2001 2341 2127 2401 loco
2154 2344 2360 2410 citato:
2383 2346 2721 2422 Quicumque
2744 2346 2949 2418 spiritu
2969 2344 3074 2401 Dei
3097 2351 3368 2415 ayuntur,

1997 2425 2058 2481 ln·
2076 2433 2205 2482 sunt
2229 2428 2337 2499 filii
2364 2427 2468 2483 Dei
2494 2447 2513 2482 .·
2538 2426 2635 2484 uhi
2663 2427 2904 2486 nomine
2927 2426 3165 2499 spiritus
3186 2425 3372 2485 intel—

1999 2504 2128 2580 ligit
2151 2508 2401 2581 gratiam
2425 2508 2673 2566 interius
2717 2508 2987 2564 diffusam
3013 2551 3028 2575 ,
3059 2513 3122 2563 ut
3146 2510 3371 2565 constat

1997 2601 2072 2643 ex
2094 2587 2287 2645 verbis
2324 2586 2692 2660 sequentihus
2720 2610 2733 2645 ε
2763 2588 2897 2646 Non
2933 2589 3218 2660 accepistis
3243 2587 3369 2659 spi-

1998 2669 2170 2723 ritum
2197 2670 2481 2724 servitutis
2506 2670 2706 2723 iterum
2734 2670 2796 2723 in
2820 2671 3032 2734 timore,
3076 2667 3168 2723 sed
3205 2683 3366 2723 acce-

1997 2748 2160 2820 pistis
2185 2748 2446 2820 spt'ritum
2471 2748 2785 2821 adoptionis
2824 2747 3090 2823 filiorum,
3138 2747 3201 2800 in
3253 2763 3369 2822 quo

1995 2826 2322 2894 clamamus,
2347 2825 2507 2884 Abba
2520 2835 2704 2901 pater:
2730 2828 2841 2900 ipse
2852 2827 3002 2883 enim
3019 2826 3250 2899 spIritus
3260 2832 3365 2881 tes-

1994 2909 2286 2964 timonium
2305 2908 2482 2964 reddit
2501 2911 2730 2983 spiritui
2756 2916 2958 2975 nostro,
2996 2908 3140 2985 quod
3165 2925 3363 2964 sumus

2032 2987 2098 3044 lii
2126 2987 2247 3045 Dei.

1992 2989 2032 3058 fi
2074 3070 2199 3125 129.
2229 3069 2374 3127 Huic
2394 3074 2754 3144 argumento,
2776 3065 3002 3127 relictis
3024 3069 3357 3144 responsio·
3416 3079 3521 3122 nuu-

1993 3147 2171 3206 nibus
2216 3150 2630 3217 Scotistarum,
2660 3150 3086 3216 Nominalium,
3127 3155 3184 3209 et
3209 3149 3359 3207 alio-
3399 3138 3521 3180 ΨΜ

1994 3244 2146 3297 rum,
2175 3230 2276 3303 qui
2306 3228 2692 3304 abjectissime
2729 3230 2800 3287 de
2851 3229 3130 3305 dignitate
3154 3230 3357 3305 gratiae

1990 3314 2314 3377 senserunt,
2363 3317 2422 3369 et
2463 3327 2605 3384 quos
2648 3312 2879 3385 saepius,
2926 3317 2983 3370 et
3026 3311 3356 3385 specialiter

1991 3390 2175 3463 quoad
2203 3407 2455 3464 praesens
2482 3399 2755 3467 punctum
2780 3393 3160 3451 refutavimus
3186 3399 3347 3449 tract.

1985 3474 2210 3545 praeced.
2234 3474 2381 3547 disp.
2403 3476 2460 3541 4,
2489 3474 2618 3532 dub.
2649 3477 2705 3543 2,
2736 3476 2984 3532 occurrit
3010 3474 3204 3533 Curiel
3244 3490 3351 3531 ne·-
3392 3470 3536 3514 ⁰⁰¹⁵&-

1990 3551 2180 3625 gando
2199 3554 2489 3613 minorem
2505 3578 2521 3622 3
2538 3549 2681 3627 ‘quia
2704 3555 2832 3612 licet
2850 3555 3036 3630 gratia
3055 3572 3127 3613 ex
3142 3559 3351 3612 natura

1990 3646 2094 3689 sua
2120 3633 2290 3691 faciat
2316 3634 2614 3693 hominem
2643 3634 2833 3692 filium
2860 3636 2962 3693 Dei
2990 3634 3322 3709 adoptivum
3332 3657 3347 3702 ς

1990 3712 2378 3771 nihilominus
2421 3715 2515 3773 hic
2563 3714 2793 3773 effectus
2827 3720 2913 3773 est
2949 3715 3344 3781 secundarius,

1989 3810 2102 3867 quo
2141 3793 2385 3868 proinde
2411 3795 2634 3869 privari
2662 3796 2834 3864 valet,
2865 3796 3185 3869 praesertim
3214 3810 3348 3851 cum

1989 3875 2449 3933 communicatur
2474 3873 2724 3951 subjecto
2761 3874 3121 3949 indisposito‚
3152 3880 3208 3933 et
3232 3875 3351 3931 im-

1990 3954 2182 4029 pedito
2223 3956 2294 4013 ad
2340 3955 2671 4015 habendum
2699 3958 3034 4031 praedictum
3060 3956 3345 4025 effectum,

1990 4035 2074 4093 uti
2092 4041 2180 4094 est
2206 4044 2482 4110 peccator.

2061 4115 2171 4173 Sed
2197 4117 2319 4175 haec
2348 4118 2642 4192 responsio
2683 4118 2973 4175 refellitur
2997 4118 3296 4176 efficaciter
3328 4122 3535 4173 :conruu-

1987 4198 2262 4272 quoniam
2306 4198 2513 4258 filiatio
2558 4201 2658 4259 Dei
2707 4199 2973 4274 adoptiva
3009 4199 3161 4256 nihil
3184 4199 3345 4257 aliud
3408 4178 3480 4217 ω’·

1986 4285 2091 4348 est,
2120 4297 2295 4354 quam
2323 4282 2659 4357 participata
2684 4282 3009 4341 similitudo
3041 4280 3346 4340 filiationis

1988 4359 2088 4416 Dei
2115 4362 2418 4431 naturalis,
2448 4368 2505 4419 et
2532 4368 2763 4421 aeternae
2795 4382 2809 4417 ε
2840 4379 2976 4439 ergo
3000 4363 3149 4420 sicut
3174 4362 3244 4421 ad
3271 4361 3348 4419 fi-

1988 4441 2288 4501 liationem
2315 4446 2418 4503 Dei
2442 4447 2786 4516 naturalem,
2816 4451 2876 4504 et
2893 4451 3170 4504 aeternam
3193 4446 3345 4503 nihil

1986 4524 2145 4581 aliud
2195 4526 2533 4599 requiritur,
2582 4543 2756 4602 quam
2784 4527 2934 4602 quod
2968 4543 3216 4601 persona
3250 4525 3345 4583 di-

1986 4605 2125 4662 vina
2152 4603 2357 4663 habeat
2382 4611 2651 4665 naturam
2697 4610 2801 4666 Dei
2838 4607 2955 4664 sibi
3001 4608 3343 4672 formaliter,

1985 4693 2042 4745 et
2065 4704 2165 4762 per
2184 4703 2246 4744 se
2264 4691 2769 4758 communicatam,
2795 4695 2858 4747 ut
2880 4708 3012 4749 cum
3045 4689 3347 4749 communi

1986 4769 2406 4843 Theologorum
2431 4772 2719 4828 sententia
2742 4772 3049 4829 statuimus
3083 4774 3145 4827 in
3179 4777 3344 4828 tract.

1985 4851 2050 4906 de
2080 4849 2282 4908 Trinit.
2312 4852 2457 4925 disp.
2478 4854 2533 4921 2,
2557 4851 2686 4909 dub.
2712 4853 2767 4920 2,
2801 4853 2883 4909 ita
2902 4852 2975 4910 ad
3000 4850 3348 4910 filiationem

1985 4931 2496 5004 adoptivamnihil
2516 4933 2675 4991 aliud
2698 4935 3034 5008 requiritur,
3063 4934 3179 4992 nisi
3194 4933 3346 5010 quod
3484 4937 3489 4952 '

1987 5031 2230 5088 persona
2278 5019 2391 5075 Deo
2423 5025 2700 5076 extranea
2738 5019 2977 5093 recipiat
3016 5019 3346 5080 formaliter
3473 4955 3539 5306 k

3272 5101 3344 5159 ab

3521 5317 3553 5511 j
