3647 5753
280 1826 453 1869 Praeclu-

308 1876 432 1919 ditur.

487 425 585 479 105
721 435 726 442 ‘
1505 418 1596 471 DE
1636 415 1908 471 GRATIA
1946 415 2288 471 EFFICACI.

482 600 737 655 nientem
789 619 801 652 :
830 596 1028 653 dicunt
1057 602 1249 652 tamen
1281 597 1457 652 Deum
1485 609 1552 650 eo
1578 591 1842 649 dominio

482 697 598 737 non
649 681 729 735 uti
759 680 821 735 in
866 678 1071 736 ordine
1104 676 1175 733 ad
1219 676 1580 748 operationes
1627 674 1844 730 liberas

483 779 582 835 per
604 762 822 818 auxilia
849 778 920 819 ex
945 776 1024 825 se,
1050 765 1106 817 et
1133 758 1203 815 ab
1225 758 1539 814 intrinseco
1565 755 1840 822 efficacia;

480 843 577 900 sed
604 859 702 916 per
725 842 943 897 auxilia
970 857 1040 897 ex
1062 857 1122 896 se
1150 838 1562 902 indifferentia,
1588 852 1846 894 connexa

484 940 622 980 vero
643 939 772 978 cum
796 922 1130 995 operatione
1149 935 1218 976 ex
1245 918 1638 991 suppositione
1669 933 1846 990 praes-

483 1007 706 1062 cientiae
736 1004 955 1061 mediae.
990 1005 1056 1058 Et
1088 1001 1369 1059 rationem
1403 1001 1668 1068 reddunt,
1702 1015 1838 1072 quo·

487 1089 646 1143 niam
694 1086 950 1158 implicat
996 1085 1057 1139 in
1108 1083 1393 1148 terminiS,
1444 1088 1507 1138 ut
1552 1089 1705 1137 actus
1751 1078 1850 1136 fiat

486 1166 689 1230 libere,
739 1171 794 1221 et
841 1179 956 1220 non
989 1178 1090 1235 per
1118 1161 1403 1235 principia
1432 1159 1844 1225 indifferentia,

485 1246 582 1303 sed
635 1263 733 1318 per
757 1285 760 1288 -
783 1244 1002 1301 auxilia
1027 1259 1098 1300 ex
1122 1258 1205 1306 se,
1235 1248 1291 1298 et
1337 1240 1407 1297 ab
1436 1241 1750 1297 intrinseco
1777 1238 1848 1296 ad

489 1342 670 1382 unuin
699 1324 1100 1381 determinata.
1128 1320 1293 1377 L'nde
1321 1323 1412 1377 vel
1436 1325 1581 1378 Deus
1604 1335 1720 1376 non
1745 1321 1851 1375 ha-

491 1407 578 1462 bet
603 1404 925 1462 absolutum
949 1403 1275 1460 dominium
1304 1418 1477 1473 supra
1495 1401 1849 1457 voluntatem

487 1493 736 1544 creatam
786 1487 849 1542 in
878 1485 1083 1543 ordine
1111 1483 1180 1541 ad
1226 1484 1588 1556 operationes
1614 1481 1845 1546 liberas,

489 1565 638 1638 quod
684 1572 768 1623 est
815 1564 1127 1622 absurdum
1150 1587 1163 1630 ;
1211 1564 1304 1621 vel
1334 1562 1479 1618 illud
1524 1561 1851 1618 dominium

492 1647 660 1705 habet
691 1653 751 1703 ut
795 1645 1194 1721 exequendum
1242 1657 1344 1718 per
1371 1644 1592 1701 auxilia
1622 1642 1852 1699 indiffe-

494 1730 704 1786 rentia,

568 1811 847 1865 Caeterum
891 1822 1076 1880 neque
1105 1808 1212 1862 ista
1241 1804 1535 1878 responsio
1559 1801 1846 1867 satisfacit,

495 1907 596 1947 nec
641 1888 1016 1962 distinguitur
1063 1888 1249 1960 reipsa
1303 1902 1336 1942 a
1384 1882 1846 1957 praecedentibuS,

494 1977 660 2044 atque
683 1969 807 2026 ideo
830 1967 1077 2026 obnoxia
1099 1972 1295 2023 manet
1314 1966 1530 2022 eisdem
1551 1965 1854 2037 impugna·

496 2052 764 2110 tionibus.
814 2054 960 2108 Nam
1015 2052 1074 2106 in
1117 2051 1320 2121 primis
1361 2063 1696 2119 supremum
1751 2044 1849 2101 Dei

491 2132 818 2190 dominium
840 2147 1014 2203 supra
1045 2129 1394 2186 voluntatem
1418 2132 1664 2182 creatam
1687 2124 1854 2182 debet

492 2214 656 2269 illam
678 2212 789 2267 sibi
821 2210 1064 2284 perfecte
1086 2208 1365 2283 suincere
1383 2213 1408 2262 ἐ
1436 2205 1534 2262 sed
1557 2209 1705 2262 Deus
1725 2220 1852 2261 me-

490 2294 601 2349 diis
618 2293 850 2349 auxiliis
871 2308 940 2348 ex
961 2306 1022 2346 se
1045 2286 1507 2345 indifferentibus
1529 2285 1851 2359 nequitsibi

492 2377 736 2448 perfecte
762 2374 1042 2447 subjicere
1082 2372 1457 2435 voluntatem,
1490 2384 1618 2425 cum
1664 2368 1851 2440 potius

492 2459 609 2514 haec
656 2456 873 2513 auxilia
918 2452 1298 2526 subjiciantur
1344 2449 1645 2516 voluntati,
1697 2454 1754 2504 et
1780 2446 1851 2504 ab

491 2537 591 2592 illa
614 2535 1074 2591 determinentur
1104 2549 1117 2584 :
1144 2547 1278 2605 ergo
1305 2531 1396 2586 vel
1427 2532 1572 2586 Deus
1599 2545 1715 2586 non
1743 2528 1852 2583 ha·-

490 2618 581 2675 het
604 2617 925 2674 absolutum
948 2613 1274 2671 dominium
1296 2627 1470 2683 supra
1495 2612 1848 2667 voluntatem

389 2757 398 2767 ,
489 2703 758 2761 creatam,
791 2697 881 2753 vel
925 2697 1107 2767 potest
1131 2707 1258 2748 eam
1287 2691 1574 2763 applicare
1600 2689 1670 2746 ad
1714 2706 1850 2762 pro-

277 3196 327 3235 D.
350 3190 452 3234 Tho.

489 2779 646 2852 prias
669 2777 1028 2851 operationes
1056 2772 1266 2830 liberas
1296 2788 1398 2844 per
1424 2772 1644 2828 auxilia
1671 2787 1740 2827 ex
1766 2787 1844 2838 se,

487 2868 542 2919 et
572 2860 641 2918 ab
671 2859 982 2916 intrinseco
1005 2855 1267 2914 efficacia.
1296 2855 1499 2911 Deinde
1519 2853 1848 2911 dominium

486 2956 822 3015 supremum
852 2938 951 2995 Dei
974 2937 1242 3010 exposcit,
1275 2941 1337 2991 ut
1362 2939 1509 2992 Deus
1537 2936 1600 2991 in
1628 2935 1687 2992 vi
1714 2951 1851 2991 cau-

486 3023 727 3079 salitatis
754 3023 1085 3093 assequatur
1123 3017 1369 3081 effectus,
1400 3032 1540 3090 quos
1564 3016 1709 3081 vult,
1761 3015 1852 3071 t'a-

486 3101 685 3160 ciendo
707 3104 1061 3159 voluntatem
1090 3098 1292 3165 facere,
1327 3103 1387 3152 ut
1408 3096 1544 3152 satis
1571 3095 1850 3167 expressit

488 3184 551 3238 D.
578 3181 781 3238 Thom.
817 3181 862 3243 l,
888 3184 1074 3234 contra
1102 3183 1299 3247 pentes,
1332 3192 1453 3247 cap.
1487 3176 1580 3239 68,
1607 3172 1806 3229 dicens
1835 3193 1848 3229 :

494 3288 518 3315 t(
564 3259 916 3326 Dominium,
959 3255 1109 3330 quod
1154 3256 1325 3312 habet
1369 3255 1637 3312 voluntas
1676 3268 1851 3326 supra

494 3368 518 3397 «
561 3359 690 3400 suos
720 3347 890 3409 actuS,
924 3355 1026 3413 per
1058 3336 1207 3412 quod
1232 3338 1295 3392 in
1321 3337 1443 3411 ejus
1472 3340 1745 3408 potestate
1767 3339 1852 3391 est

493 3448 518 3478 «
561 3425 729 3492 velle,
760 3421 1007 3480 excludit
1035 3417 1581 3477 determinationem
1612 3416 1851 3472 virtutis

494 3529 518 3558 «
563 3505 632 3562 ad
677 3520 871 3570 unum,
913 3507 969 3559 et
995 3499 1334 3556 violentiam
1362 3512 1544 3555 causae
1595 3497 1852 3553 exterius

496 3609 520 3638 «
565 3585 813 3659 agentis;
842 3598 955 3639 non
984 3586 1182 3636 tamen
1211 3577 1462 3635 excludit
1485 3576 1851 3632 influentiam

498 3688 520 3717 «
565 3663 878 3738 superioris
922 3676 1124 3725 causae,
1177 3674 1209 3714 a
1236 3674 1347 3731 qua
1394 3662 1479 3714 est
1525 3658 1579 3713 ei
1627 3671 1765 3735 esse,
1796 3660 1853 3712 et

498 3768 523 3799 «
566 3744 794 3819 operari
852 3764 866 3798 ε
913 3745 970 3798 et
1014 3740 1095 3796 sic
1142 3743 1402 3796 remanet
1426 3736 1749 3793 ·causalitas
1789 3736 1853 3791 in

500 3850 523 3879 (ι
567 3842 734 3883 causa
758 3824 965 3897 prima,
998 3836 1121 3895 quae
1146 3825 1231 3876 est
1258 3822 1423 3886 DeuS,
1453 3822 1706 3890 respectu
1735 3830 1856 3872 mo-

498 3930 522 3961 «
569 3915 731 3963 tuum
777 3904 1109 3962 voluntatis.
1145 3922 1170 3953 »
1203 3901 1410 3974 Nequit
1458 3905 1647 3956 autem
1677 3899 1854 3955 intel-

494 3989 617 4063 ligi,
668 3984 816 4061 quod
846 3989 1005 4053 DeuS,
1039 3990 1100 4039 ut
1124 3996 1445 4055 supremuS,
1477 3984 1535 4036 et
1565 3978 1855 4036 absolutus

495 4069 773 4125 Dominus
815 4064 1125 4122 voluntatis
1158 4067 1377 4125 creatae,
1422 4062 1751 4132 assequatur
1791 4059 1854 4114 in

498 4148 556 4203 vi
580 4148 852 4211 influxus,
877 4150 933 4201 et
951 4140 1302 4200 causalitatis
1322 4138 1681 4211 operationes
1700 4153 1856 4194 crea·

499 4235 583 4286 tas
625 4227 853 4291 liberaS,
898 4224 1012 4280 nisi
1059 4220 1282 4288 influat,
1313 4226 1369 4276 et
1393 4223 1582 4275 causet
1625 4217 1853 4275 easdem

499 4310 859 4385 operationes
888 4322 988 4380 per
1010 4301 1219 4368 media,
1263 4302 1387 4357 sive
1415 4299 1636 4355 auxilia
1665 4298 1735 4356 ab
1757 4300 1855 4355 in-

497 4393 745 4446 trinseco
765 4385 1027 4444 efficacia.
1061 4386 1207 4439 Nam
1238 4382 1340 4436 illa
1360 4396 1485 4452 quae
1512 4377 1855 4436 indifferen-

496 4475 578 4530 tia
598 4488 670 4529 ex
696 4487 757 4527 se
782 4473 934 4535 sunt,
968 4481 1083 4524 non
1106 4466 1534 4539 conjunguntur
1563 4462 1857 4518 infallibi-

497 4554 631 4610 liter
650 4568 780 4609 cum
807 4550 1006 4608 effectu
1033 4562 1104 4603 ex
1131 4545 1186 4601 vi
1216 4544 1492 4610 influxus,
1525 4548 1581 4600 et
1608 4543 1855 4599 causali-

498 4636 646 4700 tatis,
668 4632 765 4690 sed
786 4636 1012 4688 tantum
1027 4645 1099 4686 ex
1113 4626 1504 4701 suppositione
1520 4624 1853 4681 accidentali

497 4714 864 4789 praescientiae
890 4712 1070 4785 ipsius
1089 4707 1441 4782 operationis
1464 4704 1856 4762 conditionate

497 4798 721 4852 futuras.
772 4792 938 4849 Unde
963 4790 1162 4850 eadem
1191 4787 1410 4846 auxilia
1456 4787 1521 4843 in
1562 4787 1678 4843 alio
1705 4790 1855 4843 tem-

498 4895 651 4953 pore,
677 4878 772 4934 vel
792 4875 1084 4934 occasione
1106 4872 1437 4947 praedictum
1453 4870 1713 4928 effectum
1737 4885 1856 4927 non

496 4962 898 5031 assequuntur,
923 4954 1020 5013 sed
1038 4955 1393 5011 frustrantur
1415 4967 1516 5026 per
1542 4951 1856 5008 voluntatis

497 5039 895 5099 renitentium.
944 5039 1091 5113 Ergo
1137 5034 1358 5093 auxilia
1400 5049 1473 5092 ex
1516 5048 1577 5090 se
1622 5031 1858 5090 indiffe-

1974 592 2181 660 rentia,
2229 597 2285 649 et
2328 595 2516 651 solum
2563 592 2805 650 efficacia
2850 609 2921 650 ex
2971 590 3331 666 praescientia

1972 678 2228 738 eventus,
2275 675 2522 731 minime
2565 672 2855 730 sufficiunt
2880 673 2949 730 ad
2990 669 3338 729 salvandum

1973 769 2337 825 supremum,
2387 759 2443 811 et
2490 753 2815 812 absolutum
2860 753 3189 811 dominium
3239 751 3339 807 Dei

1975 851 2149 905 supra
2177 834 2533 891 voluntatem
2562 841 2833 890 creatam.
2873 833 3116 890 Tandem
3148 848 3217 889 ex
3238 848 3339 887 su·

1979 931 2175 989 premo
2201 917 2299 973 Dei
2322 915 2601 983 dominio,
2623 933 2733 989 quo
2758 917 2939 991 magis
2961 914 3130 972 habet
3151 915 3214 971 in
3235 931 3341 970 sua

1978 1002 2252 1070 potestate
2280 997 2584 1055 hominum
2632 999 2973 1066 voluntates,
3025 1013 3196 1071 quam
3229 997 3338 1069 ipsi

1978 1096 2127 1146 suas,
2162 1080 2340 1138 infert
2362 1082 2730 1155 Augustinus,
2761 1079 2908 1154 quod
2939 1080 3116 1153 possit
3143 1079 3339 1136 homi-

1981 1178 2114 1219 nem
2142 1168 2474 1220 convertere
2511 1162 2761 1236 quande,
2791 1161 3092 1236 quomode,
3143 1168 3199 1219 et
3240 1161 3337 1217 uhi

1980 1243 2248 1300 voluerit.
2274 1245 2445 1317 idque
2464 1245 2603 1301 satis
2618 1245 2797 1317 liquet
2820 1245 2881 1300 in
2899 1245 3019 1317 ipsa
3041 1244 3338 1300 voluntate
3392 1283 3396 1289 -

1981 1329 2188 1391 creata,
2236 1341 2362 1398 quae
2408 1326 2542 1399 quia
2567 1330 2652 1382 est
2676 1325 2913 1382 domina
2957 1340 3193 1381 suorum
3243 1340 3339 1380 ac-

1983 1410 2164 1471 tuum,
2200 1410 2380 1476 potest
2405 1422 2465 1462 se
2492 1404 2888 1462 determinare
2920 1403 3167 1477 quando,
3195 1420 3341 1477 quo-

1981 1483 2169 1551 modo,
2201 1490 2257 1542 et
2285 1484 2380 1541 ubi
2408 1487 2549 1552 vult,
2576 1485 2718 1558 quin
2740 1485 2810 1541 ad
2834 1485 2938 1542 hoc
2966 1484 3339 1558 praerequirat

1981 1582 2051 1623 ex
2082 1573 2241 1639 parte
2266 1584 2366 1624 sua
2391 1567 2742 1624 anteriorem
2772 1566 3333 1630 determinationem,

1984 1647 2072 1703 vel
2103 1648 2524 1720 praescientiam
2545 1651 2784 1704 eventus
2806 1647 3005 1715 futuri,
3034 1653 3094 1703 ut
3114 1662 3185 1703 ex
3204 1648 3343 1702 Sua·

1985 1728 2071 1784 rio
2098 1727 2352 1785 vidimus
2378 1729 2504 1784 dub.
2530 1728 2752 1801 praeced.
2784 1731 2816 1798 ς
2850 1729 2886 1783 4
2907 1735 2955 1783 et
2983 1730 3037 1783 5.
3072 1729 3220 1802 Ergo
3245 1728 3337 1783 vel

1985 1811 2130 1864 Deus
2160 1824 2277 1866 non
2306 1809 2474 1867 habet
2515 1810 2718 1884 majus,
2752 1814 2848 1863 aut
2892 1810 3095 1865 saltem
3125 1809 3342 1881 aequale

1983 1890 2331 1957 dominium,
2358 1893 2448 1949 vel
2472 1898 2649 1964 potest
2667 1889 3119 1964 independenter
3141 1889 3211 1947 ab
3227 1891 3342 1947 alia

1984 1974 2262 2031 anteriori
2306 1973 2679 2047 praescientia,
2728 1979 2785 2030 et
2810 1973 3199 2030 conditionata
3243 1971 3349 2029 de-

1983 2055 2396 2113 terminatione
2419 2056 2773 2111 voluntatem
2795 2061 3044 2112 creatam
3069 2054 3138 2112 ad
3166 2070 3345 2129 agen-

1983 2136 2123 2193 dum
2169 2134 2558 2192 determinare
2588 2154 2599 2187 :
2628 2135 2730 2191 hoc
2769 2141 2961 2192 autem
2986 2136 3203 2193 salvari
3239 2152 3346 2192 ne-

1981 2216 2124 2290 quit,
2157 2216 2269 2272 nisi
2300 2215 2505 2272 influat
2553 2230 2652 2287 per
2680 2215 2898 2273 auxilia
2926 2215 2996 2273 ab
3026 2217 3342 2274 intrinseco

1982 2297 2227 2354 efficacia
2254 2317 2267 2352 :
2291 2312 2355 2353 er
2393 2311 2444 2362 ο,
2469 2301 2574 2352 etc.

2066 2373 2183 2426 159.
2231 2373 2345 2427 Con
2398 2375 2618 2426 rmatur
2660 2369 2848 2443 primo
2903 2369 3216 2428 refellendo
3244 2386 3342 2427 re·
3374 2399 3531 2441 Perre-

1982 2467 2211 2507 cursum
2241 2448 2310 2506 ad
2338 2449 2637 2506 scientiam
2678 2448 2950 2514 mediam,
2999 2456 3059 2507 ut
3084 2451 3339 2506 salvetur
3370 2457 3535 2538 5⁰¹⁵?OE

1980 2548 2315 2605 supremum
2333 2531 2430 2587 Dei
2448 2530 2773 2588 dominium
2791 2547 2965 2603 supra
2982 2532 3336 2588 voluntatem
3351 2507 3468 2589 {12:31⁰
3470 2506 3559 2590 ¹321

1981 2618 2247 2669 creatam.
2299 2612 2581 2675 Quoniam
2612 2607 2680 2666 ad
2722 2626 3059 2683 supremum
3087 2612 3185 2668 Dei
3232 2596 3563 2689 do-gfflgffiu

1983 2692 2233 2748 minium
2273 2696 2502 2764 spectat,
2542 2696 2604 2746 ut
2633 2690 2782 2746 nihil
2812 2691 3103 2766 contingat
3129 2690 3340 2764 absque
3379 2704 3555 2752 surrex

1981 2772 2212 2829 licentia
2239 2774 2322 2843 (ut
2342 2772 2421 2827 sic
2448 2770 2724 2842 dicamus)
2754 2772 2875 2839 Dei,
2920 2773 3010 2829 vel
3038 2788 3105 2829 eo
3132 2772 3340 2830 incon-
3353 2746 3557 2851 manage·

1980 2853 2144 2916 sulto,
2175 2857 2230 2910 et
2256 2867 2372 2908 non
2401 2851 2738 2925 disponente
2776 2850 2909 2910 :sed
2929 2867 2997 2910 eo
3019 2853 3160 2925 ipso,
3186 2853 3337 2926 quod
3384 2854 3513 2887 ‘¹¹⁰⁰‘-

1981 2934 2317 2990 admittatur
2343 2933 2581 2990 scientia
2621 2933 2830 3002 media,
2864 2934 3080 3007 aliquid
3107 2936 3340 2992 contin·
3381 3004 3384 3007 ι

1980 3015 2062 3089 git
2089 3013 2298 3086 absque
2339 3014 2438 3069 Dei
2469 3013 2719 3078 licentia,
2764 3014 2887 3087 ipso
2915 3014 3256 3082 inconsulto,
3283 3022 3342 3072 et

1981 3094 2132 3150 nihil
2155 3094 2516 3167 disponente:
2538 3109 2673 3167 ergo
2695 3111 2995 3167 perperam
3021 3096 3344 3153 recurritur

1982 3175 2050 3232 ad
2091 3176 2390 3233 scientiam
2431 3174 2704 3242 mediam,
2740 3182 2799 3232 ut
2841 3178 3097 3235 salvetur
3136 3196 3346 3253 supre-

1981 3273 2143 3312 mum
2170 3257 2270 3312 Dei
2293 3255 2639 3321 dominium,
2672 3271 2801 3311 cum
2831 3258 3015 3329 potius
3039 3275 3139 3331 per
3165 3261 3343 3316 talem

1980 3337 2281 3394 scientiam
2303 3337 2648 3394 destruatur.
2686 3339 2870 3412 Major
2897 3345 2981 3396 est
3005 3345 3173 3410 certa,
3197 3358 3347 3415 quo-

1983 3418 2154 3474 niam.
2172 3418 2318 3474 sicut
2339 3417 2664 3479 dominium
2689 3417 2751 3474 in
2777 3434 2987 3493 genere
3009 3420 3167 3492 petit,
3193 3422 3345 3495 quod

1982 3496 2241 3555 subditus
2267 3499 2330 3555 in
2357 3515 2439 3565 eo,
2473 3499 2535 3554 in
2562 3515 2673 3572 quo
2698 3498 2957 3557 subditus
2982 3506 3085 3567 est,
3117 3514 3178 3559 se
3205 3503 3347 3559 sub-

1977 3580 2138 3654 jiciat
2183 3578 2546 3651 dispositioni
2575 3580 2907 3652 superioriS,
2951 3586 3100 3640 eteo
3140 3583 3348 3640 incon-

1982 3662 2132 3717 sulto
2154 3675 2270 3716 non
2293 3665 2418 3734 agat
2445 3680 2458 3715 ε
2489 3660 2569 3716 ita
2609 3660 3110 3732 perfectissimum,
3155 3667 3212 3720 et
3241 3664 3347 3721 ab·

1982 3740 2401 3798 solutissimum
2443 3739 2541 3796 Dei
2570 3739 2898 3798 dominium
2926 3758 3099 3815 super
3143 3746 3343 3803 omnia

1983 3821 2140 3878 entia
2178 3826 2366 3877 ereata
2398 3821 2589 3894 poscit,
2629 3826 2691 3876 ut
2718 3822 2867 3878 nihil
2897 3822 3112 3881 accidat
3139 3830 3347 3897 praeter

1984 3901 2085 3957 Dei
2134 3900 2446 3966 licentiam,
2495 3906 2552 3958 et
2591 3901 3047 3974 dispositionem,
3099 3911 3156 3960 et
3197 3907 3346 3977 quod

1984 3981 2182 4038 omnia
2228 3980 2586 4055 dependeant
2612 3982 2682 4039 ab
2726 3983 2847 4057 ejus
2893 3985 3206 4051 voluntate,
3255 3988 3348 4042 vel

1986 4062 2327 4135 imperante,
2361 4064 2454 4120 vel
2495 4065 2885 4136 permittente.
2934 4066 3129 4123 Minor
3158 4066 3345 4123 ‘etiam

1985 4143 2163 4216 liquet
2195 4166 2208 4209 ;
2240 4158 2377 4199 nam
2418 4142 2671 4202 admissa
2694 4145 2932 4202 scientia
2977 4144 3185 4214 media,
3240 4162 3351 4203 ne·

1984 4224 2230 4282 cessario
2257 4224 2680 4283 concedendum
2708 4233 2813 4294 est,
2862 4226 3011 4299 quod
3039 4233 3172 4286 ante
3215 4245 3351 4286 om-

1987 4320 2119 4361 nem
2162 4305 2477 4372 licentiam,
2502 4311 2558 4363 et
2595 4307 3030 4380 dispositionem
3080 4309 3179 4366 Dei
3206 4325 3349 4367 con-

1984 4402 2184 4444 sensus
2224 4390 2516 4454 creaturae,
2580 4389 2677 4461 qui
2723 4404 2794 4446 ex
2838 4405 2902 4446 se
2952 4395 3176 4446 tantum
3224 4398 3350 4448 erat

1987 4466 2295 4540 possibiliS,
2319 4473 2568 4526 transeat
2582 4469 2646 4526 in
2661 4468 3045 4527 conditionate
3061 4471 3347 4539 futurum;

1985 4555 2042 4606 et
2066 4547 2214 4622 quod
2236 4548 2538 4624 objectum,
2583 4550 2731 4624 quod
2759 4566 2831 4608 ex
2849 4567 2912 4609 se
2939 4568 3056 4610 non
3083 4559 3208 4610 erat
3243 4552 3350 4611 de-

1985 4628 2295 4686 terminate
2317 4645 2542 4695 verum,
2571 4628 2671 4687 fiat
2695 4646 2894 4687 verum
2922 4630 3306 4689 determinate
3334 4657 3347 4697 ;

1987 4708 2130 4764 alias
2168 4706 2451 4782 objectum
2477 4709 2732 4767 scientiae
2759 4710 2964 4768 mediae
2990 4728 3106 4769 non
3136 4727 3353 4785 praece-

1985 4787 2147 4845 deret
2185 4804 2358 4848 omne
2385 4789 2675 4847 decretum
2704 4792 2824 4858 Dei,
2855 4782 3091 4865 sed'ipsi
3129 4792 3351 4849 innite-

1990 4875 2185 4935 retur;
2226 4875 2283 4927 et
2329 4870 2410 4927 ita
2436 4886 2554 4928 non
2581 4876 2727 4929 esset
2772 4870 3054 4947 objectum
3097 4872 3354 4931 scientiae

1987 4947 2209 5016 mediae,
2253 4950 2352 5007 sed
2378 4951 2631 5009 scientiae
2678 4951 2920 5009 omnino
2959 4952 3175 5021 liberas,
3227 4959 3347 5010 tam

1986 5030 2314 5108 subjective,
2365 5048 2537 5105 quam
2565 5032 2882 5109 objective:
2928 5033 3077 5110 quod
3103 5034 3352 5094 destruit

3217 5117 3355 5175 talis
