3647 5753
287 3974 460 4017 Conclu-

320 4023 399 4067 sto.
488 4036 735 4109 impium
765 4037 834 4093 ad
860 4039 1106 4111 gratiam
1146 4040 1553 4113 justificantem
1580 4056 1701 4097 esse
1721 4039 1843 4096 dis-

271 4689 392 4733 Joau.
414 4704 438 4735 a

252 4738 608 4841 ffissssffdssp.
654 4769 708 4835 5,
758 4775 866 4826 art.
918 4771 966 4824 2.
1018 4770 1252 4826 Arauxo
1299 4772 1343 4836 1,
1377 4772 1431 4838 2,
1472 4776 1653 4847 quast.
1704 4771 1827 4835 112,

276 5031 391 5075 (ione
400 5039 424 5077 l.

477 453 587 509 608
1152 453 1242 507 DE
1281 446 1888 507 DISPOSITIONIBUS
1926 446 2021 500 AD
2059 436 2720 498 JUSTIFICATIONEM.

481 627 609 681 litas
638 626 869 699 physica
890 633 1006 693 est;
1030 633 1086 684 et
1106 633 1301 685 tamen
1328 629 1514 685 solum
1537 623 1839 683 moraliter

480 714 688 764 movet.
717 710 782 762 Et
802 725 833 765 e
855 725 1150 776 converso,
1166 708 1314 783 quod
1338 710 1558 766 morale
1579 711 1679 772 est,
1696 706 1842 761 solet

384 821 385 824 =
479 790 711 865 physice
730 807 967 849 causare
992 813 1005 848 :
1030 792 1176 848 sicut
1214 791 1441 848 malitia
1468 790 1677 864 peccati
1703 803 1842 862 gra-

478 872 565 928 vis
587 878 671 928 est
697 873 833 945 quid
859 875 1099 940 morale,
1120 881 1177 930 et
1199 874 1584 931 nihilominus
1604 869 1843 944 expellit

477 953 708 1026 physice
741 955 1010 1028 gratiam,
1037 960 1099 1011 ut
1126 954 1379 1011 diximus
1424 961 1584 1010 tract.
1616 950 1838 1026 praeced.

474 1035 616 1106 disp.
642 1036 695 1100 2,
725 1034 851 1089 dub.
885 1036 937 1091 3.
970 1036 1148 1092 Porro
1171 1034 1475 1092 diversitas
1517 1034 1671 1090 inter
1711 1047 1842 1089 mo-

476 1118 616 1173 dum
644 1117 915 1174 causandi
947 1117 1199 1192 physice,
1231 1123 1288 1175 et
1313 1117 1582 1174 causandi
1612 1114 1844 1189 praecise

476 1200 808 1267 moraliter,
855 1198 918 1253 in
959 1213 1026 1254 eo
1081 1198 1362 1271 praecipue
1420 1200 1639 1264 elucet,
1692 1193 1844 1269 quod

476 1295 643 1335 causa
670 1294 908 1335 causans
932 1279 1237 1335 moraliter
1265 1294 1383 1336 non
1408 1284 1601 1336 causat
1627 1278 1862 1333 imme-.

477 1362 629 1419 diate
649 1378 818 1418 suum
839 1361 1123 1427 effectum,
1155 1361 1254 1419 sed
1283 1361 1472 1420 medio
1502 1360 1722 1418 influxu
1753 1360 1845 1416 al·-

476 1445 656 1502 terius
695 1460 896 1510 causae,
930 1460 1104 1517 quam
1147 1444 1345 1516 allicit,
1378 1450 1434 1501 et
1483 1444 1749 1510 solicitat,
1783 1448 1847 1499 ut

476 1524 736 1582 effectum
760 1524 1010 1591 inducat,
1040 1529 1099 1579 ut
1127 1528 1278 1597 patet
1306 1525 1366 1580 in
1387 1523 1673 1589 suasione,
1703 1539 1845 1582 con-

382 1665 387 1670 ,
478 1608 629 1675 sili0,
657 1614 710 1664 et
733 1607 961 1664 meritis
987 1606 1334 1680 comparatis
1369 1606 1438 1663 ad
1471 1606 1753 1672 effectum,
1779 1606 1844 1662 in

480 1705 650 1760 quem
668 1689 955 1760 praecipue
976 1686 1326 1745 ordinantur
1353 1712 1366 1744 ι
1388 1693 1622 1744 causant
1636 1687 1845 1761 quippe

483 1770 648 1824 illum
679 1768 985 1827 alliciendo
1013 1771 1217 1838 alium,
1251 1775 1313 1825 ut
1354 1767 1624 1842 producat
1674 1768 1847 1825 effec-

482 1857 623 1914 tum,
652 1851 742 1906 vel
770 1851 1089 1907 terminum
1119 1851 1408 1907 intentum
1437 1849 1842 1908 communicet.

483 1931 782 2003 Oppositus
805 1937 995 1988 autem
1039 1930 1418 1988 concurrendi
1448 1929 1651 1987 modus
1676 1946 1846 1988 cons-

481 2013 636 2068 tituit
678 2028 907 2070 causam
957 2012 1272 2087 physicam,
1306 2009 1534 2084 quando
1579 2010 1848 2069 videlicet

483 2092 815 2150 immediate
844 2093 907 2149 in
953 2111 1054 2151 suo
1092 2108 1302 2167 genere
1347 2097 1538 2149 causat
1581 2092 1845 2149 effectum

486 2193 583 2249 per
613 2174 690 2241 id,
717 2175 866 2249 quod
892 2175 1059 2233 habet
1090 2178 1153 2232 in
1181 2176 1368 2248 seipsa
1401 2197 1415 2232 ε
1440 2176 1572 2233 licet
1600 2189 1717 2231 non
1743 2191 1849 2233 ex-

483 2255 670 2314 cludat
710 2257 1082 2319 consortium,
1113 2263 1169 2314 et
1214 2272 1552 2313 concursum
1595 2256 1846 2313 aliarum

486 2356 806 2404 causarum,
853 2355 977 2413 quae
1023 2338 1092 2396 ad
1133 2340 1395 2396 effectum
1445 2339 1844 2413 requiruntur.

490 2422 555 2474 Et
583 2421 685 2475 hoc
714 2427 872 2492 pacto
900 2422 1144 2477 materia
1171 2426 1255 2476 est
1276 2436 1444 2477 causa
1473 2421 1707 2495 physica
1734 2420 1848 2476 for-

488 2516 598 2555 mae
622 2501 959 2566 materialis,
990 2517 1159 2573 quam
1184 2518 1285 2573 per
1311 2501 1677 2574 semetipsam
1700 2501 1849 2558 reci-

490 2580 614 2651 pit:
665 2580 852 2636 forma
898 2585 981 2636 est
1022 2598 1189 2637 causa
1233 2581 1467 2655 physica
1525 2580 1843 2654 compositi,

487 2662 619 2733 quia
644 2678 743 2734 per
763 2664 1128 2735 semetipsam
1153 2662 1300 2718 illud
1321 2664 1613 2719 constituit
1650 2684 1663 2719 ε
1691 2664 1849 2719 calor

487 2748 570 2798 est
596 2758 761 2798 causa
786 2743 1019 2816 physica
1047 2743 1403 2815 dispositiva,
1436 2742 1566 2816 qaia
1613 2759 1715 2816 per
1753 2759 1850 2799 se-

490 2826 792 2898 metipsam
841 2829 1013 2898 aptat,
1049 2830 1105 2882 et
1151 2826 1406 2901 disponit
1439 2827 1746 2883 materiam
1776 2825 1849 2884 ad

492 2907 739 2964 formam
769 2908 952 2981 ignis;
976 2912 1033 2965 et
1070 2908 1222 2983 ignis
1271 2918 1355 2965 est
1394 2926 1561 2967 causa
1614 2910 1848 2985 physica

491 2986 747 3044 effectiva
777 2988 983 3045 caloris
1013 2989 1074 3045 in
1106 2991 1279 3064 ligno,
1307 2991 1439 3063 quia
1462 3007 1563 3063 per
1583 2992 1849 3065 semctip-

491 3085 617 3124 sum
649 3070 782 3145 agit,
814 3075 869 3126 et
904 3069 1161 3143 producit
1198 3071 1469 3128 calorem.
1498 3076 1667 3129 Juxta
1695 3073 1848 3130 hunc

492 3152 668 3224 igitur
690 3151 990 3208 diversum
1019 3152 1300 3210 influendi
1336 3153 1572 3211 modum
1603 3155 1848 3211 investi-

484 3248 620 3305 gare
648 3238 886 3305 oportet,
912 3249 1024 3305 quo
1064 3241 1222 3307 pacto
1249 3242 1403 3292 actus
1425 3236 1608 3292 nostri
1632 3234 1702 3292 ad
1720 3236 1846 3309 jus-

483 3313 850 3373 tificationem
899 3316 1210 3390 disponant
1240 3342 1253 3375 ι
1305 3318 1521 3391 alioqui
1574 3318 1841 3385 dubium,

482 3395 630 3467 quod
659 3394 727 3452 de
757 3413 817 3454 re
844 3402 947 3466 est,
972 3413 1276 3472 perperam
1302 3399 1551 3455 trahitur
1574 3398 1643 3455 ad
1664 3400 1847 3473 aequi-

486 3477 842 3535 vocationem
871 3496 1094 3537 vocum.

1109 3644 1225 3712 §1-

603 3793 815 3849 Decisio
840 3795 995 3850 dubii
1014 3813 1085 3851 ea:
1103 3798 1367 3852 sentientia
1395 3795 1467 3854 D.
1501 3796 1728 3854 Tkomae.

570 3958 689 4012 106.
738 3957 1047 4014 Dicendum
1092 3958 1195 4026 est,
1253 3966 1406 4016 actus
1460 3964 1845 4033 praeparantes

485 4118 796 4189 positiones
847 4119 1125 4194 physicas,
1151 4137 1249 4178 seu
1280 4122 1511 4197 physice
1537 4122 1844 4196 disponere

266 4205 442 4267 nfrno.
482 4197 550 4253 ad
578 4199 843 4273 gratiam.
881 4201 1011 4257 Haec
1047 4203 1335 4260 conclusio
1381 4207 1467 4260 est
1521 4205 1587 4259 D.
1630 4203 1836 4260 Thom.

483 4279 620 4336 locis
644 4281 837 4337 statim
863 4280 1180 4337 referendis
1209 4298 1416 4355 :quam
1441 4283 1685 4355 proinde
1713 4300 1842 4339 am-

264 4366 450 4462 ngtzllissar.
481 4363 805 4454 plectuntur
829 4366 1215 4422 communiter
1242 4366 1572 4434 Thomistae,
1606 4365 1842 4424 Medina

477 4461 536 4496 m
561 4447 827 4516 prasenti,
852 4452 962 4501 art.
989 4447 1043 4502 8.
1071 4446 1129 4501 in
1150 4462 1389 4518 respon&
1421 4446 1496 4501 ad
1521 4449 1767 4519 confirm.
1801 4449 1839 4504 2

475 4527 802 4591 arqumenti.
835 4526 1079 4583 Alvarez
1122 4525 1270 4599 disp.
1318 4527 1410 4593 59,
1460 4526 1524 4581 de
1570 4526 1834 4595 auxilii&

410 4608 415 4609 ’
472 4621 627 4660 num.
656 4606 691 4660 6
731 4613 781 4660 et
827 4610 882 4672 7,
930 4614 978 4661 et
1029 4608 1172 4681 disp.
1221 4609 1295 4663 66
1340 4614 1388 4662 et
1431 4607 1523 4665 lib.
1569 4609 1623 4671 5,
1672 4607 1836 4681 Resp.

470 4704 590 4759 cap.
628 4688 713 4743 13.
743 4689 906 4744 Joan.
942 4690 1052 4746 aS.
1080 4689 1283 4746 Thom.
1333 4689 1388 4755 2,
1428 4691 1482 4755 2,
1515 4696 1696 4768 quaest.
1741 4691 1834 4757 24,

464 4858 574 4907 art.
616 4853 659 4919 l,
688 4850 875 4916 dub.l,
901 4868 956 4906 π.
988 4853 1024 4906 4
1058 4859 1106 4906 et
1134 4853 1252 4919 2,2,
1286 4860 1471 4929 quaest.
1500 4854 1593 4918 24,
1624 4857 1737 4906 art.
1768 4852 1823 4915 6,

462 4930 589 4987 dub.
621 4934 820 5001 primo,
865 4932 1032 4988 concl.
1076 4933 1111 4988 3
1143 4939 1194 4987 et
1238 4939 1349 4987 tom
1384 4934 1438 5002 2,
1489 4935 1550 4988 in
1593 4933 1628 4988 3
1671 4939 1820 5005 part.

500 5019 644 5067 uoest.
677 5013 764 5077 85,
797 5020 905 5070 art.
938 5015 993 5080 2,
1036 5012 1163 5069 dub.
1208 5015 1265 5070 2.
1307 5015 1489 5072 Gonet
1524 5013 1668 5087 disp.
1700 5016 1735 5069 4
1769 5012 1835 5068 de

541 5091 676 5155 acia,
708 5091 834 5147 dub.
861 5092 914 5156 3,
939 5097 995 5148 et
1018 5093 1117 5148 alii
1137 5094 1349 5165 plures.

2050 616 2333 675 Probatur
2387 615 2577 688 primo
2632 627 2705 669 ex
2770 609 2835 664 D.
2897 605 3120 661 Thoma
3152 619 3165 655 z
3201 595 3537 696 (Ῑαίεὲρῖιῖἓῖ

1974 701 2030 756 S.
2064 701 2264 757 Doctor
2291 695 2492 754 eodem
2521 691 2691 750 modo
2716 686 2995 745 discurrit
3020 683 3090 740 de
3118 676 3343 737 actibus
3357 712 3417 746 cx
3432 704 3552 746 Dm,

1975 779 2187 837 nostris
2215 782 2276 834 ut
2301 775 2614 849 disponunt
2639 769 2711 828 ad
2739 769 2992 843 primam
3013 761 3215 838 gratiae
3237 757 3342 814 in·-

1976 859 2283 926 fusionem,
2313 863 2369 916 et
2395 862 2458 913 ut
2481 855 2796 928 disponunt
2816 849 2886 907 ad
2914 844 3172 921 ejusdem
3200 855 3345 916 gra-

1976 941 2072 999 tiae
2094 944 2467 1018 augmentum
2501 961 2515 995 ι
2543 933 2643 993 sed
2677 938 2831 991 actus
2880 927 3060 987 nostri
3096 941 3168 982 ex
3212 938 3350 979 sen-

1976 1025 2159 1083 tentia
2198 1025 2257 1080 S.
2305 1020 2561 1080 Doctoris
2610 1017 2925 1089 disponunt
2993 1008 3225 1083 physice
3273 1004 3349 1061 ad

1978 1111 2352 1181 augmentum
2374 1101 2574 1178 gratiae
2601 1120 2614 1156 ι
2637 1112 2773 1171 ergo
2792 1092 2993 1152 eodem
3022 1087 3194 1146 modo
3213 1102 3352 1144 con-

1976 1190 2222 1246 currunt
2268 1179 2338 1241 ad
2385 1181 2638 1256 primam
2703 1175 2904 1251 gratiae
2961 1169 3342 1259 infusionem.

1977 1270 2162 1344 Maj0r
2220 1265 2388 1322 facile
2437 1260 2766 1320 conceditur
2818 1254 2888 1313 ab
2951 1252 3341 1309 Adversarns.

1977 1352 2173 1407 Minor
2217 1352 2408 1405 autem
2454 1342 2818 1403 ostenditur:
2847 1337 2985 1411 quia
3028 1337 3093 1390 D.
3132 1332 3344 1423 Thom.

1979 1438 2159 1507 quast.
2203 1446 2312 1505 seq.
2343 1434 2453 1484 art.
2499 1428 2534 1482 8
2560 1425 2635 1482 ad
2678 1424 2733 1490 3,
2780 1418 3017 1493 inquit:
3066 1438 3090 1468 α
3136 1415 3345 1506 Dicen-

1983 1534 2008 1566 α
2052 1511 2210 1577 dum,
2237 1509 2388 1584 quod
2413 1506 2667 1584 quolibet
2711 1507 2837 1560 actu
2883 1496 3189 1586 meritorio
3214 1508 3343 1550 me-

1984 1615 2010 1647 «
2054 1597 2213 1649 retur
2239 1591 2412 1649 homo
2447 1592 2821 1664 augmentum
2848 1578 3072 1655 gratiae,
3103 1577 3346 1663 sicut-et

1982 1693 2009 1726 α
2051 1673 2259 1747 gratiae.
2298 1667 2878 1729 consummationem,
2931 1674 3056 1734 quae
3096 1660 3180 1714 est
3220 1657 3343 1745 vita

1986 1775 2012 1807 α
2048 1759 2285 1809 aeterna.
2303 1751 2411 1809 Sed
2437 1751 2583 1806 sicut
2607 1748 2729 1805 vita
2754 1750 2972 1802 aeterna
2999 1754 3118 1797 non
3144 1740 3339 1792 statim

1984 1854 2011 1887 α
2056 1831 2334 1899 redditur,
2361 1831 2459 1890 sed
2497 1845 2600 1887 suo
2640 1834 2899 1900 tempore
2926 1844 2938 1879 :
2969 1822 3056 1877 ita·
3078 1835 3180 1875 nec
3203 1829 3342 1891 gra-

1986 1936 2013 1968 «
2056 1915 2134 1971 tia
2153 1913 2348 1970 statim
2370 1918 2630 1988 augetur,
2655 1909 2753 1967 sed
2776 1922 2880 1963 suo
2902 1909 3340 1992 temporepcum

1984 2017 2009 2049 α
2053 1997 2269 2054 scilicet
2295 1995 2506 2068 aliquis
2531 1991 2878 2049 sufficienter
2923 1984 3102 2043 fuerit
3146 1981 3343 2074 dispo-

1986 2102 2014 2134 «
2053 2080 2194 2136 situs
2222 2078 2291 2136 ad
2323 2079 2523 2154 gratias
2564 2078 2959 2149 augmentum.
3003 2088 3029 2118 »
3077 2063 3187 2120 Ubi
3214 2079 3346 2121 evi-

1980 2162 2181 2220 denter
2207 2161 2495 2235 supponit,
2526 2163 2681 2215 actus
2716 2162 2941 2213 nostros
2987 2165 3106 2207 non
3149 2146 3343 2204 solum

1980 2259 2320 2302 concurrere
2363 2243 2662 2300 moraliter
2698 2239 2769 2298 ad
2805 2239 3177 2311 augmentum
3204 2244 3343 2303 gra-

1982 2326 2093 2392 tiae,
2117 2325 2216 2384 sed
2235 2326 2411 2383 etiam
2447 2324 2751 2395 disponere
2793 2316 3025 2393 physice
3052 2313 3122 2371 ad
3150 2307 3301 2367 illud
3326 2332 3341 2376 ;

1983 2424 2119 2464 nam
2143 2406 2288 2464 ratio
2309 2404 2700 2478 dispositionis
2724 2399 2964 2458 moralis
2987 2402 3122 2452 tunc
3145 2390 3340 2454 datur,

1981 2488 2209 2564 quando
2272 2489 2431 2546 adest
2494 2487 2640 2544 ratio
2696 2482 2891 2541 meriti
2929 2500 2940 2532 :
3004 2487 3063 2537 et
3125 2483 3342 2532 tamem

1983 2574 2047 2629 D.
2078 2572 2281 2628 Thom.
2314 2568 2588 2633 concedit,
2619 2564 2768 2640 quod
2803 2566 2866 2620 in
2909 2558 3164 2635 quolibet
3215 2560 3342 2612 actu

1982 2654 2219 2711 honesto
2245 2651 2502 2708 salvatur
2544 2649 2691 2706 ratio
2735 2644 2932 2703 meriti
2957 2641 3027 2699 ad
3056 2641 3340 2715 majorem

1980 2733 2226 2806 gratiam
2251 2755 2265 2799 ;
2294 2736 2351 2788 et
2390 2733 2576 2804 negat,
2617 2726 2767 2800 quod
2809 2727 2874 2782 in
2913 2720 3169 2796 quolibet
3215 2724 3342 2776 actu

1981 2814 2236 2870 salvetur
2264 2812 2411 2869 ratio
2456 2806 2850 2882 dispositionis
2895 2799 3230 2859 sufficientis
3269 2797 3344 2855 ad

1982 2894 2127 2952 illud
2175 2897 2587 2968 augmentum3
2635 2888 2734 2947 sed
2789 2886 3033 2944 ulterius
3091 2882 3346 2972 exposcit

1983 2992 2217 3043 novam,
2245 2982 2302 3032 et
2327 2976 2606 3049 majorem
2646 2968 3084 3043 dispositionem
3119 2983 3132 3018 ε
3168 2966 3345 3018 sentit

1981 3073 2117 3132 ergo
2137 3060 2201 3114 D.
2228 3059 2433 3116 Thom.
2456 3054 2604 3128 quod
2628 3058 2782 3110 actus
2804 3048 2986 3107 nostri
3012 3062 3130 3103 non
3152 3044 3342 3100 solum

1980 3144 2332 3211 concurrunt
2359 3136 2659 3195 moraliter
2687 3132 2757 3190 ad
2803 3133 3179 3204 augmentum
3205 3141 3342 3200 gra-

1980 3224 2093 3287 tiae,
2123 3219 2220 3277 sed
2246 3218 2395 3293 quod
2434 3220 2611 3276 etiam
2651 3215 2970 3288 disponunt
3011 3209 3241 3284 physice
3269 3205 3340 3265 ad

1979 3302 2149 3360 illud.
2198 3302 2452 3359 Eandem
2499 3299 2844 3358 doctrimam
2891 3293 3070 3352 tradit
3095 3294 3151 3347 S.
3184 3292 3332 3347 Doct.

1978 3386 2035 3450 2,
2077 3386 2132 3453 2,
2166 3389 2346 3462 quoest.
2383 3384 2475 3449 24,
2508 3389 2620 3439 art.
2681 3381 2736 3446 6,
2786 3384 2837 3433 εἰ
2883 3379 2944 3431 in
2986 3376 3034 3440 1,
3083 3372 3211 3463 ὀξεῖ.
3249 3372 3333 3435 17,

1980 3471 2140 3542 quaest
2168 3466 2223 3529 2,
2248 3471 2358 3519 art.
2390 3464 2444 3527 3,
2478 3461 2721 3518 abiait:
2767 3480 2792 3511 α
2835 3459 3008 3512 Actus
3033 3470 3132 3526 qui
3153 3456 3237 3509 est
3267 3466 3337 3506 ex

1987 3569 2012 3601 α
2053 3546 2349 3612 charitate,
2375 3544 2680 3603 ordinatur
2707 3541 2777 3601 ad
2805 3543 3180 3614 augmentum
3201 3534 3338 3591 cha-

1984 3650 2010 3682 «
2056 3629 2258 3695 ritatiS,
2298 3631 2353 3685 et
2399 3625 2499 3700 pe’r
2543 3624 2777 3683 modum
2819 3617 3244 3694 dispositionis,
3283 3620 3337 3671 et

1983 3731 2008 3763 α
2055 3726 2155 3782 per
2176 3706 2412 3766 modum
2436 3707 2628 3764 meriti
2662 3730 2675 3763 ε
2704 3702 2804 3762 sed
2832 3707 2988 3759 actus
3018 3695 3335 3775 praecedens

1982 3812 2008 3844 α
2051 3789 2390 3847 charitatem
2416 3787 2720 3845 ordinatur
2762 3783 2833 3841 ad
2879 3774 3330 3865 consequendam

1985 3892 2011 3925 α
2050 3870 2389 3928 charitatem
2427 3868 2616 3926 solum
2659 3882 2759 3940 per
2800 3863 3039 3921 modum
3087 3859 3334 3947 disposif

1984 3974 2011 4005 «
2051 3952 2247 4016 tionis,
2272 3956 2329 4007 et
2351 3966 2468 4007 non
2495 3965 2597 4023 per
2619 3947 2855 4005 modum
2885 3944 3104 4003 meriti.
3150 3961 3175 3991 n
3222 3936 3332 3994 Ubi

1978 4032 2281 4089 manifeste
2301 4030 2605 4104 distinguit
2628 4032 2695 4086 D.
2726 4030 2932 4086 Thom.
2966 4027 3119 4082 inter
3146 4034 3338 4078 causa·

1977 4112 2199 4171 litatem
2247 4112 2528 4169 moralem
2578 4125 2679 4184 per
2724 4109 2962 4168 modum
2993 4103 3209 4170 meriti,
3241 4107 3341 4158 aut

1975 4197 2153 4254 etiam
2200 4193 2642 4268 impetrationiS,
2673 4210 2800 4266 quae
2841 4192 2912 4249 ad
2939 4188 3217 4246 meritum
3243 4201 3342 4243 re-

1975 4276 2205 4334 ducitur
2231 4300 2245 4344 ;
2274 4281 2330 4333 et
2356 4275 2746 4333 causalitatem
2789 4289 2890 4347 per
2936 4269 3173 4328 modum
3215 4266 3340 4323 dis-

1975 4359 2294 4433 positioniS,
2321 4375 2445 4432 quae
2474 4358 2666 4432 utique
2707 4361 2876 4431 prout
2901 4350 3340 4424 contraponitur

1973 4441 2203 4510 merito,
2236 4442 2432 4513 nequit
2480 4455 2598 4498 non
2636 4455 2760 4496 esse
2805 4435 3060 4512 physica.
3099 4435 3168 4488 Et
3208 4432 3343 4490 licet

1974 4522 2210 4590 actibus,
2235 4522 2333 4596 qui
2375 4539 2409 4579 a
2446 4521 2725 4578 charitate
2770 4517 3105 4594 procedunt,
3134 4529 3341 4572 conce-

1973 4604 2070 4662 dat
2092 4609 2399 4677 utrumque
2437 4602 2786 4659 causalitatis
2824 4616 3004 4675 genus
3031 4600 3094 4656 in
3129 4596 3340 4654 ordine

1973 4685 2044 4743 ad
2067 4691 2439 4761 augmentum
2460 4684 2658 4759 gratim
2684 4707 2697 4751 ;
2727 4681 2946 4739 actibus
2972 4687 3189 4744 tamen,
3232 4677 3335 4750 qui

1973 4766 2043 4824 ad
2085 4768 2337 4840 primam
2361 4766 2560 4840 gratiae
2602 4763 2956 4821 infusionem
2996 4761 3330 4833 disponunt,

1971 4850 2160 4907 solum
2206 4846 2463 4906 concedit
2513 4846 2906 4904 causalitatem
2950 4858 3050 4917 per
3095 4839 3333 4897 modum

1972 4931 2366 5006 dispositionis
2388 4932 2449 4987 in
2471 4928 2677 4988 ordine
2703 4927 2773 4985 ad
2804 4928 3056 5001 primam
3083 4923 3332 5001 gratiam

1972 5013 2345 5071 habitualem.
2378 5014 2500 5078 Quo
2525 5009 2754 5068 dicendi
2780 5006 2951 5066 modo
2976 5007 3116 5063 satis
3144 5004 3333 5079 signi·

1972 5095 2119 5161 ficat,
2147 5100 2300 5151 actus
2352 5099 2575 5152 nostros
2615 5106 2941 5167 praeparare
2980 5088 3051 5145 ad
3085 5087 3331 5162 gratiam

2904 5161 3322 5240 justificantem

3607 3912 3618 3977 -ι
