<?xml version="1.0" encoding="UTF-8"?>
<!DOCTYPE html PUBLIC "-//W3C//DTD XHTML 1.0 Transitional//EN"
    "http://www.w3.org/TR/xhtml1/DTD/xhtml1-transitional.dtd">
<html xmlns="http://www.w3.org/1999/xhtml" xml:lang="en" lang="en">
 <head>
  <title>
</title>
<meta http-equiv="Content-Type" content="text/html;charset=utf-8" />
  <meta name='ocr-system' content='tesseract 3.04.00' />
  <meta name='ocr-capabilities' content='ocr_page ocr_carea ocr_par ocr_line ocrx_word'/>
</head>
<body>
  <div class='ocr_page' id='page_1' title='image "./collegiisalmant00carmgoog_0654.png"; bbox 0 0 3647 5753; ppageno 0'>
   <div class='ocr_carea' id='block_1_1' title="bbox 548 374 2720 442">
    <p class='ocr_par' dir='ltr' id='par_1_1' title="bbox 548 374 2720 442">
     <span class='ocr_line' id='line_1_1' title="bbox 548 374 2720 442; baseline -0.004 -4"><span class='ocrx_word' id='word_1_1' title='bbox 548 380 661 438; x_wconf 82' lang='lat'>632</span> <span class='ocrx_word' id='word_1_2' title='bbox 1264 378 1357 434; x_wconf 90' lang='lat' dir='ltr'>DE</span> <span class='ocrx_word' id='word_1_3' title='bbox 1397 375 1838 442; x_wconf 87' lang='lat' dir='ltr'>QUlDDITATE</span> <span class='ocrx_word' id='word_1_4' title='bbox 1876 374 2475 430; x_wconf 81' lang='lat' dir='ltr'><strong>JUSTIFICATIONIS</strong></span> <span class='ocrx_word' id='word_1_5' title='bbox 2516 375 2720 430; x_wconf 86' lang='lat' dir='ltr'>IMPII.</span> 
     </span>
    </p>
   </div>
   <div class='ocr_carea' id='block_1_2' title="bbox 510 546 1908 2972">
    <p class='ocr_par' dir='ltr' id='par_1_2' title="bbox 510 546 1908 2972">
     <span class='ocr_line' id='line_1_2' title="bbox 553 546 1906 622; baseline -0.001 -18"><span class='ocrx_word' id='word_1_6' title='bbox 553 573 580 604; x_wconf 72' lang='grc' dir='ltr'><strong>α</strong></span> <span class='ocrx_word' id='word_1_7' title='bbox 625 552 740 617; x_wconf 84' lang='lat' dir='ltr'>tiae,</span> <span class='ocrx_word' id='word_1_8' title='bbox 766 550 867 608; x_wconf 90' lang='lat' dir='ltr'>sed</span> <span class='ocrx_word' id='word_1_9' title='bbox 896 550 1251 608; x_wconf 88' lang='lat' dir='ltr'>ablationem</span> <span class='ocrx_word' id='word_1_10' title='bbox 1268 548 1668 622; x_wconf 83' lang='lat' dir='ltr'>impedimenti</span> <span class='ocrx_word' id='word_1_11' title='bbox 1685 546 1906 621; x_wconf 82' lang='lat' dir='ltr'>gratiae,</span> 
     </span>
     <span class='ocr_line' id='line_1_3' title="bbox 552 628 1904 704; baseline -0.004 -16"><span class='ocrx_word' id='word_1_12' title='bbox 552 652 579 682; x_wconf 91' lang='lat'>«</span> <span class='ocrx_word' id='word_1_13' title='bbox 623 631 774 704; x_wconf 91' lang='lat' dir='ltr'>quod</span> <span class='ocrx_word' id='word_1_14' title='bbox 813 638 937 689; x_wconf 88' lang='lat' dir='ltr'>erat</span> <span class='ocrx_word' id='word_1_15' title='bbox 973 649 1045 689; x_wconf 88' lang='lat' dir='ltr'>ex</span> <span class='ocrx_word' id='word_1_16' title='bbox 1073 637 1198 688; x_wconf 87' lang='lat' dir='ltr'>actu</span> <span class='ocrx_word' id='word_1_17' title='bbox 1227 631 1434 703; x_wconf 89' lang='lat' dir='ltr'>peccati</span> <span class='ocrx_word' id='word_1_18' title='bbox 1475 628 1845 703; x_wconf 66' lang='lat' dir='ltr'>praecedente.</span> <span class='ocrx_word' id='word_1_19' title='bbox 1877 648 1904 690; x_wconf 65' lang='grc' dir='ltr'><strong><em>η</em></strong></span> 
     </span>
     <span class='ocr_line' id='line_1_4' title="bbox 545 706 1908 769; baseline -0.002 -3"><span class='ocrx_word' id='word_1_20' title='bbox 545 713 625 769; x_wconf 93' lang='lat' dir='ltr'>De</span> <span class='ocrx_word' id='word_1_21' title='bbox 665 712 1047 769; x_wconf 82' lang='lat' dir='ltr'>inclinatione</span> <span class='ocrx_word' id='word_1_22' title='bbox 1078 727 1215 769; x_wconf 91' lang='lat' dir='ltr'>vero</span> <span class='ocrx_word' id='word_1_23' title='bbox 1254 710 1536 768; x_wconf 77' lang='lat' dir='ltr'>habituali</span> <span class='ocrx_word' id='word_1_24' title='bbox 1577 708 1647 765; x_wconf 90' lang='lat' dir='ltr'>ad</span> <span class='ocrx_word' id='word_1_25' title='bbox 1692 706 1908 764; x_wconf 89' lang='lat' dir='ltr'>honum</span> 
     </span>
     <span class='ocr_line' id='line_1_5' title="bbox 543 789 1903 868; baseline -0.003 -18"><span class='ocrx_word' id='word_1_26' title='bbox 543 794 867 867; x_wconf 88' lang='lat' dir='ltr'>proprium,</span> <span class='ocrx_word' id='word_1_27' title='bbox 901 795 1097 868; x_wconf 86' lang='lat' dir='ltr'>inquit</span> <span class='ocrx_word' id='word_1_28' title='bbox 1117 799 1311 868; x_wconf 83' lang='lat' dir='ltr'>quaest.</span> <span class='ocrx_word' id='word_1_29' title='bbox 1355 795 1449 859; x_wconf 79' lang='lat'>24,</span> <span class='ocrx_word' id='word_1_30' title='bbox 1492 791 1561 849; x_wconf 92' lang='lat' dir='ltr'>de</span> <span class='ocrx_word' id='word_1_31' title='bbox 1582 789 1759 847; x_wconf 86' lang='lat' dir='ltr'>Verit.</span> <span class='ocrx_word' id='word_1_32' title='bbox 1793 794 1903 846; x_wconf 89' lang='lat' dir='ltr'>art.</span> 
     </span>
     <span class='ocr_line' id='line_1_6' title="bbox 548 871 1907 950; baseline -0.004 -17"><span class='ocrx_word' id='word_1_33' title='bbox 548 878 614 933; x_wconf 81' lang='lat'>12</span> <span class='ocrx_word' id='word_1_34' title='bbox 648 898 698 932; x_wconf 75' lang='lat' dir='ltr'>z«</span> <span class='ocrx_word' id='word_1_35' title='bbox 731 879 911 935; x_wconf 90' lang='lat' dir='ltr'>Homo</span> <span class='ocrx_word' id='word_1_36' title='bbox 938 877 1036 950; x_wconf 88' lang='lat' dir='ltr'>qui</span> <span class='ocrx_word' id='word_1_37' title='bbox 1060 882 1145 934; x_wconf 90' lang='lat' dir='ltr'>est</span> <span class='ocrx_word' id='word_1_38' title='bbox 1170 878 1235 934; x_wconf 92' lang='lat' dir='ltr'>in</span> <span class='ocrx_word' id='word_1_39' title='bbox 1263 881 1483 950; x_wconf 86' lang='lat' dir='ltr'>peccato</span> <span class='ocrx_word' id='word_1_40' title='bbox 1510 872 1763 938; x_wconf 88' lang='lat' dir='ltr'>mortali,</span> <span class='ocrx_word' id='word_1_41' title='bbox 1799 871 1907 928; x_wconf 92' lang='lat' dir='ltr'>ha-</span> 
     </span>
     <span class='ocr_line' id='line_1_7' title="bbox 518 953 1904 1031; baseline -0.004 -19"><span class='ocrx_word' id='word_1_42' title='bbox 518 989 521 991; x_wconf 92' lang='lat'><em>-</em></span> <span class='ocrx_word' id='word_1_43' title='bbox 545 979 572 1012; x_wconf 74' lang='lat' dir='ltr'>&lt;t</span> <span class='ocrx_word' id='word_1_44' title='bbox 613 956 911 1015; x_wconf 87' lang='lat' dir='ltr'>bitualiter</span> <span class='ocrx_word' id='word_1_45' title='bbox 930 965 1152 1031; x_wconf 90' lang='lat' dir='ltr'>peccato</span> <span class='ocrx_word' id='word_1_46' title='bbox 1169 959 1431 1014; x_wconf 83' lang='lat' dir='ltr'>inhaeret.</span> <span class='ocrx_word' id='word_1_47' title='bbox 1455 954 1729 1020; x_wconf 88' lang='lat' dir='ltr'>Quamvis</span> <span class='ocrx_word' id='word_1_48' title='bbox 1744 953 1904 1009; x_wconf 88' lang='lat' dir='ltr'>enim</span> 
     </span>
     <span class='ocr_line' id='line_1_8' title="bbox 542 1033 1905 1113; baseline -0.004 -19"><span class='ocrx_word' id='word_1_49' title='bbox 542 1060 569 1093; x_wconf 72' lang='grc' dir='ltr'>ε(</span> <span class='ocrx_word' id='word_1_50' title='bbox 613 1054 731 1095; x_wconf 91' lang='lat' dir='ltr'>non</span> <span class='ocrx_word' id='word_1_51' title='bbox 773 1055 1001 1113; x_wconf 81' lang='lat' dir='ltr'>semper</span> <span class='ocrx_word' id='word_1_52' title='bbox 1042 1038 1247 1096; x_wconf 89' lang='lat' dir='ltr'>habeat</span> <span class='ocrx_word' id='word_1_53' title='bbox 1289 1037 1550 1095; x_wconf 88' lang='lat' dir='ltr'>habitum</span> <span class='ocrx_word' id='word_1_54' title='bbox 1580 1034 1729 1100; x_wconf 87' lang='lat' dir='ltr'>vitii,</span> <span class='ocrx_word' id='word_1_55' title='bbox 1768 1033 1905 1105; x_wconf 91' lang='lat' dir='ltr'>quia</span> 
     </span>
     <span class='ocr_line' id='line_1_9' title="bbox 539 1118 1903 1189; baseline -0.004 -16"><span class='ocrx_word' id='word_1_56' title='bbox 539 1140 566 1173; x_wconf 76' lang='grc' dir='ltr'>(ι</span> <span class='ocrx_word' id='word_1_57' title='bbox 610 1135 681 1177; x_wconf 86' lang='lat' dir='ltr'>ex</span> <span class='ocrx_word' id='word_1_58' title='bbox 709 1135 826 1175; x_wconf 90' lang='lat' dir='ltr'>uno</span> <span class='ocrx_word' id='word_1_59' title='bbox 854 1126 977 1176; x_wconf 90' lang='lat' dir='ltr'>actu</span> <span class='ocrx_word' id='word_1_60' title='bbox 1003 1120 1250 1177; x_wconf 82' lang='lat' dir='ltr'>luxuriae</span> <span class='ocrx_word' id='word_1_61' title='bbox 1271 1118 1501 1176; x_wconf 89' lang='lat' dir='ltr'>habitus</span> <span class='ocrx_word' id='word_1_62' title='bbox 1517 1132 1634 1173; x_wconf 92' lang='lat' dir='ltr'>non</span> <span class='ocrx_word' id='word_1_63' title='bbox 1655 1128 1903 1189; x_wconf 81' lang='lat' dir='ltr'>genera-</span> 
     </span>
     <span class='ocr_line' id='line_1_10' title="bbox 536 1195 1902 1274; baseline -0.003 -18"><span class='ocrx_word' id='word_1_64' title='bbox 536 1222 563 1256; x_wconf 88' lang='lat'>«</span> <span class='ocrx_word' id='word_1_65' title='bbox 608 1207 732 1267; x_wconf 92' lang='lat' dir='ltr'>tur;</span> <span class='ocrx_word' id='word_1_66' title='bbox 760 1202 1030 1274; x_wconf 85' lang='lat' dir='ltr'>voluntas</span> <span class='ocrx_word' id='word_1_67' title='bbox 1057 1209 1251 1258; x_wconf 90' lang='lat' dir='ltr'>tamen</span> <span class='ocrx_word' id='word_1_68' title='bbox 1300 1200 1583 1274; x_wconf 88' lang='lat' dir='ltr'>peccantis</span> <span class='ocrx_word' id='word_1_69' title='bbox 1629 1195 1902 1253; x_wconf 90' lang='lat' dir='ltr'>derelicto</span> 
     </span>
     <span class='ocr_line' id='line_1_11' title="bbox 537 1275 1899 1351; baseline -0.004 -16"><span class='ocrx_word' id='word_1_70' title='bbox 537 1303 564 1336; x_wconf 90' lang='lat'>«</span> <span class='ocrx_word' id='word_1_71' title='bbox 605 1282 1075 1340; x_wconf 87' lang='lat' dir='ltr'>incommutabili</span> <span class='ocrx_word' id='word_1_72' title='bbox 1102 1282 1253 1341; x_wconf 90' lang='lat' dir='ltr'>hono</span> <span class='ocrx_word' id='word_1_73' title='bbox 1277 1327 1291 1351; x_wconf 93' lang='lat'>,</span> <span class='ocrx_word' id='word_1_74' title='bbox 1323 1281 1473 1339; x_wconf 89' lang='lat' dir='ltr'>hono</span> <span class='ocrx_word' id='word_1_75' title='bbox 1502 1275 1899 1337; x_wconf 85' lang='lat' dir='ltr'>commutabili</span> 
     </span>
     <span class='ocr_line' id='line_1_12' title="bbox 536 1358 1899 1438; baseline -0.001 -22"><span class='ocrx_word' id='word_1_76' title='bbox 536 1386 564 1417; x_wconf 90' lang='lat'>«</span> <span class='ocrx_word' id='word_1_77' title='bbox 605 1365 767 1437; x_wconf 86' lang='lat' dir='ltr'>quasi</span> <span class='ocrx_word' id='word_1_78' title='bbox 794 1363 899 1421; x_wconf 88' lang='lat' dir='ltr'>fini</span> <span class='ocrx_word' id='word_1_79' title='bbox 944 1365 1214 1422; x_wconf 87' lang='lat' dir='ltr'>adhaeret.</span> <span class='ocrx_word' id='word_1_80' title='bbox 1249 1368 1319 1420; x_wconf 87' lang='lat' dir='ltr'>Et</span> <span class='ocrx_word' id='word_1_81' title='bbox 1345 1359 1673 1438; x_wconf 81' lang='lat' dir='ltr'>hujusmodi</span> <span class='ocrx_word' id='word_1_82' title='bbox 1703 1358 1899 1416; x_wconf 84' lang='lat' dir='ltr'>adhae-</span> 
     </span>
     <span class='ocr_line' id='line_1_13' title="bbox 535 1445 1891 1513; baseline -0.002 -13"><span class='ocrx_word' id='word_1_83' title='bbox 535 1466 563 1500; x_wconf 76' lang='lat' dir='ltr'>c&lt;</span> <span class='ocrx_word' id='word_1_84' title='bbox 603 1446 786 1505; x_wconf 90' lang='lat' dir='ltr'>sionis</span> <span class='ocrx_word' id='word_1_85' title='bbox 831 1447 963 1513; x_wconf 85' lang='lat' dir='ltr'>vis,</span> <span class='ocrx_word' id='word_1_86' title='bbox 1010 1453 1064 1504; x_wconf 90' lang='lat' dir='ltr'>et</span> <span class='ocrx_word' id='word_1_87' title='bbox 1106 1447 1412 1504; x_wconf 86' lang='lat' dir='ltr'>inclinatio</span> <span class='ocrx_word' id='word_1_88' title='bbox 1452 1445 1518 1501; x_wconf 91' lang='lat' dir='ltr'>in</span> <span class='ocrx_word' id='word_1_89' title='bbox 1563 1459 1631 1501; x_wconf 89' lang='lat' dir='ltr'>ea</span> <span class='ocrx_word' id='word_1_90' title='bbox 1677 1447 1891 1509; x_wconf 90' lang='lat' dir='ltr'>manet,</span> 
     </span>
     <span class='ocr_line' id='line_1_14' title="bbox 534 1523 1895 1601; baseline -0.002 -20"><span class='ocrx_word' id='word_1_91' title='bbox 534 1549 561 1581; x_wconf 77' lang='lat' dir='ltr'>&lt;t</span> <span class='ocrx_word' id='word_1_92' title='bbox 601 1544 892 1601; x_wconf 86' lang='lat' dir='ltr'>quousque</span> <span class='ocrx_word' id='word_1_93' title='bbox 944 1531 1150 1586; x_wconf 90' lang='lat' dir='ltr'>iterato</span> <span class='ocrx_word' id='word_1_94' title='bbox 1213 1529 1362 1586; x_wconf 89' lang='lat' dir='ltr'>bono</span> <span class='ocrx_word' id='word_1_95' title='bbox 1430 1523 1895 1583; x_wconf 83' lang='lat' dir='ltr'>incommutabili</span> 
     </span>
     <span class='ocr_line' id='line_1_15' title="bbox 531 1608 1896 1681; baseline -0.001 -20"><span class='ocrx_word' id='word_1_96' title='bbox 531 1630 558 1661; x_wconf 73' lang='grc' dir='ltr'>α</span> <span class='ocrx_word' id='word_1_97' title='bbox 602 1610 763 1681; x_wconf 85' lang='lat' dir='ltr'>quasi</span> <span class='ocrx_word' id='word_1_98' title='bbox 792 1608 899 1666; x_wconf 90' lang='lat' dir='ltr'>fini</span> <span class='ocrx_word' id='word_1_99' title='bbox 936 1610 1234 1666; x_wconf 83' lang='lat' dir='ltr'>inhaereat.</span> <span class='ocrx_word' id='word_1_100' title='bbox 1258 1629 1283 1660; x_wconf 88' lang='lat'>»</span> <span class='ocrx_word' id='word_1_101' title='bbox 1312 1609 1382 1662; x_wconf 86' lang='lat' dir='ltr'>Et</span> <span class='ocrx_word' id='word_1_102' title='bbox 1410 1612 1715 1678; x_wconf 86' lang='lat' dir='ltr'>utramque</span> <span class='ocrx_word' id='word_1_103' title='bbox 1734 1620 1896 1662; x_wconf 92' lang='lat' dir='ltr'>com-</span> 
     </span>
     <span class='ocr_line' id='line_1_16' title="bbox 525 1687 1888 1760; baseline -0.001 -17"><span class='ocrx_word' id='word_1_104' title='bbox 525 1688 795 1760; x_wconf 81' lang='lat' dir='ltr'>plectitur</span> <span class='ocrx_word' id='word_1_105' title='bbox 841 1689 995 1748; x_wconf 91' lang='lat' dir='ltr'>idem</span> <span class='ocrx_word' id='word_1_106' title='bbox 1043 1692 1108 1746; x_wconf 92' lang='lat' dir='ltr'>D.</span> <span class='ocrx_word' id='word_1_107' title='bbox 1159 1691 1365 1746; x_wconf 91' lang='lat' dir='ltr'>Thom.</span> <span class='ocrx_word' id='word_1_108' title='bbox 1424 1691 1482 1744; x_wconf 79' lang='lat' dir='ltr'>in</span> <span class='ocrx_word' id='word_1_109' title='bbox 1531 1689 1587 1754; x_wconf 86' lang='lat'>4,</span> <span class='ocrx_word' id='word_1_110' title='bbox 1615 1687 1743 1743; x_wconf 82' lang='lat' dir='ltr'>dist.</span> <span class='ocrx_word' id='word_1_111' title='bbox 1786 1688 1888 1753; x_wconf 87' lang='lat'>17,</span> 
     </span>
     <span class='ocr_line' id='line_1_17' title="bbox 523 1767 1886 1850; baseline -0.003 -24"><span class='ocrx_word' id='word_1_112' title='bbox 523 1778 703 1847; x_wconf 72' lang='lat' dir='ltr'>quaest.</span> <span class='ocrx_word' id='word_1_113' title='bbox 745 1774 791 1839; x_wconf 89' lang='lat'>1,</span> <span class='ocrx_word' id='word_1_114' title='bbox 821 1779 931 1828; x_wconf 83' lang='lat' dir='ltr'>art.</span> <span class='ocrx_word' id='word_1_115' title='bbox 963 1774 1015 1836; x_wconf 86' lang='lat'>6,</span> <span class='ocrx_word' id='word_1_116' title='bbox 1042 1774 1356 1850; x_wconf 72' lang='lat' dir='ltr'>quaestiunc.</span> <span class='ocrx_word' id='word_1_117' title='bbox 1383 1772 1419 1827; x_wconf 91' lang='lat'><strong>3</strong></span> <span class='ocrx_word' id='word_1_118' title='bbox 1448 1771 1523 1826; x_wconf 80' lang='lat' dir='ltr'>ad</span> <span class='ocrx_word' id='word_1_119' title='bbox 1551 1772 1605 1837; x_wconf 81' lang='lat'>2,</span> <span class='ocrx_word' id='word_1_120' title='bbox 1640 1767 1739 1823; x_wconf 89' lang='lat' dir='ltr'>ubi</span> <span class='ocrx_word' id='word_1_121' title='bbox 1768 1767 1886 1824; x_wconf 84' lang='lat' dir='ltr'>ait:</span> 
     </span>
     <span class='ocr_line' id='line_1_18' title="bbox 529 1850 1889 1929; baseline -0.001 -22"><span class='ocrx_word' id='word_1_122' title='bbox 529 1874 555 1907; x_wconf 72' lang='grc' dir='ltr'><strong>α</strong></span> <span class='ocrx_word' id='word_1_123' title='bbox 598 1853 931 1920; x_wconf 85' lang='lat' dir='ltr'>Dicendum,</span> <span class='ocrx_word' id='word_1_124' title='bbox 963 1853 1114 1927; x_wconf 87' lang='lat' dir='ltr'>quod</span> <span class='ocrx_word' id='word_1_125' title='bbox 1144 1860 1452 1929; x_wconf 90' lang='lat' dir='ltr'>peccatum,</span> <span class='ocrx_word' id='word_1_126' title='bbox 1484 1859 1538 1910; x_wconf 91' lang='lat' dir='ltr'>et</span> <span class='ocrx_word' id='word_1_127' title='bbox 1559 1850 1747 1927; x_wconf 84' lang='lat' dir='ltr'>gratia</span> <span class='ocrx_word' id='word_1_128' title='bbox 1770 1866 1889 1907; x_wconf 92' lang='lat' dir='ltr'>non</span> 
     </span>
     <span class='ocr_line' id='line_1_19' title="bbox 527 1934 1888 2010; baseline 0.001 -20"><span class='ocrx_word' id='word_1_129' title='bbox 527 1957 554 1990; x_wconf 79' lang='grc' dir='ltr'><em>α</em></span> <span class='ocrx_word' id='word_1_130' title='bbox 594 1951 655 1994; x_wconf 91' lang='lat' dir='ltr'>se</span> <span class='ocrx_word' id='word_1_131' title='bbox 675 1936 889 1994; x_wconf 89' lang='lat' dir='ltr'>habent</span> <span class='ocrx_word' id='word_1_132' title='bbox 908 1939 1054 1994; x_wconf 90' lang='lat' dir='ltr'>sicut</span> <span class='ocrx_word' id='word_1_133' title='bbox 1075 1937 1401 2002; x_wconf 88' lang='lat' dir='ltr'>affirmatio,</span> <span class='ocrx_word' id='word_1_134' title='bbox 1436 1942 1492 1993; x_wconf 92' lang='lat' dir='ltr'>et</span> <span class='ocrx_word' id='word_1_135' title='bbox 1524 1934 1770 2010; x_wconf 81' lang='lat' dir='ltr'>negatiO,</span> <span class='ocrx_word' id='word_1_136' title='bbox 1792 1934 1888 1992; x_wconf 89' lang='lat' dir='ltr'>vel</span> 
     </span>
     <span class='ocr_line' id='line_1_20' title="bbox 527 2016 1888 2091; baseline 0 -20"><span class='ocrx_word' id='word_1_137' title='bbox 527 2038 554 2071; x_wconf 77' lang='grc' dir='ltr'><strong>α</strong></span> <span class='ocrx_word' id='word_1_138' title='bbox 594 2018 739 2076; x_wconf 88' lang='lat' dir='ltr'>sicut</span> <span class='ocrx_word' id='word_1_139' title='bbox 785 2020 1059 2091; x_wconf 86' lang='lat' dir='ltr'>privatio,</span> <span class='ocrx_word' id='word_1_140' title='bbox 1103 2025 1161 2076; x_wconf 87' lang='lat' dir='ltr'>et</span> <span class='ocrx_word' id='word_1_141' title='bbox 1207 2019 1464 2085; x_wconf 83' lang='lat' dir='ltr'>habitus3</span> <span class='ocrx_word' id='word_1_142' title='bbox 1495 2018 1631 2090; x_wconf 91' lang='lat' dir='ltr'>quia</span> <span class='ocrx_word' id='word_1_143' title='bbox 1678 2016 1888 2090; x_wconf 87' lang='lat' dir='ltr'>aliquis</span> 
     </span>
     <span class='ocr_line' id='line_1_21' title="bbox 524 2099 1886 2173; baseline 0.001 -22"><span class='ocrx_word' id='word_1_144' title='bbox 524 2119 551 2151; x_wconf 79' lang='grc' dir='ltr'><strong>α</strong></span> <span class='ocrx_word' id='word_1_145' title='bbox 592 2104 773 2171; x_wconf 91' lang='lat' dir='ltr'>potest</span> <span class='ocrx_word' id='word_1_146' title='bbox 814 2115 936 2156; x_wconf 90' lang='lat' dir='ltr'>esse</span> <span class='ocrx_word' id='word_1_147' title='bbox 978 2101 1164 2173; x_wconf 85' lang='lat' dir='ltr'>gratia</span> <span class='ocrx_word' id='word_1_148' title='bbox 1210 2099 1554 2166; x_wconf 78' lang='lat' dir='ltr'>destitutuS,</span> <span class='ocrx_word' id='word_1_149' title='bbox 1606 2102 1662 2154; x_wconf 91' lang='lat' dir='ltr'>et</span> <span class='ocrx_word' id='word_1_150' title='bbox 1689 2104 1886 2153; x_wconf 89' lang='lat' dir='ltr'>tamen</span> 
     </span>
     <span class='ocr_line' id='line_1_22' title="bbox 522 2178 1886 2256; baseline 0.001 -21"><span class='ocrx_word' id='word_1_151' title='bbox 522 2202 549 2235; x_wconf 75' lang='grc' dir='ltr'>(ι</span> <span class='ocrx_word' id='word_1_152' title='bbox 593 2197 711 2239; x_wconf 92' lang='lat' dir='ltr'>non</span> <span class='ocrx_word' id='word_1_153' title='bbox 750 2181 979 2239; x_wconf 88' lang='lat' dir='ltr'>habebit</span> <span class='ocrx_word' id='word_1_154' title='bbox 1026 2188 1312 2256; x_wconf 89' lang='lat' dir='ltr'>peccatum</span> <span class='ocrx_word' id='word_1_155' title='bbox 1358 2201 1371 2247; x_wconf 91' lang='lat'>;</span> <span class='ocrx_word' id='word_1_156' title='bbox 1418 2182 1566 2239; x_wconf 90' lang='lat' dir='ltr'>sicut</span> <span class='ocrx_word' id='word_1_157' title='bbox 1613 2184 1763 2255; x_wconf 90' lang='lat' dir='ltr'>patet</span> <span class='ocrx_word' id='word_1_158' title='bbox 1814 2178 1886 2236; x_wconf 90' lang='lat' dir='ltr'>de</span> 
     </span>
     <span class='ocr_line' id='line_1_23' title="bbox 520 2262 1881 2336; baseline 0.001 -20"><span class='ocrx_word' id='word_1_159' title='bbox 520 2284 548 2316; x_wconf 78' lang='grc' dir='ltr'><em>α</em></span> <span class='ocrx_word' id='word_1_160' title='bbox 588 2262 771 2319; x_wconf 85' lang='lat' dir='ltr'>Adam</span> <span class='ocrx_word' id='word_1_161' title='bbox 798 2263 1111 2320; x_wconf 90' lang='lat' dir='ltr'>secundum</span> <span class='ocrx_word' id='word_1_162' title='bbox 1139 2265 1287 2331; x_wconf 85' lang='lat' dir='ltr'>illos,</span> <span class='ocrx_word' id='word_1_163' title='bbox 1330 2265 1429 2336; x_wconf 89' lang='lat' dir='ltr'>qui</span> <span class='ocrx_word' id='word_1_164' title='bbox 1459 2264 1658 2320; x_wconf 90' lang='lat' dir='ltr'>dicunt</span> <span class='ocrx_word' id='word_1_165' title='bbox 1708 2263 1881 2319; x_wconf 91' lang='lat' dir='ltr'>illum</span> 
     </span>
     <span class='ocr_line' id='line_1_24' title="bbox 520 2345 1883 2421; baseline 0.001 -22"><span class='ocrx_word' id='word_1_166' title='bbox 520 2367 547 2398; x_wconf 89' lang='lat'>«</span> <span class='ocrx_word' id='word_1_167' title='bbox 585 2361 702 2401; x_wconf 88' lang='lat' dir='ltr'>non</span> <span class='ocrx_word' id='word_1_168' title='bbox 731 2346 906 2402; x_wconf 84' lang='lat' dir='ltr'>fuisse</span> <span class='ocrx_word' id='word_1_169' title='bbox 930 2348 996 2402; x_wconf 90' lang='lat' dir='ltr'>in</span> <span class='ocrx_word' id='word_1_170' title='bbox 1021 2347 1209 2421; x_wconf 84' lang='lat' dir='ltr'>gratia</span> <span class='ocrx_word' id='word_1_171' title='bbox 1232 2353 1514 2404; x_wconf 90' lang='lat' dir='ltr'>creatum.</span> <span class='ocrx_word' id='word_1_172' title='bbox 1563 2345 1710 2410; x_wconf 88' lang='lat' dir='ltr'>Quia</span> <span class='ocrx_word' id='word_1_173' title='bbox 1750 2361 1883 2418; x_wconf 92' lang='lat' dir='ltr'>pec-</span> 
     </span>
     <span class='ocr_line' id='line_1_25' title="bbox 520 2426 1881 2500; baseline 0.004 -22"><span class='ocrx_word' id='word_1_174' title='bbox 520 2447 547 2478; x_wconf 91' lang='lat'>«</span> <span class='ocrx_word' id='word_1_175' title='bbox 587 2431 777 2500; x_wconf 81' lang='lat' dir='ltr'>catum</span> <span class='ocrx_word' id='word_1_176' title='bbox 825 2427 1044 2500; x_wconf 91' lang='lat' dir='ltr'>aliquid</span> <span class='ocrx_word' id='word_1_177' title='bbox 1093 2428 1256 2500; x_wconf 91' lang='lat' dir='ltr'>ponit</span> <span class='ocrx_word' id='word_1_178' title='bbox 1294 2429 1388 2486; x_wconf 89' lang='lat' dir='ltr'>vel</span> <span class='ocrx_word' id='word_1_179' title='bbox 1417 2443 1556 2493; x_wconf 90' lang='lat' dir='ltr'>esse,</span> <span class='ocrx_word' id='word_1_180' title='bbox 1583 2428 1677 2484; x_wconf 87' lang='lat' dir='ltr'>vel</span> <span class='ocrx_word' id='word_1_181' title='bbox 1705 2426 1881 2484; x_wconf 83' lang='lat' dir='ltr'>fuisse</span> 
     </span>
     <span class='ocr_line' id='line_1_26' title="bbox 517 2505 1873 2580; baseline 0.004 -23"><span class='ocrx_word' id='word_1_182' title='bbox 517 2526 543 2557; x_wconf 87' lang='lat'>«</span> <span class='ocrx_word' id='word_1_183' title='bbox 585 2505 649 2562; x_wconf 92' lang='lat' dir='ltr'>in</span> <span class='ocrx_word' id='word_1_184' title='bbox 665 2509 1311 2578; x_wconf 83' lang='lat' dir='ltr'>peccante.Transeunte</span> <span class='ocrx_word' id='word_1_185' title='bbox 1326 2508 1485 2565; x_wconf 90' lang='lat' dir='ltr'>enim</span> <span class='ocrx_word' id='word_1_186' title='bbox 1503 2512 1625 2564; x_wconf 89' lang='lat' dir='ltr'>actu</span> <span class='ocrx_word' id='word_1_187' title='bbox 1645 2507 1873 2580; x_wconf 89' lang='lat' dir='ltr'>peccati,</span> 
     </span>
     <span class='ocr_line' id='line_1_27' title="bbox 519 2588 1878 2664; baseline 0.005 -23"><span class='ocrx_word' id='word_1_188' title='bbox 519 2611 545 2641; x_wconf 71' lang='grc' dir='ltr'><strong>α</strong></span> <span class='ocrx_word' id='word_1_189' title='bbox 588 2588 772 2645; x_wconf 89' lang='lat' dir='ltr'>adhuc</span> <span class='ocrx_word' id='word_1_190' title='bbox 795 2596 1081 2661; x_wconf 89' lang='lat' dir='ltr'>peccatum</span> <span class='ocrx_word' id='word_1_191' title='bbox 1111 2591 1434 2664; x_wconf 83' lang='lat' dir='ltr'>praecedens</span> <span class='ocrx_word' id='word_1_192' title='bbox 1462 2596 1659 2647; x_wconf 89' lang='lat' dir='ltr'>manet</span> <span class='ocrx_word' id='word_1_193' title='bbox 1685 2590 1878 2662; x_wconf 90' lang='lat' dir='ltr'>aliquo</span> 
     </span>
     <span class='ocr_line' id='line_1_28' title="bbox 515 2668 1875 2743; baseline 0.004 -23"><span class='ocrx_word' id='word_1_194' title='bbox 515 2690 541 2720; x_wconf 91' lang='lat'>«</span> <span class='ocrx_word' id='word_1_195' title='bbox 586 2668 759 2726; x_wconf 91' lang='lat' dir='ltr'>modo</span> <span class='ocrx_word' id='word_1_196' title='bbox 787 2670 849 2725; x_wconf 91' lang='lat' dir='ltr'>in</span> <span class='ocrx_word' id='word_1_197' title='bbox 877 2671 999 2743; x_wconf 89' lang='lat' dir='ltr'>ipso</span> <span class='ocrx_word' id='word_1_198' title='bbox 1039 2679 1320 2743; x_wconf 88' lang='lat' dir='ltr'>peccante,</span> <span class='ocrx_word' id='word_1_199' title='bbox 1372 2669 1685 2728; x_wconf 86' lang='lat' dir='ltr'>secundum</span> <span class='ocrx_word' id='word_1_200' title='bbox 1726 2670 1875 2742; x_wconf 92' lang='lat' dir='ltr'>quod</span> 
     </span>
     <span class='ocr_line' id='line_1_29' title="bbox 511 2751 1876 2825; baseline 0.005 -25"><span class='ocrx_word' id='word_1_201' title='bbox 511 2771 538 2800; x_wconf 87' lang='lat'>«</span> <span class='ocrx_word' id='word_1_202' title='bbox 582 2765 654 2805; x_wconf 84' lang='lat' dir='ltr'>ex</span> <span class='ocrx_word' id='word_1_203' title='bbox 702 2766 768 2807; x_wconf 90' lang='lat' dir='ltr'>eo</span> <span class='ocrx_word' id='word_1_204' title='bbox 825 2766 954 2807; x_wconf 88' lang='lat' dir='ltr'>reus</span> <span class='ocrx_word' id='word_1_205' title='bbox 1001 2752 1151 2825; x_wconf 88' lang='lat' dir='ltr'>apud</span> <span class='ocrx_word' id='word_1_206' title='bbox 1200 2754 1379 2809; x_wconf 88' lang='lat' dir='ltr'>Deum</span> <span class='ocrx_word' id='word_1_207' title='bbox 1429 2751 1701 2817; x_wconf 84' lang='lat' dir='ltr'>efficitur;</span> <span class='ocrx_word' id='word_1_208' title='bbox 1729 2752 1876 2807; x_wconf 89' lang='lat' dir='ltr'>sicut</span> 
     </span>
     <span class='ocr_line' id='line_1_30' title="bbox 511 2829 1874 2906; baseline 0.007 -24"><span class='ocrx_word' id='word_1_209' title='bbox 511 2849 536 2880; x_wconf 91' lang='lat'>«</span> <span class='ocrx_word' id='word_1_210' title='bbox 580 2829 754 2886; x_wconf 89' lang='lat' dir='ltr'>etiam</span> <span class='ocrx_word' id='word_1_211' title='bbox 777 2836 932 2888; x_wconf 89' lang='lat' dir='ltr'>actus</span> <span class='ocrx_word' id='word_1_212' title='bbox 963 2833 1254 2890; x_wconf 89' lang='lat' dir='ltr'>meritorii</span> <span class='ocrx_word' id='word_1_213' title='bbox 1285 2836 1542 2902; x_wconf 88' lang='lat' dir='ltr'>manent,</span> <span class='ocrx_word' id='word_1_214' title='bbox 1594 2837 1656 2888; x_wconf 93' lang='lat' dir='ltr'>ut</span> <span class='ocrx_word' id='word_1_215' title='bbox 1699 2848 1874 2906; x_wconf 85' lang='lat' dir='ltr'>supra</span> 
     </span>
     <span class='ocr_line' id='line_1_31' title="bbox 510 2911 1012 2972; baseline 0 -4"><span class='ocrx_word' id='word_1_216' title='bbox 510 2933 536 2962; x_wconf 90' lang='lat'>«</span> <span class='ocrx_word' id='word_1_217' title='bbox 579 2911 795 2971; x_wconf 88' lang='lat' dir='ltr'>dictum</span> <span class='ocrx_word' id='word_1_218' title='bbox 832 2920 935 2972; x_wconf 93' lang='lat' dir='ltr'>est.</span> <span class='ocrx_word' id='word_1_219' title='bbox 986 2937 1012 2968; x_wconf 87' lang='lat'>»</span> 
     </span>
    </p>
   </div>
   <div class='ocr_carea' id='block_1_3' title="bbox 295 2996 1873 3105">
    <p class='ocr_par' dir='ltr' id='par_1_3' title="bbox 295 2996 1873 3105">
     <span class='ocr_line' id='line_1_32' title="bbox 295 2996 1873 3105; baseline 0.006 -58"><span class='ocrx_word' id='word_1_220' title='bbox 295 3002 476 3105; x_wconf 46' lang='lat' dir='ltr'>¹33ng</span> <span class='ocrx_word' id='word_1_221' title='bbox 580 2997 637 3053; x_wconf 90' lang='lat'>7.</span> <span class='ocrx_word' id='word_1_222' title='bbox 680 2999 794 3055; x_wconf 88' lang='lat' dir='ltr'>Nec</span> <span class='ocrx_word' id='word_1_223' title='bbox 822 2997 1016 3063; x_wconf 81' lang='lat' dir='ltr'>refert,</span> <span class='ocrx_word' id='word_1_224' title='bbox 1050 2997 1099 3052; x_wconf 91' lang='lat' dir='ltr'>si</span> <span class='ocrx_word' id='word_1_225' title='bbox 1141 2997 1273 3053; x_wconf 89' lang='lat' dir='ltr'>huic</span> <span class='ocrx_word' id='word_1_226' title='bbox 1303 2996 1662 3070; x_wconf 86' lang='lat' dir='ltr'>responsioni</span> <span class='ocrx_word' id='word_1_227' title='bbox 1690 3013 1873 3071; x_wconf 91' lang='lat' dir='ltr'>oppo-</span> 
     </span>
    </p>
   </div>
   <div class='ocr_carea' id='block_1_4' title="bbox 500 3078 1871 3401">
    <p class='ocr_par' dir='ltr' id='par_1_4' title="bbox 500 3078 1871 3401">
     <span class='ocr_line' id='line_1_33' title="bbox 505 3078 1871 3153; baseline 0.004 -22"><span class='ocrx_word' id='word_1_228' title='bbox 505 3091 606 3132; x_wconf 88' lang='lat' dir='ltr'>nas</span> <span class='ocrx_word' id='word_1_229' title='bbox 624 3082 803 3151; x_wconf 82' lang='lat' dir='ltr'>primo</span> <span class='ocrx_word' id='word_1_230' title='bbox 830 3098 849 3131; x_wconf 90' lang='lat'>.·</span> <span class='ocrx_word' id='word_1_231' title='bbox 874 3078 1150 3152; x_wconf 89' lang='lat' dir='ltr'>quoniam</span> <span class='ocrx_word' id='word_1_232' title='bbox 1174 3082 1468 3137; x_wconf 90' lang='lat' dir='ltr'>terminus</span> <span class='ocrx_word' id='word_1_233' title='bbox 1496 3098 1532 3135; x_wconf 85' lang='grc' dir='ltr'><em>α</em></span> <span class='ocrx_word' id='word_1_234' title='bbox 1560 3098 1662 3153; x_wconf 85' lang='lat' dir='ltr'>quo</span> <span class='ocrx_word' id='word_1_235' title='bbox 1685 3086 1871 3138; x_wconf 85' lang='lat' dir='ltr'>muta·</span> 
     </span>
     <span class='ocr_line' id='line_1_34' title="bbox 500 3159 1868 3238; baseline 0.005 -24"><span class='ocrx_word' id='word_1_236' title='bbox 500 3159 677 3216; x_wconf 90' lang='lat' dir='ltr'>tionis</span> <span class='ocrx_word' id='word_1_237' title='bbox 703 3161 869 3221; x_wconf 92' lang='lat' dir='ltr'>debet</span> <span class='ocrx_word' id='word_1_238' title='bbox 906 3164 1271 3235; x_wconf 79' lang='lat' dir='ltr'>praeexistere</span> <span class='ocrx_word' id='word_1_239' title='bbox 1314 3163 1378 3218; x_wconf 94' lang='lat' dir='ltr'>in</span> <span class='ocrx_word' id='word_1_240' title='bbox 1419 3163 1687 3234; x_wconf 84' lang='lat' dir='ltr'>subject0,</span> <span class='ocrx_word' id='word_1_241' title='bbox 1718 3164 1868 3238; x_wconf 91' lang='lat' dir='ltr'>quod</span> 
     </span>
     <span class='ocr_line' id='line_1_35' title="bbox 501 3244 1869 3318; baseline 0.005 -22"><span class='ocrx_word' id='word_1_242' title='bbox 501 3246 757 3298; x_wconf 89' lang='lat' dir='ltr'>mutatur</span> <span class='ocrx_word' id='word_1_243' title='bbox 789 3264 802 3298; x_wconf 91' lang='lat'><strong>:</strong></span> <span class='ocrx_word' id='word_1_244' title='bbox 842 3244 940 3301; x_wconf 92' lang='lat' dir='ltr'>sed</span> <span class='ocrx_word' id='word_1_245' title='bbox 970 3250 1125 3301; x_wconf 86' lang='lat' dir='ltr'>actus</span> <span class='ocrx_word' id='word_1_246' title='bbox 1152 3244 1362 3318; x_wconf 84' lang='lat' dir='ltr'>peccati</span> <span class='ocrx_word' id='word_1_247' title='bbox 1387 3246 1709 3317; x_wconf 69' lang='lat' dir='ltr'>praeteritus</span> <span class='ocrx_word' id='word_1_248' title='bbox 1737 3261 1869 3303; x_wconf 90' lang='lat' dir='ltr'>mo-</span> 
     </span>
     <span class='ocr_line' id='line_1_36' title="bbox 502 3324 1867 3401; baseline 0.004 -23"><span class='ocrx_word' id='word_1_249' title='bbox 502 3324 701 3381; x_wconf 90' lang='lat' dir='ltr'>raliter</span> <span class='ocrx_word' id='word_1_250' title='bbox 747 3341 1093 3397; x_wconf 88' lang='lat' dir='ltr'>permanens</span> <span class='ocrx_word' id='word_1_251' title='bbox 1143 3343 1262 3384; x_wconf 91' lang='lat' dir='ltr'>non</span> <span class='ocrx_word' id='word_1_252' title='bbox 1305 3328 1617 3401; x_wconf 83' lang='lat' dir='ltr'>praeexistit</span> <span class='ocrx_word' id='word_1_253' title='bbox 1647 3328 1867 3384; x_wconf 86' lang='lat' dir='ltr'>intrin-</span> 
     </span>
    </p>
   </div>
   <div class='ocr_carea' id='block_1_5' title="bbox 497 3407 1902 3565">
    <p class='ocr_par' dir='ltr' id='par_1_5' title="bbox 497 3407 1902 3565">
     <span class='ocr_line' id='line_1_37' title="bbox 497 3407 1902 3483; baseline 0.006 -21"><span class='ocrx_word' id='word_1_254' title='bbox 497 3421 621 3463; x_wconf 91' lang='lat' dir='ltr'>sece</span> <span class='ocrx_word' id='word_1_255' title='bbox 646 3407 711 3462; x_wconf 94' lang='lat' dir='ltr'>in</span> <span class='ocrx_word' id='word_1_256' title='bbox 739 3407 995 3475; x_wconf 89' lang='lat' dir='ltr'>homine,</span> <span class='ocrx_word' id='word_1_257' title='bbox 1023 3409 1118 3482; x_wconf 92' lang='lat' dir='ltr'>qui</span> <span class='ocrx_word' id='word_1_258' title='bbox 1143 3408 1507 3483; x_wconf 72' lang='lat' dir='ltr'>iustificetur,</span> <span class='ocrx_word' id='word_1_259' title='bbox 1549 3409 1647 3467; x_wconf 91' lang='lat' dir='ltr'>sed</span> <span class='ocrx_word' id='word_1_260' title='bbox 1673 3410 1862 3467; x_wconf 91' lang='lat' dir='ltr'>solum</span> <span class='ocrx_word' id='word_1_261' title='bbox 1901 3468 1902 3471; x_wconf 74' lang='grc'><strong>,</strong></span> 
     </span>
     <span class='ocr_line' id='line_1_38' title="bbox 500 3487 1880 3565; baseline 0.003 -20"><span class='ocrx_word' id='word_1_262' title='bbox 500 3487 770 3560; x_wconf 75' lang='lat' dir='ltr'>obJective</span> <span class='ocrx_word' id='word_1_263' title='bbox 817 3490 882 3546; x_wconf 93' lang='lat' dir='ltr'>in</span> <span class='ocrx_word' id='word_1_264' title='bbox 933 3490 1364 3547; x_wconf 88' lang='lat' dir='ltr'>abominatione</span> <span class='ocrx_word' id='word_1_265' title='bbox 1411 3491 1616 3548; x_wconf 91' lang='lat' dir='ltr'>divina</span> <span class='ocrx_word' id='word_1_266' title='bbox 1658 3508 1673 3560; x_wconf 70' lang='lat'>3</span> <span class='ocrx_word' id='word_1_267' title='bbox 1726 3506 1880 3565; x_wconf 43' lang='lat' dir='ltr'>ergo.</span> 
     </span>
    </p>
   </div>
   <div class='ocr_carea' id='block_1_6' title="bbox 478 3567 1862 4864">
    <p class='ocr_par' dir='ltr' id='par_1_6' title="bbox 478 3567 1862 4864">
     <span class='ocr_line' id='line_1_39' title="bbox 497 3567 1862 3642; baseline 0.004 -20"><span class='ocrx_word' id='word_1_268' title='bbox 497 3567 797 3640; x_wconf 78' lang='lat' dir='ltr'>praedictus</span> <span class='ocrx_word' id='word_1_269' title='bbox 850 3576 1005 3625; x_wconf 90' lang='lat' dir='ltr'>actus</span> <span class='ocrx_word' id='word_1_270' title='bbox 1033 3570 1186 3626; x_wconf 92' lang='lat' dir='ltr'>nihil</span> <span class='ocrx_word' id='word_1_271' title='bbox 1214 3570 1453 3636; x_wconf 81' lang='lat' dir='ltr'>confert,</span> <span class='ocrx_word' id='word_1_272' title='bbox 1487 3576 1549 3626; x_wconf 91' lang='lat' dir='ltr'>ut</span> <span class='ocrx_word' id='word_1_273' title='bbox 1576 3572 1862 3642; x_wconf 87' lang='lat' dir='ltr'>terminus</span> 
     </span>
     <span class='ocr_line' id='line_1_40' title="bbox 492 3650 1862 3728; baseline 0.005 -25"><span class='ocrx_word' id='word_1_274' title='bbox 492 3665 528 3702; x_wconf 87' lang='grc' dir='ltr'><em>α</em></span> <span class='ocrx_word' id='word_1_275' title='bbox 557 3666 662 3726; x_wconf 82' lang='lat' dir='ltr'>quo</span> <span class='ocrx_word' id='word_1_276' title='bbox 702 3650 1064 3706; x_wconf 87' lang='lat' dir='ltr'>remissionis</span> <span class='ocrx_word' id='word_1_277' title='bbox 1112 3650 1322 3723; x_wconf 88' lang='lat' dir='ltr'>peccati</span> <span class='ocrx_word' id='word_1_278' title='bbox 1348 3651 1425 3706; x_wconf 90' lang='lat' dir='ltr'>sit</span> <span class='ocrx_word' id='word_1_279' title='bbox 1452 3650 1681 3728; x_wconf 25' lang='lat' dir='ltr'>aliquid·</span> <span class='ocrx_word' id='word_1_280' title='bbox 1703 3655 1862 3725; x_wconf 90' lang='lat' dir='ltr'>posi-</span> 
     </span>
     <span class='ocr_line' id='line_1_41' title="bbox 492 3729 1859 3803; baseline 0.004 -18"><span class='ocrx_word' id='word_1_281' title='bbox 492 3730 697 3786; x_wconf 87' lang='lat' dir='ltr'>tivum.</span> <span class='ocrx_word' id='word_1_282' title='bbox 736 3729 1003 3798; x_wconf 70' lang='lat' dir='ltr'>Sewndo,</span> <span class='ocrx_word' id='word_1_283' title='bbox 1034 3732 1170 3803; x_wconf 90' lang='lat' dir='ltr'>quia</span> <span class='ocrx_word' id='word_1_284' title='bbox 1196 3731 1500 3788; x_wconf 87' lang='lat' dir='ltr'>inclinatio</span> <span class='ocrx_word' id='word_1_285' title='bbox 1546 3732 1859 3791; x_wconf 88' lang='lat' dir='ltr'>habitualis</span> 
     </span>
     <span class='ocr_line' id='line_1_42' title="bbox 493 3810 1857 3887; baseline 0.005 -20"><span class='ocrx_word' id='word_1_286' title='bbox 493 3810 565 3868; x_wconf 91' lang='lat' dir='ltr'>ad</span> <span class='ocrx_word' id='word_1_287' title='bbox 592 3811 809 3869; x_wconf 89' lang='lat' dir='ltr'>bonum</span> <span class='ocrx_word' id='word_1_288' title='bbox 839 3815 1139 3887; x_wconf 89' lang='lat' dir='ltr'>proprium</span> <span class='ocrx_word' id='word_1_289' title='bbox 1181 3820 1455 3886; x_wconf 84' lang='lat' dir='ltr'>tanquam</span> <span class='ocrx_word' id='word_1_290' title='bbox 1486 3813 1554 3871; x_wconf 91' lang='lat' dir='ltr'>ad</span> <span class='ocrx_word' id='word_1_291' title='bbox 1583 3816 1857 3874; x_wconf 85' lang='lat' dir='ltr'>ultimum</span> 
     </span>
     <span class='ocr_line' id='line_1_43' title="bbox 490 3890 1860 3968; baseline 0.004 -20"><span class='ocrx_word' id='word_1_292' title='bbox 490 3890 668 3949; x_wconf 87' lang='lat' dir='ltr'>finem</span> <span class='ocrx_word' id='word_1_293' title='bbox 698 3894 849 3949; x_wconf 91' lang='lat' dir='ltr'>nihil</span> <span class='ocrx_word' id='word_1_294' title='bbox 881 3893 1041 3949; x_wconf 88' lang='lat' dir='ltr'>aliud</span> <span class='ocrx_word' id='word_1_295' title='bbox 1062 3899 1164 3960; x_wconf 92' lang='lat' dir='ltr'>est,</span> <span class='ocrx_word' id='word_1_296' title='bbox 1195 3910 1369 3967; x_wconf 91' lang='lat' dir='ltr'>quam</span> <span class='ocrx_word' id='word_1_297' title='bbox 1398 3894 1607 3951; x_wconf 86' lang='lat' dir='ltr'>entitas</span> <span class='ocrx_word' id='word_1_298' title='bbox 1634 3896 1779 3968; x_wconf 89' lang='lat' dir='ltr'>ipsa,</span> <span class='ocrx_word' id='word_1_299' title='bbox 1801 3902 1860 3954; x_wconf 93' lang='lat' dir='ltr'>et</span> 
     </span>
     <span class='ocr_line' id='line_1_44' title="bbox 490 3972 1857 4035; baseline 0.005 -7"><span class='ocrx_word' id='word_1_300' title='bbox 490 3972 792 4031; x_wconf 90' lang='lat' dir='ltr'>inclinatio</span> <span class='ocrx_word' id='word_1_301' title='bbox 849 3975 1167 4031; x_wconf 87' lang='lat' dir='ltr'>voluntatis</span> <span class='ocrx_word' id='word_1_302' title='bbox 1231 3981 1433 4032; x_wconf 76' lang='lat' dir='ltr'>creatae</span> <span class='ocrx_word' id='word_1_303' title='bbox 1494 3976 1857 4035; x_wconf 89' lang='lat' dir='ltr'>connotando</span> 
     </span>
     <span class='ocr_line' id='line_1_45' title="bbox 492 4054 1858 4128; baseline 0.004 -18"><span class='ocrx_word' id='word_1_304' title='bbox 492 4054 876 4127; x_wconf 87' lang='lat' dir='ltr'>privationem</span> <span class='ocrx_word' id='word_1_305' title='bbox 902 4056 1120 4128; x_wconf 66' lang='lat' dir='ltr'>gratiae,</span> <span class='ocrx_word' id='word_1_306' title='bbox 1155 4061 1216 4111; x_wconf 90' lang='lat' dir='ltr'>ut</span> <span class='ocrx_word' id='word_1_307' title='bbox 1235 4061 1455 4113; x_wconf 84' lang='lat' dir='ltr'>constat</span> <span class='ocrx_word' id='word_1_308' title='bbox 1480 4072 1551 4113; x_wconf 82' lang='lat' dir='ltr'>ex</span> <span class='ocrx_word' id='word_1_309' title='bbox 1592 4056 1757 4114; x_wconf 87' lang='lat' dir='ltr'>dictis</span> <span class='ocrx_word' id='word_1_310' title='bbox 1797 4062 1858 4115; x_wconf 78' lang='lat' dir='ltr'>in</span> 
     </span>
     <span class='ocr_line' id='line_1_46' title="bbox 491 4135 1856 4209; baseline 0.006 -20"><span class='ocrx_word' id='word_1_311' title='bbox 491 4142 651 4191; x_wconf 83' lang='lat' dir='ltr'>tract.</span> <span class='ocrx_word' id='word_1_312' title='bbox 683 4135 746 4190; x_wconf 84' lang='lat' dir='ltr'>de</span> <span class='ocrx_word' id='word_1_313' title='bbox 770 4135 965 4190; x_wconf 82' lang='lat' dir='ltr'>ultimo</span> <span class='ocrx_word' id='word_1_314' title='bbox 990 4137 1112 4206; x_wconf 82' lang='lat' dir='ltr'>fine,</span> <span class='ocrx_word' id='word_1_315' title='bbox 1138 4137 1279 4209; x_wconf 78' lang='lat' dir='ltr'>disp.</span> <span class='ocrx_word' id='word_1_316' title='bbox 1303 4139 1359 4204; x_wconf 88' lang='grc'>4,</span> <span class='ocrx_word' id='word_1_317' title='bbox 1391 4135 1517 4192; x_wconf 80' lang='lat' dir='ltr'>dub.</span> <span class='ocrx_word' id='word_1_318' title='bbox 1552 4139 1586 4192; x_wconf 89' lang='grc'>3</span> <span class='ocrx_word' id='word_1_319' title='bbox 1618 4161 1632 4205; x_wconf 83' lang='lat'><em>3</em></span> <span class='ocrx_word' id='word_1_320' title='bbox 1664 4139 1762 4197; x_wconf 89' lang='lat' dir='ltr'>sed</span> <span class='ocrx_word' id='word_1_321' title='bbox 1783 4157 1856 4197; x_wconf 85' lang='lat' dir='ltr'>ex</span> 
     </span>
     <span class='ocr_line' id='line_1_47' title="bbox 494 4214 1855 4292; baseline 0.005 -22"><span class='ocrx_word' id='word_1_322' title='bbox 494 4214 566 4271; x_wconf 85' lang='lat' dir='ltr'>iis</span> <span class='ocrx_word' id='word_1_323' title='bbox 604 4214 824 4272; x_wconf 88' lang='lat' dir='ltr'>duobus</span> <span class='ocrx_word' id='word_1_324' title='bbox 866 4217 1114 4287; x_wconf 88' lang='lat' dir='ltr'>privatio</span> <span class='ocrx_word' id='word_1_325' title='bbox 1154 4221 1378 4273; x_wconf 91' lang='lat' dir='ltr'>nonest</span> <span class='ocrx_word' id='word_1_326' title='bbox 1404 4217 1621 4288; x_wconf 90' lang='lat' dir='ltr'>aliquid</span> <span class='ocrx_word' id='word_1_327' title='bbox 1650 4221 1855 4292; x_wconf 91' lang='lat' dir='ltr'>positi-</span> 
     </span>
     <span class='ocr_line' id='line_1_48' title="bbox 491 4298 1856 4369; baseline 0.004 -17"><span class='ocrx_word' id='word_1_328' title='bbox 491 4313 651 4363; x_wconf 85' lang='lat' dir='ltr'>vum,</span> <span class='ocrx_word' id='word_1_329' title='bbox 678 4302 745 4353; x_wconf 92' lang='lat' dir='ltr'>ut</span> <span class='ocrx_word' id='word_1_330' title='bbox 764 4313 839 4353; x_wconf 83' lang='lat' dir='ltr'>ex</span> <span class='ocrx_word' id='word_1_331' title='bbox 862 4314 920 4354; x_wconf 91' lang='lat' dir='ltr'>se</span> <span class='ocrx_word' id='word_1_332' title='bbox 949 4298 1163 4369; x_wconf 80' lang='lat' dir='ltr'>liquet3</span> <span class='ocrx_word' id='word_1_333' title='bbox 1189 4298 1398 4354; x_wconf 86' lang='lat' dir='ltr'>entitas</span> <span class='ocrx_word' id='word_1_334' title='bbox 1427 4314 1563 4355; x_wconf 87' lang='lat' dir='ltr'>vero</span> <span class='ocrx_word' id='word_1_335' title='bbox 1589 4301 1856 4358; x_wconf 89' lang='lat' dir='ltr'>volunta-</span> 
     </span>
     <span class='ocr_line' id='line_1_49' title="bbox 489 4378 1850 4451; baseline 0.006 -18"><span class='ocrx_word' id='word_1_336' title='bbox 489 4379 561 4434; x_wconf 91' lang='lat' dir='ltr'>tis</span> <span class='ocrx_word' id='word_1_337' title='bbox 580 4385 782 4436; x_wconf 84' lang='lat' dir='ltr'>creatae</span> <span class='ocrx_word' id='word_1_338' title='bbox 814 4395 931 4435; x_wconf 94' lang='lat' dir='ltr'>non</span> <span class='ocrx_word' id='word_1_339' title='bbox 957 4378 1409 4451; x_wconf 77' lang='lat' dir='ltr'>destruiturper</span> <span class='ocrx_word' id='word_1_340' title='bbox 1450 4380 1850 4441; x_wconf 90' lang='lat' dir='ltr'>remissionem</span> 
     </span>
     <span class='ocr_line' id='line_1_50' title="bbox 487 4460 1853 4537; baseline 0.004 -20"><span class='ocrx_word' id='word_1_341' title='bbox 487 4462 711 4533; x_wconf 89' lang='lat' dir='ltr'>peccati,</span> <span class='ocrx_word' id='word_1_342' title='bbox 734 4461 832 4519; x_wconf 89' lang='lat' dir='ltr'>sed</span> <span class='ocrx_word' id='word_1_343' title='bbox 860 4460 1058 4518; x_wconf 87' lang='lat' dir='ltr'>eadem</span> <span class='ocrx_word' id='word_1_344' title='bbox 1088 4466 1415 4532; x_wconf 88' lang='lat' dir='ltr'>perseverat</span> <span class='ocrx_word' id='word_1_345' title='bbox 1442 4479 1616 4537; x_wconf 82' lang='lat' dir='ltr'>:ergo</span> <span class='ocrx_word' id='word_1_346' title='bbox 1643 4479 1766 4521; x_wconf 90' lang='lat' dir='ltr'>rem</span> <span class='ocrx_word' id='word_1_347' title='bbox 1779 4465 1853 4521; x_wconf 89' lang='lat' dir='ltr'>is-</span> 
     </span>
     <span class='ocr_line' id='line_1_51' title="bbox 482 4542 1850 4623; baseline 0.007 -26"><span class='ocrx_word' id='word_1_348' title='bbox 482 4544 570 4600; x_wconf 91' lang='lat' dir='ltr'>sio</span> <span class='ocrx_word' id='word_1_349' title='bbox 598 4545 808 4616; x_wconf 87' lang='lat' dir='ltr'>peccati</span> <span class='ocrx_word' id='word_1_350' title='bbox 837 4558 955 4599; x_wconf 91' lang='lat' dir='ltr'>non</span> <span class='ocrx_word' id='word_1_351' title='bbox 1002 4542 1170 4599; x_wconf 88' lang='lat' dir='ltr'>habet</span> <span class='ocrx_word' id='word_1_352' title='bbox 1197 4544 1514 4600; x_wconf 88' lang='lat' dir='ltr'>terminum</span> <span class='ocrx_word' id='word_1_353' title='bbox 1543 4564 1578 4600; x_wconf 85' lang='lat' dir='ltr'>a</span> <span class='ocrx_word' id='word_1_354' title='bbox 1605 4565 1716 4623; x_wconf 85' lang='lat' dir='ltr'>quo</span> <span class='ocrx_word' id='word_1_355' title='bbox 1745 4565 1850 4621; x_wconf 93' lang='lat' dir='ltr'>po-</span> 
     </span>
     <span class='ocr_line' id='line_1_52' title="bbox 481 4625 1850 4698; baseline 0.004 -17"><span class='ocrx_word' id='word_1_356' title='bbox 481 4625 742 4682; x_wconf 88' lang='lat' dir='ltr'>sitivum.</span> <span class='ocrx_word' id='word_1_357' title='bbox 762 4627 922 4683; x_wconf 88' lang='lat' dir='ltr'>Patet</span> <span class='ocrx_word' id='word_1_358' title='bbox 942 4629 1344 4698; x_wconf 88' lang='lat' dir='ltr'>consequentia</span> <span class='ocrx_word' id='word_1_359' title='bbox 1365 4650 1379 4693; x_wconf 89' lang='lat'>;</span> <span class='ocrx_word' id='word_1_360' title='bbox 1406 4643 1542 4683; x_wconf 87' lang='lat' dir='ltr'>nam</span> <span class='ocrx_word' id='word_1_361' title='bbox 1561 4631 1850 4687; x_wconf 89' lang='lat' dir='ltr'>terminus</span> 
     </span>
     <span class='ocr_line' id='line_1_53' title="bbox 480 4707 1849 4787; baseline 0.004 -22"><span class='ocrx_word' id='word_1_362' title='bbox 480 4728 516 4765; x_wconf 86' lang='grc' dir='ltr'><em>α</em></span> <span class='ocrx_word' id='word_1_363' title='bbox 562 4726 667 4787; x_wconf 78' lang='lat' dir='ltr'>quo</span> <span class='ocrx_word' id='word_1_364' title='bbox 718 4708 1057 4765; x_wconf 90' lang='lat' dir='ltr'>mutationis</span> <span class='ocrx_word' id='word_1_365' title='bbox 1104 4707 1466 4767; x_wconf 69' lang='lat' dir='ltr'>destructivae</span> <span class='ocrx_word' id='word_1_366' title='bbox 1517 4710 1684 4768; x_wconf 90' lang='lat' dir='ltr'>debet</span> <span class='ocrx_word' id='word_1_367' title='bbox 1725 4729 1849 4771; x_wconf 89' lang='lat' dir='ltr'>esse</span> 
     </span>
     <span class='ocr_line' id='line_1_54' title="bbox 478 4787 1587 4864; baseline 0.002 -19"><span class='ocrx_word' id='word_1_368' title='bbox 478 4788 615 4864; x_wconf 90' lang='lat' dir='ltr'>quid</span> <span class='ocrx_word' id='word_1_369' title='bbox 644 4787 974 4862; x_wconf 90' lang='lat' dir='ltr'>positivum,</span> <span class='ocrx_word' id='word_1_370' title='bbox 1001 4791 1056 4844; x_wconf 89' lang='lat' dir='ltr'>et</span> <span class='ocrx_word' id='word_1_371' title='bbox 1085 4788 1321 4846; x_wconf 88' lang='lat' dir='ltr'>realiter</span> <span class='ocrx_word' id='word_1_372' title='bbox 1347 4789 1587 4847; x_wconf 89' lang='lat' dir='ltr'>destrui.</span> 
     </span>
    </p>
   </div>
   <div class='ocr_carea' id='block_1_7' title="bbox 262 4867 1839 4970">
    <p class='ocr_par' dir='ltr' id='par_1_7' title="bbox 262 4867 1839 4970">
     <span class='ocr_line' id='line_1_55' title="bbox 262 4867 1839 4970; baseline 0.005 -48"><span class='ocrx_word' id='word_1_373' title='bbox 262 4869 447 4970; x_wconf 41' lang='lat' dir='ltr'>{lmus</span> <span class='ocrx_word' id='word_1_374' title='bbox 554 4872 646 4926; x_wconf 78' lang='lat' dir='ltr'>13ae</span> <span class='ocrx_word' id='word_1_375' title='bbox 671 4912 684 4935; x_wconf 94' lang='lat'>,</span> <span class='ocrx_word' id='word_1_376' title='bbox 735 4869 995 4940; x_wconf 89' lang='lat' dir='ltr'>inquam,</span> <span class='ocrx_word' id='word_1_377' title='bbox 1028 4867 1371 4942; x_wconf 85' lang='lat' dir='ltr'>objectiones</span> <span class='ocrx_word' id='word_1_378' title='bbox 1415 4887 1535 4929; x_wconf 88' lang='lat' dir='ltr'>non</span> <span class='ocrx_word' id='word_1_379' title='bbox 1563 4871 1839 4930; x_wconf 86' lang='lat' dir='ltr'>referunt.</span> 
     </span>
    </p>
   </div>
   <div class='ocr_carea' id='block_1_8' title="bbox 477 4947 1847 5108">
    <p class='ocr_par' dir='ltr' id='par_1_8' title="bbox 477 4947 1847 5108">
     <span class='ocr_line' id='line_1_56' title="bbox 477 4947 1847 5026; baseline 0.002 -19"><span class='ocrx_word' id='word_1_380' title='bbox 477 4950 564 5007; x_wconf 83' lang='lat' dir='ltr'>Ad</span> <span class='ocrx_word' id='word_1_381' title='bbox 597 4949 850 5024; x_wconf 90' lang='lat' dir='ltr'>primam</span> <span class='ocrx_word' id='word_1_382' title='bbox 872 4950 1030 5006; x_wconf 90' lang='lat' dir='ltr'>enim</span> <span class='ocrx_word' id='word_1_383' title='bbox 1060 4947 1366 5006; x_wconf 88' lang='lat' dir='ltr'>dicendum</span> <span class='ocrx_word' id='word_1_384' title='bbox 1394 4959 1496 5020; x_wconf 91' lang='lat' dir='ltr'>est,</span> <span class='ocrx_word' id='word_1_385' title='bbox 1537 4951 1685 5026; x_wconf 90' lang='lat' dir='ltr'>quod</span> <span class='ocrx_word' id='word_1_386' title='bbox 1714 4953 1847 5010; x_wconf 80' lang='lat' dir='ltr'>licet</span> 
     </span>
     <span class='ocr_line' id='line_1_57' title="bbox 478 5030 1846 5108; baseline 0.002 -17"><span class='ocrx_word' id='word_1_387' title='bbox 478 5039 635 5092; x_wconf 84' lang='lat' dir='ltr'>actus</span> <span class='ocrx_word' id='word_1_388' title='bbox 678 5031 890 5104; x_wconf 87' lang='lat' dir='ltr'>peccati</span> <span class='ocrx_word' id='word_1_389' title='bbox 935 5030 1261 5104; x_wconf 72' lang='lat' dir='ltr'>praeteritus</span> <span class='ocrx_word' id='word_1_390' title='bbox 1287 5031 1520 5108; x_wconf 87' lang='lat' dir='ltr'>physice</span> <span class='ocrx_word' id='word_1_391' title='bbox 1546 5035 1846 5108; x_wconf 79' lang='lat' dir='ltr'>praeterie-</span> 
     </span>
    </p>
   </div>
   <div class='ocr_carea' id='block_1_9' title="bbox 2025 538 3410 1841">
    <p class='ocr_par' dir='ltr' id='par_1_9' title="bbox 2025 538 3410 1841">
     <span class='ocr_line' id='line_1_58' title="bbox 2045 538 3410 613; baseline -0.004 -13"><span class='ocrx_word' id='word_1_392' title='bbox 2045 545 2140 611; x_wconf 88' lang='lat' dir='ltr'>rit,</span> <span class='ocrx_word' id='word_1_393' title='bbox 2196 546 2411 602; x_wconf 89' lang='lat' dir='ltr'>mansit</span> <span class='ocrx_word' id='word_1_394' title='bbox 2456 551 2652 603; x_wconf 89' lang='lat' dir='ltr'>tamen</span> <span class='ocrx_word' id='word_1_395' title='bbox 2696 543 3000 601; x_wconf 88' lang='lat' dir='ltr'>moraliter</span> <span class='ocrx_word' id='word_1_396' title='bbox 3026 541 3088 597; x_wconf 90' lang='lat' dir='ltr'>in</span> <span class='ocrx_word' id='word_1_397' title='bbox 3117 538 3410 613; x_wconf 88' lang='lat' dir='ltr'>appretia-</span> 
     </span>
     <span class='ocr_line' id='line_1_59' title="bbox 2042 619 3409 701; baseline -0.003 -21"><span class='ocrx_word' id='word_1_398' title='bbox 2042 627 2198 684; x_wconf 88' lang='lat' dir='ltr'>tione</span> <span class='ocrx_word' id='word_1_399' title='bbox 2247 626 2450 684; x_wconf 89' lang='lat' dir='ltr'>divina</span> <span class='ocrx_word' id='word_1_400' title='bbox 2498 635 2559 683; x_wconf 90' lang='lat' dir='ltr'>ut</span> <span class='ocrx_word' id='word_1_401' title='bbox 2601 628 2898 701; x_wconf 91' lang='lat' dir='ltr'>proprium</span> <span class='ocrx_word' id='word_1_402' title='bbox 2927 622 3226 697; x_wconf 88' lang='lat' dir='ltr'>suppositi,</span> <span class='ocrx_word' id='word_1_403' title='bbox 3260 619 3409 693; x_wconf 90' lang='lat' dir='ltr'>quod</span> 
     </span>
     <span class='ocr_line' id='line_1_60' title="bbox 2042 701 3408 780; baseline -0.005 -16"><span class='ocrx_word' id='word_1_404' title='bbox 2042 707 2313 780; x_wconf 88' lang='lat' dir='ltr'>peccavit,</span> <span class='ocrx_word' id='word_1_405' title='bbox 2347 706 2606 780; x_wconf 89' lang='lat' dir='ltr'>illudque</span> <span class='ocrx_word' id='word_1_406' title='bbox 2651 706 2975 780; x_wconf 89' lang='lat' dir='ltr'>impediens</span> <span class='ocrx_word' id='word_1_407' title='bbox 3027 722 3061 760; x_wconf 91' lang='lat' dir='ltr'>a</span> <span class='ocrx_word' id='word_1_408' title='bbox 3101 701 3408 777; x_wconf 86' lang='lat' dir='ltr'>participa·</span> 
     </span>
     <span class='ocr_line' id='line_1_61' title="bbox 2039 785 3407 864; baseline -0.004 -22"><span class='ocrx_word' id='word_1_409' title='bbox 2039 787 2199 845; x_wconf 90' lang='lat' dir='ltr'>tione</span> <span class='ocrx_word' id='word_1_410' title='bbox 2245 789 2461 864; x_wconf 82' lang='lat' dir='ltr'>gratiae.</span> <span class='ocrx_word' id='word_1_411' title='bbox 2496 788 2661 845; x_wconf 92' lang='lat' dir='ltr'>Unde</span> <span class='ocrx_word' id='word_1_412' title='bbox 2687 787 2936 860; x_wconf 88' lang='lat' dir='ltr'>privatio</span> <span class='ocrx_word' id='word_1_413' title='bbox 2974 785 3174 861; x_wconf 77' lang='lat' dir='ltr'>gratiae</span> <span class='ocrx_word' id='word_1_414' title='bbox 3216 796 3407 854; x_wconf 86' lang='lat' dir='ltr'>pecca·</span> 
     </span>
     <span class='ocr_line' id='line_1_62' title="bbox 2039 864 3405 942; baseline -0.006 -17"><span class='ocrx_word' id='word_1_415' title='bbox 2039 871 2149 925; x_wconf 91' lang='lat' dir='ltr'>tori</span> <span class='ocrx_word' id='word_1_416' title='bbox 2181 871 2473 928; x_wconf 85' lang='lat' dir='ltr'>inhaerens</span> <span class='ocrx_word' id='word_1_417' title='bbox 2501 872 2820 942; x_wconf 86' lang='lat' dir='ltr'>completur</span> <span class='ocrx_word' id='word_1_418' title='bbox 2860 870 2925 925; x_wconf 92' lang='lat' dir='ltr'>in</span> <span class='ocrx_word' id='word_1_419' title='bbox 2971 879 3093 925; x_wconf 86' lang='lat' dir='ltr'>esse</span> <span class='ocrx_word' id='word_1_420' title='bbox 3127 864 3261 922; x_wconf 87' lang='lat' dir='ltr'>talis</span> <span class='ocrx_word' id='word_1_421' title='bbox 3301 877 3405 935; x_wconf 88' lang='lat' dir='ltr'>per</span> 
     </span>
     <span class='ocr_line' id='line_1_63' title="bbox 2039 950 3398 1023; baseline -0.005 -16"><span class='ocrx_word' id='word_1_422' title='bbox 2039 950 2374 1023; x_wconf 80' lang='lat' dir='ltr'>praedictum</span> <span class='ocrx_word' id='word_1_423' title='bbox 2398 957 2585 1008; x_wconf 89' lang='lat' dir='ltr'>actum</span> <span class='ocrx_word' id='word_1_424' title='bbox 2615 954 2917 1009; x_wconf 89' lang='lat' dir='ltr'>moraliter</span> <span class='ocrx_word' id='word_1_425' title='bbox 2939 950 3398 1022; x_wconf 78' lang='lat' dir='ltr'>permanentem,</span> 
     </span>
     <span class='ocr_line' id='line_1_64' title="bbox 2037 1027 3405 1103; baseline -0.002 -17"><span class='ocrx_word' id='word_1_426' title='bbox 2037 1037 2203 1103; x_wconf 87' lang='lat' dir='ltr'>atque</span> <span class='ocrx_word' id='word_1_427' title='bbox 2231 1031 2358 1089; x_wconf 91' lang='lat' dir='ltr'>ideo</span> <span class='ocrx_word' id='word_1_428' title='bbox 2402 1033 2535 1088; x_wconf 87' lang='lat' dir='ltr'>talis</span> <span class='ocrx_word' id='word_1_429' title='bbox 2563 1039 2717 1090; x_wconf 89' lang='lat' dir='ltr'>actus</span> <span class='ocrx_word' id='word_1_430' title='bbox 2764 1048 2883 1089; x_wconf 90' lang='lat' dir='ltr'>non</span> <span class='ocrx_word' id='word_1_431' title='bbox 2933 1047 2993 1087; x_wconf 94' lang='lat' dir='ltr'>se</span> <span class='ocrx_word' id='word_1_432' title='bbox 3040 1027 3211 1084; x_wconf 90' lang='lat' dir='ltr'>habet</span> <span class='ocrx_word' id='word_1_433' title='bbox 3257 1041 3405 1097; x_wconf 88' lang='lat' dir='ltr'>pure</span> 
     </span>
     <span class='ocr_line' id='line_1_65' title="bbox 2034 1106 3402 1189; baseline -0.004 -21"><span class='ocrx_word' id='word_1_434' title='bbox 2034 1115 2357 1172; x_wconf 82' lang='lat' dir='ltr'>extrinsece</span> <span class='ocrx_word' id='word_1_435' title='bbox 2381 1114 2450 1172; x_wconf 89' lang='lat' dir='ltr'>ad</span> <span class='ocrx_word' id='word_1_436' title='bbox 2480 1114 2809 1189; x_wconf 76' lang='lat' dir='ltr'>huJusmodi</span> <span class='ocrx_word' id='word_1_437' title='bbox 2840 1111 3257 1187; x_wconf 79' lang='lat' dir='ltr'>privationem3</span> <span class='ocrx_word' id='word_1_438' title='bbox 3300 1106 3402 1163; x_wconf 86' lang='lat' dir='ltr'>sed</span> 
     </span>
     <span class='ocr_line' id='line_1_66' title="bbox 2035 1191 3401 1269; baseline 0 -21"><span class='ocrx_word' id='word_1_439' title='bbox 2035 1199 2263 1265; x_wconf 82' lang='lat' dir='ltr'>praestat</span> <span class='ocrx_word' id='word_1_440' title='bbox 2302 1197 2604 1253; x_wconf 88' lang='lat' dir='ltr'>moraliter</span> <span class='ocrx_word' id='word_1_441' title='bbox 2650 1195 2707 1251; x_wconf 91' lang='lat' dir='ltr'>id</span> <span class='ocrx_word' id='word_1_442' title='bbox 2749 1196 2980 1269; x_wconf 86' lang='lat' dir='ltr'>ipsum,·</span> <span class='ocrx_word' id='word_1_443' title='bbox 3009 1191 3158 1265; x_wconf 89' lang='lat' dir='ltr'>quod</span> <span class='ocrx_word' id='word_1_444' title='bbox 3206 1196 3271 1251; x_wconf 92' lang='lat' dir='ltr'>in</span> <span class='ocrx_word' id='word_1_445' title='bbox 3296 1203 3401 1248; x_wconf 79' lang='lat' dir='ltr'>sua</span> 
     </span>
     <span class='ocr_line' id='line_1_67' title="bbox 2035 1275 3400 1352; baseline 0.004 -22"><span class='ocrx_word' id='word_1_446' title='bbox 2035 1275 2224 1348; x_wconf 90' lang='lat' dir='ltr'>prima</span> <span class='ocrx_word' id='word_1_447' title='bbox 2256 1279 2551 1336; x_wconf 88' lang='lat' dir='ltr'>elicientia</span> <span class='ocrx_word' id='word_1_448' title='bbox 2594 1277 2877 1352; x_wconf 77' lang='lat' dir='ltr'>praestitit,</span> <span class='ocrx_word' id='word_1_449' title='bbox 2912 1291 3120 1348; x_wconf 83' lang='lat' dir='ltr'>nempe</span> <span class='ocrx_word' id='word_1_450' title='bbox 3145 1279 3400 1350; x_wconf 84' lang='lat' dir='ltr'>gratiam</span> 
     </span>
     <span class='ocr_line' id='line_1_68' title="bbox 2031 1357 3398 1437; baseline 0.004 -24"><span class='ocrx_word' id='word_1_451' title='bbox 2031 1360 2337 1431; x_wconf 85' lang='lat' dir='ltr'>expellere,</span> <span class='ocrx_word' id='word_1_452' title='bbox 2371 1367 2424 1418; x_wconf 93' lang='lat' dir='ltr'>et</span> <span class='ocrx_word' id='word_1_453' title='bbox 2446 1363 2568 1437; x_wconf 88' lang='lat' dir='ltr'>ejus</span> <span class='ocrx_word' id='word_1_454' title='bbox 2595 1360 2911 1419; x_wconf 90' lang='lat' dir='ltr'>carentiam</span> <span class='ocrx_word' id='word_1_455' title='bbox 2936 1357 3173 1416; x_wconf 88' lang='lat' dir='ltr'>reddere</span> <span class='ocrx_word' id='word_1_456' title='bbox 3201 1362 3398 1418; x_wconf 90' lang='lat' dir='ltr'>termi-</span> 
     </span>
     <span class='ocr_line' id='line_1_69' title="bbox 2031 1441 3397 1515; baseline 0.004 -21"><span class='ocrx_word' id='word_1_457' title='bbox 2031 1441 2226 1499; x_wconf 81' lang='lat' dir='ltr'>native</span> <span class='ocrx_word' id='word_1_458' title='bbox 2247 1443 2564 1502; x_wconf 85' lang='lat' dir='ltr'>intrinsece</span> <span class='ocrx_word' id='word_1_459' title='bbox 2592 1443 3004 1503; x_wconf 89' lang='lat' dir='ltr'>voluntariam.</span> <span class='ocrx_word' id='word_1_460' title='bbox 3038 1443 3397 1515; x_wconf 83' lang='lat' dir='ltr'>Quapropter</span> 
     </span>
     <span class='ocr_line' id='line_1_70' title="bbox 2030 1523 3395 1599; baseline 0.002 -21"><span class='ocrx_word' id='word_1_461' title='bbox 2030 1523 2295 1582; x_wconf 88' lang='lat' dir='ltr'>remissio</span> <span class='ocrx_word' id='word_1_462' title='bbox 2341 1529 2551 1599; x_wconf 89' lang='lat' dir='ltr'>peccati</span> <span class='ocrx_word' id='word_1_463' title='bbox 2601 1542 2717 1583; x_wconf 90' lang='lat' dir='ltr'>non</span> <span class='ocrx_word' id='word_1_464' title='bbox 2770 1530 2852 1582; x_wconf 91' lang='lat' dir='ltr'>est</span> <span class='ocrx_word' id='word_1_465' title='bbox 2881 1524 3190 1581; x_wconf 87' lang='lat' dir='ltr'>destructio</span> <span class='ocrx_word' id='word_1_466' title='bbox 3217 1525 3395 1581; x_wconf 84' lang='lat' dir='ltr'>solius</span> 
     </span>
     <span class='ocr_line' id='line_1_71' title="bbox 2027 1606 3390 1681; baseline 0.002 -23"><span class='ocrx_word' id='word_1_467' title='bbox 2027 1606 2292 1663; x_wconf 81' lang='lat' dir='ltr'>carentiae</span> <span class='ocrx_word' id='word_1_468' title='bbox 2337 1609 2554 1681; x_wconf 84' lang='lat' dir='ltr'>gratiae,</span> <span class='ocrx_word' id='word_1_469' title='bbox 2586 1609 2684 1666; x_wconf 89' lang='lat' dir='ltr'>sed</span> <span class='ocrx_word' id='word_1_470' title='bbox 2707 1609 2881 1666; x_wconf 90' lang='lat' dir='ltr'>etiam</span> <span class='ocrx_word' id='word_1_471' title='bbox 2912 1612 3066 1663; x_wconf 88' lang='lat' dir='ltr'>actus</span> <span class='ocrx_word' id='word_1_472' title='bbox 3107 1607 3390 1678; x_wconf 87' lang='lat' dir='ltr'>peccami-</span> 
     </span>
     <span class='ocr_line' id='line_1_72' title="bbox 2026 1685 3384 1761; baseline 0.004 -22"><span class='ocrx_word' id='word_1_473' title='bbox 2026 1685 2171 1751; x_wconf 90' lang='lat' dir='ltr'>nosi,</span> <span class='ocrx_word' id='word_1_474' title='bbox 2205 1687 2419 1744; x_wconf 91' lang='lat' dir='ltr'>nedum</span> <span class='ocrx_word' id='word_1_475' title='bbox 2449 1695 2514 1746; x_wconf 92' lang='lat' dir='ltr'>ut</span> <span class='ocrx_word' id='word_1_476' title='bbox 2536 1689 2837 1747; x_wconf 86' lang='lat' dir='ltr'>existentis</span> <span class='ocrx_word' id='word_1_477' title='bbox 2864 1686 3138 1761; x_wconf 85' lang='lat' dir='ltr'>objective</span> <span class='ocrx_word' id='word_1_478' title='bbox 3169 1686 3231 1741; x_wconf 87' lang='lat' dir='ltr'>in</span> <span class='ocrx_word' id='word_1_479' title='bbox 3255 1687 3384 1752; x_wconf 88' lang='lat' dir='ltr'>Deo,</span> 
     </span>
     <span class='ocr_line' id='line_1_73' title="bbox 2025 1768 3388 1841; baseline 0.002 -20"><span class='ocrx_word' id='word_1_480' title='bbox 2025 1780 2229 1823; x_wconf 92' lang='lat' dir='ltr'>verum</span> <span class='ocrx_word' id='word_1_481' title='bbox 2259 1769 2436 1826; x_wconf 90' lang='lat' dir='ltr'>etiam</span> <span class='ocrx_word' id='word_1_482' title='bbox 2461 1777 2522 1827; x_wconf 94' lang='lat' dir='ltr'>ut</span> <span class='ocrx_word' id='word_1_483' title='bbox 2546 1770 2841 1827; x_wconf 85' lang='lat' dir='ltr'>afficientis</span> <span class='ocrx_word' id='word_1_484' title='bbox 2862 1768 3165 1825; x_wconf 66' lang='lat' dir='ltr'>moraliter</span> <span class='ocrx_word' id='word_1_485' title='bbox 3193 1784 3388 1841; x_wconf 85' lang='lat' dir='ltr'>pecca-</span> 
     </span>
    </p>
   </div>
   <div class='ocr_carea' id='block_1_10' title="bbox 2020 1850 3559 1925">
    <p class='ocr_par' dir='ltr' id='par_1_10' title="bbox 2020 1850 3559 1925">
     <span class='ocr_line' id='line_1_74' title="bbox 2020 1850 3559 1925; baseline 0.003 -22"><span class='ocrx_word' id='word_1_486' title='bbox 2020 1852 2239 1920; x_wconf 91' lang='lat' dir='ltr'>torem,</span> <span class='ocrx_word' id='word_1_487' title='bbox 2281 1870 2391 1909; x_wconf 80' lang='lat' dir='ltr'>non</span> <span class='ocrx_word' id='word_1_488' title='bbox 2433 1861 2491 1908; x_wconf 78' lang='lat' dir='ltr'>ut</span> <span class='ocrx_word' id='word_1_489' title='bbox 2533 1860 2691 1909; x_wconf 82' lang='lat' dir='ltr'>actus</span> <span class='ocrx_word' id='word_1_490' title='bbox 2731 1853 2839 1918; x_wconf 83' lang='lat' dir='ltr'>ille,</span> <span class='ocrx_word' id='word_1_491' title='bbox 2874 1853 3063 1925; x_wconf 89' lang='lat' dir='ltr'>inquit</span> <span class='ocrx_word' id='word_1_492' title='bbox 3089 1852 3150 1905; x_wconf 89' lang='lat' dir='ltr'>D.</span> <span class='ocrx_word' id='word_1_493' title='bbox 3179 1850 3380 1908; x_wconf 88' lang='lat' dir='ltr'>Thom.</span> <span class='ocrx_word' id='word_1_494' title='bbox 3419 1851 3559 1896; x_wconf 68' lang='lat' dir='ltr'>nm.</span> 
     </span>
    </p>
   </div>
   <div class='ocr_carea' id='block_1_11' title="bbox 2006 1932 3386 2905">
    <p class='ocr_par' dir='ltr' id='par_1_11' title="bbox 2006 1932 3386 2905">
     <span class='ocr_line' id='line_1_75' title="bbox 2022 1932 3381 2008; baseline 0.003 -24"><span class='ocrx_word' id='word_1_495' title='bbox 2022 1935 2131 1986; x_wconf 89' lang='lat' dir='ltr'>art.</span> <span class='ocrx_word' id='word_1_496' title='bbox 2160 1934 2217 1999; x_wconf 88' lang='lat'>8,</span> <span class='ocrx_word' id='word_1_497' title='bbox 2245 1949 2315 1990; x_wconf 84' lang='lat' dir='ltr'>ex</span> <span class='ocrx_word' id='word_1_498' title='bbox 2342 1942 2519 2008; x_wconf 75' lang='lat' dir='ltr'>quaest</span> <span class='ocrx_word' id='word_1_499' title='bbox 2546 1935 2640 1991; x_wconf 92' lang='lat' dir='ltr'>cit.</span> <span class='ocrx_word' id='word_1_500' title='bbox 2674 1932 2745 1990; x_wconf 92' lang='lat' dir='ltr'>de</span> <span class='ocrx_word' id='word_1_501' title='bbox 2773 1934 3048 2001; x_wconf 78' lang='lat' dir='ltr'>veritate,</span> <span class='ocrx_word' id='word_1_502' title='bbox 3069 1949 3175 1987; x_wconf 80' lang='lat' dir='ltr'>non</span> <span class='ocrx_word' id='word_1_503' title='bbox 3192 1932 3381 2004; x_wconf 80' lang='lat' dir='ltr'>fuerit,</span> 
     </span>
     <span class='ocr_line' id='line_1_76' title="bbox 2020 2012 3384 2089; baseline 0.002 -22"><span class='ocrx_word' id='word_1_504' title='bbox 2020 2012 2154 2089; x_wconf 82' lang='lat' dir='ltr'>quia</span> <span class='ocrx_word' id='word_1_505' title='bbox 2199 2014 2298 2069; x_wconf 76' lang='lat' dir='ltr'>hoc</span> <span class='ocrx_word' id='word_1_506' title='bbox 2343 2022 2420 2070; x_wconf 78' lang='lat' dir='ltr'>est</span> <span class='ocrx_word' id='word_1_507' title='bbox 2465 2016 2828 2088; x_wconf 78' lang='lat' dir='ltr'>impossibile;</span> <span class='ocrx_word' id='word_1_508' title='bbox 2851 2015 2943 2070; x_wconf 79' lang='lat' dir='ltr'>sed</span> <span class='ocrx_word' id='word_1_509' title='bbox 2963 2022 3022 2069; x_wconf 81' lang='lat' dir='ltr'>ut</span> <span class='ocrx_word' id='word_1_510' title='bbox 3039 2021 3264 2087; x_wconf 81' lang='lat' dir='ltr'>propter</span> <span class='ocrx_word' id='word_1_511' title='bbox 3309 2016 3384 2071; x_wconf 69' lang='lat' dir='ltr'>il-</span> 
     </span>
     <span class='ocr_line' id='line_1_77' title="bbox 2020 2090 3386 2168; baseline 0.004 -22"><span class='ocrx_word' id='word_1_512' title='bbox 2020 2090 2134 2147; x_wconf 80' lang='lat' dir='ltr'>lum</span> <span class='ocrx_word' id='word_1_513' title='bbox 2180 2094 2433 2166; x_wconf 76' lang='lat' dir='ltr'>influxus</span> <span class='ocrx_word' id='word_1_514' title='bbox 2468 2099 2661 2168; x_wconf 70' lang='lat' dir='ltr'>qratiae</span> <span class='ocrx_word' id='word_1_515' title='bbox 2681 2115 2789 2152; x_wconf 76' lang='lat' dir='ltr'>non</span> <span class='ocrx_word' id='word_1_516' title='bbox 2812 2096 3166 2168; x_wconf 77' lang='lat' dir='ltr'>impediatur.</span> <span class='ocrx_word' id='word_1_517' title='bbox 3210 2093 3261 2151; x_wconf 93' lang='lat' dir='ltr'><em>T</em></span> <span class='ocrx_word' id='word_1_518' title='bbox 3256 2113 3386 2151; x_wconf 81' lang='lat' dir='ltr'>ran·</span> 
     </span>
     <span class='ocr_line' id='line_1_78' title="bbox 2016 2176 3386 2250; baseline 0.004 -23"><span class='ocrx_word' id='word_1_519' title='bbox 2016 2181 2199 2229; x_wconf 79' lang='lat' dir='ltr'>seunte</span> <span class='ocrx_word' id='word_1_520' title='bbox 2225 2179 2366 2232; x_wconf 84' lang='lat' dir='ltr'>enim</span> <span class='ocrx_word' id='word_1_521' title='bbox 2396 2185 2524 2234; x_wconf 79' lang='lat' dir='ltr'>actu</span> <span class='ocrx_word' id='word_1_522' title='bbox 2548 2179 2756 2250; x_wconf 79' lang='lat' dir='ltr'>peccati</span> <span class='ocrx_word' id='word_1_523' title='bbox 2777 2178 2879 2248; x_wconf 90' lang='lat' dir='ltr'>(ait</span> <span class='ocrx_word' id='word_1_524' title='bbox 2907 2176 3060 2232; x_wconf 89' lang='lat' dir='ltr'>idem</span> <span class='ocrx_word' id='word_1_525' title='bbox 3090 2177 3144 2230; x_wconf 90' lang='lat' dir='ltr'>S.</span> <span class='ocrx_word' id='word_1_526' title='bbox 3182 2176 3386 2234; x_wconf 85' lang='lat' dir='ltr'>Doctor</span> 
     </span>
     <span class='ocr_line' id='line_1_79' title="bbox 2017 2254 3385 2330; baseline 0.003 -20"><span class='ocrx_word' id='word_1_527' title='bbox 2017 2254 2136 2312; x_wconf 90' lang='lat' dir='ltr'>loco</span> <span class='ocrx_word' id='word_1_528' title='bbox 2160 2259 2422 2330; x_wconf 86' lang='lat' dir='ltr'>proxime</span> <span class='ocrx_word' id='word_1_529' title='bbox 2448 2261 2619 2316; x_wconf 89' lang='lat' dir='ltr'>citato</span> <span class='ocrx_word' id='word_1_530' title='bbox 2647 2276 2716 2316; x_wconf 83' lang='lat' dir='ltr'>ex</span> <span class='ocrx_word' id='word_1_531' title='bbox 2745 2262 2779 2315; x_wconf 85' lang='grc'>4</span> <span class='ocrx_word' id='word_1_532' title='bbox 2809 2261 3019 2328; x_wconf 86' lang='lat' dir='ltr'>Serm.)</span> <span class='ocrx_word' id='word_1_533' title='bbox 3039 2259 3221 2313; x_wconf 74' lang='lat' dir='ltr'>adhuc</span> <span class='ocrx_word' id='word_1_534' title='bbox 3254 2274 3385 2330; x_wconf 84' lang='lat' dir='ltr'>pec—</span> 
     </span>
     <span class='ocr_line' id='line_1_80' title="bbox 2014 2339 3384 2420; baseline 0.001 -29"><span class='ocrx_word' id='word_1_535' title='bbox 2014 2344 2199 2394; x_wconf 82' lang='lat' dir='ltr'>catum</span> <span class='ocrx_word' id='word_1_536' title='bbox 2218 2341 2519 2413; x_wconf 74' lang='lat' dir='ltr'>praecedens</span> <span class='ocrx_word' id='word_1_537' title='bbox 2539 2349 2721 2398; x_wconf 85' lang='lat' dir='ltr'>manet</span> <span class='ocrx_word' id='word_1_538' title='bbox 2755 2341 2942 2420; x_wconf 82' lang='lat' dir='ltr'>aliquo</span> <span class='ocrx_word' id='word_1_539' title='bbox 2983 2339 3140 2394; x_wconf 84' lang='lat' dir='ltr'>modo</span> <span class='ocrx_word' id='word_1_540' title='bbox 3179 2341 3236 2394; x_wconf 76' lang='lat' dir='ltr'>in</span> <span class='ocrx_word' id='word_1_541' title='bbox 3266 2342 3384 2412; x_wconf 78' lang='lat' dir='ltr'>ipso</span> 
     </span>
     <span class='ocr_line' id='line_1_81' title="bbox 2006 2419 3382 2494; baseline 0.002 -19"><span class='ocrx_word' id='word_1_542' title='bbox 2006 2430 2279 2491; x_wconf 76' lang='lat' dir='ltr'>peccante.</span> <span class='ocrx_word' id='word_1_543' title='bbox 2310 2424 2380 2478; x_wconf 86' lang='lat' dir='ltr'>Et</span> <span class='ocrx_word' id='word_1_544' title='bbox 2418 2423 2500 2480; x_wconf 88' lang='lat' dir='ltr'>ita</span> <span class='ocrx_word' id='word_1_545' title='bbox 2531 2426 2882 2482; x_wconf 85' lang='lat' dir='ltr'>sufficienter</span> <span class='ocrx_word' id='word_1_546' title='bbox 2929 2423 3203 2486; x_wconf 81' lang='lat' dir='ltr'>salvatur,</span> <span class='ocrx_word' id='word_1_547' title='bbox 3230 2419 3382 2494; x_wconf 86' lang='lat' dir='ltr'>quod</span> 
     </span>
     <span class='ocr_line' id='line_1_82' title="bbox 2013 2501 3379 2583; baseline 0.001 -27"><span class='ocrx_word' id='word_1_548' title='bbox 2013 2502 2352 2560; x_wconf 84' lang='lat' dir='ltr'>terminusa</span> <span class='ocrx_word' id='word_1_549' title='bbox 2374 2523 2477 2583; x_wconf 82' lang='lat' dir='ltr'>quo</span> <span class='ocrx_word' id='word_1_550' title='bbox 2520 2505 2879 2563; x_wconf 89' lang='lat' dir='ltr'>remissionis</span> <span class='ocrx_word' id='word_1_551' title='bbox 2907 2501 3115 2576; x_wconf 87' lang='lat' dir='ltr'>peccati</span> <span class='ocrx_word' id='word_1_552' title='bbox 3150 2502 3224 2558; x_wconf 88' lang='lat' dir='ltr'>sit</span> <span class='ocrx_word' id='word_1_553' title='bbox 3264 2501 3379 2558; x_wconf 89' lang='lat' dir='ltr'>ali-</span> 
     </span>
     <span class='ocr_line' id='line_1_83' title="bbox 2010 2584 3376 2660; baseline 0.001 -22"><span class='ocrx_word' id='word_1_554' title='bbox 2010 2584 2147 2656; x_wconf 90' lang='lat' dir='ltr'>quid</span> <span class='ocrx_word' id='word_1_555' title='bbox 2172 2587 2503 2659; x_wconf 87' lang='lat' dir='ltr'>positivum,</span> <span class='ocrx_word' id='word_1_556' title='bbox 2539 2589 2674 2645; x_wconf 88' lang='lat' dir='ltr'>licet</span> <span class='ocrx_word' id='word_1_557' title='bbox 2704 2604 2823 2645; x_wconf 91' lang='lat' dir='ltr'>non</span> <span class='ocrx_word' id='word_1_558' title='bbox 2853 2585 3099 2660; x_wconf 80' lang='lat' dir='ltr'>physice,</span> <span class='ocrx_word' id='word_1_559' title='bbox 3132 2584 3376 2641; x_wconf 87' lang='lat' dir='ltr'>morali-</span> 
     </span>
     <span class='ocr_line' id='line_1_84' title="bbox 2011 2663 3375 2741; baseline -0.001 -21"><span class='ocrx_word' id='word_1_560' title='bbox 2011 2670 2097 2721; x_wconf 93' lang='lat' dir='ltr'>ter</span> <span class='ocrx_word' id='word_1_561' title='bbox 2131 2673 2353 2724; x_wconf 88' lang='lat' dir='ltr'>tamens</span> <span class='ocrx_word' id='word_1_562' title='bbox 2380 2684 2748 2741; x_wconf 89' lang='lat' dir='ltr'>permanens,</span> <span class='ocrx_word' id='word_1_563' title='bbox 2774 2672 2830 2724; x_wconf 93' lang='lat' dir='ltr'>et</span> <span class='ocrx_word' id='word_1_564' title='bbox 2856 2671 3204 2740; x_wconf 83' lang='lat' dir='ltr'>peccatorem</span> <span class='ocrx_word' id='word_1_565' title='bbox 3248 2663 3375 2720; x_wconf 87' lang='lat' dir='ltr'>affi-</span> 
     </span>
     <span class='ocr_line' id='line_1_85' title="bbox 2008 2746 3374 2823; baseline 0.001 -23"><span class='ocrx_word' id='word_1_566' title='bbox 2008 2746 2183 2804; x_wconf 91' lang='lat' dir='ltr'>ciens.</span> <span class='ocrx_word' id='word_1_567' title='bbox 2215 2750 2565 2806; x_wconf 88' lang='lat' dir='ltr'>Recolantur</span> <span class='ocrx_word' id='word_1_568' title='bbox 2604 2766 2734 2823; x_wconf 81' lang='lat' dir='ltr'>quae</span> <span class='ocrx_word' id='word_1_569' title='bbox 2761 2748 3017 2804; x_wconf 83' lang='lat' dir='ltr'>diximus</span> <span class='ocrx_word' id='word_1_570' title='bbox 3040 2747 3104 2801; x_wconf 91' lang='lat' dir='ltr'>in</span> <span class='ocrx_word' id='word_1_571' title='bbox 3134 2748 3374 2802; x_wconf 87' lang='lat' dir='ltr'>tractatu</span> 
     </span>
     <span class='ocr_line' id='line_1_86' title="bbox 2006 2825 3019 2905; baseline 0.002 -22"><span class='ocrx_word' id='word_1_572' title='bbox 2006 2825 2077 2884; x_wconf 90' lang='lat' dir='ltr'>de</span> <span class='ocrx_word' id='word_1_573' title='bbox 2099 2830 2358 2901; x_wconf 90' lang='lat' dir='ltr'>peccatis,</span> <span class='ocrx_word' id='word_1_574' title='bbox 2383 2831 2528 2905; x_wconf 83' lang='lat' dir='ltr'>disp.</span> <span class='ocrx_word' id='word_1_575' title='bbox 2562 2834 2644 2898; x_wconf 82' lang='lat'>14,</span> <span class='ocrx_word' id='word_1_576' title='bbox 2669 2830 2798 2887; x_wconf 78' lang='lat' dir='ltr'>dub.</span> <span class='ocrx_word' id='word_1_577' title='bbox 2824 2830 2878 2896; x_wconf 89' lang='grc'>3,</span> <span class='ocrx_word' id='word_1_578' title='bbox 2905 2832 2936 2900; x_wconf 64' lang='grc' dir='ltr'>ξ</span> <span class='ocrx_word' id='word_1_579' title='bbox 2962 2832 3019 2885; x_wconf 90' lang='grc'>7.</span> 
     </span>
    </p>
   </div>
   <div class='ocr_carea' id='block_1_12' title="bbox 1977 2993 3371 5028">
    <p class='ocr_par' dir='ltr' id='par_1_12' title="bbox 1977 2993 3371 5028">
     <span class='ocr_line' id='line_1_87' title="bbox 2005 2993 3371 3068; baseline 0.002 -22"><span class='ocrx_word' id='word_1_580' title='bbox 2005 2993 2163 3051; x_wconf 86' lang='lat' dir='ltr'>natio</span> <span class='ocrx_word' id='word_1_581' title='bbox 2207 2998 2516 3068; x_wconf 87' lang='lat' dir='ltr'>peccatoris</span> <span class='ocrx_word' id='word_1_582' title='bbox 2551 2995 2622 3054; x_wconf 91' lang='lat' dir='ltr'>ad</span> <span class='ocrx_word' id='word_1_583' title='bbox 2661 2996 2877 3054; x_wconf 91' lang='lat' dir='ltr'>bonum</span> <span class='ocrx_word' id='word_1_584' title='bbox 2908 2994 3209 3068; x_wconf 90' lang='lat' dir='ltr'>proprium</span> <span class='ocrx_word' id='word_1_585' title='bbox 3236 2999 3371 3050; x_wconf 88' lang='lat' dir='ltr'>tan·</span> 
     </span>
     <span class='ocr_line' id='line_1_88' title="bbox 2002 3077 3370 3153; baseline 0.001 -22"><span class='ocrx_word' id='word_1_586' title='bbox 2002 3091 2174 3147; x_wconf 89' lang='lat' dir='ltr'>quam</span> <span class='ocrx_word' id='word_1_587' title='bbox 2204 3077 2274 3134; x_wconf 89' lang='lat' dir='ltr'>ad</span> <span class='ocrx_word' id='word_1_588' title='bbox 2303 3079 2577 3136; x_wconf 90' lang='lat' dir='ltr'>ultimum</span> <span class='ocrx_word' id='word_1_589' title='bbox 2607 3079 2807 3146; x_wconf 90' lang='lat' dir='ltr'>finem,</span> <span class='ocrx_word' id='word_1_590' title='bbox 2840 3096 2958 3137; x_wconf 89' lang='lat' dir='ltr'>non</span> <span class='ocrx_word' id='word_1_591' title='bbox 2980 3079 3370 3153; x_wconf 84' lang='lat' dir='ltr'>distinguatur</span> 
     </span>
     <span class='ocr_line' id='line_1_89' title="bbox 2004 3158 3366 3219; baseline 0.001 -8"><span class='ocrx_word' id='word_1_592' title='bbox 2004 3158 2237 3215; x_wconf 88' lang='lat' dir='ltr'>realiter</span> <span class='ocrx_word' id='word_1_593' title='bbox 2268 3160 2338 3215; x_wconf 88' lang='lat' dir='ltr'>ab</span> <span class='ocrx_word' id='word_1_594' title='bbox 2365 3161 2606 3218; x_wconf 87' lang='lat' dir='ltr'>entitate</span> <span class='ocrx_word' id='word_1_595' title='bbox 2627 3162 2945 3219; x_wconf 86' lang='lat' dir='ltr'>voluntatis</span> <span class='ocrx_word' id='word_1_596' title='bbox 2964 3165 3184 3217; x_wconf 83' lang='lat' dir='ltr'>creatae.</span> <span class='ocrx_word' id='word_1_597' title='bbox 3212 3159 3366 3214; x_wconf 91' lang='lat' dir='ltr'>Dici-</span> 
     </span>
     <span class='ocr_line' id='line_1_90' title="bbox 2000 3241 3368 3318; baseline 0.003 -26"><span class='ocrx_word' id='word_1_598' title='bbox 2000 3253 2130 3294; x_wconf 94' lang='lat' dir='ltr'>mus</span> <span class='ocrx_word' id='word_1_599' title='bbox 2176 3246 2370 3299; x_wconf 90' lang='lat' dir='ltr'>tamen</span> <span class='ocrx_word' id='word_1_600' title='bbox 2423 3249 2638 3300; x_wconf 87' lang='lat' dir='ltr'>rectum</span> <span class='ocrx_word' id='word_1_601' title='bbox 2663 3244 2941 3318; x_wconf 82' lang='lat' dir='ltr'>praedictae</span> <span class='ocrx_word' id='word_1_602' title='bbox 2969 3241 3368 3299; x_wconf 81' lang='lat' dir='ltr'>inclinationis</span> 
     </span>
     <span class='ocr_line' id='line_1_91' title="bbox 2000 3324 3367 3398; baseline 0.002 -21"><span class='ocrx_word' id='word_1_603' title='bbox 2000 3336 2119 3377; x_wconf 92' lang='lat' dir='ltr'>non</span> <span class='ocrx_word' id='word_1_604' title='bbox 2157 3339 2281 3381; x_wconf 90' lang='lat' dir='ltr'>esse</span> <span class='ocrx_word' id='word_1_605' title='bbox 2311 3326 2641 3398; x_wconf 80' lang='lat' dir='ltr'>praedictam</span> <span class='ocrx_word' id='word_1_606' title='bbox 2665 3328 2964 3384; x_wconf 88' lang='lat' dir='ltr'>entitatem</span> <span class='ocrx_word' id='word_1_607' title='bbox 2988 3324 3367 3381; x_wconf 88' lang='lat' dir='ltr'>materialiter</span> 
     </span>
     <span class='ocr_line' id='line_1_92' title="bbox 1997 3406 3366 3476; baseline 0.004 -19"><span class='ocrx_word' id='word_1_608' title='bbox 1997 3410 2327 3476; x_wconf 88' lang='lat' dir='ltr'>sumptam,</span> <span class='ocrx_word' id='word_1_609' title='bbox 2374 3406 2474 3464; x_wconf 90' lang='lat' dir='ltr'>sed</span> <span class='ocrx_word' id='word_1_610' title='bbox 2514 3408 2759 3466; x_wconf 90' lang='lat' dir='ltr'>eandem</span> <span class='ocrx_word' id='word_1_611' title='bbox 2798 3408 3118 3474; x_wconf 90' lang='lat' dir='ltr'>entitatem,</span> <span class='ocrx_word' id='word_1_612' title='bbox 3150 3420 3366 3462; x_wconf 89' lang='lat' dir='ltr'>conno-</span> 
     </span>
     <span class='ocr_line' id='line_1_93' title="bbox 1996 3485 3367 3565; baseline 0.004 -26"><span class='ocrx_word' id='word_1_613' title='bbox 1996 3486 2171 3544; x_wconf 89' lang='lat' dir='ltr'>tando</span> <span class='ocrx_word' id='word_1_614' title='bbox 2214 3489 2604 3561; x_wconf 89' lang='lat' dir='ltr'>privationem</span> <span class='ocrx_word' id='word_1_615' title='bbox 2660 3490 2880 3565; x_wconf 83' lang='lat' dir='ltr'>gratiae.</span> <span class='ocrx_word' id='word_1_616' title='bbox 2928 3488 3091 3545; x_wconf 88' lang='lat' dir='ltr'>Unde</span> <span class='ocrx_word' id='word_1_617' title='bbox 3139 3485 3367 3544; x_wconf 87' lang='lat' dir='ltr'>sublata</span> 
     </span>
     <span class='ocr_line' id='line_1_94' title="bbox 1996 3564 3364 3643; baseline 0.004 -24"><span class='ocrx_word' id='word_1_618' title='bbox 1996 3564 2324 3640; x_wconf 88' lang='lat' dir='ltr'>hujusmodi</span> <span class='ocrx_word' id='word_1_619' title='bbox 2367 3571 2710 3643; x_wconf 87' lang='lat' dir='ltr'>privatione,</span> <span class='ocrx_word' id='word_1_620' title='bbox 2745 3576 3161 3643; x_wconf 89' lang='lat' dir='ltr'>consequenter</span> <span class='ocrx_word' id='word_1_621' title='bbox 3186 3574 3364 3625; x_wconf 82' lang='lat' dir='ltr'>cessat</span> 
     </span>
     <span class='ocr_line' id='line_1_95' title="bbox 1998 3647 3362 3728; baseline 0.004 -26"><span class='ocrx_word' id='word_1_622' title='bbox 1998 3647 2266 3718; x_wconf 73' lang='lat' dir='ltr'>praedicta</span> <span class='ocrx_word' id='word_1_623' title='bbox 2290 3651 2613 3728; x_wconf 22' lang='lat' dir='ltr'>inclinati-o,</span> <span class='ocrx_word' id='word_1_624' title='bbox 2639 3658 2695 3708; x_wconf 92' lang='lat' dir='ltr'>et</span> <span class='ocrx_word' id='word_1_625' title='bbox 2722 3650 3118 3709; x_wconf 89' lang='lat' dir='ltr'>denominatio</span> <span class='ocrx_word' id='word_1_626' title='bbox 3151 3650 3214 3706; x_wconf 87' lang='lat' dir='ltr'>in</span> <span class='ocrx_word' id='word_1_627' title='bbox 3239 3665 3362 3707; x_wconf 82' lang='lat' dir='ltr'>esse</span> 
     </span>
     <span class='ocr_line' id='line_1_96' title="bbox 1994 3729 3358 3791; baseline 0.001 -7"><span class='ocrx_word' id='word_1_628' title='bbox 1994 3730 2144 3786; x_wconf 89' lang='lat' dir='ltr'>talis.</span> <span class='ocrx_word' id='word_1_629' title='bbox 2194 3729 2278 3785; x_wconf 92' lang='lat' dir='ltr'>Ad</span> <span class='ocrx_word' id='word_1_630' title='bbox 2319 3733 2703 3791; x_wconf 86' lang='lat' dir='ltr'>mutationem</span> <span class='ocrx_word' id='word_1_631' title='bbox 2752 3739 2942 3791; x_wconf 90' lang='lat' dir='ltr'>autem</span> <span class='ocrx_word' id='word_1_632' title='bbox 2999 3733 3214 3790; x_wconf 87' lang='lat' dir='ltr'>realem</span> <span class='ocrx_word' id='word_1_633' title='bbox 3242 3746 3358 3789; x_wconf 91' lang='lat' dir='ltr'>non</span> 
     </span>
     <span class='ocr_line' id='line_1_97' title="bbox 1994 3811 3358 3892; baseline 0.004 -27"><span class='ocrx_word' id='word_1_634' title='bbox 1994 3811 2333 3883; x_wconf 89' lang='lat' dir='ltr'>requiritur,</span> <span class='ocrx_word' id='word_1_635' title='bbox 2385 3814 2537 3888; x_wconf 92' lang='lat' dir='ltr'>quod</span> <span class='ocrx_word' id='word_1_636' title='bbox 2583 3816 2706 3889; x_wconf 88' lang='lat' dir='ltr'>ejus</span> <span class='ocrx_word' id='word_1_637' title='bbox 2752 3815 3041 3872; x_wconf 89' lang='lat' dir='ltr'>terminus</span> <span class='ocrx_word' id='word_1_638' title='bbox 3066 3833 3101 3869; x_wconf 88' lang='grc' dir='ltr'><em>α</em></span> <span class='ocrx_word' id='word_1_639' title='bbox 3128 3831 3231 3892; x_wconf 80' lang='lat' dir='ltr'>quo</span> <span class='ocrx_word' id='word_1_640' title='bbox 3257 3827 3358 3885; x_wconf 83' lang='lat' dir='ltr'>pe-</span> 
     </span>
     <span class='ocr_line' id='line_1_98' title="bbox 1993 3894 3356 3963; baseline 0.003 -18"><span class='ocrx_word' id='word_1_641' title='bbox 1993 3897 2115 3946; x_wconf 89' lang='lat' dir='ltr'>reat</span> <span class='ocrx_word' id='word_1_642' title='bbox 2142 3894 2543 3963; x_wconf 90' lang='lat' dir='ltr'>materialiter,</span> <span class='ocrx_word' id='word_1_643' title='bbox 2572 3902 2626 3953; x_wconf 90' lang='lat' dir='ltr'>et</span> <span class='ocrx_word' id='word_1_644' title='bbox 2654 3896 2717 3952; x_wconf 92' lang='lat' dir='ltr'>in</span> <span class='ocrx_word' id='word_1_645' title='bbox 2746 3911 2867 3952; x_wconf 87' lang='lat' dir='ltr'>esse</span> <span class='ocrx_word' id='word_1_646' title='bbox 2893 3896 3044 3951; x_wconf 89' lang='lat' dir='ltr'>entis</span> <span class='ocrx_word' id='word_1_647' title='bbox 3067 3920 3081 3962; x_wconf 91' lang='lat'>;</span> <span class='ocrx_word' id='word_1_648' title='bbox 3125 3910 3213 3950; x_wconf 90' lang='lat' dir='ltr'>sec</span> <span class='ocrx_word' id='word_1_649' title='bbox 3233 3894 3356 3949; x_wconf 87' lang='lat' dir='ltr'>suf-</span> 
     </span>
     <span class='ocr_line' id='line_1_99' title="bbox 1989 3967 3353 4049; baseline 0.003 -24"><span class='ocrx_word' id='word_1_650' title='bbox 1989 3967 2109 4026; x_wconf 87' lang='lat' dir='ltr'>ficit</span> <span class='ocrx_word' id='word_1_651' title='bbox 2141 4015 2153 4039; x_wconf 95' lang='lat'>,</span> <span class='ocrx_word' id='word_1_652' title='bbox 2220 3974 2369 4047; x_wconf 93' lang='lat' dir='ltr'>quod</span> <span class='ocrx_word' id='word_1_653' title='bbox 2424 3980 2618 4049; x_wconf 88' lang='lat' dir='ltr'>pereat</span> <span class='ocrx_word' id='word_1_654' title='bbox 2669 3975 2996 4032; x_wconf 83' lang='lat' dir='ltr'>formaliter</span> <span class='ocrx_word' id='word_1_655' title='bbox 3041 3973 3353 4031; x_wconf 88' lang='lat' dir='ltr'>secundum</span> 
     </span>
     <span class='ocr_line' id='line_1_100' title="bbox 1990 4053 3356 4131; baseline 0.004 -24"><span class='ocrx_word' id='word_1_656' title='bbox 1990 4053 2155 4110; x_wconf 90' lang='lat' dir='ltr'>illam</span> <span class='ocrx_word' id='word_1_657' title='bbox 2187 4057 2500 4125; x_wconf 90' lang='lat' dir='ltr'>rationem,</span> <span class='ocrx_word' id='word_1_658' title='bbox 2544 4056 2859 4115; x_wconf 91' lang='lat' dir='ltr'>secundum</span> <span class='ocrx_word' id='word_1_659' title='bbox 2905 4071 3080 4131; x_wconf 88' lang='lat' dir='ltr'>quam</span> <span class='ocrx_word' id='word_1_660' title='bbox 3131 4061 3356 4113; x_wconf 85' lang='lat' dir='ltr'>exercet</span> 
     </span>
     <span class='ocr_line' id='line_1_101' title="bbox 1990 4137 3357 4213; baseline 0.003 -22"><span class='ocrx_word' id='word_1_661' title='bbox 1990 4137 2275 4194; x_wconf 89' lang='lat' dir='ltr'>rationem</span> <span class='ocrx_word' id='word_1_662' title='bbox 2304 4140 2543 4197; x_wconf 89' lang='lat' dir='ltr'>termini</span> <span class='ocrx_word' id='word_1_663' title='bbox 2582 4157 2615 4197; x_wconf 91' lang='lat' dir='ltr'>a</span> <span class='ocrx_word' id='word_1_664' title='bbox 2648 4156 2776 4213; x_wconf 91' lang='lat' dir='ltr'>quo.</span> <span class='ocrx_word' id='word_1_665' title='bbox 2822 4140 2910 4196; x_wconf 89' lang='lat' dir='ltr'>Sic</span> <span class='ocrx_word' id='word_1_666' title='bbox 2950 4141 3111 4196; x_wconf 88' lang='lat' dir='ltr'>enim</span> <span class='ocrx_word' id='word_1_667' title='bbox 3139 4139 3203 4195; x_wconf 91' lang='lat' dir='ltr'>in</span> <span class='ocrx_word' id='word_1_668' title='bbox 3224 4155 3357 4196; x_wconf 89' lang='lat' dir='ltr'>cor-</span> 
     </span>
     <span class='ocr_line' id='line_1_102' title="bbox 1989 4218 3356 4290; baseline 0.004 -20"><span class='ocrx_word' id='word_1_669' title='bbox 1989 4218 2258 4290; x_wconf 88' lang='lat' dir='ltr'>ruptione</span> <span class='ocrx_word' id='word_1_670' title='bbox 2305 4221 2564 4278; x_wconf 88' lang='lat' dir='ltr'>hominis</span> <span class='ocrx_word' id='word_1_671' title='bbox 2604 4220 2773 4278; x_wconf 89' lang='lat' dir='ltr'>datur</span> <span class='ocrx_word' id='word_1_672' title='bbox 2813 4222 3091 4277; x_wconf 86' lang='lat' dir='ltr'>transitus</span> <span class='ocrx_word' id='word_1_673' title='bbox 3122 4220 3297 4277; x_wconf 88' lang='lat' dir='ltr'>realis</span> <span class='ocrx_word' id='word_1_674' title='bbox 3321 4235 3356 4276; x_wconf 86' lang='lat' dir='ltr'>a</span> 
     </span>
     <span class='ocr_line' id='line_1_103' title="bbox 1986 4297 3354 4377; baseline 0.004 -24"><span class='ocrx_word' id='word_1_675' title='bbox 1986 4297 2176 4356; x_wconf 88' lang='lat' dir='ltr'>forma</span> <span class='ocrx_word' id='word_1_676' title='bbox 2203 4299 2273 4356; x_wconf 91' lang='lat' dir='ltr'>ad</span> <span class='ocrx_word' id='word_1_677' title='bbox 2301 4303 2423 4377; x_wconf 86' lang='lat' dir='ltr'>ejus</span> <span class='ocrx_word' id='word_1_678' title='bbox 2451 4303 2874 4375; x_wconf 77' lang='lat' dir='ltr'>privationem3</span> <span class='ocrx_word' id='word_1_679' title='bbox 2904 4301 3170 4375; x_wconf 86' lang='lat' dir='ltr'>quamvis</span> <span class='ocrx_word' id='word_1_680' title='bbox 3198 4317 3354 4374; x_wconf 77' lang='lat' dir='ltr'>prae-</span> 
     </span>
     <span class='ocr_line' id='line_1_104' title="bbox 1985 4379 3356 4459; baseline 0.006 -25"><span class='ocrx_word' id='word_1_681' title='bbox 1985 4379 2135 4437; x_wconf 89' lang='lat' dir='ltr'>dicta</span> <span class='ocrx_word' id='word_1_682' title='bbox 2163 4381 2372 4451; x_wconf 90' lang='lat' dir='ltr'>forma,</span> <span class='ocrx_word' id='word_1_683' title='bbox 2406 4402 2614 4459; x_wconf 89' lang='lat' dir='ltr'>nempe</span> <span class='ocrx_word' id='word_1_684' title='bbox 2642 4387 2839 4443; x_wconf 91' lang='lat' dir='ltr'>anima</span> <span class='ocrx_word' id='word_1_685' title='bbox 2880 4385 3200 4450; x_wconf 74' lang='lat' dir='ltr'>rationaliS,</span> <span class='ocrx_word' id='word_1_686' title='bbox 3235 4399 3356 4441; x_wconf 90' lang='lat' dir='ltr'>non</span> 
     </span>
     <span class='ocr_line' id='line_1_105' title="bbox 1985 4466 3356 4541; baseline 0.002 -21"><span class='ocrx_word' id='word_1_687' title='bbox 1985 4471 2182 4536; x_wconf 89' lang='lat' dir='ltr'>pereat</span> <span class='ocrx_word' id='word_1_688' title='bbox 2207 4468 2526 4535; x_wconf 85' lang='lat' dir='ltr'>entitative,</span> <span class='ocrx_word' id='word_1_689' title='bbox 2559 4468 2657 4527; x_wconf 89' lang='lat' dir='ltr'>sed</span> <span class='ocrx_word' id='word_1_690' title='bbox 2677 4472 2865 4527; x_wconf 91' lang='lat' dir='ltr'>solum</span> <span class='ocrx_word' id='word_1_691' title='bbox 2908 4466 3094 4541; x_wconf 90' lang='lat' dir='ltr'>quoad</span> <span class='ocrx_word' id='word_1_692' title='bbox 3137 4482 3356 4523; x_wconf 89' lang='lat' dir='ltr'>munus</span> 
     </span>
     <span class='ocr_line' id='line_1_106' title="bbox 1982 4546 3352 4626; baseline 0.003 -26"><span class='ocrx_word' id='word_1_693' title='bbox 1982 4546 2288 4603; x_wconf 82' lang='lat' dir='ltr'>terminia</span> <span class='ocrx_word' id='word_1_694' title='bbox 2318 4566 2441 4626; x_wconf 80' lang='lat' dir='ltr'>quo,</span> <span class='ocrx_word' id='word_1_695' title='bbox 2476 4565 2682 4624; x_wconf 90' lang='lat' dir='ltr'>nempe</span> <span class='ocrx_word' id='word_1_696' title='bbox 2721 4555 3000 4624; x_wconf 88' lang='lat' dir='ltr'>quatenus</span> <span class='ocrx_word' id='word_1_697' title='bbox 3039 4548 3352 4605; x_wconf 89' lang='lat' dir='ltr'>materiam</span> 
     </span>
     <span class='ocr_line' id='line_1_107' title="bbox 1984 4627 3354 4697; baseline 0.003 -13"><span class='ocrx_word' id='word_1_698' title='bbox 1984 4627 2358 4697; x_wconf 81' lang='lat' dir='ltr'>informabat,</span> <span class='ocrx_word' id='word_1_699' title='bbox 2402 4637 2458 4688; x_wconf 92' lang='lat' dir='ltr'>et</span> <span class='ocrx_word' id='word_1_700' title='bbox 2503 4632 2800 4689; x_wconf 89' lang='lat' dir='ltr'>hominem</span> <span class='ocrx_word' id='word_1_701' title='bbox 2848 4629 3248 4689; x_wconf 88' lang='lat' dir='ltr'>constituebat.</span> <span class='ocrx_word' id='word_1_702' title='bbox 3281 4632 3354 4688; x_wconf 84' lang='lat' dir='ltr'>Et</span> 
     </span>
     <span class='ocr_line' id='line_1_108' title="bbox 1981 4709 3352 4788; baseline 0.003 -23"><span class='ocrx_word' id='word_1_703' title='bbox 1981 4709 2085 4765; x_wconf 90' lang='lat' dir='ltr'>hoc</span> <span class='ocrx_word' id='word_1_704' title='bbox 2107 4714 2272 4781; x_wconf 88' lang='lat' dir='ltr'>pacto</span> <span class='ocrx_word' id='word_1_705' title='bbox 2297 4712 2363 4768; x_wconf 88' lang='lat' dir='ltr'>in</span> <span class='ocrx_word' id='word_1_706' title='bbox 2385 4711 2794 4788; x_wconf 87' lang='lat' dir='ltr'>justificatione</span> <span class='ocrx_word' id='word_1_707' title='bbox 2834 4714 3003 4786; x_wconf 91' lang='lat' dir='ltr'>impii</span> <span class='ocrx_word' id='word_1_708' title='bbox 3029 4712 3352 4769; x_wconf 84' lang='lat' dir='ltr'>destruitur</span> 
     </span>
     <span class='ocr_line' id='line_1_109' title="bbox 1981 4789 3349 4850; baseline 0.002 -3"><span class='ocrx_word' id='word_1_709' title='bbox 1981 4789 2219 4847; x_wconf 85' lang='lat' dir='ltr'>realiter</span> <span class='ocrx_word' id='word_1_710' title='bbox 2269 4792 2572 4850; x_wconf 90' lang='lat' dir='ltr'>inclinatio</span> <span class='ocrx_word' id='word_1_711' title='bbox 2626 4792 2939 4850; x_wconf 87' lang='lat' dir='ltr'>habitualis</span> <span class='ocrx_word' id='word_1_712' title='bbox 3002 4792 3074 4850; x_wconf 91' lang='lat' dir='ltr'>ad</span> <span class='ocrx_word' id='word_1_713' title='bbox 3124 4791 3349 4850; x_wconf 87' lang='lat' dir='ltr'>bonum</span> 
     </span>
     <span class='ocr_line' id='line_1_110' title="bbox 1979 4871 3346 4948; baseline 0.001 -20"><span class='ocrx_word' id='word_1_714' title='bbox 1979 4871 2283 4946; x_wconf 90' lang='lat' dir='ltr'>proprium</span> <span class='ocrx_word' id='word_1_715' title='bbox 2309 4918 2323 4943; x_wconf 92' lang='lat'>,</span> <span class='ocrx_word' id='word_1_716' title='bbox 2374 4879 2649 4948; x_wconf 88' lang='lat' dir='ltr'>tanquam</span> <span class='ocrx_word' id='word_1_717' title='bbox 2697 4872 2767 4931; x_wconf 89' lang='lat' dir='ltr'>ad</span> <span class='ocrx_word' id='word_1_718' title='bbox 2811 4874 3084 4932; x_wconf 91' lang='lat' dir='ltr'>ultimum</span> <span class='ocrx_word' id='word_1_719' title='bbox 3115 4871 3296 4930; x_wconf 87' lang='lat' dir='ltr'>finem</span> <span class='ocrx_word' id='word_1_720' title='bbox 3329 4899 3346 4942; x_wconf 90' lang='lat'>;</span> 
     </span>
     <span class='ocr_line' id='line_1_111' title="bbox 1977 4953 3349 5028; baseline 0.001 -19"><span class='ocrx_word' id='word_1_721' title='bbox 1977 4954 2254 5026; x_wconf 84' lang='lat' dir='ltr'>quoniam</span> <span class='ocrx_word' id='word_1_722' title='bbox 2286 4955 2416 5012; x_wconf 90' lang='lat' dir='ltr'>licet</span> <span class='ocrx_word' id='word_1_723' title='bbox 2447 4960 2742 5013; x_wconf 89' lang='lat' dir='ltr'>remaneat</span> <span class='ocrx_word' id='word_1_724' title='bbox 2788 4953 2846 5010; x_wconf 92' lang='lat' dir='ltr'>id</span> <span class='ocrx_word' id='word_1_725' title='bbox 2871 4955 3022 5028; x_wconf 91' lang='lat' dir='ltr'>quod</span> <span class='ocrx_word' id='word_1_726' title='bbox 3053 4954 3199 5011; x_wconf 88' lang='lat' dir='ltr'>alias</span> <span class='ocrx_word' id='word_1_727' title='bbox 3219 4958 3349 5011; x_wconf 82' lang='lat' dir='ltr'>erat</span> 
     </span>
    </p>
   </div>
   <div class='ocr_carea' id='block_1_13' title="bbox 1979 5036 3347 5170">
    <p class='ocr_par' dir='ltr' id='par_1_13' title="bbox 1979 5036 3347 5170">
     <span class='ocr_line' id='line_1_112' title="bbox 1979 5036 3347 5167; baseline -0.002 -73"><span class='ocrx_word' id='word_1_728' title='bbox 1979 5041 2199 5095; x_wconf 88' lang='lat' dir='ltr'>rectum</span> <span class='ocrx_word' id='word_1_729' title='bbox 2254 5037 2539 5112; x_wconf 84' lang='lat' dir='ltr'>praedictae</span> <span class='ocrx_word' id='word_1_730' title='bbox 2583 5037 3076 5099; x_wconf 89' lang='lat' dir='ltr'>denominationis</span> <span class='ocrx_word' id='word_1_731' title='bbox 3139 5036 3347 5167; x_wconf 66' lang='lat' dir='ltr'>realisi</span> 
     </span>
     <span class='ocr_line' id='line_1_113' title="bbox 3158 5125 3319 5170; baseline -0.019 0"><span class='ocrx_word' id='word_1_732' title='bbox 3158 5125 3319 5170; x_wconf 80' lang='lat' dir='ltr'>cessa</span> 
     </span>
    </p>
   </div>
   <div class='ocr_carea' id='block_1_14' title="bbox 2079 2894 3562 2988">
    <p class='ocr_par' dir='ltr' id='par_1_14' title="bbox 2079 2894 3562 2988">
     <span class='ocr_line' id='line_1_114' title="bbox 2079 2894 3562 2988; baseline 0.003 -24"><span class='ocrx_word' id='word_1_733' title='bbox 2079 2911 2167 2966; x_wconf 87' lang='lat' dir='ltr'>Ad</span> <span class='ocrx_word' id='word_1_734' title='bbox 2220 2914 2529 2971; x_wconf 88' lang='lat' dir='ltr'>secundam</span> <span class='ocrx_word' id='word_1_735' title='bbox 2573 2913 2976 2980; x_wconf 89' lang='lat' dir='ltr'>concedimus,</span> <span class='ocrx_word' id='word_1_736' title='bbox 3025 2894 3562 2988; x_wconf 48' lang='lat' dir='ltr'>quodincli-Sgfflffi</span> 
     </span>
    </p>
   </div>
   <div class='ocr_carea' id='block_1_15' title="bbox 3579 1191 3641 2872">
    <p class='ocr_par' dir='ltr' id='par_1_15' title="bbox 3579 1191 3641 2872">
     <span class='ocr_line' id='line_1_115' title="bbox 3579 1191 3641 2872; baseline 0 -1059"><span class='ocrx_word' id='word_1_737' title='bbox 3579 1191 3641 2872; x_wconf 95' lang='lat' dir='ltr'>   </span> 
     </span>
    </p>
   </div>
  </div>
 </body>
</html>
