3647 5753
1462 439 1640 494 DISP.
1687 437 1809 504 VII,
1854 435 2021 491 DUB.
2062 435 2105 490 1.
2790 445 2793 448 ·
3142 428 3209 484 18

325 630 350 658 α
394 611 743 683 acceperis?
774 615 878 671 Ille
904 615 1078 689 igitur
1098 616 1381 689 gloriatur
1406 615 1567 689 quasi
1593 629 1710 671 non

326 710 354 739 α
399 691 718 763 accipiens,
746 696 846 768 qui
868 695 937 752 de
955 696 1139 768 seipso
1170 697 1471 771 gloriatur,
1502 701 1559 753 et
1593 709 1711 751 non

331 791 360 821 α
403 768 478 826 de
505 774 644 829 Deo.
678 776 751 828 Et
772 774 844 831 ad
874 776 976 833 hoc
1007 777 1252 849 pertinet
1282 779 1471 851 prima
1498 774 1712 849 species

332 869 362 901 α
407 850 717 923 superbiae,
732 870 846 928 qua
857 855 1071 912 scilicet
1081 856 1289 929 aliquis
1302 853 1707 930 superbiendo,

336 952 366 981 a
411 930 563 1003 quod
596 932 791 1001 habet,
826 935 964 992 dicit
1003 952 1035 992 a
1062 936 1250 1010 seipso
1290 936 1521 1005 habere,
1549 937 1713 1010 juxta

340 1034 370 1065 α
419 1011 566 1068 illud
613 1016 830 1073 Psalm.
881 1020 954 1073 76
986 1017 1200 1076 :Labia
1239 1024 1435 1076 nostra
1475 1033 1508 1074 a
1547 1014 1714 1073 nobis

345 1113 374 1143 α
419 1099 557 1148 sunt
589 1114 604 1149 ε
643 1095 775 1167 quis
803 1102 997 1154 noster
1026 1101 1306 1156 Dominus
1332 1102 1452 1155 est?
1476 1120 1501 1149 υ
1536 1099 1604 1151 Et
1630 1094 1713 1149 si-

65 1201 307 1243 ueros·
338 1170 570 1228 militer
594 1175 658 1230 D.
685 1176 932 1249 Prosper
954 1177 1054 1234 lib.
1091 1182 1135 1245 l,
1157 1178 1227 1236 de
1249 1179 1543 1236 vocatione
1566 1180 1714 1233 Gen-

131 1259 241 1303 per.
341 1250 517 1315 tium,
548 1268 670 1325 cap.
703 1257 776 1308 25
803 1277 816 1310 :
852 1278 877 1308 α
908 1259 1260 1325 Declaratur,
1287 1259 1487 1336 inquit,
1512 1262 1714 1314 contra

342 1356 372 1386 α
421 1350 657 1391 omnem
683 1336 992 1394 elationem
1017 1338 1089 1397 de
1117 1340 1300 1399 libero
1322 1338 1565 1397 arbitrio
1585 1340 1713 1413 glo-

341 1436 370 1465 «
423 1414 695 1481 riantem,
741 1417 905 1474 illam
948 1420 1327 1478 invictissime
1358 1420 1530 1477 reniti
1577 1435 1714 1475 sen-

341 1516 370 1545 «
420 1495 667 1551 tentiam
706 1495 947 1554 dicentis
973 1502 1227 1572 Apostoli
1262 1523 1275 1558 :
1307 1501 1445 1566 Quis
1470 1498 1630 1557 enim
1661 1503 1714 1555 te

341 1598 371 1625 α
420 1573 919 1642 ἀίεεθῐηίῐῖραίά
967 1587 1157 1637 autem
1203 1580 1375 1638 habes
1419 1579 1566 1654 quod
1597 1596 1714 1637 non

342 1679 370 1707 a
423 1656 736 1728 accepisti?
774 1659 832 1714 Si
854 1664 1045 1717 autem
1097 1663 1379 1735 accepisti,
1409 1660 1547 1735 quid
1587 1661 1716 1735 glo·

342 1758 370 1785 α
428 1735 604 1792 riaris
623 1737 783 1807 quasi
808 1755 925 1796 non
945 1743 1226 1815 acceperis
1239 1748 1265 1798 Ρ
1288 1743 1464 1817 Igitur
1482 1740 1716 1814 protun-

342 1838 373 1867 «ι
421 1813 573 1871 ditas
601 1816 760 1873 illius
803 1822 1155 1892 quaestioniS‚
1195 1839 1368 1896 quam
1395 1819 1711 1879 secundum

344 1918 372 1945 ιι
422 1896 772 1953 sententiam
795 1902 1046 1971 Apostoli
1065 1902 1565 1975 impenetrabilem
1582 1917 1716 1957 con-

344 1998 372 2025 «
424 1973 662 2032 fitemur
684 1998 711 2029 ιο
756 1980 987 2053 (nempe
1011 1999 1186 2055 quare
1212 1983 1503 2057 supposita
1527 1981 1715 2056 gratia

337 2053 673 2122 sufficienti,
707 2073 855 2114 unus
877 2062 1158 2128 trahatur,
1191 2070 1247 2120 et
1272 2065 1421 2120 alius
1444 2078 1562 2118 non
1592 2067 1716 2117 tra-

339 2134 565 2206 hatur),
603 2159 629 2188 «
660 2154 760 2210 per
806 2139 976 2196 liberi
1006 2142 1234 2199 arbitrii
1278 2145 1448 2208 velle,
1473 2149 1529 2199 et
1558 2142 1716 2199 nolle

348 2237 378 2266 a
431 2231 551 2272 non
594 2218 837 2275 solvitur
867 2242 919 2286 2),
954 2227 1014 2277 ut
1038 2239 1165 2279 eam
1212 2224 1435 2281 solvere
1474 2227 1715 2279 conatur

343 2295 603 2350 LessiuS.

64 2395 315 2488 aa&
345 2377 559 2512 ῃιέἲχ
572 2378 945 2516 ἷῖιῖῗ,5ῗὲῗ3
963 2382 1462 2520 {3⁰‘{‡⁰3AEe¹⁵⁰1²⁰’
1495 2385 1716 2519 εἶῗῖῑΐὲ

91 2503 311 2589 ’ῗιῗφοψ
351 2536 573 2624 sactum
593 2539 941 2611 respondent
964 2481 1221 2617 nagan-5130
1238 2481 1547 2618 seglilietiglm.
1570 2481 1716 2610 Qltiia

355 2618 499 2671 licet
526 2633 635 2674 non
676 2619 1014 2679 admittatur
1038 2626 1223 2698 gratia
1266 2625 1459 2682 efficax
1488 2631 1717 2681 antece-

354 2698 506 2756 dens
548 2716 907 2769 consensum,
961 2706 1111 2763 nihil
1159 2716 1370 2775 tamen,
1422 2708 1710 2779 inquiunt,

350 2787 448 2837 est
467 2781 532 2837 in
555 2786 963 2852 consentiente,
986 2805 1086 2861 per
1113 2790 1260 2862 quod
1286 2807 1345 2847 se
1372 2790 1658 2848 discernat
1683 2806 1717 2846 a

351 2878 481 2919 non
506 2866 913 2937 consentiente,
944 2868 1093 2943 quod
1121 2887 1238 2928 non
1259 2870 1334 2926 sit
1355 2887 1388 2927 a
1406 2869 1622 2945 gratia;
1655 2886 1718 2926 ac

350 2959 462 3015 per
486 2960 836 3018 consequens
878 2950 1027 3007 nihil
1057 2952 1245 3017 habet,
1279 2952 1341 3008 in
1367 2968 1478 3024 quo
1507 2952 1718 3009 adver-

345 3041 455 3079 sus
474 3025 658 3106 alium
678 3030 976 3101 glorietur.
1008 3032 1067 3087 Si
1094 3032 1254 3088 enim
1281 3032 1717 3089 considerentur

351 3105 424 3159 in
451 3111 576 3161 actu
606 3109 814 3178 prim0,
847 3109 1083 3183 uterque
1107 3111 1278 3168 habet
1301 3113 1549 3187 gratiam
1579 3128 1718 3184 prae-

347 3186 688 3244 venientem
715 3191 1109 3259 sufficientem,
1152 3200 1209 3250 et
1236 3197 1296 3251 in
1325 3195 1429 3251 hoc
1455 3210 1579 3250 non
1598 3193 1719 3249 dis-

346 3273 678 3323 cernuntur
707 3270 799 3325 :si
828 3287 964 3328 vero
1008 3273 1442 3348 considerentur
1483 3274 1545 3330 in
1593 3279 1716 3330 actu

345 3345 626 3413 secundo,
645 3353 1010 3408 consentiens
1031 3352 1377 3410 discernitur
1398 3369 1429 3409 a
1453 3369 1568 3410 non
1590 3370 1721 3411 con·

349 3427 645 3484 sentiente
705 3444 804 3501 per
861 3448 1202 3490 consensum
1255 3433 1558 3490 actualem.
1610 3433 1719 3489 Sed

355 3507 664 3578 praedictus
706 3526 1016 3568 consensus
1043 3530 1160 3571 non
1189 3514 1251 3569 fit
1277 3530 1311 3570 a
1352 3514 1533 3571 libero
1561 3514 1720 3570 arbi-

356 3588 499 3654 tr10‚
547 3589 658 3645 nisi
685 3591 1074 3666 dependenter
1108 3613 1138 3651 a
1165 3597 1369 3670 gratia,
1402 3602 1518 3651 tam
1569 3612 1721 3669 prze-

358 3670 667 3738 veniente,
718 3690 842 3745 quae
888 3676 976 3731 illi
1022 3678 1406 3734 communicat
1453 3677 1605 3733 vires
1649 3675 1720 3732 ad

364 3748 697 3822 praedictum
714 3770 1077 3823 consensum;
1096 3773 1267 3829 quam
1282 3757 1715 3826 concomitante,

362 3834 427 3885 et
450 3829 810 3903 simultanea,
842 3852 968 3907 quae
1011 3836 1341 3908 praedictum
1388 3843 1575 3894 actum
1606 3837 1721 3892 im-

360 3911 616 3970 mediate
641 3915 892 3990 attingit.
919 3917 1005 3972 Ad
1049 3918 1187 3990 quid
1213 3935 1349 3993 ergo
1376 3918 1722 3976 adstruenda

359 3995 556 4066 major
597 3997 794 4071 gratiae
841 4000 1158 4068 necessitas,
1188 4017 1319 4057 cum
1368 4018 1468 4074 per
1515 4001 1723 4057 relatas

355 4074 623 4131 salvetur
669 4077 958 4151 adaequata
986 4080 1368 4153 dependentia
1393 4097 1718 4147 consensus,

356 4159 422 4210 et
446 4152 808 4215 discretionis
828 4176 860 4217 a
884 4161 1069 4233 gratia
1086 4165 1113 4217 P

126 4262 327 4309 everti·
443 4238 726 4295 Caeterum
771 4240 955 4298 adhuc
983 4259 1099 4299 non
1144 4243 1502 4300 satisfaciunt
1549 4258 1723 4316 argu-

125 4320 310 4417 pssffio.
362 4324 585 4386 mento,
615 4321 712 4377 sed
742 4323 887 4379 illud
914 4325 976 4379 in
1002 4341 1105 4382 suo
1133 4325 1337 4383 robore
1366 4325 1722 4397 relinquunt.

361 4401 580 4468 Primo,
619 4406 754 4475 quia
780 4405 1049 4464 discretio
1077 4408 1249 4464 unius
1277 4406 1350 4464 ab
1377 4408 1490 4464 alio
1529 4408 1727 4479 nequit

359 4481 591 4539 desumi
619 4500 688 4541 ex
712 4486 918 4559 gratia,
955 4503 1080 4559 quae
1105 4488 1180 4544 sit
1213 4489 1440 4560 utrique
1466 4504 1726 4546 commu-

128 4578 302 4636 unn-
362 4562 480 4629 nis,
509 4569 852 4638 utexpresse
873 4566 1030 4624 docet
1052 4569 1537 4642 Augustinusloco
1553 4585 1728 4641 supra

102 4634 348 4674 ‘'⁵⁰⁰¹‘'
360 4645 539 4703 citato
561 4648 625 4702 de
639 4649 887 4722 pradest.
912 4651 1003 4706 SS.
1037 4650 1128 4705 his
1167 4649 1360 4708 verbis
1392 4672 1407 4707 ε
1444 4673 1470 4704 «ι
1492 4651 1730 4708 Talibus

368 4750 398 4780 a
427 4743 730 4786 occurrens
756 4730 1196 4804 cogitationibus
1242 4731 1425 4789 bonus
1465 4734 1668 4790 Doctor
1713 4754 1726 4789 :

367 4833 398 4864 α
427 4810 572 4875 Quid
596 4817 793 4869 autem
818 4811 1012 4878 habes,
1042 4814 1247 4885 inquit,
1273 4813 1420 4886 quod
1443 4825 1560 4871 non
1584 4831 1732 4872 acce-

367 4915 396 4946 «
429 4892 597 4964 pisti?
622 4897 668 4948 A
699 4908 834 4966 quo,
868 4893 981 4948 nisi
1010 4892 1081 4949 ab
1108 4895 1210 4951 illo
1235 4895 1333 4967 qui
1378 4900 1431 4952 te
1458 4895 1731 4953 discernit

367 4994 396 5026 α
428 4973 501 5030 ab
542 4975 681 5041 alio,
715 4974 811 5029 cui
860 4989 978 5029 non
1019 4974 1255 5031 donavit
1297 4974 1447 5047 quod
1493 4975 1731 5032 donavit

360 5079 387 5104 n
423 5054 568 5112 tibi?
589 5057 651 5111 Si
681 5061 885 5112 autem
911 5056 1190 5128 accepisti,
1218 5056 1313 5123 ait,
1345 5056 1480 5129 quid
1508 5058 1730 5130 gloria-

1849 634 1877 666 α
1909 612 2006 677 ris,
2038 611 2198 683 quasi
2228 627 2344 667 non
2366 609 2690 683 acceperis?
2716 606 2987 680 Nunquid
3015 621 3204 678 quaeso

1850 714 1876 745 α
1919 693 1998 749 ait
2014 690 2185 759 aliud,
2213 693 2324 749 nisi
2351 699 2408 749 ut
2429 694 2526 765 qui
2547 692 2850 767 gloriatur,
2878 691 2940 745 in
2959 689 3205 745 Domino

1851 795 1877 828 α
1917 774 2195 847 glorietur
2215 775 2242 829 Ρ
2269 774 2427 829 Nihil
2463 780 2653 830 autem
2702 772 2834 827 huic
2860 769 3053 826 sensui
3084 774 3202 826 tam

1852 876 1878 906 α
1905 852 2260 909 contrarium
2289 858 2392 917 est,
2423 869 2595 925 quam
2623 850 2693 907 de
2718 851 2837 906 suis
2864 849 3089 906 meritis
3121 848 3206 905 sic

1852 954 1879 985 α
1906 947 2249 1005 quemquam
2276 932 2534 1007 gloriari,
2562 938 2835 1004 tanquam
2860 931 2979 1003 ipse
3003 929 3114 985 sibi
3136 945 3203 986 ea

1852 1035 1879 1067 α
1907 1013 2122 1080 fecerit,
2156 1028 2272 1068 non
2310 1012 2496 1087 gratia
2523 1011 2621 1068 Dei
2657 1031 2669 1065 :
2698 1010 2797 1067 sed
2836 1010 3040 1084 gratia,
3071 1024 3200 1081 quae

1852 1118 1879 1148 «ι
1907 1093 2084 1151 bonos
2122 1094 2394 1150 discernit
2441 1111 2473 1149 a
2513 1093 2700 1158 malis,
2735 1108 2853 1149 non
2880 1108 3004 1165 quae
3042 1108 3204 1149 com-

1853 1197 1878 1227 α
1909 1173 2104 1229 munis
2146 1179 2230 1229 est
2273 1179 2328 1228 et
2372 1172 2567 1239 bonis,
2615 1178 2671 1228 et
2716 1173 2904 1228 malis.
2959 1194 2984 1222 »
3031 1174 3202 1245 Atqui

1846 1255 2030 1329 gratia
2075 1253 2434 1326 praeveniens
2474 1254 2536 1308 in
2583 1270 2712 1310 casu
2762 1253 3086 1327 argumenti
3120 1258 3206 1309 est

1848 1334 2030 1402 bonis,
2062 1340 2119 1391 et
2140 1334 2327 1399 malis,
2355 1334 2459 1391 hoc
2479 1338 2563 1390 est
2581 1334 2976 1400 consentienti,
3003 1338 3059 1389 et
3082 1332 3206 1388 dis-

1845 1415 2117 1472 sentienti
2146 1415 2488 1481 communiS,
2536 1421 2596 1471 ut
2622 1414 2983 1488 supponitur,
3016 1420 3073 1471 et
3098 1414 3211 1470 Ad·

1849 1496 2088 1552 versarii
2139 1494 2450 1552 admittunt
2497 1517 2508 1551 :
2555 1502 2612 1552 et
2660 1509 2857 1551 rursus
2901 1511 3209 1552 concursus

1850 1576 1947 1633 Dei
1974 1577 2354 1633 simultaneus
2373 1583 2458 1634 est
2478 1576 2628 1633 idem
2654 1577 2887 1633 realiter
2911 1592 3040 1632 cum
3064 1591 3204 1649 ope-

1849 1656 2087 1722 ratione,
2122 1672 2221 1729 per
2247 1673 2418 1729 quam
2454 1657 2812 1714 consentiens
2839 1672 2899 1713 se
2927 1655 3202 1713 discernit

1848 1754 1875 1793 a
1901 1753 2019 1794 non
2044 1738 2466 1805 consentiente;
2499 1744 2663 1810 atque
2691 1736 2815 1794 ideo
2844 1737 3041 1809 nequit
3078 1753 3200 1795 esse

1848 1817 2036 1891 prima
2081 1818 2227 1873 ratio
2255 1818 2422 1892 hujus
2466 1818 2871 1874 distinctionis
2923 1817 3199 1874 Discretio

1846 1914 1981 1972 ergo
2027 1898 2180 1954 inter
2222 1898 2777 1963 consentientem-et
2805 1913 2921 1954 non
2960 1913 3207 1954 consen-

1848 1981 2086 2035 tientem
2112 1978 2307 2050 nequit
2335 1977 2525 2035 reduci
2550 1978 2612 2034 in
2639 1979 2853 2052 gratias
2881 1977 2949 2034 ab
2977 1977 3204 2035 Adver-

1846 2058 2017 2115 sariis
2045 2058 2358 2133 assignatas
2383 2080 2395 2115 :
2426 2064 2482 2115 et
2508 2064 2912 2130 consequenter
2941 2059 3030 2114 vel
3056 2075 3206 2131 prae-

1847 2138 1997 2195 dicta
2039 2137 2307 2195 discretio
2354 2138 2670 2195 revocanda
2714 2145 2800 2194 est
2842 2154 2971 2194 cum
3015 2140 3206 2196 Lessio

1849 2219 1911 2275 in
1941 2217 2187 2275 liberum
2217 2216 2544 2286 arbitrium,
2588 2216 2735 2291 quod
2765 2219 2881 2273 haec
2910 2219 3204 2289 responsio

1849 2299 2033 2355 vitare
2050 2299 2255 2372 satagit
2277 2323 2291 2366 ;
2320 2299 2414 2354 vel
2443 2296 2632 2354 reduci
2661 2297 2827 2354 debet
2855 2299 2917 2353 in
2945 2298 3200 2370 aliquam

1847 2380 2091 2456 gratiam
2131 2380 2575 2446 antecedentem,
2625 2386 2679 2437 et
2718 2380 3017 2447 efficacem,
3050 2378 3201 2452 quod

1850 2460 2223 2519 intendimus

1921 2542 2189 2607 Secunde,
2222 2558 2355 2598 nam
2386 2542 2552 2616 hujus
2586 2542 2834 2609 effectus,
2863 2557 3070 2615 nempe
3098 2558 3202 2599 vo-

1849 2623 2129 2679 luntatem
2160 2622 2329 2677 unius
2357 2623 2611 2679 hominis
2631 2624 2972 2687 consentire,
2997 2630 3055 2681 et
3081 2622 3205 2679 dis-

1848 2718 2083 2760 cernere
2103 2703 2271 2758 illum
2295 2701 2364 2760 ab
2391 2704 2524 2769 alio,
2557 2704 2748 2777 aliqua
2777 2705 3012 2777 propria
3038 2721 3206 2762 causa

1849 2782 2192 2857 assignanda
2229 2788 2312 2840 est
2357 2805 2369 2839 :
2400 2784 2554 2857 atqui
2585 2785 2815 2857 propria
2842 2802 3010 2842 causa
3038 2784 3207 2858 hujus

1848 2864 2077 2921 effectus
2104 2864 2300 2936 nequit
2323 2880 2444 2921 esse
2468 2866 2653 2940 gratia
2692 2866 2975 2923 sufficiens
3000 2884 3211 2924 secun-

1849 2944 1986 3000 dum
2009 2960 2086 3010 se,
2106 2943 2387 3016 siquidem
2411 2961 2529 3002 non
2547 2945 2679 3002 facit
2703 2947 3058 3004 voluntatem
3081 2963 3211 3005 con-

1850 3026 2081 3091 sentire,
2101 3024 2199 3081 sed
2229 3031 2450 3083 tantum
2477 3027 2625 3101 quod
2652 3030 2973 3085 consentire
2991 3031 3166 3102 possit
3193 3053 3206 3088 ε

1852 3123 1954 3164 nec
1986 3107 2138 3162 valet
2163 3122 2285 3162 esse
2322 3123 2630 3165 concursus
2672 3110 2770 3166 Dei
2798 3110 3204 3178 simultaneus,

1850 3203 1979 3243 cum
2027 3187 2118 3242 hic
2161 3187 2236 3242 sit
2265 3186 2416 3244 idem
2467 3190 2700 3246 realiter
2731 3207 2861 3246 cum
2906 3208 3203 3256 consensu,

1850 3268 2008 3341 cujus
2036 3267 2349 3339 propriam,
2381 3275 2435 3325 et
2464 3271 2712 3342 primam
2752 3287 2981 3327 causam
3012 3272 3213 3329 inves-

1852 3348 2097 3421 tigamus
2129 3367 2142 3402 :
2171 3363 2306 3420 ergo
2333 3349 2425 3403 vel
2463 3350 2781 3406 sistendum
2809 3355 2894 3406 est
2935 3352 2997 3407 in
3028 3352 3212 3410 libero

1853 3426 2113 3492 arbitrio,
2144 3426 2293 3499 quod
2323 3428 2439 3484 haec
2468 3429 2759 3501 responsio
2782 3445 2899 3486 non
2930 3433 3051 3487 vult
3078 3449 3210 3489 con—

1852 3507 2077 3574 cedere;
2102 3509 2192 3563 vel
2217 3507 2636 3565 admittendum
2658 3515 2742 3565 est
2763 3512 3049 3567 auxilium
3083 3513 3210 3570 effi-

1851 3606 1954 3646 cax
1982 3589 2319 3646 antecedens
2365 3606 2726 3657 consensum,
2759 3591 2909 3663 quod
2956 3599 3075 3649 tam
3103 3611 3212 3652 vo-

1854 3673 2152 3750 luntatem,
2182 3688 2353 3744 quam
2380 3673 2630 3745 gratiam
2675 3674 3050 3730 sufficientem
3078 3691 3209 3732 cum

1853 3768 2128 3809 consensu
2153 3750 2545 3809 infallibiliter
2566 3757 2894 3832 conjungat.

1935 3831 1982 3889 T
1977 3833 2132 3896 artie,
2147 3831 2281 3904 quia
2302 3833 2663 3890 consentiens
2675 3851 2737 3892 se
2756 3836 3031 3897 discernit
3046 3855 3079 3895 a
3096 3854 3213 3896 non

1853 3913 2258 3976 consentiente,
2286 3912 2349 3967 in
2375 3919 2654 3985 quantum
2678 3918 2800 3990 ejus
2827 3921 2976 3977 actio
3002 3926 3087 3975 est
3109 3934 3214 3992 po-

1857 3993 1969 4049 tius
1993 4008 2319 4059 consensuS,
2362 4008 2535 4064 quam
2565 3993 2854 4054 dissensus
2889 4020 2901 4055 :
2931 3999 3027 4056 sed
3054 3998 3205 4071 quod

1855 4073 1959 4129 illa
1997 4073 2142 4130 actio
2179 4072 2253 4128 sit
2299 4074 2487 4146 potius
2530 4092 2856 4147 consensus,
2888 4097 3060 4153 quam
3090 4079 3214 4135 dis-

1855 4171 2075 4221 sensus,
2125 4171 2243 4212 non
2289 4154 2577 4214 reducitur
2627 4160 2689 4215 in
2729 4161 3214 4219 Adversariorum

1856 4236 2116 4293 doctrina
2143 4236 2204 4292 in
2230 4236 2496 4311 gratiam,
2530 4240 2621 4295 vel
2651 4240 2713 4296 in
2745 4243 2922 4298 Deum
2953 4258 3053 4314 per
3078 4257 3218 4315 gra-

1857 4319 1997 4374 tiam
2025 4322 2305 4392 agentem,
2356 4323 2627 4392 tanquam
2671 4322 2732 4378 in
2759 4340 2987 4381 causam
3021 4346 3032 4381 :
3078 4340 3217 4398 ergo

1861 4400 2149 4457 reducitur
2172 4400 2235 4456 in
2259 4399 2504 4456 liberum
2528 4401 2837 4459 arbitrium
2859 4428 2874 4472 ;
2899 4409 3066 4477 atque
3087 4404 3217 4461 ideo

1861 4485 2042 4557 potest
2078 4482 2250 4538 homo
2274 4497 2347 4538 ex
2387 4499 2491 4539 suo
2517 4483 2759 4542 arbitrio
2796 4503 2857 4544 se
2890 4486 3218 4546 discernere

1861 4562 1933 4620 ab
1959 4563 2093 4627 ali0,
2140 4567 2195 4618 et
2223 4561 2433 4619 habere
2476 4564 2538 4619 in
2565 4581 2675 4637 quo
2720 4572 2919 4625 contra
2965 4569 3216 4626 alterum

1862 4642 2114 4700 infletur.
2166 4643 2446 4700 Probatur
2473 4646 2860 4713 minorfftum
2907 4649 2978 4705 ad
3021 4639 3219 4707 homi-

1863 4741 1997 4782 nem
2025 4725 2193 4797 :quia
2214 4726 2343 4782 licet
2362 4726 2693 4784 Adversarii
2723 4728 2932 4797 dicant,
2964 4732 3216 4806 gratiam

1864 4805 2106 4863 influere
2152 4806 2214 4862 in
2241 4806 2410 4863 illum
2437 4823 2806 4877 consensum;
2837 4818 3101 4868 asserunt
3128 4817 3220 4869 ta-

1864 4903 1995 4944 men
2022 4886 2263 4943 inssuere
2290 4888 2351 4943 in
2378 4904 2530 4955 eum,
2561 4897 2841 4961 quatenus
2867 4898 3219 4966 supernatu-

1866 4971 2004 5028 ralis
2024 4976 2125 5035 est,
2153 4986 2270 5027 non
2293 4987 2428 5028 vero
2447 4978 2724 5043 quatenus
2751 4975 2899 5032 liber
2925 4982 3009 5032 est
3041 4998 3054 5032 ε
3080 4992 3220 5034 nam

1863 5054 2176 5112 secundum
2197 5054 2343 5112 hanc
2367 5057 2649 5114 rationem
2674 5057 2844 5114 illum
2868 5065 3140 5116 revocant
3163 5060 3227 5117 in

3239 2584 3395 2629 cundo.

3241 3835 3405 3881 Tertio.
