<?xml version="1.0" encoding="UTF-8"?>
<!DOCTYPE html PUBLIC "-//W3C//DTD XHTML 1.0 Transitional//EN"
    "http://www.w3.org/TR/xhtml1/DTD/xhtml1-transitional.dtd">
<html xmlns="http://www.w3.org/1999/xhtml" xml:lang="en" lang="en">
 <head>
  <title>
</title>
<meta http-equiv="Content-Type" content="text/html;charset=utf-8" />
  <meta name='ocr-system' content='tesseract 3.04.00' />
  <meta name='ocr-capabilities' content='ocr_page ocr_carea ocr_par ocr_line ocrx_word'/>
</head>
<body>
  <div class='ocr_page' id='page_1' title='image "./collegiisalmant00carmgoog_0754.png"; bbox 0 0 3647 5753; ppageno 0'>
   <div class='ocr_carea' id='block_1_1' title="bbox 512 396 2450 485">
    <p class='ocr_par' dir='ltr' id='par_1_1' title="bbox 512 396 2450 485">
     <span class='ocr_line' id='line_1_1' title="bbox 512 396 2450 485; baseline 0.003 -34"><span class='ocrx_word' id='word_1_1' title='bbox 512 478 516 485; x_wconf 23' lang='grc' dir='ltr'>ι</span> <span class='ocrx_word' id='word_1_2' title='bbox 548 396 660 452; x_wconf 78' lang='lat'>732</span> <span class='ocrx_word' id='word_1_3' title='bbox 1501 397 1594 451; x_wconf 85' lang='lat' dir='ltr'>DE</span> <span class='ocrx_word' id='word_1_4' title='bbox 1635 397 1959 451; x_wconf 83' lang='lat' dir='ltr'>INFLUXU</span> <span class='ocrx_word' id='word_1_5' title='bbox 2000 398 2450 459; x_wconf 84' lang='lat' dir='ltr'><strong>CHARITATIS.</strong></span> 
     </span>
    </p>
   </div>
   <div class='ocr_carea' id='block_1_2' title="bbox 539 565 1918 4513">
    <p class='ocr_par' dir='ltr' id='par_1_2' title="bbox 541 565 1918 2968">
     <span class='ocr_line' id='line_1_2' title="bbox 551 565 1917 640; baseline 0.001 -18"><span class='ocrx_word' id='word_1_6' title='bbox 551 565 695 622; x_wconf 88' lang='lat' dir='ltr'>mali</span> <span class='ocrx_word' id='word_1_7' title='bbox 720 567 1005 637; x_wconf 83' lang='lat' dir='ltr'>proxima,</span> <span class='ocrx_word' id='word_1_8' title='bbox 1035 572 1091 623; x_wconf 88' lang='lat' dir='ltr'>et</span> <span class='ocrx_word' id='word_1_9' title='bbox 1116 566 1471 633; x_wconf 86' lang='lat' dir='ltr'>immediata,</span> <span class='ocrx_word' id='word_1_10' title='bbox 1502 566 1601 624; x_wconf 88' lang='lat' dir='ltr'>sed</span> <span class='ocrx_word' id='word_1_11' title='bbox 1642 574 1917 640; x_wconf 79' lang='lat' dir='ltr'><strong>tanquam</strong></span> 
     </span>
     <span class='ocr_line' id='line_1_3' title="bbox 552 644 1918 724; baseline 0 -22"><span class='ocrx_word' id='word_1_12' title='bbox 552 662 584 702; x_wconf 88' lang='lat' dir='ltr'>a</span> <span class='ocrx_word' id='word_1_13' title='bbox 614 644 819 724; x_wconf 83' lang='lat' dir='ltr'>radice,</span> <span class='ocrx_word' id='word_1_14' title='bbox 870 663 997 720; x_wconf 80' lang='lat' dir='ltr'>quae</span> <span class='ocrx_word' id='word_1_15' title='bbox 1045 646 1336 704; x_wconf 82' lang='lat' dir='ltr'>mediante</span> <span class='ocrx_word' id='word_1_16' title='bbox 1387 645 1492 702; x_wconf 90' lang='lat' dir='ltr'>illa</span> <span class='ocrx_word' id='word_1_17' title='bbox 1534 647 1830 714; x_wconf 79' lang='lat' dir='ltr'>relatione,</span> <span class='ocrx_word' id='word_1_18' title='bbox 1861 651 1918 703; x_wconf 88' lang='lat' dir='ltr'>et</span> 
     </span>
     <span class='ocr_line' id='line_1_4' title="bbox 551 726 1915 801; baseline 0 -18"><span class='ocrx_word' id='word_1_19' title='bbox 551 726 739 792; x_wconf 92' lang='lat' dir='ltr'>modo,</span> <span class='ocrx_word' id='word_1_20' title='bbox 782 743 951 799; x_wconf 89' lang='lat' dir='ltr'>quem</span> <span class='ocrx_word' id='word_1_21' title='bbox 999 743 1184 801; x_wconf 84' lang='lat' dir='ltr'>nuper</span> <span class='ocrx_word' id='word_1_22' title='bbox 1234 726 1581 795; x_wconf 77' lang='lat' dir='ltr'>dicebamuS,</span> <span class='ocrx_word' id='word_1_23' title='bbox 1639 732 1915 801; x_wconf 82' lang='lat' dir='ltr'><strong>tanquam</strong></span> 
     </span>
     <span class='ocr_line' id='line_1_5' title="bbox 551 807 1916 881; baseline 0 -17"><span class='ocrx_word' id='word_1_24' title='bbox 551 807 990 881; x_wconf 88' lang='lat' dir='ltr'>participatione</span> <span class='ocrx_word' id='word_1_25' title='bbox 1012 808 1210 881; x_wconf 89' lang='lat' dir='ltr'>ipsius</span> <span class='ocrx_word' id='word_1_26' title='bbox 1238 824 1351 865; x_wconf 86' lang='lat' dir='ltr'>ase</span> <span class='ocrx_word' id='word_1_27' title='bbox 1371 813 1518 874; x_wconf 91' lang='lat' dir='ltr'>ort0,</span> <span class='ocrx_word' id='word_1_28' title='bbox 1545 809 1692 866; x_wconf 88' lang='lat' dir='ltr'>sicut</span> <span class='ocrx_word' id='word_1_29' title='bbox 1720 824 1916 865; x_wconf 89' lang='lat' dir='ltr'>ramus</span> 
     </span>
     <span class='ocr_line' id='line_1_6' title="bbox 550 887 1910 961; baseline 0 -17"><span class='ocrx_word' id='word_1_30' title='bbox 550 887 1020 954; x_wconf 88' lang='lat' dir='ltr'>orituraradice,</span> <span class='ocrx_word' id='word_1_31' title='bbox 1067 888 1347 946; x_wconf 86' lang='lat' dir='ltr'>informat</span> <span class='ocrx_word' id='word_1_32' title='bbox 1392 888 1686 961; x_wconf 85' lang='lat' dir='ltr'>praedictos</span> <span class='ocrx_word' id='word_1_33' title='bbox 1735 894 1910 955; x_wconf 89' lang='lat' dir='ltr'>actus,</span> 
     </span>
     <span class='ocr_line' id='line_1_7' title="bbox 551 966 1911 1045; baseline 0.001 -22"><span class='ocrx_word' id='word_1_34' title='bbox 551 966 849 1045; x_wconf 81' lang='lat' dir='ltr'>redditque</span> <span class='ocrx_word' id='word_1_35' title='bbox 894 967 1208 1041; x_wconf 89' lang='lat' dir='ltr'>condignos</span> <span class='ocrx_word' id='word_1_36' title='bbox 1261 974 1477 1025; x_wconf 80' lang='lat' dir='ltr'>aeterna</span> <span class='ocrx_word' id='word_1_37' title='bbox 1536 967 1911 1036; x_wconf 89' lang='lat' dir='ltr'>beatitudine,</span> 
     </span>
     <span class='ocr_line' id='line_1_8' title="bbox 548 1048 1915 1120; baseline 0 -16"><span class='ocrx_word' id='word_1_38' title='bbox 548 1053 716 1120; x_wconf 90' lang='lat' dir='ltr'>atque</span> <span class='ocrx_word' id='word_1_39' title='bbox 737 1048 897 1103; x_wconf 89' lang='lat' dir='ltr'>illius</span> <span class='ocrx_word' id='word_1_40' title='bbox 919 1048 1269 1116; x_wconf 76' lang='lat' dir='ltr'>meritoriOS,</span> <span class='ocrx_word' id='word_1_41' title='bbox 1290 1050 1359 1103; x_wconf 89' lang='lat' dir='ltr'>Et</span> <span class='ocrx_word' id='word_1_42' title='bbox 1385 1049 1542 1107; x_wconf 91' lang='lat' dir='ltr'>hunc</span> <span class='ocrx_word' id='word_1_43' title='bbox 1560 1064 1794 1106; x_wconf 88' lang='lat' dir='ltr'>sensum</span> <span class='ocrx_word' id='word_1_44' title='bbox 1827 1049 1915 1105; x_wconf 91' lang='lat' dir='ltr'>in-</span> 
     </span>
     <span class='ocr_line' id='line_1_9' title="bbox 545 1128 1916 1204; baseline 0.002 -19"><span class='ocrx_word' id='word_1_45' title='bbox 545 1128 988 1202; x_wconf 78' lang='lat' dir='ltr'>tenditsaepeD.</span> <span class='ocrx_word' id='word_1_46' title='bbox 1005 1130 1214 1187; x_wconf 89' lang='lat' dir='ltr'>Thom.</span> <span class='ocrx_word' id='word_1_47' title='bbox 1236 1130 1376 1187; x_wconf 90' lang='lat' dir='ltr'>locis</span> <span class='ocrx_word' id='word_1_48' title='bbox 1395 1131 1602 1188; x_wconf 85' lang='lat' dir='ltr'>citatis.</span> <span class='ocrx_word' id='word_1_49' title='bbox 1629 1135 1916 1204; x_wconf 87' lang='lat' dir='ltr'>Frequen-</span> 
     </span>
     <span class='ocr_line' id='line_1_10' title="bbox 544 1209 1915 1283; baseline 0.001 -15"><span class='ocrx_word' id='word_1_50' title='bbox 544 1216 633 1268; x_wconf 86' lang='lat' dir='ltr'>ter</span> <span class='ocrx_word' id='word_1_51' title='bbox 653 1209 813 1266; x_wconf 90' lang='lat' dir='ltr'>enim</span> <span class='ocrx_word' id='word_1_52' title='bbox 837 1210 1088 1283; x_wconf 90' lang='lat' dir='ltr'>appellat</span> <span class='ocrx_word' id='word_1_53' title='bbox 1124 1210 1464 1268; x_wconf 86' lang='lat' dir='ltr'>charitatem</span> <span class='ocrx_word' id='word_1_54' title='bbox 1509 1210 1761 1269; x_wconf 87' lang='lat' dir='ltr'>radicem</span> <span class='ocrx_word' id='word_1_55' title='bbox 1785 1227 1915 1269; x_wconf 89' lang='lat' dir='ltr'>me-</span> 
     </span>
     <span class='ocr_line' id='line_1_11' title="bbox 547 1290 1913 1365; baseline 0.001 -18"><span class='ocrx_word' id='word_1_56' title='bbox 547 1291 666 1358; x_wconf 91' lang='lat' dir='ltr'>riti,</span> <span class='ocrx_word' id='word_1_57' title='bbox 724 1296 785 1346; x_wconf 91' lang='lat' dir='ltr'>ut</span> <span class='ocrx_word' id='word_1_58' title='bbox 837 1290 1004 1347; x_wconf 89' lang='lat' dir='ltr'>detur</span> <span class='ocrx_word' id='word_1_59' title='bbox 1062 1290 1329 1365; x_wconf 82' lang='lat' dir='ltr'>intelligi,</span> <span class='ocrx_word' id='word_1_60' title='bbox 1359 1292 1511 1364; x_wconf 90' lang='lat' dir='ltr'>quod</span> <span class='ocrx_word' id='word_1_61' title='bbox 1560 1292 1708 1349; x_wconf 86' lang='lat' dir='ltr'>sicut</span> <span class='ocrx_word' id='word_1_62' title='bbox 1756 1292 1913 1349; x_wconf 89' lang='lat' dir='ltr'>inter</span> 
     </span>
     <span class='ocr_line' id='line_1_12' title="bbox 545 1370 1915 1446; baseline 0.001 -19"><span class='ocrx_word' id='word_1_63' title='bbox 545 1370 814 1440; x_wconf 89' lang='lat' dir='ltr'>radicem,</span> <span class='ocrx_word' id='word_1_64' title='bbox 839 1376 897 1427; x_wconf 91' lang='lat' dir='ltr'>et</span> <span class='ocrx_word' id='word_1_65' title='bbox 924 1370 1172 1427; x_wconf 89' lang='lat' dir='ltr'>fructum</span> <span class='ocrx_word' id='word_1_66' title='bbox 1199 1370 1416 1429; x_wconf 90' lang='lat' dir='ltr'>mediat</span> <span class='ocrx_word' id='word_1_67' title='bbox 1440 1389 1655 1438; x_wconf 80' lang='lat' dir='ltr'>ramus„</span> <span class='ocrx_word' id='word_1_68' title='bbox 1686 1377 1744 1429; x_wconf 87' lang='lat' dir='ltr'>et</span> <span class='ocrx_word' id='word_1_69' title='bbox 1762 1372 1915 1446; x_wconf 89' lang='lat' dir='ltr'>quod</span> 
     </span>
     <span class='ocr_line' id='line_1_13' title="bbox 546 1453 1916 1526; baseline 0.001 -16"><span class='ocrx_word' id='word_1_70' title='bbox 546 1470 664 1511; x_wconf 90' lang='lat' dir='ltr'>non</span> <span class='ocrx_word' id='word_1_71' title='bbox 694 1453 878 1520; x_wconf 81' lang='lat' dir='ltr'>radix,</span> <span class='ocrx_word' id='word_1_72' title='bbox 903 1453 1001 1510; x_wconf 90' lang='lat' dir='ltr'>sed</span> <span class='ocrx_word' id='word_1_73' title='bbox 1023 1469 1220 1511; x_wconf 88' lang='lat' dir='ltr'>ramus</span> <span class='ocrx_word' id='word_1_74' title='bbox 1240 1458 1342 1521; x_wconf 90' lang='lat' dir='ltr'>est,</span> <span class='ocrx_word' id='word_1_75' title='bbox 1376 1470 1409 1510; x_wconf 87' lang='lat' dir='ltr'>a</span> <span class='ocrx_word' id='word_1_76' title='bbox 1436 1470 1549 1526; x_wconf 92' lang='lat' dir='ltr'>quo</span> <span class='ocrx_word' id='word_1_77' title='bbox 1576 1454 1916 1512; x_wconf 83' lang='lat' dir='ltr'>immediate</span> 
     </span>
     <span class='ocr_line' id='line_1_14' title="bbox 548 1534 1914 1603; baseline -0.001 -10"><span class='ocrx_word' id='word_1_78' title='bbox 548 1536 736 1593; x_wconf 86' lang='lat' dir='ltr'>oritur</span> <span class='ocrx_word' id='word_1_79' title='bbox 760 1535 977 1591; x_wconf 85' lang='lat' dir='ltr'>fructus</span> <span class='ocrx_word' id='word_1_80' title='bbox 1010 1534 1128 1591; x_wconf 87' lang='lat' dir='ltr'>:ita</span> <span class='ocrx_word' id='word_1_81' title='bbox 1166 1535 1342 1591; x_wconf 87' lang='lat' dir='ltr'>etiam</span> <span class='ocrx_word' id='word_1_82' title='bbox 1385 1534 1539 1593; x_wconf 91' lang='lat' dir='ltr'>inter</span> <span class='ocrx_word' id='word_1_83' title='bbox 1584 1541 1794 1603; x_wconf 89' lang='lat' dir='ltr'>actum,</span> <span class='ocrx_word' id='word_1_84' title='bbox 1819 1536 1914 1592; x_wconf 85' lang='lat' dir='ltr'>vel</span> 
     </span>
     <span class='ocr_line' id='line_1_15' title="bbox 548 1615 1910 1683; baseline -0.001 -10"><span class='ocrx_word' id='word_1_85' title='bbox 548 1616 811 1673; x_wconf 89' lang='lat' dir='ltr'>habitum</span> <span class='ocrx_word' id='word_1_86' title='bbox 839 1615 1155 1683; x_wconf 89' lang='lat' dir='ltr'>charitatis,</span> <span class='ocrx_word' id='word_1_87' title='bbox 1186 1621 1242 1673; x_wconf 91' lang='lat' dir='ltr'>et</span> <span class='ocrx_word' id='word_1_88' title='bbox 1267 1615 1544 1673; x_wconf 87' lang='lat' dir='ltr'>meritum</span> <span class='ocrx_word' id='word_1_89' title='bbox 1571 1622 1910 1675; x_wconf 82' lang='lat' dir='ltr'>caeterarum</span> 
     </span>
     <span class='ocr_line' id='line_1_16' title="bbox 548 1694 1913 1770; baseline 0 -18"><span class='ocrx_word' id='word_1_90' title='bbox 548 1697 831 1752; x_wconf 89' lang='lat' dir='ltr'>virtutum</span> <span class='ocrx_word' id='word_1_91' title='bbox 858 1695 1024 1752; x_wconf 84' lang='lat' dir='ltr'>debet</span> <span class='ocrx_word' id='word_1_92' title='bbox 1046 1694 1304 1754; x_wconf 90' lang='lat' dir='ltr'>mediare</span> <span class='ocrx_word' id='word_1_93' title='bbox 1343 1695 1548 1753; x_wconf 88' lang='lat' dir='ltr'>modus</span> <span class='ocrx_word' id='word_1_94' title='bbox 1592 1698 1695 1754; x_wconf 90' lang='lat' dir='ltr'>ille</span> <span class='ocrx_word' id='word_1_95' title='bbox 1742 1712 1913 1770; x_wconf 91' lang='lat' dir='ltr'>quem</span> 
     </span>
     <span class='ocr_line' id='line_1_17' title="bbox 545 1777 1915 1852; baseline 0.001 -18"><span class='ocrx_word' id='word_1_96' title='bbox 545 1777 810 1844; x_wconf 88' lang='lat' dir='ltr'>dicimus,</span> <span class='ocrx_word' id='word_1_97' title='bbox 841 1779 940 1850; x_wconf 92' lang='lat' dir='ltr'>qui</span> <span class='ocrx_word' id='word_1_98' title='bbox 981 1782 1064 1835; x_wconf 88' lang='lat' dir='ltr'>est</span> <span class='ocrx_word' id='word_1_99' title='bbox 1105 1777 1356 1834; x_wconf 88' lang='lat' dir='ltr'>charitas</span> <span class='ocrx_word' id='word_1_100' title='bbox 1395 1794 1496 1850; x_wconf 89' lang='lat' dir='ltr'>per</span> <span class='ocrx_word' id='word_1_101' title='bbox 1529 1778 1915 1852; x_wconf 89' lang='lat' dir='ltr'>participatio·</span> 
     </span>
     <span class='ocr_line' id='line_1_18' title="bbox 547 1857 1914 1932; baseline -0.001 -17"><span class='ocrx_word' id='word_1_102' title='bbox 547 1874 701 1925; x_wconf 90' lang='lat' dir='ltr'>nem,</span> <span class='ocrx_word' id='word_1_103' title='bbox 734 1863 901 1931; x_wconf 85' lang='lat' dir='ltr'>atque</span> <span class='ocrx_word' id='word_1_104' title='bbox 947 1857 1086 1916; x_wconf 88' lang='lat' dir='ltr'>adeo</span> <span class='ocrx_word' id='word_1_105' title='bbox 1131 1859 1312 1915; x_wconf 84' lang='lat' dir='ltr'>veluti</span> <span class='ocrx_word' id='word_1_106' title='bbox 1375 1876 1574 1916; x_wconf 90' lang='lat' dir='ltr'>ramus</span> <span class='ocrx_word' id='word_1_107' title='bbox 1608 1859 1827 1932; x_wconf 77' lang='lat' dir='ltr'>ipsius3</span> <span class='ocrx_word' id='word_1_108' title='bbox 1857 1864 1914 1915; x_wconf 91' lang='lat' dir='ltr'>et</span> 
     </span>
     <span class='ocr_line' id='line_1_19' title="bbox 544 1939 1914 2012; baseline 0.001 -17"><span class='ocrx_word' id='word_1_109' title='bbox 544 1939 693 2012; x_wconf 89' lang='lat' dir='ltr'>quod</span> <span class='ocrx_word' id='word_1_110' title='bbox 717 1954 833 1994; x_wconf 92' lang='lat' dir='ltr'>non</span> <span class='ocrx_word' id='word_1_111' title='bbox 869 1939 1118 1995; x_wconf 84' lang='lat' dir='ltr'>charitas</span> <span class='ocrx_word' id='word_1_112' title='bbox 1164 1939 1287 2012; x_wconf 89' lang='lat' dir='ltr'>ipsa</span> <span class='ocrx_word' id='word_1_113' title='bbox 1318 1939 1661 2007; x_wconf 76' lang='lat' dir='ltr'>essentialiS,</span> <span class='ocrx_word' id='word_1_114' title='bbox 1692 1939 1914 1997; x_wconf 85' lang='lat' dir='ltr'>sed-hic</span> 
     </span>
     <span class='ocr_line' id='line_1_20' title="bbox 545 2018 1913 2091; baseline 0.002 -17"><span class='ocrx_word' id='word_1_115' title='bbox 545 2018 750 2076; x_wconf 90' lang='lat' dir='ltr'>modus</span> <span class='ocrx_word' id='word_1_116' title='bbox 788 2023 874 2075; x_wconf 91' lang='lat' dir='ltr'>est</span> <span class='ocrx_word' id='word_1_117' title='bbox 910 2018 1197 2091; x_wconf 85' lang='lat' dir='ltr'>proxima,</span> <span class='ocrx_word' id='word_1_118' title='bbox 1247 2024 1306 2075; x_wconf 91' lang='lat' dir='ltr'>et</span> <span class='ocrx_word' id='word_1_119' title='bbox 1372 2018 1710 2077; x_wconf 89' lang='lat' dir='ltr'>immediata</span> <span class='ocrx_word' id='word_1_120' title='bbox 1765 2020 1913 2077; x_wconf 90' lang='lat' dir='ltr'>ratio</span> 
     </span>
     <span class='ocr_line' id='line_1_21' title="bbox 548 2100 1907 2175; baseline -0.001 -17"><span class='ocrx_word' id='word_1_121' title='bbox 548 2100 803 2175; x_wconf 82' lang='lat' dir='ltr'>praedicti</span> <span class='ocrx_word' id='word_1_122' title='bbox 864 2101 1082 2158; x_wconf 90' lang='lat' dir='ltr'>meriti.</span> <span class='ocrx_word' id='word_1_123' title='bbox 1146 2102 1216 2155; x_wconf 91' lang='lat' dir='ltr'>Et</span> <span class='ocrx_word' id='word_1_124' title='bbox 1281 2100 1363 2157; x_wconf 90' lang='lat' dir='ltr'>ita</span> <span class='ocrx_word' id='word_1_125' title='bbox 1412 2103 1473 2157; x_wconf 79' lang='lat' dir='ltr'>in</span> <span class='ocrx_word' id='word_1_126' title='bbox 1525 2104 1579 2169; x_wconf 89' lang='lat'>3,</span> <span class='ocrx_word' id='word_1_127' title='bbox 1629 2102 1758 2159; x_wconf 79' lang='lat' dir='ltr'>dist.</span> <span class='ocrx_word' id='word_1_128' title='bbox 1825 2103 1907 2169; x_wconf 88' lang='lat'>18,</span> 
     </span>
     <span class='ocr_line' id='line_1_22' title="bbox 541 2181 1908 2256; baseline -0.001 -16"><span class='ocrx_word' id='word_1_129' title='bbox 541 2191 722 2256; x_wconf 64' lang='grc' dir='ltr'>φωνεῖ.</span> <span class='ocrx_word' id='word_1_130' title='bbox 782 2185 827 2249; x_wconf 93' lang='lat' dir='ltr'>l,</span> <span class='ocrx_word' id='word_1_131' title='bbox 891 2189 999 2239; x_wconf 80' lang='lat' dir='ltr'>art.</span> <span class='ocrx_word' id='word_1_132' title='bbox 1056 2183 1111 2248; x_wconf 88' lang='lat'>5,</span> <span class='ocrx_word' id='word_1_133' title='bbox 1179 2181 1256 2238; x_wconf 83' lang='lat' dir='ltr'>ad</span> <span class='ocrx_word' id='word_1_134' title='bbox 1310 2181 1589 2248; x_wconf 76' lang='lat' dir='ltr'>ultimum,</span> <span class='ocrx_word' id='word_1_135' title='bbox 1652 2182 1735 2239; x_wconf 87' lang='lat' dir='ltr'>sic</span> <span class='ocrx_word' id='word_1_136' title='bbox 1781 2182 1908 2239; x_wconf 86' lang='lat' dir='ltr'>ait:</span> 
     </span>
     <span class='ocr_line' id='line_1_23' title="bbox 550 2261 1913 2329; baseline 0.001 -13"><span class='ocrx_word' id='word_1_137' title='bbox 550 2286 574 2316; x_wconf 78' lang='grc' dir='ltr'><strong><em>α</em></strong></span> <span class='ocrx_word' id='word_1_138' title='bbox 617 2264 893 2329; x_wconf 85' lang='lat' dir='ltr'>Quamvis</span> <span class='ocrx_word' id='word_1_139' title='bbox 919 2261 1196 2319; x_wconf 89' lang='lat' dir='ltr'>meritum</span> <span class='ocrx_word' id='word_1_140' title='bbox 1219 2262 1293 2318; x_wconf 90' lang='lat' dir='ltr'>sit</span> <span class='ocrx_word' id='word_1_141' title='bbox 1334 2262 1399 2318; x_wconf 89' lang='lat' dir='ltr'>in</span> <span class='ocrx_word' id='word_1_142' title='bbox 1435 2262 1735 2329; x_wconf 83' lang='lat' dir='ltr'>charitate,</span> <span class='ocrx_word' id='word_1_143' title='bbox 1765 2264 1913 2319; x_wconf 88' lang='lat' dir='ltr'>sicut</span> 
     </span>
     <span class='ocr_line' id='line_1_24' title="bbox 544 2343 1913 2410; baseline 0.001 -11"><span class='ocrx_word' id='word_1_144' title='bbox 544 2366 569 2399; x_wconf 85' lang='lat'>«</span> <span class='ocrx_word' id='word_1_145' title='bbox 613 2345 676 2400; x_wconf 93' lang='lat' dir='ltr'>in</span> <span class='ocrx_word' id='word_1_146' title='bbox 714 2343 923 2410; x_wconf 87' lang='lat' dir='ltr'>radice,</span> <span class='ocrx_word' id='word_1_147' title='bbox 952 2358 1070 2399; x_wconf 93' lang='lat' dir='ltr'>non</span> <span class='ocrx_word' id='word_1_148' title='bbox 1110 2349 1307 2400; x_wconf 88' lang='lat' dir='ltr'>tamen</span> <span class='ocrx_word' id='word_1_149' title='bbox 1334 2344 1457 2401; x_wconf 90' lang='lat' dir='ltr'>sola</span> <span class='ocrx_word' id='word_1_150' title='bbox 1483 2343 1763 2401; x_wconf 86' lang='lat' dir='ltr'>charitate</span> <span class='ocrx_word' id='word_1_151' title='bbox 1784 2359 1913 2400; x_wconf 90' lang='lat' dir='ltr'>me-</span> 
     </span>
     <span class='ocr_line' id='line_1_25' title="bbox 546 2423 1913 2492; baseline 0.001 -13"><span class='ocrx_word' id='word_1_152' title='bbox 546 2428 835 2491; x_wconf 78' lang='lat' dir='ltr'>«remur,</span> <span class='ocrx_word' id='word_1_153' title='bbox 888 2423 986 2480; x_wconf 87' lang='lat' dir='ltr'>sed</span> <span class='ocrx_word' id='word_1_154' title='bbox 1030 2425 1207 2481; x_wconf 85' lang='lat' dir='ltr'>etiam</span> <span class='ocrx_word' id='word_1_155' title='bbox 1268 2425 1403 2481; x_wconf 90' lang='lat' dir='ltr'>aliis</span> <span class='ocrx_word' id='word_1_156' title='bbox 1462 2425 1795 2492; x_wconf 88' lang='lat' dir='ltr'>virtutibus,</span> <span class='ocrx_word' id='word_1_157' title='bbox 1847 2424 1913 2481; x_wconf 89' lang='lat' dir='ltr'>in</span> 
     </span>
     <span class='ocr_line' id='line_1_26' title="bbox 546 2506 1914 2577; baseline 0.003 -18"><span class='ocrx_word' id='word_1_158' title='bbox 546 2529 571 2559; x_wconf 78' lang='grc' dir='ltr'>α</span> <span class='ocrx_word' id='word_1_159' title='bbox 613 2512 895 2577; x_wconf 89' lang='lat' dir='ltr'>quantum</span> <span class='ocrx_word' id='word_1_160' title='bbox 936 2520 1139 2561; x_wconf 87' lang='lat' dir='ltr'>earum</span> <span class='ocrx_word' id='word_1_161' title='bbox 1181 2510 1357 2562; x_wconf 86' lang='lat' dir='ltr'>actus·</span> <span class='ocrx_word' id='word_1_162' title='bbox 1383 2509 1520 2561; x_wconf 88' lang='lat' dir='ltr'>sunt</span> <span class='ocrx_word' id='word_1_163' title='bbox 1564 2506 1914 2564; x_wconf 73' lang='lat' dir='ltr'>a&#39;charitate</span> 
     </span>
     <span class='ocr_line' id='line_1_27' title="bbox 546 2587 1912 2661; baseline 0.002 -19"><span class='ocrx_word' id='word_1_164' title='bbox 546 2610 571 2642; x_wconf 75' lang='grc' dir='ltr'>α</span> <span class='ocrx_word' id='word_1_165' title='bbox 620 2587 907 2661; x_wconf 88' lang='lat' dir='ltr'>imperati.</span> <span class='ocrx_word' id='word_1_166' title='bbox 956 2607 982 2640; x_wconf 81' lang='grc'>»</span> <span class='ocrx_word' id='word_1_167' title='bbox 1029 2589 1397 2660; x_wconf 85' lang='lat' dir='ltr'>Imperantur</span> <span class='ocrx_word' id='word_1_168' title='bbox 1432 2595 1625 2645; x_wconf 88' lang='lat' dir='ltr'>autem</span> <span class='ocrx_word' id='word_1_169' title='bbox 1649 2605 1683 2644; x_wconf 87' lang='lat' dir='ltr'>a</span> <span class='ocrx_word' id='word_1_170' title='bbox 1716 2588 1912 2645; x_wconf 89' lang='lat' dir='ltr'>chari-</span> 
     </span>
     <span class='ocr_line' id='line_1_28' title="bbox 542 2668 1913 2726; baseline 0.002 -4"><span class='ocrx_word' id='word_1_171' title='bbox 542 2672 655 2724; x_wconf 88' lang='lat' dir='ltr'>tate</span> <span class='ocrx_word' id='word_1_172' title='bbox 697 2673 852 2723; x_wconf 88' lang='lat' dir='ltr'>actus</span> <span class='ocrx_word' id='word_1_173' title='bbox 901 2668 1153 2724; x_wconf 87' lang='lat' dir='ltr'>aliarum</span> <span class='ocrx_word' id='word_1_174' title='bbox 1188 2669 1473 2725; x_wconf 82' lang='lat' dir='ltr'>virtutum</span> <span class='ocrx_word' id='word_1_175' title='bbox 1504 2669 1728 2726; x_wconf 87' lang='lat' dir='ltr'>ratione</span> <span class='ocrx_word' id='word_1_176' title='bbox 1754 2669 1913 2725; x_wconf 90' lang='lat' dir='ltr'>modi</span> 
     </span>
     <span class='ocr_line' id='line_1_29' title="bbox 542 2747 1913 2822; baseline 0.001 -18"><span class='ocrx_word' id='word_1_177' title='bbox 542 2748 835 2820; x_wconf 85' lang='lat' dir='ltr'>explicati;</span> <span class='ocrx_word' id='word_1_178' title='bbox 867 2748 986 2802; x_wconf 89' lang='lat' dir='ltr'>imo</span> <span class='ocrx_word' id='word_1_179' title='bbox 1007 2747 1101 2804; x_wconf 87' lang='lat' dir='ltr'>hic</span> <span class='ocrx_word' id='word_1_180' title='bbox 1124 2749 1325 2805; x_wconf 89' lang='lat' dir='ltr'>modus</span> <span class='ocrx_word' id='word_1_181' title='bbox 1345 2754 1430 2804; x_wconf 90' lang='lat' dir='ltr'>est</span> <span class='ocrx_word' id='word_1_182' title='bbox 1450 2749 1767 2821; x_wconf 89' lang='lat' dir='ltr'>imperium</span> <span class='ocrx_word' id='word_1_183' title='bbox 1789 2749 1913 2822; x_wconf 84' lang='lat' dir='ltr'>ejus</span> 
     </span>
     <span class='ocr_line' id='line_1_30' title="bbox 544 2827 1915 2902; baseline 0.002 -18"><span class='ocrx_word' id='word_1_184' title='bbox 544 2828 856 2902; x_wconf 88' lang='lat' dir='ltr'>passivum,</span> <span class='ocrx_word' id='word_1_185' title='bbox 891 2828 1025 2900; x_wconf 86' lang='lat' dir='ltr'>quia</span> <span class='ocrx_word' id='word_1_186' title='bbox 1049 2843 1150 2900; x_wconf 86' lang='lat' dir='ltr'>per</span> <span class='ocrx_word' id='word_1_187' title='bbox 1171 2844 1304 2885; x_wconf 90' lang='lat' dir='ltr'>eum</span> <span class='ocrx_word' id='word_1_188' title='bbox 1333 2829 1655 2886; x_wconf 78' lang='lat' dir='ltr'>formaliter</span> <span class='ocrx_word' id='word_1_189' title='bbox 1682 2827 1915 2887; x_wconf 88' lang='lat' dir='ltr'>ordinat</span> 
     </span>
     <span class='ocr_line' id='line_1_31' title="bbox 545 2908 1188 2968; baseline 0 -2"><span class='ocrx_word' id='word_1_190' title='bbox 545 2911 678 2967; x_wconf 90' lang='lat' dir='ltr'>illos</span> <span class='ocrx_word' id='word_1_191' title='bbox 707 2910 776 2967; x_wconf 89' lang='lat' dir='ltr'>ad</span> <span class='ocrx_word' id='word_1_192' title='bbox 796 2925 965 2965; x_wconf 90' lang='lat' dir='ltr'>suum</span> <span class='ocrx_word' id='word_1_193' title='bbox 989 2908 1188 2968; x_wconf 86' lang='lat' dir='ltr'>finem.</span> 
     </span>
    </p>

    <p class='ocr_par' dir='ltr' id='par_1_3' title="bbox 539 2992 1917 4513">
     <span class='ocr_line' id='line_1_32' title="bbox 620 2992 1913 3051; baseline 0.004 -5"><span class='ocrx_word' id='word_1_194' title='bbox 620 2993 678 3048; x_wconf 91' lang='lat' dir='ltr'>Si</span> <span class='ocrx_word' id='word_1_195' title='bbox 707 3008 844 3050; x_wconf 84' lang='lat' dir='ltr'>vero</span> <span class='ocrx_word' id='word_1_196' title='bbox 872 2993 1112 3050; x_wconf 88' lang='lat' dir='ltr'>nomine</span> <span class='ocrx_word' id='word_1_197' title='bbox 1135 2992 1433 3050; x_wconf 85' lang='lat' dir='ltr'>charitatis</span> <span class='ocrx_word' id='word_1_198' title='bbox 1463 2994 1555 3049; x_wconf 91' lang='lat' dir='ltr'>hic</span> <span class='ocrx_word' id='word_1_199' title='bbox 1581 2995 1757 3051; x_wconf 90' lang='lat' dir='ltr'>etiam</span> <span class='ocrx_word' id='word_1_200' title='bbox 1783 3010 1913 3051; x_wconf 87' lang='lat' dir='ltr'>mo-</span> 
     </span>
     <span class='ocr_line' id='line_1_33' title="bbox 543 3072 1917 3148; baseline 0.001 -20"><span class='ocrx_word' id='word_1_201' title='bbox 543 3072 667 3140; x_wconf 78' lang='lat' dir='ltr'>duS,</span> <span class='ocrx_word' id='word_1_202' title='bbox 699 3075 822 3131; x_wconf 86' lang='lat' dir='ltr'>sive</span> <span class='ocrx_word' id='word_1_203' title='bbox 864 3074 1068 3130; x_wconf 87' lang='lat' dir='ltr'>relatio</span> <span class='ocrx_word' id='word_1_204' title='bbox 1115 3072 1496 3147; x_wconf 82' lang='lat' dir='ltr'>intelligatur,</span> <span class='ocrx_word' id='word_1_205' title='bbox 1529 3078 1666 3131; x_wconf 90' lang='lat' dir='ltr'>tunc</span> <span class='ocrx_word' id='word_1_206' title='bbox 1697 3077 1917 3148; x_wconf 91' lang='lat' dir='ltr'>optime</span> 
     </span>
     <span class='ocr_line' id='line_1_34' title="bbox 541 3152 1914 3227; baseline 0.001 -18"><span class='ocrx_word' id='word_1_207' title='bbox 541 3153 654 3211; x_wconf 90' lang='lat' dir='ltr'>dici</span> <span class='ocrx_word' id='word_1_208' title='bbox 697 3159 891 3227; x_wconf 89' lang='lat' dir='ltr'>potest,</span> <span class='ocrx_word' id='word_1_209' title='bbox 924 3152 1075 3227; x_wconf 90' lang='lat' dir='ltr'>quod</span> <span class='ocrx_word' id='word_1_210' title='bbox 1116 3159 1271 3211; x_wconf 88' lang='lat' dir='ltr'>actus</span> <span class='ocrx_word' id='word_1_211' title='bbox 1324 3161 1668 3212; x_wconf 82' lang='lat' dir='ltr'>caeterarum</span> <span class='ocrx_word' id='word_1_212' title='bbox 1722 3156 1914 3212; x_wconf 83' lang='lat' dir='ltr'>virtu-</span> 
     </span>
     <span class='ocr_line' id='line_1_35' title="bbox 541 3233 1913 3307; baseline 0.001 -17"><span class='ocrx_word' id='word_1_213' title='bbox 541 3240 664 3290; x_wconf 91' lang='lat' dir='ltr'>tum</span> <span class='ocrx_word' id='word_1_214' title='bbox 710 3234 932 3291; x_wconf 87' lang='lat' dir='ltr'>ratione</span> <span class='ocrx_word' id='word_1_215' title='bbox 982 3233 1104 3307; x_wconf 88' lang='lat' dir='ltr'>ejus</span> <span class='ocrx_word' id='word_1_216' title='bbox 1153 3233 1431 3306; x_wconf 86' lang='lat' dir='ltr'>proxime,</span> <span class='ocrx_word' id='word_1_217' title='bbox 1484 3239 1541 3290; x_wconf 92' lang='lat' dir='ltr'>et</span> <span class='ocrx_word' id='word_1_218' title='bbox 1584 3234 1913 3292; x_wconf 81' lang='lat' dir='ltr'>formaliter</span> 
     </span>
     <span class='ocr_line' id='line_1_36' title="bbox 539 3313 1912 3385; baseline 0 -14"><span class='ocrx_word' id='word_1_219' title='bbox 539 3321 677 3371; x_wconf 89' lang='lat' dir='ltr'>sunt</span> <span class='ocrx_word' id='word_1_220' title='bbox 700 3313 1008 3380; x_wconf 90' lang='lat' dir='ltr'>meritorii,</span> <span class='ocrx_word' id='word_1_221' title='bbox 1035 3313 1172 3385; x_wconf 90' lang='lat' dir='ltr'>quia</span> <span class='ocrx_word' id='word_1_222' title='bbox 1218 3330 1422 3372; x_wconf 85' lang='lat' dir='ltr'>revera</span> <span class='ocrx_word' id='word_1_223' title='bbox 1467 3314 1672 3371; x_wconf 89' lang='lat' dir='ltr'>modus</span> <span class='ocrx_word' id='word_1_224' title='bbox 1710 3316 1803 3372; x_wconf 89' lang='lat' dir='ltr'>hic</span> <span class='ocrx_word' id='word_1_225' title='bbox 1829 3321 1912 3373; x_wconf 85' lang='lat' dir='ltr'>est</span> 
     </span>
     <span class='ocr_line' id='line_1_37' title="bbox 542 3383 1905 3468; baseline -0.001 -16"><span class='ocrx_word' id='word_1_226' title='bbox 542 3397 604 3452; x_wconf 92' lang='lat' dir='ltr'>in</span> <span class='ocrx_word' id='word_1_227' title='bbox 634 3397 715 3452; x_wconf 90' lang='lat' dir='ltr'>eis</span> <span class='ocrx_word' id='word_1_228' title='bbox 746 3395 1029 3468; x_wconf 85' lang='lat' dir='ltr'>proxima,</span> <span class='ocrx_word' id='word_1_229' title='bbox 1062 3397 1118 3450; x_wconf 85' lang='lat' dir='ltr'>et</span> <span class='ocrx_word' id='word_1_230' title='bbox 1148 3383 1488 3451; x_wconf 85' lang='lat' dir='ltr'>immediata</span> <span class='ocrx_word' id='word_1_231' title='bbox 1517 3396 1665 3452; x_wconf 89' lang='lat' dir='ltr'>ratio</span> <span class='ocrx_word' id='word_1_232' title='bbox 1691 3397 1905 3454; x_wconf 86' lang='lat' dir='ltr'>meriti.</span> 
     </span>
     <span class='ocr_line' id='line_1_38' title="bbox 544 3461 1906 3545; baseline 0.001 -14"><span class='ocrx_word' id='word_1_233' title='bbox 544 3461 652 3541; x_wconf 90' lang='lat' dir='ltr'>Qui</span> <span class='ocrx_word' id='word_1_234' title='bbox 706 3490 905 3532; x_wconf 88' lang='lat' dir='ltr'>sensus</span> <span class='ocrx_word' id='word_1_235' title='bbox 950 3488 1098 3545; x_wconf 81' lang='lat' dir='ltr'>saepe</span> <span class='ocrx_word' id='word_1_236' title='bbox 1148 3472 1324 3529; x_wconf 88' lang='lat' dir='ltr'>etiam</span> <span class='ocrx_word' id='word_1_237' title='bbox 1368 3474 1626 3530; x_wconf 91' lang='lat' dir='ltr'>intentus</span> <span class='ocrx_word' id='word_1_238' title='bbox 1669 3479 1754 3530; x_wconf 88' lang='lat' dir='ltr'>est</span> <span class='ocrx_word' id='word_1_239' title='bbox 1782 3492 1814 3531; x_wconf 91' lang='lat' dir='ltr'>a</span> <span class='ocrx_word' id='word_1_240' title='bbox 1843 3478 1906 3532; x_wconf 91' lang='lat' dir='ltr'>D.</span> 
     </span>
     <span class='ocr_line' id='line_1_39' title="bbox 544 3551 1912 3621; baseline 0.001 -9"><span class='ocrx_word' id='word_1_241' title='bbox 544 3557 749 3612; x_wconf 90' lang='lat' dir='ltr'>Thom.</span> <span class='ocrx_word' id='word_1_242' title='bbox 784 3555 847 3610; x_wconf 90' lang='lat' dir='ltr'>in</span> <span class='ocrx_word' id='word_1_243' title='bbox 889 3552 1028 3610; x_wconf 91' lang='lat' dir='ltr'>locis</span> <span class='ocrx_word' id='word_1_244' title='bbox 1075 3551 1350 3621; x_wconf 88' lang='lat' dir='ltr'>adductis,</span> <span class='ocrx_word' id='word_1_245' title='bbox 1386 3558 1447 3608; x_wconf 90' lang='lat' dir='ltr'>ut</span> <span class='ocrx_word' id='word_1_246' title='bbox 1471 3568 1539 3609; x_wconf 88' lang='lat' dir='ltr'>ea</span> <span class='ocrx_word' id='word_1_247' title='bbox 1564 3569 1694 3611; x_wconf 90' lang='lat' dir='ltr'>cum</span> <span class='ocrx_word' id='word_1_248' title='bbox 1724 3560 1912 3612; x_wconf 89' lang='lat' dir='ltr'>atten-</span> 
     </span>
     <span class='ocr_line' id='line_1_40' title="bbox 543 3631 1911 3707; baseline 0 -16"><span class='ocrx_word' id='word_1_249' title='bbox 543 3635 702 3692; x_wconf 91' lang='lat' dir='ltr'>tione</span> <span class='ocrx_word' id='word_1_250' title='bbox 750 3631 1001 3691; x_wconf 91' lang='lat' dir='ltr'>intuenti</span> <span class='ocrx_word' id='word_1_251' title='bbox 1060 3631 1373 3689; x_wconf 87' lang='lat' dir='ltr'>constabit.</span> <span class='ocrx_word' id='word_1_252' title='bbox 1431 3635 1711 3690; x_wconf 71' lang='lat' dir='ltr'>Caeterum</span> <span class='ocrx_word' id='word_1_253' title='bbox 1776 3635 1911 3707; x_wconf 89' lang='lat' dir='ltr'>quia</span> 
     </span>
     <span class='ocr_line' id='line_1_41' title="bbox 543 3712 1911 3789; baseline -0.001 -16"><span class='ocrx_word' id='word_1_254' title='bbox 543 3715 746 3773; x_wconf 90' lang='lat' dir='ltr'>modus</span> <span class='ocrx_word' id='word_1_255' title='bbox 775 3715 899 3780; x_wconf 90' lang='lat' dir='ltr'>iste,</span> <span class='ocrx_word' id='word_1_256' title='bbox 925 3718 981 3770; x_wconf 91' lang='lat' dir='ltr'>et</span> <span class='ocrx_word' id='word_1_257' title='bbox 1022 3713 1225 3770; x_wconf 88' lang='lat' dir='ltr'>relatio</span> <span class='ocrx_word' id='word_1_258' title='bbox 1251 3712 1630 3789; x_wconf 84' lang='lat' dir='ltr'>distinguitur</span> <span class='ocrx_word' id='word_1_259' title='bbox 1673 3716 1911 3772; x_wconf 87' lang='lat' dir='ltr'>realiter</span> 
     </span>
     <span class='ocr_line' id='line_1_42' title="bbox 544 3795 1903 3868; baseline 0 -13"><span class='ocrx_word' id='word_1_260' title='bbox 544 3806 661 3856; x_wconf 89' lang='lat' dir='ltr'>tam</span> <span class='ocrx_word' id='word_1_261' title='bbox 709 3797 778 3855; x_wconf 87' lang='lat' dir='ltr'>ab</span> <span class='ocrx_word' id='word_1_262' title='bbox 822 3801 968 3862; x_wconf 89' lang='lat' dir='ltr'>actu,</span> <span class='ocrx_word' id='word_1_263' title='bbox 1019 3811 1193 3868; x_wconf 87' lang='lat' dir='ltr'>quam</span> <span class='ocrx_word' id='word_1_264' title='bbox 1235 3795 1305 3853; x_wconf 90' lang='lat' dir='ltr'>ab</span> <span class='ocrx_word' id='word_1_265' title='bbox 1345 3796 1542 3854; x_wconf 89' lang='lat' dir='ltr'>habitu</span> <span class='ocrx_word' id='word_1_266' title='bbox 1589 3799 1903 3866; x_wconf 88' lang='lat' dir='ltr'>charitatis,</span> 
     </span>
     <span class='ocr_line' id='line_1_43' title="bbox 546 3877 1911 3952; baseline 0.001 -16"><span class='ocrx_word' id='word_1_267' title='bbox 546 3881 806 3952; x_wconf 90' lang='lat' dir='ltr'>inestque</span> <span class='ocrx_word' id='word_1_268' title='bbox 840 3877 1151 3934; x_wconf 86' lang='lat' dir='ltr'>intrinsece</span> <span class='ocrx_word' id='word_1_269' title='bbox 1192 3877 1427 3946; x_wconf 85' lang='lat' dir='ltr'>actibus,</span> <span class='ocrx_word' id='word_1_270' title='bbox 1446 3879 1543 3952; x_wconf 91' lang='lat' dir='ltr'>qui</span> <span class='ocrx_word' id='word_1_271' title='bbox 1574 3896 1607 3937; x_wconf 92' lang='lat' dir='ltr'>a</span> <span class='ocrx_word' id='word_1_272' title='bbox 1634 3880 1911 3937; x_wconf 87' lang='lat' dir='ltr'>charitate</span> 
     </span>
     <span class='ocr_line' id='line_1_44' title="bbox 548 3961 1908 4035; baseline -0.001 -16"><span class='ocrx_word' id='word_1_273' title='bbox 548 3963 927 4035; x_wconf 87' lang='lat' dir='ltr'>imperantur,</span> <span class='ocrx_word' id='word_1_274' title='bbox 971 3965 1033 4015; x_wconf 91' lang='lat' dir='ltr'>ut</span> <span class='ocrx_word' id='word_1_275' title='bbox 1083 3975 1235 4016; x_wconf 80' lang='lat' dir='ltr'>num.</span> <span class='ocrx_word' id='word_1_276' title='bbox 1286 3961 1359 4016; x_wconf 88' lang='grc'>23</span> <span class='ocrx_word' id='word_1_277' title='bbox 1404 3968 1452 4015; x_wconf 79' lang='lat' dir='ltr'>et</span> <span class='ocrx_word' id='word_1_278' title='bbox 1490 3963 1562 4018; x_wconf 88' lang='grc'>24</span> <span class='ocrx_word' id='word_1_279' title='bbox 1604 3962 1908 4035; x_wconf 87' lang='lat' dir='ltr'>probatum</span> 
     </span>
     <span class='ocr_line' id='line_1_45' title="bbox 544 4041 1909 4117; baseline -0.001 -16"><span class='ocrx_word' id='word_1_280' title='bbox 544 4051 662 4116; x_wconf 88' lang='lat' dir='ltr'>est;</span> <span class='ocrx_word' id='word_1_281' title='bbox 704 4043 979 4101; x_wconf 85' lang='lat' dir='ltr'>meritum</span> <span class='ocrx_word' id='word_1_282' title='bbox 1021 4041 1216 4109; x_wconf 88' lang='lat' dir='ltr'>etiarn,</span> <span class='ocrx_word' id='word_1_283' title='bbox 1261 4041 1410 4113; x_wconf 91' lang='lat' dir='ltr'>quod</span> <span class='ocrx_word' id='word_1_284' title='bbox 1459 4043 1680 4103; x_wconf 89' lang='lat' dir='ltr'>ratione</span> <span class='ocrx_word' id='word_1_285' title='bbox 1727 4045 1909 4117; x_wconf 91' lang='lat' dir='ltr'>ipsius</span> 
     </span>
     <span class='ocr_line' id='line_1_46' title="bbox 543 4120 1909 4195; baseline 0.001 -15"><span class='ocrx_word' id='word_1_286' title='bbox 543 4124 665 4180; x_wconf 87' lang='lat' dir='ltr'>illis</span> <span class='ocrx_word' id='word_1_287' title='bbox 689 4120 1108 4195; x_wconf 87' lang='lat' dir='ltr'>correspondet,</span> <span class='ocrx_word' id='word_1_288' title='bbox 1141 4120 1306 4178; x_wconf 88' lang='lat' dir='ltr'>debet</span> <span class='ocrx_word' id='word_1_289' title='bbox 1333 4137 1456 4179; x_wconf 90' lang='lat' dir='ltr'>esse</span> <span class='ocrx_word' id='word_1_290' title='bbox 1494 4121 1577 4179; x_wconf 90' lang='lat' dir='ltr'>eis</span> <span class='ocrx_word' id='word_1_291' title='bbox 1626 4124 1909 4182; x_wconf 85' lang='lat' dir='ltr'>intrinse-</span> 
     </span>
     <span class='ocr_line' id='line_1_47' title="bbox 541 4202 1906 4279; baseline 0.001 -18"><span class='ocrx_word' id='word_1_292' title='bbox 541 4221 692 4273; x_wconf 88' lang='lat' dir='ltr'>cum,</span> <span class='ocrx_word' id='word_1_293' title='bbox 719 4210 774 4261; x_wconf 90' lang='lat' dir='ltr'>et</span> <span class='ocrx_word' id='word_1_294' title='bbox 808 4202 1091 4277; x_wconf 83' lang='lat' dir='ltr'>&#39;distingui</span> <span class='ocrx_word' id='word_1_295' title='bbox 1144 4202 1379 4259; x_wconf 88' lang='lat' dir='ltr'>realiter</span> <span class='ocrx_word' id='word_1_296' title='bbox 1419 4219 1453 4259; x_wconf 92' lang='lat' dir='ltr'>a</span> <span class='ocrx_word' id='word_1_297' title='bbox 1499 4205 1725 4271; x_wconf 90' lang='lat' dir='ltr'>merito,</span> <span class='ocrx_word' id='word_1_298' title='bbox 1756 4206 1906 4279; x_wconf 90' lang='lat' dir='ltr'>quod</span> 
     </span>
     <span class='ocr_line' id='line_1_48' title="bbox 540 4281 1899 4356; baseline 0.001 -15"><span class='ocrx_word' id='word_1_299' title='bbox 540 4290 625 4341; x_wconf 88' lang='lat' dir='ltr'>est</span> <span class='ocrx_word' id='word_1_300' title='bbox 652 4286 715 4341; x_wconf 92' lang='lat' dir='ltr'>in</span> <span class='ocrx_word' id='word_1_301' title='bbox 743 4290 864 4341; x_wconf 87' lang='lat' dir='ltr'>actu</span> <span class='ocrx_word' id='word_1_302' title='bbox 888 4281 1203 4339; x_wconf 85' lang='lat' dir='ltr'>charitatis.</span> <span class='ocrx_word' id='word_1_303' title='bbox 1230 4284 1340 4340; x_wconf 86' lang='lat' dir='ltr'>Per</span> <span class='ocrx_word' id='word_1_304' title='bbox 1373 4281 1523 4356; x_wconf 90' lang='lat' dir='ltr'>quod</span> <span class='ocrx_word' id='word_1_305' title='bbox 1570 4282 1641 4340; x_wconf 87' lang='lat' dir='ltr'>ad</span> <span class='ocrx_word' id='word_1_306' title='bbox 1681 4287 1899 4354; x_wconf 88' lang='lat' dir='ltr'>omnia,</span> 
     </span>
     <span class='ocr_line' id='line_1_49' title="bbox 540 4364 1905 4440; baseline 0.003 -18"><span class='ocrx_word' id='word_1_307' title='bbox 540 4383 664 4440; x_wconf 83' lang='lat' dir='ltr'>quae</span> <span class='ocrx_word' id='word_1_308' title='bbox 698 4367 760 4422; x_wconf 92' lang='lat' dir='ltr'>in</span> <span class='ocrx_word' id='word_1_309' title='bbox 807 4365 1129 4439; x_wconf 89' lang='lat' dir='ltr'>oppositum</span> <span class='ocrx_word' id='word_1_310' title='bbox 1174 4380 1245 4421; x_wconf 88' lang='lat' dir='ltr'>ex</span> <span class='ocrx_word' id='word_1_311' title='bbox 1273 4365 1338 4421; x_wconf 92' lang='lat' dir='ltr'>D.</span> <span class='ocrx_word' id='word_1_312' title='bbox 1369 4364 1574 4423; x_wconf 88' lang='lat' dir='ltr'>Thom.</span> <span class='ocrx_word' id='word_1_313' title='bbox 1605 4365 1905 4426; x_wconf 88' lang='lat' dir='ltr'>adducun-</span> 
     </span>
     <span class='ocr_line' id='line_1_50' title="bbox 543 4448 1080 4513; baseline -0.002 -11"><span class='ocrx_word' id='word_1_314' title='bbox 543 4453 657 4513; x_wconf 87' lang='lat' dir='ltr'>tur,</span> <span class='ocrx_word' id='word_1_315' title='bbox 682 4448 821 4504; x_wconf 86' lang='lat' dir='ltr'>satis</span> <span class='ocrx_word' id='word_1_316' title='bbox 847 4450 1080 4505; x_wconf 82' lang='lat' dir='ltr'>constat.</span> 
     </span>
    </p>
   </div>
   <div class='ocr_carea' id='block_1_3' title="bbox 2513 575 2936 632">
    <p class='ocr_par' dir='ltr' id='par_1_4' title="bbox 2513 575 2936 632">
     <span class='ocr_line' id='line_1_51' title="bbox 2513 575 2936 632; baseline 0.007 -4"><span class='ocrx_word' id='word_1_317' title='bbox 2513 575 2797 630; x_wconf 91' lang='lat' dir='ltr'><strong>DUBIUM</strong></span> <span class='ocrx_word' id='word_1_318' title='bbox 2838 577 2936 632; x_wconf 92' lang='lat'>111.</span> 
     </span>
    </p>
   </div>
   <div class='ocr_carea' id='block_1_4' title="bbox 2054 722 3414 960">
    <p class='ocr_par' dir='ltr' id='par_1_5' title="bbox 2054 722 3414 960">
     <span class='ocr_line' id='line_1_52' title="bbox 2054 722 3414 802; baseline 0.005 -23"><span class='ocrx_word' id='word_1_319' title='bbox 2054 722 2254 780; x_wconf 77' lang='lat' dir='ltr'>Utrum</span> <span class='ocrx_word' id='word_1_320' title='bbox 2278 733 2436 783; x_wconf 78' lang='lat' dir='ltr'>actus</span> <span class='ocrx_word' id='word_1_321' title='bbox 2455 732 2629 784; x_wconf 73' lang='lat' dir='ltr'>nostri</span> <span class='ocrx_word' id='word_1_322' title='bbox 2650 728 2906 796; x_wconf 77' lang='lat' dir='ltr'>habeant,</span> <span class='ocrx_word' id='word_1_323' title='bbox 2937 730 3079 802; x_wconf 79' lang='lat' dir='ltr'>quod</span> <span class='ocrx_word' id='word_1_324' title='bbox 3096 734 3212 786; x_wconf 79' lang='lat' dir='ltr'>sint</span> <span class='ocrx_word' id='word_1_325' title='bbox 3237 731 3414 801; x_wconf 62' lang='lat' dir='ltr'>magis</span> 
     </span>
     <span class='ocr_line' id='line_1_53' title="bbox 2119 808 3412 882; baseline 0.006 -23"><span class='ocrx_word' id='word_1_326' title='bbox 2119 808 2393 861; x_wconf 77' lang='lat' dir='ltr'>meritorii</span> <span class='ocrx_word' id='word_1_327' title='bbox 2442 808 2622 864; x_wconf 78' lang='lat' dir='ltr'>solum</span> <span class='ocrx_word' id='word_1_328' title='bbox 2665 826 2703 863; x_wconf 84' lang='lat' dir='ltr'>a</span> <span class='ocrx_word' id='word_1_329' title='bbox 2749 811 2953 882; x_wconf 81' lang='lat' dir='ltr'>majori</span> <span class='ocrx_word' id='word_1_330' title='bbox 2997 810 3291 878; x_wconf 73' lang='lat' dir='ltr'>charitate,</span> <span class='ocrx_word' id='word_1_331' title='bbox 3339 828 3412 866; x_wconf 76' lang='lat' dir='ltr'>an</span> 
     </span>
     <span class='ocr_line' id='line_1_54' title="bbox 2121 889 3241 960; baseline 0.006 -20"><span class='ocrx_word' id='word_1_332' title='bbox 2121 902 2246 941; x_wconf 83' lang='lat' dir='ltr'>vero</span> <span class='ocrx_word' id='word_1_333' title='bbox 2266 903 2303 941; x_wconf 87' lang='lat' dir='ltr'>a</span> <span class='ocrx_word' id='word_1_334' title='bbox 2326 889 2530 960; x_wconf 80' lang='lat' dir='ltr'>majori</span> <span class='ocrx_word' id='word_1_335' title='bbox 2548 893 2717 946; x_wconf 82' lang='lat' dir='ltr'>etiam</span> <span class='ocrx_word' id='word_1_336' title='bbox 2737 907 2924 946; x_wconf 81' lang='lat' dir='ltr'>eorum</span> <span class='ocrx_word' id='word_1_337' title='bbox 2949 891 3193 947; x_wconf 75' lang='lat' dir='ltr'>bonitate-</span> <span class='ocrx_word' id='word_1_338' title='bbox 3212 894 3241 947; x_wconf 79' lang='lat'>?</span> 
     </span>
    </p>
   </div>
   <div class='ocr_carea' id='block_1_5' title="bbox 2040 1039 3496 2821">
    <p class='ocr_par' dir='ltr' id='par_1_6' title="bbox 2040 1039 3496 2821">
     <span class='ocr_line' id='line_1_55' title="bbox 2122 1039 3413 1116; baseline 0.004 -21"><span class='ocrx_word' id='word_1_339' title='bbox 2122 1040 2208 1095; x_wconf 85' lang='lat' dir='ltr'>Ex</span> <span class='ocrx_word' id='word_1_340' title='bbox 2266 1039 2488 1098; x_wconf 88' lang='lat' dir='ltr'>duobus</span> <span class='ocrx_word' id='word_1_341' title='bbox 2553 1047 2778 1100; x_wconf 88' lang='lat' dir='ltr'>tantum</span> <span class='ocrx_word' id='word_1_342' title='bbox 2836 1045 3123 1116; x_wconf 82' lang='lat' dir='ltr'>capitibus</span> <span class='ocrx_word' id='word_1_343' title='bbox 3183 1044 3413 1103; x_wconf 78' lang='lat' dir='ltr'>videtur</span> 
     </span>
     <span class='ocr_line' id='line_1_56' title="bbox 2048 1126 3415 1200; baseline 0.004 -23"><span class='ocrx_word' id='word_1_344' title='bbox 2048 1135 2210 1193; x_wconf 90' lang='lat' dir='ltr'>posse</span> <span class='ocrx_word' id='word_1_345' title='bbox 2229 1129 2550 1196; x_wconf 86' lang='lat' dir='ltr'>competere</span> <span class='ocrx_word' id='word_1_346' title='bbox 2597 1127 2812 1184; x_wconf 87' lang='lat' dir='ltr'>nostris</span> <span class='ocrx_word' id='word_1_347' title='bbox 2858 1127 3094 1195; x_wconf 89' lang='lat' dir='ltr'>actibus,</span> <span class='ocrx_word' id='word_1_348' title='bbox 3120 1126 3270 1200; x_wconf 88' lang='lat' dir='ltr'>quod</span> <span class='ocrx_word' id='word_1_349' title='bbox 3295 1128 3415 1185; x_wconf 88' lang='lat' dir='ltr'>sint</span> 
     </span>
     <span class='ocr_line' id='line_1_57' title="bbox 2046 1202 3413 1282; baseline 0.005 -26"><span class='ocrx_word' id='word_1_350' title='bbox 2046 1202 2232 1276; x_wconf 87' lang='lat' dir='ltr'>magis</span> <span class='ocrx_word' id='word_1_351' title='bbox 2252 1204 2539 1262; x_wconf 88' lang='lat' dir='ltr'>meritorii</span> <span class='ocrx_word' id='word_1_352' title='bbox 2576 1212 2830 1279; x_wconf 90' lang='lat' dir='ltr'>respectu</span> <span class='ocrx_word' id='word_1_353' title='bbox 2865 1208 3094 1282; x_wconf 79' lang='lat' dir='ltr'>praemii</span> <span class='ocrx_word' id='word_1_354' title='bbox 3133 1207 3413 1264; x_wconf 85' lang='lat' dir='ltr'>essentia-</span> 
     </span>
     <span class='ocr_line' id='line_1_58' title="bbox 2047 1284 3430 1363; baseline 0.004 -24"><span class='ocrx_word' id='word_1_355' title='bbox 2047 1284 2138 1353; x_wconf 89' lang='lat' dir='ltr'>lis,</span> <span class='ocrx_word' id='word_1_356' title='bbox 2171 1284 2387 1342; x_wconf 89' lang='lat' dir='ltr'>scilicet</span> <span class='ocrx_word' id='word_1_357' title='bbox 2436 1292 2535 1343; x_wconf 86' lang='lat' dir='ltr'>aut</span> <span class='ocrx_word' id='word_1_358' title='bbox 2572 1304 2605 1345; x_wconf 91' lang='lat' dir='ltr'>a</span> <span class='ocrx_word' id='word_1_359' title='bbox 2651 1290 2858 1363; x_wconf 81' lang='lat' dir='ltr'>majori</span> <span class='ocrx_word' id='word_1_360' title='bbox 2894 1288 3150 1347; x_wconf 86' lang='lat' dir='ltr'>bonitate</span> <span class='ocrx_word' id='word_1_361' title='bbox 3179 1290 3430 1355; x_wconf 57' lang='lat' dir='ltr'>moralis</span> 
     </span>
     <span class='ocr_line' id='line_1_59' title="bbox 2047 1365 3414 1439; baseline 0.005 -19"><span class='ocrx_word' id='word_1_362' title='bbox 2047 1368 2145 1420; x_wconf 91' lang='lat' dir='ltr'>aut</span> <span class='ocrx_word' id='word_1_363' title='bbox 2158 1380 2190 1421; x_wconf 91' lang='lat' dir='ltr'>a</span> <span class='ocrx_word' id='word_1_364' title='bbox 2206 1365 2444 1439; x_wconf 87' lang='lat' dir='ltr'>majoris</span> <span class='ocrx_word' id='word_1_365' title='bbox 2470 1368 2769 1426; x_wconf 89' lang='lat' dir='ltr'>charitatis</span> <span class='ocrx_word' id='word_1_366' title='bbox 2791 1370 3229 1437; x_wconf 82' lang='lat' dir='ltr'>informatione,</span> <span class='ocrx_word' id='word_1_367' title='bbox 3246 1375 3303 1427; x_wconf 90' lang='lat' dir='ltr'>et</span> <span class='ocrx_word' id='word_1_368' title='bbox 3331 1386 3414 1427; x_wconf 88' lang='lat' dir='ltr'>re—</span> 
     </span>
     <span class='ocr_line' id='line_1_60' title="bbox 2047 1445 3409 1509; baseline 0.004 -7"><span class='ocrx_word' id='word_1_369' title='bbox 2047 1445 2285 1503; x_wconf 89' lang='lat' dir='ltr'>latione.</span> <span class='ocrx_word' id='word_1_370' title='bbox 2303 1450 2445 1504; x_wconf 89' lang='lat' dir='ltr'>Cum</span> <span class='ocrx_word' id='word_1_371' title='bbox 2467 1450 2627 1506; x_wconf 92' lang='lat' dir='ltr'>enim</span> <span class='ocrx_word' id='word_1_372' title='bbox 2644 1452 2809 1509; x_wconf 82' lang='lat' dir='ltr'>valor</span> <span class='ocrx_word' id='word_1_373' title='bbox 2831 1457 3165 1508; x_wconf 87' lang='lat' dir='ltr'>nostrorum</span> <span class='ocrx_word' id='word_1_374' title='bbox 3184 1457 3409 1508; x_wconf 87' lang='lat' dir='ltr'>actuum</span> 
     </span>
     <span class='ocr_line' id='line_1_61' title="bbox 2045 1526 3414 1607; baseline 0.004 -25"><span class='ocrx_word' id='word_1_375' title='bbox 2045 1542 2117 1583; x_wconf 84' lang='lat' dir='ltr'>ex</span> <span class='ocrx_word' id='word_1_376' title='bbox 2166 1526 2270 1583; x_wconf 87' lang='lat' dir='ltr'>hac</span> <span class='ocrx_word' id='word_1_377' title='bbox 2321 1528 2539 1602; x_wconf 90' lang='lat' dir='ltr'>duplici</span> <span class='ocrx_word' id='word_1_378' title='bbox 2588 1532 2813 1589; x_wconf 88' lang='lat' dir='ltr'>ratione</span> <span class='ocrx_word' id='word_1_379' title='bbox 2855 1538 3161 1607; x_wconf 83' lang='lat' dir='ltr'>consurgat</span> <span class='ocrx_word' id='word_1_380' title='bbox 3199 1534 3414 1602; x_wconf 74' lang='lat' dir='ltr'>(valent</span> 
     </span>
     <span class='ocr_line' id='line_1_62' title="bbox 2048 1612 3415 1686; baseline 0.007 -24"><span class='ocrx_word' id='word_1_381' title='bbox 2048 1618 2297 1681; x_wconf 89' lang='lat' dir='ltr'>namque</span> <span class='ocrx_word' id='word_1_382' title='bbox 2323 1614 2479 1667; x_wconf 87' lang='lat' dir='ltr'>actus</span> <span class='ocrx_word' id='word_1_383' title='bbox 2512 1613 2695 1669; x_wconf 91' lang='lat' dir='ltr'>nostri</span> <span class='ocrx_word' id='word_1_384' title='bbox 2737 1612 2886 1685; x_wconf 90' lang='lat' dir='ltr'>apud</span> <span class='ocrx_word' id='word_1_385' title='bbox 2923 1616 3121 1681; x_wconf 90' lang='lat' dir='ltr'>Deum,</span> <span class='ocrx_word' id='word_1_386' title='bbox 3145 1614 3283 1686; x_wconf 89' lang='lat' dir='ltr'>quia</span> <span class='ocrx_word' id='word_1_387' title='bbox 3308 1614 3415 1671; x_wconf 86' lang='lat' dir='ltr'>ho-</span> 
     </span>
     <span class='ocr_line' id='line_1_63' title="bbox 2047 1690 3415 1764; baseline 0.007 -21"><span class='ocrx_word' id='word_1_388' title='bbox 2047 1690 2193 1745; x_wconf 89' lang='lat' dir='ltr'>nesti</span> <span class='ocrx_word' id='word_1_389' title='bbox 2219 1700 2371 1757; x_wconf 88' lang='lat' dir='ltr'>sunt,</span> <span class='ocrx_word' id='word_1_390' title='bbox 2397 1691 2547 1764; x_wconf 90' lang='lat' dir='ltr'>quod</span> <span class='ocrx_word' id='word_1_391' title='bbox 2576 1692 2787 1751; x_wconf 85' lang='lat' dir='ltr'>habent</span> <span class='ocrx_word' id='word_1_392' title='bbox 2814 1709 2846 1749; x_wconf 91' lang='lat' dir='ltr'>a</span> <span class='ocrx_word' id='word_1_393' title='bbox 2873 1710 2977 1750; x_wconf 89' lang='lat' dir='ltr'>sua</span> <span class='ocrx_word' id='word_1_394' title='bbox 3005 1694 3261 1752; x_wconf 84' lang='lat' dir='ltr'>bonitate</span> <span class='ocrx_word' id='word_1_395' title='bbox 3287 1711 3415 1753; x_wconf 91' lang='lat' dir='ltr'>mo-</span> 
     </span>
     <span class='ocr_line' id='line_1_64' title="bbox 2048 1768 3413 1867; baseline 0.007 -45"><span class='ocrx_word' id='word_1_396' title='bbox 2048 1768 2191 1837; x_wconf 81' lang='lat' dir='ltr'>rali3</span> <span class='ocrx_word' id='word_1_397' title='bbox 2222 1774 2278 1827; x_wconf 90' lang='lat' dir='ltr'>et</span> <span class='ocrx_word' id='word_1_398' title='bbox 2302 1772 2436 1843; x_wconf 87' lang='lat' dir='ltr'>quia</span> <span class='ocrx_word' id='word_1_399' title='bbox 2475 1771 2670 1830; x_wconf 87' lang='lat' dir='ltr'>Deifici</span> <span class='ocrx_word' id='word_1_400' title='bbox 2696 1776 2851 1840; x_wconf 91' lang='lat' dir='ltr'>sunt,</span> <span class='ocrx_word' id='word_1_401' title='bbox 2881 1789 2983 1830; x_wconf 90' lang='lat' dir='ltr'>seu</span> <span class='ocrx_word' id='word_1_402' title='bbox 3022 1776 3159 1867; x_wconf 79' lang='lat' dir='ltr'>quia</span> <span class='ocrx_word' id='word_1_403' title='bbox 3204 1775 3413 1832; x_wconf 85' lang='lat' dir='ltr'>vivunt</span> 
     </span>
     <span class='ocr_line' id='line_1_65' title="bbox 2046 1849 3412 1932; baseline 0.007 -29"><span class='ocrx_word' id='word_1_404' title='bbox 2046 1849 2166 1905; x_wconf 81' lang='lat' dir='ltr'>vita</span> <span class='ocrx_word' id='word_1_405' title='bbox 2186 1852 2523 1926; x_wconf 87' lang='lat' dir='ltr'>participata</span> <span class='ocrx_word' id='word_1_406' title='bbox 2544 1855 2663 1920; x_wconf 92' lang='lat' dir='ltr'>Dei,</span> <span class='ocrx_word' id='word_1_407' title='bbox 2695 1853 2845 1927; x_wconf 90' lang='lat' dir='ltr'>quod</span> <span class='ocrx_word' id='word_1_408' title='bbox 2867 1853 2964 1912; x_wconf 88' lang='lat' dir='ltr'>dat</span> <span class='ocrx_word' id='word_1_409' title='bbox 2989 1857 3073 1912; x_wconf 91' lang='lat' dir='ltr'>eis</span> <span class='ocrx_word' id='word_1_410' title='bbox 3098 1858 3288 1932; x_wconf 88' lang='lat' dir='ltr'>gratia</span> <span class='ocrx_word' id='word_1_411' title='bbox 3311 1872 3412 1930; x_wconf 86' lang='lat' dir='ltr'>per</span> 
     </span>
     <span class='ocr_line' id='line_1_66' title="bbox 2046 1929 3412 2008; baseline 0.007 -23"><span class='ocrx_word' id='word_1_412' title='bbox 2046 1929 2409 1999; x_wconf 86' lang='lat' dir='ltr'>charitatem)</span> <span class='ocrx_word' id='word_1_413' title='bbox 2451 1935 2836 2008; x_wconf 86' lang='lat' dir='ltr'>coalescatque</span> <span class='ocrx_word' id='word_1_414' title='bbox 2880 1936 3015 1993; x_wconf 88' lang='lat' dir='ltr'>talis</span> <span class='ocrx_word' id='word_1_415' title='bbox 3060 1938 3227 1994; x_wconf 84' lang='lat' dir='ltr'>valor</span> <span class='ocrx_word' id='word_1_416' title='bbox 3279 1943 3412 1994; x_wconf 87' lang='lat' dir='ltr'>tan-</span> 
     </span>
     <span class='ocr_line' id='line_1_67' title="bbox 2041 2016 3416 2090; baseline 0.007 -22"><span class='ocrx_word' id='word_1_417' title='bbox 2041 2027 2219 2083; x_wconf 89' lang='lat' dir='ltr'>quam</span> <span class='ocrx_word' id='word_1_418' title='bbox 2240 2030 2311 2071; x_wconf 81' lang='lat' dir='ltr'>ex</span> <span class='ocrx_word' id='word_1_419' title='bbox 2333 2016 2610 2089; x_wconf 87' lang='lat' dir='ltr'>partibus,</span> <span class='ocrx_word' id='word_1_420' title='bbox 2641 2032 2739 2074; x_wconf 88' lang='lat' dir='ltr'>seu</span> <span class='ocrx_word' id='word_1_421' title='bbox 2767 2018 2929 2090; x_wconf 86' lang='lat' dir='ltr'>quasi</span> <span class='ocrx_word' id='word_1_422' title='bbox 2954 2017 3215 2090; x_wconf 88' lang='lat' dir='ltr'>partibus</span> <span class='ocrx_word' id='word_1_423' title='bbox 3237 2024 3416 2077; x_wconf 85' lang='lat' dir='ltr'>mate-</span> 
     </span>
     <span class='ocr_line' id='line_1_68' title="bbox 2049 2092 3416 2171; baseline 0.005 -23"><span class='ocrx_word' id='word_1_424' title='bbox 2049 2092 2202 2159; x_wconf 88' lang='lat' dir='ltr'>riali,</span> <span class='ocrx_word' id='word_1_425' title='bbox 2238 2098 2295 2151; x_wconf 91' lang='lat' dir='ltr'>et</span> <span class='ocrx_word' id='word_1_426' title='bbox 2332 2096 2567 2154; x_wconf 90' lang='lat' dir='ltr'>formali</span> <span class='ocrx_word' id='word_1_427' title='bbox 2614 2112 2687 2154; x_wconf 84' lang='lat' dir='ltr'>ex</span> <span class='ocrx_word' id='word_1_428' title='bbox 2740 2097 3007 2171; x_wconf 82' lang='lat' dir='ltr'>praedicta</span> <span class='ocrx_word' id='word_1_429' title='bbox 3052 2099 3330 2167; x_wconf 85' lang='lat' dir='ltr'>bonitate,</span> <span class='ocrx_word' id='word_1_430' title='bbox 3356 2106 3416 2158; x_wconf 88' lang='lat' dir='ltr'>et</span> 
     </span>
     <span class='ocr_line' id='line_1_69' title="bbox 2048 2175 3417 2251; baseline 0.007 -21"><span class='ocrx_word' id='word_1_431' title='bbox 2048 2175 2349 2245; x_wconf 90' lang='lat' dir='ltr'>relatione;</span> <span class='ocrx_word' id='word_1_432' title='bbox 2379 2193 2451 2234; x_wconf 84' lang='lat' dir='ltr'>ex</span> <span class='ocrx_word' id='word_1_433' title='bbox 2472 2177 2563 2234; x_wconf 89' lang='lat' dir='ltr'>his</span> <span class='ocrx_word' id='word_1_434' title='bbox 2592 2179 2965 2251; x_wconf 90' lang='lat' dir='ltr'>proportione</span> <span class='ocrx_word' id='word_1_435' title='bbox 2983 2185 3213 2237; x_wconf 80' lang='lat' dir='ltr'>servata</span> <span class='ocrx_word' id='word_1_436' title='bbox 3232 2179 3417 2239; x_wconf 83' lang='lat' dir='ltr'>habe-</span> 
     </span>
     <span class='ocr_line' id='line_1_70' title="bbox 2047 2255 3418 2335; baseline 0.008 -24"><span class='ocrx_word' id='word_1_437' title='bbox 2047 2255 2129 2311; x_wconf 89' lang='lat' dir='ltr'>bit</span> <span class='ocrx_word' id='word_1_438' title='bbox 2167 2273 2268 2330; x_wconf 92' lang='lat' dir='ltr'>per</span> <span class='ocrx_word' id='word_1_439' title='bbox 2306 2275 2367 2315; x_wconf 89' lang='lat' dir='ltr'>se</span> <span class='ocrx_word' id='word_1_440' title='bbox 2407 2265 2562 2316; x_wconf 88' lang='lat' dir='ltr'>actus</span> <span class='ocrx_word' id='word_1_441' title='bbox 2594 2260 2856 2333; x_wconf 86' lang='lat' dir='ltr'>quilibet,</span> <span class='ocrx_word' id='word_1_442' title='bbox 2886 2260 3036 2335; x_wconf 87' lang='lat' dir='ltr'>quod</span> <span class='ocrx_word' id='word_1_443' title='bbox 3067 2262 3145 2316; x_wconf 86' lang='lat' dir='ltr'>sit</span> <span class='ocrx_word' id='word_1_444' title='bbox 3178 2264 3418 2322; x_wconf 90' lang='lat' dir='ltr'>merito-</span> 
     </span>
     <span class='ocr_line' id='line_1_71' title="bbox 2048 2336 3419 2411; baseline 0.007 -20"><span class='ocrx_word' id='word_1_445' title='bbox 2048 2336 2188 2403; x_wconf 90' lang='lat' dir='ltr'>rius,</span> <span class='ocrx_word' id='word_1_446' title='bbox 2220 2341 2278 2394; x_wconf 90' lang='lat' dir='ltr'>et</span> <span class='ocrx_word' id='word_1_447' title='bbox 2303 2344 2712 2411; x_wconf 81' lang='lat' dir='ltr'>consequenter</span> <span class='ocrx_word' id='word_1_448' title='bbox 2737 2357 2809 2398; x_wconf 89' lang='lat' dir='ltr'>ex</span> <span class='ocrx_word' id='word_1_449' title='bbox 2847 2357 3069 2406; x_wconf 89' lang='lat' dir='ltr'>earum,</span> <span class='ocrx_word' id='word_1_450' title='bbox 3103 2346 3199 2397; x_wconf 91' lang='lat' dir='ltr'>aut</span> <span class='ocrx_word' id='word_1_451' title='bbox 3227 2343 3419 2399; x_wconf 84' lang='lat' dir='ltr'>alicu-</span> 
     </span>
     <span class='ocr_line' id='line_1_72' title="bbox 2040 2419 3411 2492; baseline 0.004 -19"><span class='ocrx_word' id='word_1_452' title='bbox 2040 2419 2134 2492; x_wconf 82' lang='lat' dir='ltr'>jus</span> <span class='ocrx_word' id='word_1_453' title='bbox 2160 2433 2360 2475; x_wconf 90' lang='lat' dir='ltr'>earum</span> <span class='ocrx_word' id='word_1_454' title='bbox 2401 2419 2758 2479; x_wconf 90' lang='lat' dir='ltr'>incremento</span> <span class='ocrx_word' id='word_1_455' title='bbox 2786 2422 2998 2480; x_wconf 88' lang='lat' dir='ltr'>habere</span> <span class='ocrx_word' id='word_1_456' title='bbox 3020 2423 3198 2481; x_wconf 90' lang='lat' dir='ltr'>etiam</span> <span class='ocrx_word' id='word_1_457' title='bbox 3220 2422 3411 2490; x_wconf 87' lang='lat' dir='ltr'>debet,</span> 
     </span>
     <span class='ocr_line' id='line_1_73' title="bbox 2045 2500 3496 2576; baseline 0.005 -21"><span class='ocrx_word' id='word_1_458' title='bbox 2045 2500 2195 2573; x_wconf 88' lang='lat' dir='ltr'>quod</span> <span class='ocrx_word' id='word_1_459' title='bbox 2230 2501 2292 2556; x_wconf 91' lang='lat' dir='ltr'>in</span> <span class='ocrx_word' id='word_1_460' title='bbox 2333 2501 2542 2558; x_wconf 91' lang='lat' dir='ltr'>merito</span> <span class='ocrx_word' id='word_1_461' title='bbox 2575 2508 2804 2559; x_wconf 90' lang='lat' dir='ltr'>crescat.</span> <span class='ocrx_word' id='word_1_462' title='bbox 2838 2506 3114 2561; x_wconf 81' lang='lat' dir='ltr'>Caeterum</span> <span class='ocrx_word' id='word_1_463' title='bbox 3143 2519 3415 2576; x_wconf 81' lang='lat' dir='ltr'>quaenam</span> <span class='ocrx_word' id='word_1_464' title='bbox 3483 2528 3496 2535; x_wconf 92' lang='lat'><strong>·</strong></span> 
     </span>
     <span class='ocr_line' id='line_1_74' title="bbox 2045 2579 3416 2657; baseline 0.005 -22"><span class='ocrx_word' id='word_1_465' title='bbox 2045 2595 2116 2636; x_wconf 88' lang='lat' dir='ltr'>ex</span> <span class='ocrx_word' id='word_1_466' title='bbox 2144 2579 2426 2652; x_wconf 82' lang='lat' dir='ltr'>praedictis</span> <span class='ocrx_word' id='word_1_467' title='bbox 2454 2581 2712 2654; x_wconf 88' lang='lat' dir='ltr'>partibus</span> <span class='ocrx_word' id='word_1_468' title='bbox 2741 2583 2911 2657; x_wconf 86' lang='lat' dir='ltr'>hujus</span> <span class='ocrx_word' id='word_1_469' title='bbox 2936 2585 3284 2643; x_wconf 89' lang='lat' dir='ltr'>incrementi</span> <span class='ocrx_word' id='word_1_470' title='bbox 3315 2600 3416 2642; x_wconf 88' lang='lat' dir='ltr'>ra-</span> 
     </span>
     <span class='ocr_line' id='line_1_75' title="bbox 2045 2659 3407 2739; baseline 0.006 -25"><span class='ocrx_word' id='word_1_471' title='bbox 2045 2659 2127 2715; x_wconf 90' lang='lat' dir='ltr'>tio</span> <span class='ocrx_word' id='word_1_472' title='bbox 2157 2659 2250 2728; x_wconf 91' lang='lat' dir='ltr'>sit,</span> <span class='ocrx_word' id='word_1_473' title='bbox 2278 2662 2367 2717; x_wconf 85' lang='lat' dir='ltr'>vel</span> <span class='ocrx_word' id='word_1_474' title='bbox 2404 2677 2479 2718; x_wconf 89' lang='lat' dir='ltr'>an</span> <span class='ocrx_word' id='word_1_475' title='bbox 2518 2670 2761 2735; x_wconf 88' lang='lat' dir='ltr'>utraque</span> <span class='ocrx_word' id='word_1_476' title='bbox 2785 2688 2801 2731; x_wconf 86' lang='lat'>;</span> <span class='ocrx_word' id='word_1_477' title='bbox 2829 2670 2886 2721; x_wconf 92' lang='lat' dir='ltr'>et</span> <span class='ocrx_word' id='word_1_478' title='bbox 2922 2682 3046 2737; x_wconf 78' lang='lat' dir='ltr'>quae</span> <span class='ocrx_word' id='word_1_479' title='bbox 3089 2681 3189 2739; x_wconf 88' lang='lat' dir='ltr'>per</span> <span class='ocrx_word' id='word_1_480' title='bbox 3225 2666 3407 2738; x_wconf 89' lang='lat' dir='ltr'>prius,</span> 
     </span>
     <span class='ocr_line' id='line_1_76' title="bbox 2046 2740 3283 2821; baseline 0.005 -23"><span class='ocrx_word' id='word_1_481' title='bbox 2046 2747 2144 2798; x_wconf 87' lang='lat' dir='ltr'>aut</span> <span class='ocrx_word' id='word_1_482' title='bbox 2171 2740 2492 2812; x_wconf 88' lang='lat' dir='ltr'>formalius,</span> <span class='ocrx_word' id='word_1_483' title='bbox 2523 2746 2983 2803; x_wconf 88' lang='lat' dir='ltr'>examinandum</span> <span class='ocrx_word' id='word_1_484' title='bbox 3003 2753 3283 2821; x_wconf 89' lang='lat' dir='ltr'>superest.</span> 
     </span>
    </p>
   </div>
   <div class='ocr_carea' id='block_1_6' title="bbox 2660 2908 2775 2978">
    <p class='ocr_par' dir='ltr' id='par_1_7' title="bbox 2660 2908 2775 2978">
     <span class='ocr_line' id='line_1_77' title="bbox 2660 2908 2775 2978; baseline 0.026 -17"><span class='ocrx_word' id='word_1_485' title='bbox 2660 2908 2775 2978; x_wconf 75' lang='lat'>§1-</span> 
     </span>
    </p>
   </div>
   <div class='ocr_carea' id='block_1_7' title="bbox 2180 3065 3265 3141">
    <p class='ocr_par' dir='ltr' id='par_1_8' title="bbox 2180 3065 3265 3141">
     <span class='ocr_line' id='line_1_78' title="bbox 2180 3065 3265 3141; baseline 0.008 -19"><span class='ocrx_word' id='word_1_486' title='bbox 2180 3065 2427 3123; x_wconf 80' lang='lat' dir='ltr'>Assertio</span> <span class='ocrx_word' id='word_1_487' title='bbox 2449 3069 2607 3141; x_wconf 80' lang='lat' dir='ltr'>prior</span> <span class='ocrx_word' id='word_1_488' title='bbox 2631 3088 2703 3127; x_wconf 73' lang='lat' dir='ltr'>ecc</span> <span class='ocrx_word' id='word_1_489' title='bbox 2727 3078 2900 3127; x_wconf 78' lang='lat' dir='ltr'>mente</span> <span class='ocrx_word' id='word_1_490' title='bbox 2923 3072 2997 3130; x_wconf 92' lang='lat' dir='ltr'>D.</span> <span class='ocrx_word' id='word_1_491' title='bbox 3035 3071 3265 3131; x_wconf 68' lang='lat' dir='ltr'>Tkomae.</span> 
     </span>
    </p>
   </div>
   <div class='ocr_carea' id='block_1_8' title="bbox 2041 3231 3578 4128">
    <p class='ocr_par' dir='ltr' id='par_1_9' title="bbox 2041 3231 3578 4042">
     <span class='ocr_line' id='line_1_79' title="bbox 2118 3231 3574 3307; baseline 0.005 -22"><span class='ocrx_word' id='word_1_492' title='bbox 2118 3231 2210 3287; x_wconf 87' lang='grc'>27.</span> <span class='ocrx_word' id='word_1_493' title='bbox 2254 3231 2568 3289; x_wconf 90' lang='lat' dir='ltr'>Dicendum</span> <span class='ocrx_word' id='word_1_494' title='bbox 2607 3238 2694 3290; x_wconf 90' lang='lat' dir='ltr'>est</span> <span class='ocrx_word' id='word_1_495' title='bbox 2738 3234 2948 3307; x_wconf 88' lang='lat' dir='ltr'>primo,</span> <span class='ocrx_word' id='word_1_496' title='bbox 2998 3236 3325 3304; x_wconf 86' lang='lat' dir='ltr'>formalem,</span> <span class='ocrx_word' id='word_1_497' title='bbox 3353 3243 3574 3301; x_wconf 54' lang='lat' dir='ltr'>etanta»</span> 
     </span>
     <span class='ocr_line' id='line_1_80' title="bbox 2046 3304 3536 3389; baseline 0.007 -25"><span class='ocrx_word' id='word_1_498' title='bbox 2046 3311 2391 3383; x_wconf 83' lang='lat' dir='ltr'>praecipuam</span> <span class='ocrx_word' id='word_1_499' title='bbox 2421 3312 2703 3370; x_wconf 87' lang='lat' dir='ltr'>rationem</span> <span class='ocrx_word' id='word_1_500' title='bbox 2744 3314 2987 3389; x_wconf 88' lang='lat' dir='ltr'>augendi</span> <span class='ocrx_word' id='word_1_501' title='bbox 3035 3317 3315 3374; x_wconf 89' lang='lat' dir='ltr'>meritum</span> <span class='ocrx_word' id='word_1_502' title='bbox 3343 3318 3406 3373; x_wconf 87' lang='lat' dir='ltr'>in</span> <span class='ocrx_word' id='word_1_503' title='bbox 3463 3304 3536 3338; x_wconf 38' lang='grc' dir='ltr'>’ὲ</span> 
     </span>
     <span class='ocr_line' id='line_1_81' title="bbox 2045 3393 3405 3457; baseline 0.008 -11"><span class='ocrx_word' id='word_1_504' title='bbox 2045 3394 2257 3448; x_wconf 87' lang='lat' dir='ltr'>nostris</span> <span class='ocrx_word' id='word_1_505' title='bbox 2278 3393 2533 3451; x_wconf 88' lang='lat' dir='ltr'>actibus</span> <span class='ocrx_word' id='word_1_506' title='bbox 2517 3410 2579 3451; x_wconf 78' lang='lat' dir='ltr'>in</span> <span class='ocrx_word' id='word_1_507' title='bbox 2601 3395 2805 3453; x_wconf 90' lang='lat' dir='ltr'>ordine</span> <span class='ocrx_word' id='word_1_508' title='bbox 2826 3397 2896 3453; x_wconf 89' lang='lat' dir='ltr'>ad</span> <span class='ocrx_word' id='word_1_509' title='bbox 2923 3398 3103 3454; x_wconf 86' lang='lat' dir='ltr'>vitam</span> <span class='ocrx_word' id='word_1_510' title='bbox 3125 3404 3405 3457; x_wconf 76' lang='lat' dir='ltr'>aeternam</span> 
     </span>
     <span class='ocr_line' id='line_1_82' title="bbox 2042 3474 3408 3555; baseline 0.008 -27"><span class='ocrx_word' id='word_1_511' title='bbox 2042 3488 2166 3529; x_wconf 86' lang='lat' dir='ltr'>esse</span> <span class='ocrx_word' id='word_1_512' title='bbox 2209 3474 2581 3543; x_wconf 88' lang='lat' dir='ltr'>charitatem;</span> <span class='ocrx_word' id='word_1_513' title='bbox 2632 3477 2785 3534; x_wconf 90' lang='lat' dir='ltr'>unde</span> <span class='ocrx_word' id='word_1_514' title='bbox 2833 3481 2988 3534; x_wconf 88' lang='lat' dir='ltr'>actus</span> <span class='ocrx_word' id='word_1_515' title='bbox 3046 3479 3161 3535; x_wconf 92' lang='lat' dir='ltr'>nisi</span> <span class='ocrx_word' id='word_1_516' title='bbox 3214 3481 3408 3555; x_wconf 87' lang='lat' dir='ltr'>aliquo</span> 
     </span>
     <span class='ocr_line' id='line_1_83' title="bbox 2044 3553 3403 3638; baseline 0.008 -29"><span class='ocrx_word' id='word_1_517' title='bbox 2044 3553 2297 3612; x_wconf 85' lang='lat' dir='ltr'>modom</span> <span class='ocrx_word' id='word_1_518' title='bbox 2318 3556 2595 3614; x_wconf 88' lang='lat' dir='ltr'>charitate</span> <span class='ocrx_word' id='word_1_519' title='bbox 2620 3565 2849 3627; x_wconf 87' lang='lat' dir='ltr'>crescat,</span> <span class='ocrx_word' id='word_1_520' title='bbox 2885 3562 2973 3617; x_wconf 87' lang='lat' dir='ltr'>vel</span> <span class='ocrx_word' id='word_1_521' title='bbox 3018 3562 3158 3634; x_wconf 87' lang='lat' dir='ltr'>quia</span> <span class='ocrx_word' id='word_1_522' title='bbox 3197 3564 3403 3638; x_wconf 85' lang='lat' dir='ltr'>magis,</span> 
     </span>
     <span class='ocr_line' id='line_1_84' title="bbox 2045 3636 3409 3712; baseline 0.008 -20"><span class='ocrx_word' id='word_1_523' title='bbox 2045 3638 2135 3693; x_wconf 88' lang='lat' dir='ltr'>vel</span> <span class='ocrx_word' id='word_1_524' title='bbox 2162 3638 2298 3710; x_wconf 87' lang='lat' dir='ltr'>quia</span> <span class='ocrx_word' id='word_1_525' title='bbox 2326 3636 2531 3710; x_wconf 82' lang='lat' dir='ltr'>maJ‘ori</span> <span class='ocrx_word' id='word_1_526' title='bbox 2578 3641 2856 3698; x_wconf 86' lang='lat' dir='ltr'>charitate</span> <span class='ocrx_word' id='word_1_527' title='bbox 2901 3641 3273 3712; x_wconf 87' lang='lat' dir='ltr'>informetur,</span> <span class='ocrx_word' id='word_1_528' title='bbox 3301 3662 3409 3703; x_wconf 89' lang='lat' dir='ltr'>ne·-</span> 
     </span>
     <span class='ocr_line' id='line_1_85' title="bbox 2043 3716 3409 3795; baseline 0.009 -23"><span class='ocrx_word' id='word_1_529' title='bbox 2043 3716 2228 3790; x_wconf 89' lang='lat' dir='ltr'>quibit</span> <span class='ocrx_word' id='word_1_530' title='bbox 2265 3734 2388 3776; x_wconf 90' lang='lat' dir='ltr'>esse</span> <span class='ocrx_word' id='word_1_531' title='bbox 2420 3720 2603 3795; x_wconf 81' lang='lat' dir='ltr'>tnagis</span> <span class='ocrx_word' id='word_1_532' title='bbox 2631 3721 2982 3780; x_wconf 64' lang='lat' dir='ltr'>meritorius</span> <span class='ocrx_word' id='word_1_533' title='bbox 3012 3718 3142 3782; x_wconf 79' lang='lat' dir='ltr'>Haec</span> <span class='ocrx_word' id='word_1_534' title='bbox 3164 3728 3409 3784; x_wconf 82' lang='lat' dir='ltr'>assertio</span> 
     </span>
     <span class='ocr_line' id='line_1_86' title="bbox 2042 3798 3578 3879; baseline 0.008 -25"><span class='ocrx_word' id='word_1_535' title='bbox 2042 3798 2348 3856; x_wconf 88' lang='lat' dir='ltr'>manifeste</span> <span class='ocrx_word' id='word_1_536' title='bbox 2389 3804 2475 3856; x_wconf 91' lang='lat' dir='ltr'>est</span> <span class='ocrx_word' id='word_1_537' title='bbox 2519 3802 2840 3859; x_wconf 80' lang='lat' dir='ltr'>D.-Thom.</span> <span class='ocrx_word' id='word_1_538' title='bbox 2899 3805 2916 3858; x_wconf 96' lang='lat' dir='ltr'>l</span> <span class='ocrx_word' id='word_1_539' title='bbox 2973 3821 3029 3877; x_wconf 82' lang='lat' dir='ltr'>p.</span> <span class='ocrx_word' id='word_1_540' title='bbox 3068 3814 3249 3879; x_wconf 69' lang='lat' dir='ltr'>quaest.</span> <span class='ocrx_word' id='word_1_541' title='bbox 3310 3810 3578 3878; x_wconf 50' lang='lat' dir='ltr'>Saum</span> 
     </span>
     <span class='ocr_line' id='line_1_87' title="bbox 2041 3881 3413 3963; baseline 0.009 -27"><span class='ocrx_word' id='word_1_542' title='bbox 2041 3890 2153 3938; x_wconf 83' lang='lat' dir='ltr'>art.</span> <span class='ocrx_word' id='word_1_543' title='bbox 2184 3884 2239 3948; x_wconf 88' lang='lat'>4,</span> <span class='ocrx_word' id='word_1_544' title='bbox 2266 3881 2364 3939; x_wconf 89' lang='lat' dir='ltr'>ubi</span> <span class='ocrx_word' id='word_1_545' title='bbox 2386 3884 2467 3939; x_wconf 91' lang='lat' dir='ltr'>sic</span> <span class='ocrx_word' id='word_1_546' title='bbox 2487 3883 2565 3939; x_wconf 90' lang='lat' dir='ltr'>ait</span> <span class='ocrx_word' id='word_1_547' title='bbox 2598 3905 2610 3941; x_wconf 92' lang='lat'>:</span> <span class='ocrx_word' id='word_1_548' title='bbox 2645 3905 2671 3937; x_wconf 94' lang='lat'>«</span> <span class='ocrx_word' id='word_1_549' title='bbox 2706 3885 3017 3943; x_wconf 91' lang='lat' dir='ltr'>Dicendum</span> <span class='ocrx_word' id='word_1_550' title='bbox 3039 3887 3190 3961; x_wconf 88' lang='lat' dir='ltr'>quod</span> <span class='ocrx_word' id='word_1_551' title='bbox 3214 3906 3413 3963; x_wconf 86' lang='lat' dir='ltr'>quan—</span> 
     </span>
     <span class='ocr_line' id='line_1_88' title="bbox 2046 3963 3412 4042; baseline 0.01 -25"><span class='ocrx_word' id='word_1_552' title='bbox 2046 3963 2234 4019; x_wconf 81' lang='lat' dir='ltr'>«titas</span> <span class='ocrx_word' id='word_1_553' title='bbox 2279 3964 2475 4020; x_wconf 87' lang='lat' dir='ltr'>meriti</span> <span class='ocrx_word' id='word_1_554' title='bbox 2515 3980 2586 4021; x_wconf 81' lang='lat' dir='ltr'>ex</span> <span class='ocrx_word' id='word_1_555' title='bbox 2628 3964 2849 4023; x_wconf 90' lang='lat' dir='ltr'>duobus</span> <span class='ocrx_word' id='word_1_556' title='bbox 2895 3973 3073 4042; x_wconf 89' lang='lat' dir='ltr'>potest</span> <span class='ocrx_word' id='word_1_557' title='bbox 3119 3973 3412 4042; x_wconf 82' lang='lat' dir='ltr'>pensari.</span> <span class='ocrx_word' id='word_1_558' title='bbox 3395 3994 3411 4006; x_wconf 93' lang='lat'><strong>·</strong></span> 
     </span>
    </p>

    <p class='ocr_par' dir='ltr' id='par_1_10' title="bbox 2047 4045 3408 4128">
     <span class='ocr_line' id='line_1_89' title="bbox 2047 4045 3408 4128; baseline 0.012 -30"><span class='ocrx_word' id='word_1_559' title='bbox 2047 4067 2074 4098; x_wconf 78' lang='grc' dir='ltr'>α</span> <span class='ocrx_word' id='word_1_560' title='bbox 2104 4062 2219 4102; x_wconf 88' lang='lat' dir='ltr'>uno</span> <span class='ocrx_word' id='word_1_561' title='bbox 2239 4045 2408 4104; x_wconf 92' lang='lat' dir='ltr'>modo</span> <span class='ocrx_word' id='word_1_562' title='bbox 2433 4062 2505 4103; x_wconf 88' lang='lat' dir='ltr'>ex</span> <span class='ocrx_word' id='word_1_563' title='bbox 2533 4047 2721 4106; x_wconf 86' lang='lat' dir='ltr'>radice</span> <span class='ocrx_word' id='word_1_564' title='bbox 2746 4049 3061 4118; x_wconf 77' lang='lat' dir='ltr'>charitatiS,</span> <span class='ocrx_word' id='word_1_565' title='bbox 3093 4058 3148 4108; x_wconf 89' lang='lat' dir='ltr'>et</span> <span class='ocrx_word' id='word_1_566' title='bbox 3171 4055 3408 4128; x_wconf 77' lang='lat' dir='ltr'>gratiae,</span> 
     </span>
    </p>
   </div>
   <div class='ocr_carea' id='block_1_9' title="bbox 2028 4128 3578 5099">
    <p class='ocr_par' dir='ltr' id='par_1_11' title="bbox 2032 4128 3578 4947">
     <span class='ocr_line' id='line_1_90' title="bbox 2047 4128 3416 4210; baseline 0.01 -28"><span class='ocrx_word' id='word_1_567' title='bbox 2047 4148 2072 4180; x_wconf 92' lang='lat'>«</span> <span class='ocrx_word' id='word_1_568' title='bbox 2102 4133 2157 4184; x_wconf 88' lang='lat' dir='ltr'>et</span> <span class='ocrx_word' id='word_1_569' title='bbox 2197 4128 2328 4184; x_wconf 85' lang='lat' dir='ltr'>talis</span> <span class='ocrx_word' id='word_1_570' title='bbox 2366 4129 2656 4201; x_wconf 85' lang='lat' dir='ltr'>quantitas</span> <span class='ocrx_word' id='word_1_571' title='bbox 2696 4132 2891 4188; x_wconf 89' lang='lat' dir='ltr'>meriti</span> <span class='ocrx_word' id='word_1_572' title='bbox 2922 4133 3225 4206; x_wconf 86' lang='lat' dir='ltr'>respondet</span> <span class='ocrx_word' id='word_1_573' title='bbox 3250 4154 3416 4210; x_wconf 78' lang='lat' dir='ltr'>pras-</span> 
     </span>
     <span class='ocr_line' id='line_1_91' title="bbox 2046 4208 3414 4284; baseline 0.009 -22"><span class='ocrx_word' id='word_1_574' title='bbox 2046 4229 2072 4262; x_wconf 78' lang='grc' dir='ltr'><strong>α</strong></span> <span class='ocrx_word' id='word_1_575' title='bbox 2101 4208 2220 4265; x_wconf 90' lang='lat' dir='ltr'>mio</span> <span class='ocrx_word' id='word_1_576' title='bbox 2241 4208 2556 4272; x_wconf 89' lang='lat' dir='ltr'>essentiali</span> <span class='ocrx_word' id='word_1_577' title='bbox 2588 4215 2771 4266; x_wconf 81' lang='lat' dir='ltr'>etc.»</span> <span class='ocrx_word' id='word_1_578' title='bbox 2818 4213 2888 4267; x_wconf 81' lang='lat' dir='ltr'>Et</span> <span class='ocrx_word' id='word_1_579' title='bbox 2927 4215 2986 4268; x_wconf 79' lang='lat' dir='ltr'>in</span> <span class='ocrx_word' id='word_1_580' title='bbox 3024 4215 3080 4280; x_wconf 89' lang='lat'>4,</span> <span class='ocrx_word' id='word_1_581' title='bbox 3127 4214 3261 4273; x_wconf 75' lang='lat' dir='ltr'>dist.</span> <span class='ocrx_word' id='word_1_582' title='bbox 3311 4220 3414 4284; x_wconf 81' lang='lat'>49,</span> 
     </span>
     <span class='ocr_line' id='line_1_92' title="bbox 2037 4290 3414 4366; baseline 0.008 -23"><span class='ocrx_word' id='word_1_583' title='bbox 2037 4295 2222 4361; x_wconf 76' lang='lat' dir='ltr'>quaest.</span> <span class='ocrx_word' id='word_1_584' title='bbox 2254 4290 2299 4356; x_wconf 93' lang='lat' dir='ltr'>l,</span> <span class='ocrx_word' id='word_1_585' title='bbox 2330 4295 2441 4345; x_wconf 83' lang='lat' dir='ltr'>art.</span> <span class='ocrx_word' id='word_1_586' title='bbox 2479 4291 2534 4356; x_wconf 91' lang='lat'>4,</span> <span class='ocrx_word' id='word_1_587' title='bbox 2560 4294 2871 4363; x_wconf 70' lang='lat' dir='ltr'>quaestiunc.</span> <span class='ocrx_word' id='word_1_588' title='bbox 2898 4294 2952 4359; x_wconf 88' lang='lat'>4,</span> <span class='ocrx_word' id='word_1_589' title='bbox 2979 4309 3108 4350; x_wconf 89' lang='lat' dir='ltr'>cum</span> <span class='ocrx_word' id='word_1_590' title='bbox 3136 4293 3414 4366; x_wconf 75' lang='lat' dir='ltr'>dixisset,</span> 
     </span>
     <span class='ocr_line' id='line_1_93' title="bbox 2036 4370 3424 4442; baseline 0.009 -19"><span class='ocrx_word' id='word_1_591' title='bbox 2036 4370 2178 4442; x_wconf 75' lang='lat' dir='ltr'>quod</span> <span class='ocrx_word' id='word_1_592' title='bbox 2197 4372 2283 4426; x_wconf 81' lang='lat' dir='ltr'>vis</span> <span class='ocrx_word' id='word_1_593' title='bbox 2301 4370 2542 4426; x_wconf 77' lang='lat' dir='ltr'>merendi</span> <span class='ocrx_word' id='word_1_594' title='bbox 2554 4378 2632 4427; x_wconf 84' lang='lat' dir='ltr'>est</span> <span class='ocrx_word' id='word_1_595' title='bbox 2660 4374 2719 4427; x_wconf 77' lang='lat' dir='ltr'>in</span> <span class='ocrx_word' id='word_1_596' title='bbox 2739 4373 2991 4429; x_wconf 75' lang='lat' dir='ltr'>omnibus</span> <span class='ocrx_word' id='word_1_597' title='bbox 3011 4375 3324 4435; x_wconf 73' lang='lat' dir='ltr'>virtutibus</span> <span class='ocrx_word' id='word_1_598' title='bbox 3343 4398 3424 4437; x_wconf 76' lang='lat' dir='ltr'>ea:</span> 
     </span>
     <span class='ocr_line' id='line_1_94' title="bbox 2037 4450 3424 4516; baseline 0.009 -11"><span class='ocrx_word' id='word_1_599' title='bbox 2037 4450 2326 4516; x_wconf 75' lang='lat' dir='ltr'>charitate,</span> <span class='ocrx_word' id='word_1_600' title='bbox 2357 4450 2646 4509; x_wconf 89' lang='lat' dir='ltr'>concludit</span> <span class='ocrx_word' id='word_1_601' title='bbox 2678 4474 2692 4509; x_wconf 72' lang='grc' dir='ltr'><strong><em>ε</em></strong></span> <span class='ocrx_word' id='word_1_602' title='bbox 2721 4453 2799 4511; x_wconf 80' lang='lat' dir='ltr'>Et</span> <span class='ocrx_word' id='word_1_603' title='bbox 2844 4454 2962 4509; x_wconf 79' lang='lat' dir='ltr'>ideo</span> <span class='ocrx_word' id='word_1_604' title='bbox 3000 4455 3306 4514; x_wconf 69' lang='lat' dir='ltr'>diversitas</span> <span class='ocrx_word' id='word_1_605' title='bbox 3355 4462 3424 4516; x_wconf 73' lang='lat' dir='ltr'>in</span> 
     </span>
     <span class='ocr_line' id='line_1_95' title="bbox 2034 4532 3426 4598; baseline 0.009 -12"><span class='ocrx_word' id='word_1_606' title='bbox 2034 4532 2285 4588; x_wconf 80' lang='lat' dir='ltr'>merendo</span> <span class='ocrx_word' id='word_1_607' title='bbox 2306 4538 2418 4587; x_wconf 78' lang='lat' dir='ltr'>tota</span> <span class='ocrx_word' id='word_1_608' title='bbox 2442 4534 2737 4589; x_wconf 76' lang='lat' dir='ltr'>revertitur</span> <span class='ocrx_word' id='word_1_609' title='bbox 2758 4535 2834 4590; x_wconf 83' lang='lat' dir='ltr'>ad</span> <span class='ocrx_word' id='word_1_610' title='bbox 2864 4536 3238 4594; x_wconf 74' lang='lat' dir='ltr'>diversitatem</span> <span class='ocrx_word' id='word_1_611' title='bbox 3267 4542 3426 4598; x_wconf 60' lang='lat' dir='ltr'>eha-</span> 
     </span>
     <span class='ocr_line' id='line_1_96' title="bbox 2033 4610 3419 4687; baseline 0.007 -18"><span class='ocrx_word' id='word_1_612' title='bbox 2033 4615 2240 4669; x_wconf 77' lang='lat' dir='ltr'>ritatis.</span> <span class='ocrx_word' id='word_1_613' title='bbox 2293 4610 2505 4669; x_wconf 85' lang='lat' dir='ltr'>Eodem</span> <span class='ocrx_word' id='word_1_614' title='bbox 2551 4613 2722 4671; x_wconf 92' lang='lat' dir='ltr'>modo</span> <span class='ocrx_word' id='word_1_615' title='bbox 2766 4615 3019 4687; x_wconf 88' lang='lat' dir='ltr'>loquitur</span> <span class='ocrx_word' id='word_1_616' title='bbox 3079 4617 3186 4672; x_wconf 79' lang='lat' dir='ltr'>de</span> <span class='ocrx_word' id='word_1_617' title='bbox 3206 4618 3419 4680; x_wconf 69' lang='lat' dir='ltr'>Merit.</span> 
     </span>
     <span class='ocr_line' id='line_1_97' title="bbox 2033 4694 3422 4777; baseline 0.009 -29"><span class='ocrx_word' id='word_1_618' title='bbox 2033 4710 2083 4767; x_wconf 85' lang='lat' dir='ltr'>q.</span> <span class='ocrx_word' id='word_1_619' title='bbox 2116 4695 2200 4761; x_wconf 84' lang='grc'>12,</span> <span class='ocrx_word' id='word_1_620' title='bbox 2229 4701 2338 4750; x_wconf 85' lang='lat' dir='ltr'>art.</span> <span class='ocrx_word' id='word_1_621' title='bbox 2378 4694 2442 4749; x_wconf 90' lang='lat'>13</span> <span class='ocrx_word' id='word_1_622' title='bbox 2469 4696 2529 4749; x_wconf 82' lang='lat' dir='ltr'>in</span> <span class='ocrx_word' id='word_1_623' title='bbox 2548 4712 2692 4767; x_wconf 83' lang='lat' dir='ltr'>corp.</span> <span class='ocrx_word' id='word_1_624' title='bbox 2723 4700 2781 4752; x_wconf 91' lang='lat' dir='ltr'>et</span> <span class='ocrx_word' id='word_1_625' title='bbox 2804 4696 2936 4752; x_wconf 88' lang='lat' dir='ltr'>aliis</span> <span class='ocrx_word' id='word_1_626' title='bbox 2966 4698 3120 4756; x_wconf 89' lang='lat' dir='ltr'>locis.</span> <span class='ocrx_word' id='word_1_627' title='bbox 3151 4700 3240 4756; x_wconf 85' lang='lat' dir='ltr'>Ex</span> <span class='ocrx_word' id='word_1_628' title='bbox 3267 4705 3422 4777; x_wconf 85' lang='lat' dir='ltr'>qui-</span> 
     </span>
     <span class='ocr_line' id='line_1_98' title="bbox 2032 4773 3084 4848; baseline 0.004 -18"><span class='ocrx_word' id='word_1_629' title='bbox 2032 4773 2139 4830; x_wconf 90' lang='lat' dir='ltr'>bus</span> <span class='ocrx_word' id='word_1_630' title='bbox 2169 4780 2352 4847; x_wconf 89' lang='lat' dir='ltr'>potest</span> <span class='ocrx_word' id='word_1_631' title='bbox 2375 4790 2618 4848; x_wconf 89' lang='lat' dir='ltr'>sequens</span> <span class='ocrx_word' id='word_1_632' title='bbox 2646 4775 2792 4833; x_wconf 90' lang='lat' dir='ltr'>ratio</span> <span class='ocrx_word' id='word_1_633' title='bbox 2820 4775 3084 4836; x_wconf 89' lang='lat' dir='ltr'>formari.</span> 
     </span>
     <span class='ocr_line' id='line_1_99' title="bbox 2103 4856 3578 4947; baseline 0.009 -35"><span class='ocrx_word' id='word_1_634' title='bbox 2103 4857 2200 4912; x_wconf 90' lang='grc'>28.</span> <span class='ocrx_word' id='word_1_635' title='bbox 2242 4856 2527 4912; x_wconf 83' lang='lat' dir='ltr'>Formalis</span> <span class='ocrx_word' id='word_1_636' title='bbox 2551 4857 2698 4914; x_wconf 87' lang='lat' dir='ltr'>ratio</span> <span class='ocrx_word' id='word_1_637' title='bbox 2719 4856 2871 4915; x_wconf 86' lang='lat' dir='ltr'>unde</span> <span class='ocrx_word' id='word_1_638' title='bbox 2897 4863 3051 4915; x_wconf 86' lang='lat' dir='ltr'>actus</span> <span class='ocrx_word' id='word_1_639' title='bbox 3074 4861 3265 4919; x_wconf 77' lang='lat' dir='ltr'>nostri</span> <span class='ocrx_word' id='word_1_640' title='bbox 3301 4865 3424 4925; x_wconf 85' lang='lat' dir='ltr'>ha-</span> <span class='ocrx_word' id='word_1_641' title='bbox 3471 4901 3578 4947; x_wconf 54' lang='grc' dir='ltr'><strong>Η</strong></span> 
     </span>
    </p>

    <p class='ocr_par' dir='ltr' id='par_1_12' title="bbox 2028 4933 3424 5099">
     <span class='ocr_line' id='line_1_100' title="bbox 2030 4933 3424 5016; baseline 0.01 -24"><span class='ocrx_word' id='word_1_642' title='bbox 2030 4933 2186 5002; x_wconf 88' lang='lat' dir='ltr'>bent,</span> <span class='ocrx_word' id='word_1_643' title='bbox 2206 4935 2358 5009; x_wconf 91' lang='lat' dir='ltr'>quod</span> <span class='ocrx_word' id='word_1_644' title='bbox 2381 4937 2500 4993; x_wconf 88' lang='lat' dir='ltr'>sint</span> <span class='ocrx_word' id='word_1_645' title='bbox 2526 4938 2833 5006; x_wconf 88' lang='lat' dir='ltr'>meritorii,</span> <span class='ocrx_word' id='word_1_646' title='bbox 2864 4944 2949 4996; x_wconf 88' lang='lat' dir='ltr'>est</span> <span class='ocrx_word' id='word_1_647' title='bbox 2978 4939 3257 5016; x_wconf 82' lang='lat' dir='ltr'>charitas,</span> <span class='ocrx_word' id='word_1_648' title='bbox 3282 4948 3424 5010; x_wconf 81' lang='lat' dir='ltr'>sive</span> 
     </span>
     <span class='ocr_line' id='line_1_101' title="bbox 2028 5011 3424 5099; baseline 0.013 -27"><span class='ocrx_word' id='word_1_649' title='bbox 2028 5016 2326 5074; x_wconf 89' lang='lat' dir='ltr'>charitatis</span> <span class='ocrx_word' id='word_1_650' title='bbox 2348 5011 2568 5085; x_wconf 90' lang='lat' dir='ltr'>relatio,</span> <span class='ocrx_word' id='word_1_651' title='bbox 2594 5024 2649 5076; x_wconf 91' lang='lat' dir='ltr'>et</span> <span class='ocrx_word' id='word_1_652' title='bbox 2675 5018 3059 5077; x_wconf 90' lang='lat' dir='ltr'>informatio·</span> <span class='ocrx_word' id='word_1_653' title='bbox 3046 5037 3228 5099; x_wconf 84' lang='lat' dir='ltr'>·ergo</span> <span class='ocrx_word' id='word_1_654' title='bbox 3257 5031 3424 5090; x_wconf 87' lang='lat' dir='ltr'>ratio</span> 
     </span>
    </p>
   </div>
   <div class='ocr_carea' id='block_1_10' title="bbox 3107 5103 3414 5181">
    <p class='ocr_par' dir='ltr' id='par_1_13' title="bbox 3107 5103 3414 5181">
     <span class='ocr_line' id='line_1_102' title="bbox 3107 5103 3414 5181; baseline 0.038 -22"><span class='ocrx_word' id='word_1_655' title='bbox 3107 5103 3414 5181; x_wconf 87' lang='lat' dir='ltr'>formalis,</span> 
     </span>
    </p>
   </div>
  </div>
 </body>
</html>
