3647 5753
116 1364 182 1409 nio

1449 428 1626 485 DISP.
1671 429 1793 492 vn,
1839 427 2006 483 DUB.
2048 427 2145 482 111.
3016 408 3089 462 63

223 616 354 674 ciali
367 616 561 691 gratia
579 615 776 687 nequit
796 614 962 688 gravi
979 612 1280 671 tentationi
1308 609 1588 677 resistere,

221 696 319 755 sed
340 696 454 753 sibi
479 695 713 753 relictus
725 695 816 752 illi
843 693 1235 752 infallibiliter
1253 689 1588 755 succumbit,

224 783 289 836 ut
322 778 637 835 statuimus
679 778 820 850 disp.
865 779 918 845 2,
967 775 1093 833 dub.
1125 776 1160 829 8
1189 798 1203 839 ;
1232 789 1368 848 ergo
1405 789 1475 829 ex
1501 787 1589 840 eo,

224 859 375 935 quod
397 860 588 937 gratia
611 874 732 917 non
757 863 986 916 moveat
1008 857 1257 931 physice,
1287 855 1385 912 sed
1407 871 1596 912 mora·

229 942 378 1007 liter,
411 940 661 998 minime
687 940 957 1009 infertur,
982 927 1131 1012 quod
1162 942 1401 1012 nequeat
1423 935 1595 992 infal-

227 1021 471 1080 libiliter
493 1036 838 1079 consensum
856 1020 1095 1078 inferre.
1118 1017 1448 1075 Praesertim
1463 1032 1593 1073 cum

228 1119 345 1160 non
395 1103 471 1159 sit
523 1102 721 1158 minus
776 1108 974 1174 potens
1019 1102 1168 1157 Deus
1203 1098 1266 1155 in
1307 1096 1594 1155 movendo

228 1184 531 1242 moraliter
554 1199 657 1256 per
694 1183 963 1256 gratiam,
997 1199 1058 1239 ac
1085 1180 1347 1237 diabolus
1373 1179 1438 1236 in
1465 1195 1594 1237 mo-

229 1263 412 1324 vendo
437 1263 746 1321 moraliter
774 1279 875 1337 per
895 1262 1291 1320 tentationem.

302 1343 702 1419 Respondetur
726 1360 798 1401 ex
835 1343 1001 1400 dictis
1026 1344 1150 1400 loco
1178 1342 1240 1398 in
1279 1340 1594 1414 objectione

230 1425 413 1492 citato,
437 1427 732 1483 minorem
753 1425 939 1482 solum
962 1422 1251 1480 verificari
1269 1423 1333 1479 in
1356 1422 1595 1481 homine

231 1508 383 1580 lapso
413 1532 427 1576 ;
460 1525 601 1564 nam
625 1508 795 1564 homo
834 1508 1039 1581 justuS,
1092 1505 1212 1561 imo
1239 1506 1412 1562 homo
1438 1506 1595 1561 exis·-

231 1593 351 1646 tens
377 1589 442 1644 in
467 1594 622 1644 statu
654 1592 874 1644 naturae
901 1601 1076 1660 purae,
1129 1590 1311 1660 posset
1338 1583 1593 1642 absolute

226 1684 352 1723 cum
379 1667 790 1726 communibus
818 1668 1112 1740 utrIusque
1149 1671 1329 1723 status
1357 1665 1593 1722 auxiliis

227 1750 530 1807 tentationi
563 1751 749 1825 gravi,
799 1751 1005 1807 saltem
1035 1766 1137 1822 per
1164 1747 1337 1806 breve
1364 1754 1592 1821 tempus

229 1830 512 1888 resistere.
537 1831 699 1896 Quod
722 1837 913 1889 autem
928 1832 1102 1888 homo
1124 1831 1315 1903 lapsus
1332 1846 1448 1886 non
1472 1845 1594 1902 pos-

225 1911 299 1967 sit
340 1909 556 1984 absque
600 1911 834 1984 speciali
878 1911 1066 1985 gratia
1114 1911 1376 1967 resistere
1427 1909 1590 1984 gravi

226 1991 555 2057 tentationi,
588 2008 705 2049 non
754 1991 1018 2065 provenit
1044 2008 1116 2048 ex
1142 1990 1360 2048 defectu
1391 1996 1592 2064 poten-

228 2071 318 2128 tiae
340 2071 609 2145 physicae‚
641 2074 845 2129 saltem
871 2077 1134 2130 remotae:
1163 2070 1262 2128 sed
1283 2087 1353 2127 ex
1375 2070 1592 2128 defectu

227 2150 464 2226 alicujus
491 2150 896 2224 comprincipii
927 2151 1187 2214 moralis,
1243 2149 1392 2222 quod
1418 2150 1592 2207 homo

229 2231 414 2303 lapsus
432 2231 634 2304 nequit
651 2232 901 2304 potentia
915 2231 1283 2303 consequenti
1295 2230 1362 2286 ad
1370 2230 1586 2299 hibere,

221 2315 278 2366 et
296 2311 406 2367 sibi
431 2311 767 2386 adjungere.
793 2315 935 2367 Cum
957 2313 1115 2368 enim
1141 2311 1378 2367 tentatio
1398 2312 1591 2384 gravis

227 2392 498 2463 importet
518 2394 836 2449 motionem
859 2390 1198 2465 objectivam
1221 2391 1592 2449 vehementer

229 2473 582 2530 allicientem
600 2472 670 2531 ad
690 2476 933 2539 malum,
957 2490 1073 2530 non
1098 2478 1278 2546 potest
1296 2473 1592 2530 efficaciter

233 2555 491 2622 refutari,
540 2556 656 2612 nisi
686 2556 749 2612 in
792 2556 1005 2612 virtute
1044 2555 1280 2611 alterius
1320 2555 1592 2612 motionis

228 2635 523 2710 obJectivae
553 2637 924 2709 yehementer
951 2636 1232 2693 trahentis
1260 2635 1328 2691 ad
1377 2634 1591 2693 bonum

233 2716 535 2774 honestum
558 2718 863 2791 tentationi
886 2718 1228 2790 oppositum.
1252 2718 1353 2773 Ille
1375 2722 1586 2781 autem,

226 2800 323 2871 qui
349 2806 434 2857 est
461 2800 528 2856 in
573 2806 794 2872 peccato
840 2799 1093 2864 mortali,
1138 2799 1336 2871 nequit
1361 2815 1431 2856 ex
1477 2814 1591 2854 una

232 2886 386 2952 parte
428 2886 721 2953 peccatum
768 2881 866 2938 abs
892 2897 953 2937 se
993 2879 1254 2954 abjicere,
1299 2884 1354 2935 et
1378 2896 1449 2935 ex
1478 2879 1592 2935 alia

144 2984 148 2988 ’
232 2968 388 3036 parte
415 2979 536 3021 non
565 2964 720 3020 valet
746 2964 808 3019 in
832 2979 1001 3020 sensu
1031 2961 1342 3034 composito
1382 2962 1592 3018 hones-

231 3053 370 3110 tum,
400 3060 537 3101 cum
568 3060 670 3117 per
697 3051 983 3118 peccatum
1006 3043 1080 3098 sit
1106 3059 1340 3099 aversus
1366 3041 1436 3096 ab
1465 3041 1586 3097 illo.

233 3124 392 3182 Unde
409 3131 789 3198 permanente
801 3126 901 3181 tali
918 3123 1141 3182 statu.si
1159 3139 1276 3196 non
1292 3121 1593 3196 adjuvetur

231 3221 331 3278 per
354 3204 604 3278 speciale
628 3205 825 3279 gratiae
852 3204 1157 3268 auxilium,
1201 3199 1593 3259 infallibiliter

227 3284 387 3342 cedet
410 3284 582 3359 gravi
610 3286 932 3351 tentationi,
983 3289 1045 3341 ut
1072 3285 1192 3340 loco
1217 3284 1387 3339 citato
1422 3282 1593 3346 latius

226 3365 634 3438 explicuimus.
685 3367 813 3422 Haec
839 3372 1029 3421 autem
1068 3365 1214 3421 ra‘tio
1241 3378 1358 3420 non
1380 3362 1594 3420 militat

233 3447 295 3502 in
316 3463 446 3504 casu
477 3447 806 3521 argumenti
835 3471 848 3512 ;
882 3463 1017 3502 nam
1048 3445 1230 3520 gratia
1258 3444 1497 3501 moralis
1522 3460 1592 3501 ex

237 3543 346 3585 una
362 3534 524 3602 parte
543 3544 664 3584 non
685 3527 1039 3585 connectitur
1055 3526 1449 3584 infallibiliter
1461 3542 1591 3582 cum

228 3623 530 3675 consensu,
561 3615 621 3665 et
643 3624 714 3665 ex
741 3609 854 3665 alia
906 3609 1182 3682 relinquit
1210 3607 1272 3664 in
1302 3608 1593 3664 voluntate

242 3688 563 3747 facultatem
603 3690 844 3746 omnino
882 3689 1205 3763 expeditam
1246 3687 1317 3746 ad
1368 3688 1593 3744 dissen-

232 3785 395 3830 sum:
426 3787 567 3827 nam
596 3771 1144 3843 potestasrproximffi
1173 3768 1524 3834 antecedens,
1538 3772 1594 3823 et

237 3865 307 3906 ex
331 3867 392 3907 se
415 3867 770 3923 consequens
791 3851 860 3908 ad
884 3850 1374 3925 peccandum,non
1403 3848 1592 3906 exclu-

243 3929 390 3988 ditur
420 3949 522 4006 per
549 3934 724 3989 talem
751 3935 1018 4007 gratiam.
1051 3931 1436 3998 Quamobrem
1451 3929 1595 3985 sicut

240 4017 321 4066 est
355 4014 714 4088 contingenS,
764 4013 910 4086 quod
966 4016 1229 4072 voluntas
1280 4010 1595 4068 consentiat

232 4092 451 4164 gratim,
486 4093 569 4149 ita
594 4097 680 4148 est
705 4094 1057 4167 contingens,
1088 4091 1236 4166 quod
1265 4091 1352 4146 illi
1380 4089 1596 4146 dissen-

240 4172 337 4227 tiat
361 4194 375 4227 ε
403 4179 573 4245 atque
601 4172 730 4229 ideo
773 4175 968 4247 nequit
996 4176 1141 4230 Deus
1167 4189 1236 4229 ex
1257 4172 1316 4227 vi
1344 4170 1595 4227 auxilio-

241 4260 364 4300 rum
392 4247 709 4303 moralium
738 4253 890 4303 certo
921 4246 1032 4304 sibi
1062 4246 1415 4319 promittere,
1446 4241 1595 4316 quod

238 4326 497 4383 voluntas
544 4325 938 4384 infallibiliter
983 4328 1172 4385 eliciet
1210 4341 1551 4383 consensum
1579 4346 1592 4380 ι

241 4421 337 4461 nec
358 4405 414 4459 id
435 4422 543 4462 sua
565 4406 982 4477 omnipotentia
1002 4408 1317 4473 efficaciter,
1343 4410 1399 4461 et
1425 4403 1597 4460 infal-

243 4486 478 4544 libiliter
523 4493 872 4559 assequetur,
928 4490 978 4544 si
1010 4490 1069 4545 in
1095 4489 1216 4545 sola
1267 4486 1598 4544 communi-

238 4567 458 4625 catione
476 4568 680 4641 gratiae
693 4570 990 4627 moraliter
1007 4569 1292 4626 moventis
1310 4566 1592 4642 persistat,

243 4653 305 4702 ut
330 4655 550 4706 constat
569 4664 642 4706 ex
663 4665 836 4722 supra
863 4650 1046 4708 dictis.

2319 612 2351 680 ς
2398 609 2491 663 vx.

1729 765 2084 840 Ezpenditur
2123 765 2283 821 aliud
2320 764 2586 819 motivum
2617 750 2807 816 contra
2842 754 3089 827 qratiam

1798 848 2068 922 efficacem
2105 864 2177 902 ea:
2208 845 2616 914 directioneper
2649 838 2936 894 scientiam
2974 849 3091 886 me-

1798 928 1973 983 diam.

1799 1081 1892 1137 94.
1937 1083 2150 1144 Quarto
2174 1072 2451 1134 suadetur
2475 1078 2672 1130 nostra
2698 1066 2987 1127 conclusio
3008 1081 3090 1121 se·
3104 1070 3291 1162 Altgtgtn

1724 1160 1922 1235 quenti
1954 1159 2213 1217 discursu
2243 1180 2255 1214 :
2295 1153 2703 1231 quoniam‘illa
2735 1144 3086 1209 infallibilis,
3122 1174 3287 1211 semen-

1724 1251 1780 1302 et
1800 1242 2139 1301 antecedens
2165 1238 2464 1303 connexio,
2482 1251 2656 1310 quam
2684 1232 2869 1307 gratia
2895 1226 3091 1285 efficax
3105 1215 3305 1309 ῑῑξυᾞζξῐῑ·

1727 1325 1788 1380 in
1814 1330 1964 1380 statu
2014 1321 2271 1385 absoluto
2298 1317 2469 1374 habet
2516 1331 2644 1371 cum
2691 1308 3085 1368 conversione.

1725 1404 1893 1462 debet
1917 1420 2037 1462 esse
2057 1401 2254 1466 volita,
2286 1403 2345 1456 et
2371 1398 2594 1454 intenta
2616 1411 2648 1450 a
2675 1395 2788 1448 Deo
2815 1415 2829 1457 ;
2858 1394 2914 1446 et
2952 1402 3091 1475 con-

1723 1489 2027 1557 sequenter
2053 1480 2220 1539 debet
2244 1495 2315 1535 ex
2343 1482 2503 1551 parte
2537 1473 2637 1531 Dei
2667 1467 2948 1544 assignari
2979 1466 3092 1522 ali—

1725 1565 1877 1640 quod
1921 1564 2231 1629 decretum,
2298 1576 2410 1633 quo
2457 1559 2623 1614 illam
2671 1551 3089 1640 connexionem

1725 1649 1884 1714 velit,
1943 1653 1999 1704 et
2038 1642 2300 1702 intendat
2333 1664 2345 1698 ι
2395 1639 2549 1713 atqui
2605 1638 2767 1711 juxta
2809 1630 3092 1705 principia

1725 1728 1975 1785 scientiae
1995 1725 2219 1790 mediae,
2243 1721 2439 1794 nequit
2460 1715 2744 1791 assignari
2770 1714 2881 1768 tale
2904 1711 3093 1767 decre-

1725 1813 1848 1865 tum
1871 1823 2035 1882 :ergo
2055 1806 2238 1880 gratia
2254 1819 2370 1859 non
2391 1806 2475 1858 est
2495 1798 2689 1855 efficax
2704 1791 3093 1865 dependenter

1726 1889 1796 1945 ab
1820 1886 2147 1961 hujusmodi
2174 1883 2432 1941 scientia.
2474 1875 2890 1949 Consequentia
2918 1876 3085 1945 patet.

1724 1972 1911 2044 Major
1955 1969 2129 2027 etiam
2168 1967 2345 2039 liquet
2378 1986 2390 2020 ε
2446 1968 2568 2017 tum
2596 1957 2730 2031 quia
2757 1956 2804 2010 si
2832 1971 2903 2010 ex
2934 1956 3093 2044 parte

1725 2053 1825 2109 Dei
1857 2067 1973 2108 non
2002 2049 2327 2122 assignatur
2353 2045 2666 2104 decretum,
2714 2054 2825 2111 quo
2853 2037 3011 2100 velit,
3037 2038 3092 2088 et

1728 2132 1993 2189 intendat
2044 2129 2465 2188 connexionem
2517 2125 2671 2180 inter
2720 2116 2986 2195 gratiam,
3036 2118 3092 2204 et

1723 2213 2156 2272 conversionem
2184 2236 2197 2271 ι
2223 2211 2327 2266 illa
2353 2204 2681 2281 conjunctio
2717 2196 2954 2257 actualis
2980 2200 3091 2250 erit

1725 2311 1758 2352 a
1779 2311 1909 2351 casu
1939 2298 2189 2365 respectu
2242 2290 2357 2347 Dei.
2389 2294 2444 2345 et
2473 2289 2675 2360 praeter
2704 2277 3087 2365 intentionem

1725 2375 1916 2442 illius;
1941 2373 2088 2447 quod
2111 2378 2195 2429 est
2215 2369 2546 2428 absurdum.
2575 2368 2724 2420 Tum
2744 2361 2939 2424 etiam,
2956 2371 3090 2429 quia

1723 2471 1796 2512 ex
1822 2453 2080 2527 opposito
2107 2450 2291 2515 fieret,
2338 2448 2584 2524 gratiam
2612 2442 2912 2501 efficacem,
2945 2452 3089 2508 qua-

1724 2541 1890 2593 tenus
1916 2535 2109 2599 talem,
2142 2548 2260 2588 non
2286 2545 2406 2587 esse
2433 2525 2676 2600 speciale
2726 2522 2824 2577 Dei
2869 2514 3089 2574 benefi-

1723 2618 1877 2673 cium
1909 2639 1924 2682 3
1966 2614 2070 2670 hoc
2093 2611 2302 2685 quippe
2328 2607 2494 2665 debet
2521 2602 2829 2679 provenire
2855 2614 2925 2655 ex
2949 2611 3082 2669 spe-

1723 2698 1854 2755 ciali
1899 2696 1997 2753 Dei
2026 2694 2362 2756 intentione,
2388 2695 2442 2747 et
2464 2701 2659 2745 amore
2681 2677 3081 2740 benefactoris

1724 2779 1917 2834 Minor
1938 2782 2129 2833 autem
2175 2770 2512 2834 ostenditur,
2563 2767 2700 2841 quia
2723 2764 2813 2820 vel
2855 2758 3246 2835 praedic-egam·
3262 2789 3285 2821 a

1724 2867 1848 2918 tum
1887 2858 2176 2916 decretum
2223 2850 2581 2911 antecederet
2617 2844 2917 2904 scientiam
2961 2856 3083 2897 me·
3100 2831 3276 2920 ὓῦῃζξῇῑιζιὸ

1723 2942 1902 3006 diam,
1947 2941 2037 2995 vel
2068 2943 2189 3012 post
2216 2937 2379 2992 illam
2408 2934 2740 3005 sequeretur
2761 2929 2787 2982 Ρ
2820 2924 3083 2980 Primum
3100 2926 3272 3017 ddeven-

1725 3021 1920 3095 nequit
1948 3019 2174 3076 admitti
2204 3015 2273 3074 ab
2302 3015 2469 3088 hujus
2514 3009 2764 3068 scientiae
2806 2984 3301 3083 patroniS,qfi}¹{⁵0¹s}ssI

1724 3100 2008 3175 siquidem
2057 3101 2336 3164 asserunt,
2396 3094 2561 3149 illam
2590 3090 2776 3147 inesse
2815 3087 2928 3141 Deo
2955 3088 3086 3139 ante
3100 3075 3277 3176 cfflffi
3280 3145 3294 3155 ·

1725 3198 1897 3241 omne
1937 3180 2186 3236 liberum
2226 3174 2565 3234 exercitium
2594 3186 2708 3227 suae
2747 3163 3079 3223 voluntatis.
3101 3172 3259 3231 videnti

1726 3267 1840 3319 Nec
1864 3259 2175 3318 secundum
2201 3260 2432 3330 possunt
2452 3249 2758 3311 concedere
2777 3243 3085 3303 conformi·
3117 3222 3278 3265 dnvma.

1725 3348 1811 3399 ter
1833 3339 1902 3398 ad
1924 3357 2024 3397 sua
2048 3336 2351 3412 principia.
2374 3334 2581 3395 Primo,
2598 3330 2731 3403 quia
2752 3327 2836 3383 eis
2857 3321 3079 3388 stando,

1725 3420 1916 3480 omnis
1942 3418 2256 3493 suppositio
2272 3412 2609 3472 antecedens
2629 3421 2883 3465 connexa
2908 3404 3086 3460 infal-
3162 3470 3170 3476 ἱ

1625 3511 1632 3516 ’
1726 3503 1969 3560 libiliter
1995 3517 2125 3557 cum
2155 3505 2279 3556 actu
2320 3495 2471 3553 tollit
2519 3491 2862 3549 libertatem,
2907 3491 2963 3541 et
2985 3501 3088 3558 po-

1724 3587 1985 3640 testatem
2030 3579 2101 3636 ad
2139 3577 2461 3650 oppositum
2497 3597 2510 3640 3
2555 3587 2668 3645 quo
2714 3566 3089 3622 fundamento

1725 3661 2111 3719 communiter
2176 3660 2416 3712 utuntur
2475 3651 2546 3708 ad
2623 3641 3085 3720 impugnandum

1726 3743 1989 3817 physicas
2013 3737 2411 3813 praemotiones
2437 3756 2448 3791 ε
2479 3731 2577 3790 sed
2608 3728 2751 3786 illud
2785 3725 2881 3800 Dei
2906 3724 3092 3813 decre·

1726 3828 1849 3877 tum
1881 3818 2185 3877 intendens
2209 3815 2625 3872 connexionem
2656 3809 2809 3863 inter
2840 3809 3087 3860 vocatio-

1727 3919 1878 3966 nem,
1908 3907 1966 3958 et
2003 3897 2457 3962 conversionem,
2490 3899 2545 3950 et
2582 3889 2991 3961 subsequutum
3020 3882 3089 3939 ad

1726 3983 2025 4040 scientiam
2069 3978 2340 4041 mediam,
2385 3978 2531 4032 esset
2575 3968 2889 4043 suppositio
2926 3971 3091 4021 ante-

1726 4063 1932 4121 cedens
1976 4066 2228 4133 respectu
2258 4053 2633 4113 connexionis
2661 4051 2723 4106 in
2748 4053 2894 4104 statu
2925 4043 3094 4101 abso-

1728 4145 1867 4209 luto,
1900 4157 2140 4215 eamque
2167 4135 2560 4195 infallibiliter
2588 4131 2882 4188 induceret
2910 4148 2922 4182 ε
2952 4141 3092 4199 ergo

1730 4224 2063 4299 praedictum
2101 4221 2391 4278 decretum
2437 4215 2633 4289 nequit
2657 4208 2888 4268 concedi
2931 4209 3094 4281 juxta

1728 4306 1984 4364 scientiae
2029 4303 2233 4361 mediae
2279 4299 2580 4376 principia.
2630 4292 2898 4356 Secundo.
2956 4304 3089 4345 nam

1729 4386 1857 4444 ideo
1900 4400 2206 4443 consensus
2234 4384 2297 4439 in
2324 4387 2469 4438 statu
2504 4376 2904 4436 conditionatae
2932 4369 3092 4426 futu-

1732 4466 1963 4522 ritionis
2010 4463 2357 4538 praevidetur
2382 4458 2577 4535 egredi
2618 4455 2797 4512 libere
2821 4469 2852 4509 a
2880 4452 3092 4507 volun-

1732 4552 1863 4611 tate,
1883 4546 2015 4619 quia
2032 4562 2101 4602 ex
2120 4550 2278 4617 parte
2294 4539 2674 4599 antecedentis
2691 4534 2840 4593 nihil
2859 4533 3092 4607 ponitur

1730 4641 2053 4684 connexum
2096 4621 2490 4680 infallibiliter
2527 4634 2656 4675 cum
2684 4630 2989 4678 consensu,
3032 4618 3092 4668 ut

1731 4706 2063 4764 Adversarii
2093 4704 2423 4760 discurrunt
2454 4722 2468 4757 ε
2498 4714 2634 4773 ergo
2654 4696 2700 4752 si
2726 4696 2787 4751 in
2815 4700 2962 4751 statu
2990 4692 3094 4750 ab·

1731 4791 1919 4846 soluto
1946 4785 2209 4861 praecedit
2246 4784 2536 4841 decretum
2574 4780 2670 4836 Dei
2702 4774 3096 4834 infallibiliter

1735 4871 1996 4927 inferens
2016 4868 2377 4929 consensum,
2400 4863 2520 4937 jam
2545 4861 2636 4917 hic
2664 4860 2726 4915 in
2753 4863 2901 4914 statu
2929 4854 3098 4913 abso-

1735 4951 1855 5009 luto
1909 4965 2025 5007 non
2069 4945 2395 5022 egredietur
2446 4941 2627 4998 libere
2671 4956 2705 4996 a
2777 4940 3092 4997 voluntate.

1743 5031 1940 5096 Tertio,
1967 5029 2101 5103 quia
2127 5027 2176 5083 si
2200 5025 2270 5083 ad
2298 5023 2637 5081 consensum
2662 5021 2724 5077 in
2751 5024 2898 5076 statu
2928 5015 3100 5073 abso-
