3647 5753
40 2982 207 3037 epllce.

76 4423 157 4467 sio.

1409 347 1587 404 DISP.
1631 348 1726 415 IV,
1772 347 1940 403 DUB.
1983 350 2026 404 1.
3014 352 3089 407 25

227 526 350 584 alio
396 524 566 584 modo
609 526 786 580 Deum
837 527 1139 596 proponat,
1172 521 1386 578 scilicet
1424 521 1597 578 incli-

228 606 429 665 nando
467 606 729 681 practice,
770 611 826 662 et
866 603 1153 663 movendo
1193 603 1490 660 efficaciter
1526 602 1597 659 ad

227 691 354 766 ejus
389 690 776 754 dilectionem,
803 690 895 746 vel
925 705 1026 761 per
1054 693 1242 744 actum
1265 685 1596 744 ordinatum

228 774 296 830 in
324 772 515 839 illum,
546 767 777 826 sicut‘in
808 769 983 826 finem
1014 770 1285 824 ultimum
1313 783 1597 841 superna-

228 855 505 917 turalem,
530 858 750 908 certum
792 850 960 908 debet
985 866 1106 905 esse
1134 866 1251 905 non
1285 850 1599 906 convenire

225 932 362 991 fidei
381 938 512 989 ante
533 933 894 998 charitatem,
915 930 1013 987 sed
1040 946 1139 1003 per
1155 929 1597 1002 dependentiam

224 1020 284 1072 et
313 1013 812 1087 participationem
842 1011 912 1067 ab
942 1012 1082 1083 ipsa,
1115 1011 1205 1068 cui
1231 1008 1288 1064 id
1328 1011 1599 1068 convenit

224 1096 391 1168 quasi
435 1111 534 1167 per
562 1094 894 1152 essentiam.
934 1090 1093 1154 Quod
1125 1097 1318 1146 autem
1360 1090 1499 1148 fides
1524 1092 1598 1147 sit

224 1178 384 1242 viva,
405 1175 554 1249 quod
576 1176 649 1231 sit
674 1176 939 1239 formata,
972 1179 1078 1229 etc.
1105 1188 1222 1229 non
1246 1170 1316 1228 ad
1340 1173 1597 1244 primum

226 1258 394 1328 illud,
425 1257 575 1331 quod
598 1258 773 1314 etiam
803 1257 864 1313 in
895 1255 1007 1313 fide
1036 1261 1259 1312 mortua
1287 1256 1592 1328 reperitur,

226 1342 328 1400 sed
351 1340 422 1397 ad
446 1342 549 1398 hoc
585 1339 898 1397 secundum
928 1343 1142 1412 spectat
1166 1363 1180 1405 3
1206 1355 1322 1395 non
1351 1354 1487 1413 ergo
1505 1352 1599 1394 se-

227 1423 483 1481 cundum
527 1424 630 1481 hoc
668 1420 834 1478 debet
862 1420 1197 1477 antecedere
1235 1420 1596 1477 charitatem.

227 1508 380 1561 Tum
413 1506 610 1572 etiam,
642 1503 777 1577 quia
804 1501 976 1559 fidem
1006 1519 1128 1576 esse
1150 1504 1366 1568 vivam,
1398 1508 1455 1560 et
1479 1517 1601 1559 esse

228 1587 561 1652 formatam,
595 1601 769 1658 supra
799 1582 969 1640 fidem
999 1582 1314 1640 secundum
1347 1600 1409 1640 se
1443 1582 1601 1640 addit

225 1666 517 1731 ordinem,
538 1673 593 1724 et
611 1670 928 1737 respectum
954 1664 1509 1721 transcendentalem
1527 1663 1598 1721 ad

227 1752 409 1805 Deum
440 1754 717 1821 tanquam
763 1745 832 1800 ad
862 1743 1039 1802 finem
1083 1746 1355 1801 ultimum
1394 1761 1600 1818 super-

228 1832 582 1888 naturalem.
624 1828 788 1884 Unde
831 1828 1101 1901 proprius
1148 1833 1302 1884 actus
1340 1826 1476 1885 fidei
1519 1830 1604 1887 sic

228 1917 476 1984 sumptae
504 1909 739 1983 ponitur
766 1924 797 1964 a
827 1910 890 1964 D.
923 1908 1132 1964 Thom.
1160 1909 1216 1973 2,
1247 1910 1301 1974 2,
1334 1916 1514 1986 quast.
1540 1911 1594 1978 2,

229 1999 346 2049 art.
374 1995 429 2059 2,
464 2007 582 2048 non
611 1991 821 2046 credere
848 1989 960 2045 Deo
990 1990 1240 2063 praecise‚
1274 1989 1365 2045 vel
1397 1989 1602 2059 Deum;

226 2073 328 2131 sed
369 2073 579 2130 credere
619 2075 678 2128 in
709 2071 901 2136 Deum,
935 2070 1275 2144 explicando
1302 2086 1404 2143 per
1430 2071 1490 2146 ly
1516 2074 1595 2138 in,

231 2153 570 2231 praedictum
594 2154 880 2211 ordinem.
912 2154 1015 2209 Hic
1039 2159 1228 2209 autem
1271 2152 1412 2210 ordo
1436 2152 1602 2210 debet

227 2253 351 2294 esse
376 2237 749 2309 participatus
778 2252 809 2290 a
836 2233 1134 2298 charitate,
1168 2250 1295 2306 quae
1317 2236 1477 2307 quasi
1502 2250 1626 2308 perv

229 2320 542 2378 essentiam
561 2318 730 2375 habet
748 2318 1030 2390 respicere
1049 2316 1383 2388 praedictum
1399 2319 1596 2376 tinem.

231 2401 400 2460 L'nde
449 2402 773 2459 necessario
820 2399 986 2456 debet
1027 2398 1349 2472 dependere
1377 2400 1447 2457 ab
1475 2402 1595 2468 illa,

232 2490 290 2544 et
313 2501 442 2543 eam
473 2499 916 2556 praesupponere
945 2503 957 2537 z
986 2483 1131 2539 sicut
1171 2482 1317 2539 illud
1343 2483 1491 2556 quod
1517 2489 1605 2542 est

232 2568 350 2623 tale
394 2583 496 2640 per
531 2565 1050 2640 participationem,
1099 2568 1490 2639 praesupponit
1517 2566 1596 2636 id,

234 2646 388 2721 quod
424 2653 511 2704 est
539 2663 639 2719 per
667 2648 976 2703 essentiam
1007 2645 1139 2713 tale,
1178 2650 1233 2703 et
1260 2645 1330 2702 ab
1358 2647 1461 2705 illo
1499 2647 1599 2705 de-

233 2728 462 2803 pendet.
484 2733 613 2787 Non
630 2729 809 2803 igitur
824 2728 1137 2786 secundum
1155 2729 1301 2786 hanc
1319 2730 1599 2788 rationem

233 2816 417 2886 potest
466 2809 609 2867 fides
651 2809 970 2884 praecedere
1014 2810 1524 2881 charitatem„sed
1568 2826 1601 2868 e

232 2896 544 2954 contrario.

317 2972 401 3027 15.
428 2969 534 3026 Sed
563 2968 715 3026 dices
744 2994 757 3025 ι
792 2969 854 3025 in
877 2985 1231 3042 quocumque
1259 2969 1440 3042 priori
1460 2967 1601 3026 fides

231 3050 582 3126 intelligitur
622 3049 929 3106 dimanare
959 3067 990 3106 a
1015 3050 1220 3124 gratia,
1254 3050 1600 3124 intelligitur

232 3132 579 3206 participare
602 3132 800 3195 vitam,
822 3136 879 3188 et
899 3131 1237 3206 dignitatem
1263 3132 1442 3204 ipsius
1462 3147 1600 3206 gra-

231 3215 323 3273 tiae
356 3237 368 3272 :
415 3231 550 3289 ergo
602 3215 953 3288 intelligitur
1002 3214 1153 3282 viva,
1218 3220 1274 3272 et
1325 3214 1594 3281 formata,

232 3303 397 3370 atque
424 3296 565 3354 adeo
593 3302 652 3352 ut
680 3296 966 3352 sufficiens
995 3296 1349 3369 principium
1378 3296 1594 3363 meriti,

233 3380 396 3435 nulla
418 3384 501 3435 est
526 3378 817 3435 distinctio
856 3377 988 3435 fidei
1012 3378 1327 3435 secundum
1349 3393 1429 3445 se,
1455 3382 1510 3435 et
1541 3383 1602 3433 ut

235 3461 456 3526 formae,
488 3460 578 3515 cui
607 3460 881 3516 innititur
908 3460 1118 3517 tradita
1147 3461 1373 3518 soluti0.

309 3545 379 3600 Et
440 3540 836 3609 confirmatur,
905 3544 1041 3616 quia
1108 3545 1435 3601 intellectus
1500 3541 1599 3598 ubi

235 3625 428 3698 primo
491 3624 838 3697 intelligitur
899 3625 1208 3683 dimanare
1254 3625 1324 3682 ab
1377 3625 1595 3691 anima,

239 3706 589 3780 intelligitur
634 3705 943 3762 informari
998 3707 1067 3762 ab
1122 3707 1245 3779 illa,
1297 3712 1352 3764 et
1403 3707 1602 3763 vivere

238 3787 360 3843 vita
389 3786 570 3859 ipsius
594 3786 834 3854 animae3
866 3787 1055 3859 sicque
1079 3788 1263 3854 vivuS,
1296 3794 1352 3844 et
1382 3787 1602 3844 forma-

239 3874 346 3935 tuS,
378 3874 435 3924 et
462 3882 576 3923 non
609 3869 840 3940 praecise
867 3874 1130 3942 sumptus
1176 3868 1488 3924 secundum
1515 3884 1595 3935 se,

240 3949 587 4023 intelligitur
630 3949 945 4021 praecedere
991 3952 1351 4007 voluntatem
1398 3973 1411 4007 ε
1465 3966 1601 4024 ergo

238 4032 391 4089 idem
437 4029 744 4087 dicendum
783 4037 867 4087 est
895 4031 963 4088 de
1012 4031 1143 4098 fide,
1176 4049 1300 4106 quae
1344 4049 1405 4090 se
1432 4032 1602 4089 habet

237 4113 308 4170 ad
327 4112 572 4188 gratiam
601 4127 701 4184 per
724 4110 956 4167 modum
991 4113 1315 4170 intellectus
1346 4119 1600 4186 respectu

236 4195 550 4259 charitatiS,
582 4210 705 4267 quse
747 4200 1111 4267 comparatur
1155 4196 1225 4253 ad
1254 4196 1418 4252 illam
1462 4203 1599 4252 tan-

237 4293 410 4351 quam
433 4276 565 4332 volu
577 4281 719 4332 ntaS.

199 4393 215 4403 .
312 4351 370 4407 Si
397 4348 758 4422 respondeas,
782 4348 953 4406 fidem
983 4357 1270 4423 sumptam
1286 4349 1601 4407 secundum

237 4449 315 4500 se,
350 4448 467 4489 non
502 4431 807 4489 dimanare
852 4448 883 4488 a
930 4435 1137 4505 gratia,
1169 4431 1267 4489 sed
1319 4431 1445 4490 fieri
1500 4449 1602 4506 per

240 4515 523 4572 actionem
547 4512 899 4580 distinctam.
950 4523 1005 4574 et
1034 4516 1368 4573 hacratione
1395 4532 1601 4588 quam-

240 4596 327 4652 vis
349 4596 711 4669 intelligatur
733 4598 887 4663 viva,
912 4600 1178 4662 formata,
1200 4601 1255 4654 et
1276 4597 1595 4663 meritoria,

240 4678 338 4736 ubi
375 4679 565 4751 primo
611 4679 961 4755 intelligitur
990 4679 1293 4736 dimanare
1320 4696 1353 4736 a
1380 4680 1597 4753 gratia3

240 4777 357 4820 non
385 4766 576 4835 tamen
599 4762 679 4816 sic
711 4762 983 4837 intelligi,
1014 4762 1112 4818 ubi
1141 4767 1371 4832 sumpta
1396 4778 1603 4818 secun-

239 4843 376 4899 dum
423 4856 483 4898 se
512 4840 745 4914 praecise
775 4845 1096 4917 concipitur
1124 4841 1440 4916 praecedere
1466 4843 1603 4900 cha-

242 4930 524 5056 mgberffra
552 4998 656 5056 hoc
683 5004 784 5069 est,
816 5000 952 5073 quia
980 5002 1112 5057 licet
1166 5000 1270 5059 hoc
1294 5000 1601 5057 silvarum

1730 518 1802 575 de
1842 517 1970 587 fide,
1994 537 2120 593 quae
2146 526 2403 594 tempore
2445 521 2709 594 praecedit
2734 520 3086 578 infusionem
3117 538 3289 630 rugiana—

1730 603 1948 677 gratiae,
1979 619 2094 661 non
2123 608 2317 662 tamen
2356 604 2428 661 de
2454 605 2577 669 illa,
2609 620 2732 677 quae
2760 603 3088 660 infunditur

1733 684 1797 739 in
1827 685 1949 757 ipsa
1984 685 2390 759 justificatione
2418 703 2534 743 una
2554 703 2682 743 cum
2710 686 2912 761 gratia.
2938 687 3087 741 Tum

1732 764 1868 838 quia
1890 765 2006 823 haec
2027 765 2188 833 fides,
2208 767 2391 824 adhuc
2411 767 2724 825 secundum
2752 783 2813 823 se
2837 771 3083 839 sumpta,

1730 852 1816 903 est
1836 848 2154 919 proprietas
2179 849 2377 923 gratiae
2410 870 2422 905 :
2446 864 2582 923 ergo
2615 848 2876 904 dimanat
2902 863 2936 903 a
2953 862 3091 922 gra-

1732 926 1831 993 tia,
1863 927 2009 984 sicut
2050 944 2252 986 omnes
2305 930 2680 1003 proprietates
2720 928 3027 986 dimanant
3059 943 3093 983 a

1733 1010 1971 1082 propria
2012 1016 2242 1068 natura.
2287 1014 2434 1068 Tum
2472 1012 2668 1079 etiam,
2694 1012 2830 1084 quia
2875 1011 2972 1084 qui
3000 1010 3097 1067 dat

1732 1091 2007 1159 formam,
2044 1109 2145 1166 per
2189 1093 2432 1152 eandem
2464 1095 2748 1151 actionem
2777 1094 2872 1151 dat
2897 1108 3098 1151 conse-

1731 1173 1969 1246 quentia
2013 1173 2084 1230 ad
2123 1175 2373 1233 formam
2409 1198 2422 1233 ε
2473 1175 2613 1233 fides
2654 1182 2844 1232 autem
2883 1175 2932 1231 si
2979 1190 3097 1232 non

1734 1253 2013 1327 praecedat
2035 1260 2311 1329 tempore,
2332 1258 2700 1330 consequitur
2728 1256 2797 1313 ad
2824 1257 3090 1331 gratiam,

1731 1341 1790 1393 et
1815 1336 1905 1392 illi
1930 1335 2169 1393 debetur
2196 1361 2208 1394 ε
2239 1354 2376 1414 ergo
2418 1340 2515 1413 qui
2540 1338 2799 1412 producit
2823 1338 3089 1413 gratiam,

1731 1416 1898 1474 debet
1927 1433 2029 1490 per
2054 1417 2297 1476 eandem
2334 1421 2616 1478 actionem
2655 1418 3095 1492 comproducere

1731 1496 1903 1555 fidem
1926 1522 1940 1566 ;
1990 1516 2102 1572 quo
2142 1505 2228 1556 est
2265 1499 2438 1557 fidem
2486 1501 2789 1558 dimanare
2829 1516 2861 1556 a
2886 1500 3092 1575 gratia.

1732 1581 1883 1635 Tum
1929 1578 2196 1655 denique,
2249 1582 2384 1654 quia
2416 1588 2624 1639 natura
2671 1579 3093 1646 intellectualia,

1732 1660 1921 1734 qualis
1950 1666 2034 1718 est
2059 1661 2266 1735 gratia,
2314 1663 2635 1719 necessario
2661 1667 2746 1718 est
2775 1661 2939 1719 radix
2986 1661 3099 1717 ali-

1732 1742 1896 1816 cujus
1923 1742 2266 1808 intellectuS,
2300 1759 2398 1800 seu
2441 1742 2683 1816 alicujus
2730 1742 2957 1799 habitus
3000 1757 3098 1799 co-

1732 1822 2058 1897 gnoscitivi,
2084 1822 2181 1895 qui
2210 1822 2416 1881 habeat
2442 1840 2504 1880 se
2544 1822 2614 1880 ad
2645 1823 2808 1879 illam
2840 1838 2939 1895 per
2966 1837 3096 1880 mo·-

1734 1903 1873 1960 dum
1897 1904 2234 1973 intellectus,
2260 1911 2315 1961 et
2337 1905 2407 1962 ab
2427 1922 2493 1962 ea
2513 1906 2774 1962 dimanet
2799 1926 2811 1960 :
2842 1905 2934 1961 hic
2956 1921 3094 1964 vero

1735 1986 1966 2043 habitus
2017 1992 2272 2059 respectu
2324 1988 2524 2063 gratiae
2572 2004 2689 2045 non
2748 1991 2928 2061 potest
2970 2003 3094 2045 esse

1734 2068 1903 2131 alius,
1936 2069 2048 2124 nisi
2073 2068 2214 2126 fides
2239 2092 2253 2126 z
2282 2087 2436 2145 ergo.
2466 2076 2570 2128 etc.

1816 2152 1901 2208 16.
1921 2152 2317 2224 Respondetur
2334 2153 2404 2209 ad
2427 2154 2576 2210 hanc
2598 2153 2870 2226 replicam
2889 2151 3092 2210 admit·
3103 2161 3308 2266 lggfflgr.

1734 2231 1907 2290 tendo
1944 2232 2118 2290 fidem
2145 2250 2271 2306 quae
2298 2233 2630 2292 infunditur
2658 2252 2774 2292 una
2800 2251 2928 2291 cum
2955 2251 3091 2310 gra-

1735 2315 1834 2381 tia,
1886 2320 2005 2372 tam
2050 2317 2367 2375 secundum
2415 2334 2494 2384 se,
2544 2334 2715 2390 quam
2765 2323 2825 2374 ut
2870 2319 3086 2384 vivam,

1698 2438 1703 2442 .
1734 2394 2038 2453 dimanare
2060 2414 2091 2453 a
2109 2400 2316 2472 gratia,
2335 2403 2397 2455 ut
2418 2398 2783 2471 probationes
2802 2400 2921 2454 istae
2943 2402 3092 2455 recte

1733 2476 2100 2542 concludunt.
2152 2479 2336 2536 Aliter
2383 2485 2597 2546 tamen,
2648 2483 2705 2535 et
2755 2479 2923 2536 aliter
2987 2478 3093 2535 hoc

1733 2562 2004 2616 convenit
2031 2558 2194 2629 fidei;
2227 2578 2363 2619 nam
2390 2560 2550 2627 fides,
2571 2567 2633 2616 ut
2658 2561 2792 2618 viva
2833 2561 3093 2634 redupli-

1732 2640 1935 2707 cative,
1976 2639 2241 2699 dimanat
2285 2660 2319 2700 a
2361 2644 2548 2717 gratia
2595 2643 2838 2700 omnino
2866 2659 2967 2716 per
2989 2658 3086 2710 se;

1733 2727 1797 2778 ut
1834 2723 1916 2778 sic
1960 2724 2121 2780 enim
2167 2729 2252 2781 est
2279 2726 2596 2797 proprietas
2633 2726 2832 2799 gratiae
2861 2724 3092 2799 proprie

1734 2804 1902 2872 dicta,
1940 2810 1996 2862 et
2024 2822 2126 2880 per
2152 2823 2213 2864 se
2240 2810 2482 2881 postulat
2513 2809 2747 2865 infundi
2774 2825 2904 2865 cum
2947 2808 3089 2882 ipsa.

1733 2886 1948 2944 Eadem
1978 2904 2117 2945 vero
2143 2887 2285 2946 fides
2311 2890 2625 2949 secundum
2648 2907 2709 2947 se
2748 2896 2976 2964 sumpta
3002 2906 3100 2948 so·-

1734 2970 1858 3026 lum
1885 2971 2051 3043 quasi
2100 2988 2203 3044 per
2246 2972 2508 3030 accidens
2533 2973 2794 3030 dimanat
2821 2990 2853 3029 a
2878 2973 3098 3046 gratia3

1732 3066 1851 3108 non
1878 3052 2039 3107 enim
2089 3050 2229 3109 fides
2279 3048 2595 3110 secundum
2623 3071 2683 3110 se
2711 3054 2957 3126 postulat
3000 3053 3099 3108 in-

1732 3131 1902 3187 fundi
1931 3131 2315 3190 determinate
2361 3150 2489 3189 cum
2530 3135 2734 3207 gratia,
2767 3132 2864 3189 sed
2893 3138 3093 3206 potest,

1733 3216 1789 3267 et
1814 3227 1963 3283 saepe
2005 3211 2338 3270 infunditur
2383 3219 2515 3270 ante
2543 3214 2706 3269 illam
2733 3234 2746 3269 ε
2778 3212 2929 3269 unde
2957 3211 3098 3269 fides

1732 3290 1813 3345 sic
1857 3296 2087 3363 sumpta
2117 3306 2235 3347 non
2273 3297 2357 3348 est
2386 3294 2706 3366 proprietas
2732 3294 2928 3367 gratiae
2961 3309 3097 3366 pro-

1735 3372 1862 3445 prie
1911 3371 2078 3439 dicta,
2129 3372 2226 3429 sed
2274 3376 2458 3449 magis
2509 3381 2593 3431 est
2642 3376 2786 3432 sicut
2839 3374 3098 3432 accidens

1732 3469 2059 3521 commune,
2091 3453 2241 3526 quod
2289 3456 2557 3512 convenit
2583 3462 2700 3512 tam
2729 3455 3091 3523 habentibuS,

1732 3552 1906 3608 quam
1937 3551 2055 3593 non
2082 3534 2430 3594 habentibus
2468 3538 2737 3612 gratiam.
2770 3540 2852 3594 Ex
2878 3554 2989 3611 quo
3008 3537 3091 3606 fit,

1732 3615 1884 3688 quod
1914 3616 2125 3681 nonin
2146 3632 2502 3690 quocumque
2530 3619 2713 3690 priori
2749 3618 3096 3693 intelligitur

1733 3694 1875 3753 fides
1903 3696 2208 3754 dimanare
2234 3714 2266 3754 a
2293 3699 2497 3774 gratia,
2529 3699 2731 3756 debeat
2756 3699 3005 3773 intelligi
3033 3705 3098 3755 ut

1733 3777 1997 3844 formata,
2029 3783 2086 3835 et
2129 3780 2299 3845 viva;
2330 3779 2430 3837 sed
2461 3781 2524 3836 in
2553 3779 2655 3836 illo
2684 3780 2999 3846 dumtaxat,
3032 3780 3097 3836 in

1733 3874 1845 3932 quo
1893 3858 2242 3933 intelligitur
2269 3858 2575 3917 dimanare
2616 3859 2686 3916 ab
2726 3861 2829 3917 illa
2856 3860 3099 3918 omnino

1735 3954 1837 4012 per
1863 3955 1924 3996 se
1936 3963 1951 4007 ;
2003 3944 2138 3996 tunc
2163 3941 2323 3997 enim
2351 3941 2715 3997 solummodo
2749 3941 3097 4015 intelligitur

1733 4020 2040 4078 dimanare
2086 4026 2361 4095 tanquam
2418 4023 2775 4095 proprietaS,
2819 4022 2889 4080 de
2938 4023 3100 4097 cujus

1735 4103 1959 4160 ratione
2004 4109 2089 4159 est
2130 4103 2440 4160 informari
2470 4104 2676 4171 forma,
2711 4122 2744 4162 a
2768 4121 2879 4177 qua
2905 4103 3097 4161 dima-

1732 4189 1856 4240 nat.
1906 4186 1974 4239 Et
1998 4186 2135 4257 quia
2165 4187 2328 4258 prius
2374 4191 2581 4242 natura
2609 4203 2781 4259 quam
2808 4186 3091 4260 concipia-

1732 4282 1864 4323 mus
1910 4265 2084 4323 fidem
2134 4267 2442 4324 dimanare
2483 4268 2587 4325 hoc
2633 4268 2804 4326 modo
2830 4285 2862 4325 a
2887 4269 3092 4343 gratia,

1734 4348 2120 4423 intelligimus
2142 4367 2270 4408 eam
2311 4351 2616 4407 dimanare
2635 4352 2795 4424 quasi
2827 4368 2927 4424 per
2947 4352 3096 4408 acci-

1734 4427 1893 4495 denS,
1926 4446 2024 4486 seu
2055 4447 2153 4503 per
2179 4431 2415 4490 modum
2441 4431 2751 4489 accidentis
2772 4433 3099 4489 communis

1733 4511 1916 4583 (prius
1945 4513 2104 4569 enim
2134 4513 2481 4588 intelligitur
2509 4515 2812 4571 dimanare
2837 4513 2977 4572 fides
3001 4531 3096 4571 se-

1732 4593 1986 4649 cundum
2026 4611 2110 4660 ea,
2163 4612 2288 4669 quae
2313 4602 2449 4652 sunt
2486 4597 2597 4652 sibi
2645 4598 2894 4671 propria,
2925 4604 3094 4672 atque

1735 4673 1875 4732 adeo
1902 4674 2044 4731 fides
2071 4682 2300 4749 sumpta
2344 4677 2655 4734 secundum
2684 4695 2762 4745 se,
2800 4695 2970 4752 quam
2997 4695 3093 4735 se-

1734 4756 1985 4813 cundum
2027 4773 2111 4824 ea,
2144 4774 2269 4831 quae
2308 4758 2734 4817 accidentaliter
2763 4761 2849 4816 illi
2880 4777 3093 4818 conve-

1735 4839 1926 4906 niunt,
1952 4839 2270 4913 cujusmodi
2292 4847 2392 4908 est,
2418 4841 2568 4914 quod
2587 4843 2661 4897 sit
2681 4843 2834 4908 viva,
2866 4848 2921 4899 et
2941 4844 3095 4917 quod

1734 4919 1808 4975 sit
1836 4921 2155 4993 proprietas
2199 4922 2437 4995 gratiae),
2483 4922 2931 4980 idcirco-nostra
2969 4923 3091 4980 dis-

1734 5002 1937 5061 tinctio
1964 5002 2118 5062 inter
2156 5001 2330 5061 fidem
2364 5003 2677 5063 secundum
2705 5021 2784 5074 se,
2815 5012 2870 5064 et
2914 5005 3091 5065 fidem

3326 56 3605 324 Χ
