<?xml version="1.0" encoding="UTF-8"?>
<!DOCTYPE html PUBLIC "-//W3C//DTD XHTML 1.0 Transitional//EN"
    "http://www.w3.org/TR/xhtml1/DTD/xhtml1-transitional.dtd">
<html xmlns="http://www.w3.org/1999/xhtml" xml:lang="en" lang="en">
 <head>
  <title>
</title>
<meta http-equiv="Content-Type" content="text/html;charset=utf-8" />
  <meta name='ocr-system' content='tesseract 3.04.00' />
  <meta name='ocr-capabilities' content='ocr_page ocr_carea ocr_par ocr_line ocrx_word'/>
</head>
<body>
  <div class='ocr_page' id='page_1' title='image "./collegiisalmant00carmgoog_0389.png"; bbox 0 0 3647 5753; ppageno 0'>
   <div class='ocr_carea' id='block_1_1' title="bbox 1438 411 2073 482">
    <p class='ocr_par' dir='ltr' id='par_1_1' title="bbox 1438 411 2073 482">
     <span class='ocr_line' id='line_1_1' title="bbox 1438 411 2073 482; baseline 0.008 -17"><span class='ocrx_word' id='word_1_1' title='bbox 1438 411 1616 467; x_wconf 68' lang='lat' dir='ltr'><strong>mse.</strong></span> <span class='ocrx_word' id='word_1_2' title='bbox 1661 413 1729 482; x_wconf 90' lang='lat'><strong>11,</strong></span> <span class='ocrx_word' id='word_1_3' title='bbox 1773 414 1938 470; x_wconf 84' lang='lat' dir='ltr'><strong>DUB.</strong></span> <span class='ocrx_word' id='word_1_4' title='bbox 1985 415 2073 470; x_wconf 77' lang='lat' dir='ltr'><strong>iv,</strong></span> 
     </span>
    </p>
   </div>
   <div class='ocr_carea' id='block_1_2' title="bbox 270 573 1649 1381">
    <p class='ocr_par' dir='ltr' id='par_1_2' title="bbox 270 573 1649 1381">
     <span class='ocr_line' id='line_1_2' title="bbox 273 573 1644 650; baseline 0.009 -24"><span class='ocrx_word' id='word_1_5' title='bbox 273 573 590 645; x_wconf 87' lang='lat' dir='ltr'><strong>potentiam</strong></span> <span class='ocrx_word' id='word_1_6' title='bbox 618 573 941 633; x_wconf 81' lang='lat' dir='ltr'><strong>absolutam</strong></span> <span class='ocrx_word' id='word_1_7' title='bbox 962 584 1172 650; x_wconf 81' lang='lat' dir='ltr'><strong>queant</strong></span> <span class='ocrx_word' id='word_1_8' title='bbox 1201 580 1261 635; x_wconf 92' lang='lat' dir='ltr'><strong>in</strong></span> <span class='ocrx_word' id='word_1_9' title='bbox 1283 580 1483 638; x_wconf 90' lang='lat' dir='ltr'><strong>eodem</strong></span> <span class='ocrx_word' id='word_1_10' title='bbox 1506 581 1644 638; x_wconf 90' lang='lat' dir='ltr'><strong>sub-</strong></span> 
     </span>
     <span class='ocr_line' id='line_1_3' title="bbox 270 655 1642 729; baseline 0.007 -20"><span class='ocrx_word' id='word_1_11' title='bbox 270 655 416 729; x_wconf 80' lang='lat' dir='ltr'><strong>jecto</strong></span> <span class='ocrx_word' id='word_1_12' title='bbox 448 656 751 727; x_wconf 87' lang='lat' dir='ltr'><strong>componi;</strong></span> <span class='ocrx_word' id='word_1_13' title='bbox 782 656 935 714; x_wconf 87' lang='lat' dir='ltr'><strong>idem</strong></span> <span class='ocrx_word' id='word_1_14' title='bbox 984 675 1017 716; x_wconf 90' lang='lat' dir='ltr'><strong>a</strong></span> <span class='ocrx_word' id='word_1_15' title='bbox 1056 660 1282 717; x_wconf 89' lang='lat' dir='ltr'><strong>fortiori</strong></span> <span class='ocrx_word' id='word_1_16' title='bbox 1332 662 1642 719; x_wconf 89' lang='lat' dir='ltr'><strong>dicendum</strong></span> 
     </span>
     <span class='ocr_line' id='line_1_4' title="bbox 270 736 1648 816; baseline 0.006 -22"><span class='ocrx_word' id='word_1_17' title='bbox 270 741 359 794; x_wconf 89' lang='lat' dir='ltr'><strong>est</strong></span> <span class='ocrx_word' id='word_1_18' title='bbox 405 736 476 794; x_wconf 90' lang='lat' dir='ltr'><strong>de</strong></span> <span class='ocrx_word' id='word_1_19' title='bbox 513 737 917 812; x_wconf 83' lang='lat' dir='ltr'><strong>conjunctione</strong></span> <span class='ocrx_word' id='word_1_20' title='bbox 961 742 1167 813; x_wconf 85' lang='lat' dir='ltr'><strong>peccati</strong></span> <span class='ocrx_word' id='word_1_21' title='bbox 1207 745 1545 816; x_wconf 77' lang='lat' dir='ltr'><strong>personaliS,</strong></span> <span class='ocrx_word' id='word_1_22' title='bbox 1589 750 1648 802; x_wconf 88' lang='lat' dir='ltr'><strong>et</strong></span> 
     </span>
     <span class='ocr_line' id='line_1_5' title="bbox 276 817 1646 898; baseline 0.007 -25"><span class='ocrx_word' id='word_1_23' title='bbox 276 817 478 890; x_wconf 88' lang='lat' dir='ltr'><strong>gratia.</strong></span> <span class='ocrx_word' id='word_1_24' title='bbox 530 819 886 877; x_wconf 80' lang='lat' dir='ltr'><strong>Antecedens</strong></span> <span class='ocrx_word' id='word_1_25' title='bbox 920 826 1111 879; x_wconf 90' lang='lat' dir='ltr'><strong>autem</strong></span> <span class='ocrx_word' id='word_1_26' title='bbox 1137 825 1476 895; x_wconf 80' lang='lat' dir='ltr'><strong>ostenditur,</strong></span> <span class='ocrx_word' id='word_1_27' title='bbox 1509 825 1646 898; x_wconf 87' lang='lat' dir='ltr'><strong>quia</strong></span> 
     </span>
     <span class='ocr_line' id='line_1_6' title="bbox 279 898 1645 978; baseline 0.009 -27"><span class='ocrx_word' id='word_1_28' title='bbox 279 912 381 969; x_wconf 87' lang='lat' dir='ltr'><strong>per</strong></span> <span class='ocrx_word' id='word_1_29' title='bbox 404 898 626 954; x_wconf 90' lang='lat' dir='ltr'><strong>nullam</strong></span> <span class='ocrx_word' id='word_1_30' title='bbox 643 902 961 972; x_wconf 88' lang='lat' dir='ltr'><strong>potentiam</strong></span> <span class='ocrx_word' id='word_1_31' title='bbox 991 901 1118 959; x_wconf 82' lang='lat' dir='ltr'><strong>fieri</strong></span> <span class='ocrx_word' id='word_1_32' title='bbox 1144 909 1341 978; x_wconf 89' lang='lat' dir='ltr'><strong>potest,</strong></span> <span class='ocrx_word' id='word_1_33' title='bbox 1369 906 1516 962; x_wconf 92' lang='lat' dir='ltr'><strong>utin</strong></span> <span class='ocrx_word' id='word_1_34' title='bbox 1542 921 1645 963; x_wconf 92' lang='lat' dir='ltr'><strong>eo-</strong></span> 
     </span>
     <span class='ocr_line' id='line_1_7' title="bbox 275 976 1645 1059; baseline 0.008 -27"><span class='ocrx_word' id='word_1_35' title='bbox 275 976 407 1033; x_wconf 87' lang='lat' dir='ltr'><strong>dem</strong></span> <span class='ocrx_word' id='word_1_36' title='bbox 446 979 695 1054; x_wconf 84' lang='lat' dir='ltr'><strong>subjecto</strong></span> <span class='ocrx_word' id='word_1_37' title='bbox 718 981 838 1037; x_wconf 90' lang='lat' dir='ltr'><strong>sint</strong></span> <span class='ocrx_word' id='word_1_38' title='bbox 863 982 1070 1048; x_wconf 80' lang='lat' dir='ltr'><strong>forma,</strong></span> <span class='ocrx_word' id='word_1_39' title='bbox 1099 990 1158 1040; x_wconf 89' lang='lat' dir='ltr'><strong>et</strong></span> <span class='ocrx_word' id='word_1_40' title='bbox 1201 985 1451 1057; x_wconf 84' lang='lat' dir='ltr'><strong>privatio</strong></span> <span class='ocrx_word' id='word_1_41' title='bbox 1487 986 1645 1059; x_wconf 85' lang='lat' dir='ltr'><strong>ejus-</strong></span> 
     </span>
     <span class='ocr_line' id='line_1_8' title="bbox 276 1057 1647 1138; baseline 0.007 -25"><span class='ocrx_word' id='word_1_42' title='bbox 276 1057 409 1114; x_wconf 90' lang='lat' dir='ltr'><strong>dem</strong></span> <span class='ocrx_word' id='word_1_43' title='bbox 429 1060 630 1118; x_wconf 78' lang='lat' dir='ltr'><strong>formae</strong></span> <span class='ocrx_word' id='word_1_44' title='bbox 649 1086 663 1129; x_wconf 90' lang='lat'>;</span> <span class='ocrx_word' id='word_1_45' title='bbox 688 1063 949 1136; x_wconf 88' lang='lat' dir='ltr'><strong>alioquin</strong></span> <span class='ocrx_word' id='word_1_46' title='bbox 968 1064 1286 1138; x_wconf 86' lang='lat' dir='ltr'><strong>subjectum</strong></span> <span class='ocrx_word' id='word_1_47' title='bbox 1309 1065 1564 1133; x_wconf 88' lang='lat' dir='ltr'><strong>haberet,</strong></span> <span class='ocrx_word' id='word_1_48' title='bbox 1590 1072 1647 1124; x_wconf 91' lang='lat' dir='ltr'><strong>et</strong></span> 
     </span>
     <span class='ocr_line' id='line_1_9' title="bbox 279 1140 1645 1219; baseline 0.008 -25"><span class='ocrx_word' id='word_1_49' title='bbox 279 1154 398 1196; x_wconf 91' lang='lat' dir='ltr'><strong>non</strong></span> <span class='ocrx_word' id='word_1_50' title='bbox 419 1140 654 1200; x_wconf 90' lang='lat' dir='ltr'><strong>haberet</strong></span> <span class='ocrx_word' id='word_1_51' title='bbox 677 1144 945 1212; x_wconf 81' lang='lat' dir='ltr'><strong>formam,</strong></span> <span class='ocrx_word' id='word_1_52' title='bbox 965 1145 1116 1218; x_wconf 89' lang='lat' dir='ltr'><strong>quod</strong></span> <span class='ocrx_word' id='word_1_53' title='bbox 1138 1147 1394 1219; x_wconf 86' lang='lat' dir='ltr'><strong>implicat</strong></span> <span class='ocrx_word' id='word_1_54' title='bbox 1414 1154 1645 1205; x_wconf 86' lang='lat' dir='ltr'><strong>contra·-</strong></span> 
     </span>
     <span class='ocr_line' id='line_1_10' title="bbox 277 1219 1649 1301; baseline 0.008 -28"><span class='ocrx_word' id='word_1_55' title='bbox 277 1219 587 1278; x_wconf 90' lang='lat' dir='ltr'><strong>dictionem</strong></span> <span class='ocrx_word' id='word_1_56' title='bbox 615 1223 748 1281; x_wconf 88' lang='lat' dir='ltr'><strong>:sed</strong></span> <span class='ocrx_word' id='word_1_57' title='bbox 770 1230 1059 1297; x_wconf 85' lang='lat' dir='ltr'><strong>peccatum</strong></span> <span class='ocrx_word' id='word_1_58' title='bbox 1080 1227 1362 1301; x_wconf 82' lang='lat' dir='ltr'><strong>originale</strong></span> <span class='ocrx_word' id='word_1_59' title='bbox 1388 1228 1649 1284; x_wconf 81' lang='lat' dir='ltr'><strong>consistit</strong></span> 
     </span>
     <span class='ocr_line' id='line_1_11' title="bbox 279 1302 1648 1381; baseline 0.006 -24"><span class='ocrx_word' id='word_1_60' title='bbox 279 1302 636 1368; x_wconf 72' lang='lat' dir='ltr'><strong>formaliter,</strong></span> <span class='ocrx_word' id='word_1_61' title='bbox 681 1311 739 1363; x_wconf 91' lang='lat' dir='ltr'><strong>et</strong></span> <span class='ocrx_word' id='word_1_62' title='bbox 787 1307 1171 1364; x_wconf 84' lang='lat' dir='ltr'><strong>essentialiter</strong></span> <span class='ocrx_word' id='word_1_63' title='bbox 1215 1309 1278 1365; x_wconf 89' lang='lat' dir='ltr'><strong>in</strong></span> <span class='ocrx_word' id='word_1_64' title='bbox 1325 1308 1648 1381; x_wconf 88' lang='lat' dir='ltr'><strong>privatione</strong></span> 
     </span>
    </p>
   </div>
   <div class='ocr_carea' id='block_1_3' title="bbox 175 1387 1646 1465">
    <p class='ocr_par' dir='ltr' id='par_1_3' title="bbox 175 1387 1646 1465">
     <span class='ocr_line' id='line_1_12' title="bbox 175 1387 1646 1465; baseline 0.004 -23"><span class='ocrx_word' id='word_1_65' title='bbox 175 1448 180 1452; x_wconf 58' lang='grc'>,</span> <span class='ocrx_word' id='word_1_66' title='bbox 278 1389 479 1462; x_wconf 74' lang='lat' dir='ltr'><strong>gratim</strong></span> <span class='ocrx_word' id='word_1_67' title='bbox 496 1404 568 1446; x_wconf 87' lang='lat' dir='ltr'><strong>ex</strong></span> <span class='ocrx_word' id='word_1_68' title='bbox 595 1393 815 1462; x_wconf 85' lang='lat' dir='ltr'><strong>peccato</strong></span> <span class='ocrx_word' id='word_1_69' title='bbox 840 1387 1047 1446; x_wconf 84' lang='lat' dir='ltr'><strong>Adami</strong></span> <span class='ocrx_word' id='word_1_70' title='bbox 1079 1390 1276 1448; x_wconf 91' lang='lat' dir='ltr'><strong>relicto</strong></span> <span class='ocrx_word' id='word_1_71' title='bbox 1309 1411 1322 1445; x_wconf 91' lang='lat'><strong>:</strong></span> <span class='ocrx_word' id='word_1_72' title='bbox 1350 1406 1486 1465; x_wconf 91' lang='lat' dir='ltr'><strong>ergo</strong></span> <span class='ocrx_word' id='word_1_73' title='bbox 1515 1406 1646 1463; x_wconf 88' lang='lat' dir='ltr'><strong>pec-</strong></span> 
     </span>
    </p>
   </div>
   <div class='ocr_carea' id='block_1_4' title="bbox 107 1657 219 1734">
    <p class='ocr_par' dir='ltr' id='par_1_4' title="bbox 107 1657 219 1734">
     <span class='ocr_line' id='line_1_13' title="bbox 107 1657 219 1734; baseline 0.018 -7"><span class='ocrx_word' id='word_1_74' title='bbox 107 1657 219 1734; x_wconf 63' lang='lat' dir='ltr'><strong>giuurs.</strong></span> 
     </span>
    </p>
   </div>
   <div class='ocr_carea' id='block_1_5' title="bbox 278 1472 1648 2032">
    <p class='ocr_par' dir='ltr' id='par_1_5' title="bbox 278 1472 1646 1628">
     <span class='ocr_line' id='line_1_14' title="bbox 279 1472 1646 1546; baseline 0 -17"><span class='ocrx_word' id='word_1_75' title='bbox 279 1477 469 1529; x_wconf 85' lang='lat' dir='ltr'><strong>catum</strong></span> <span class='ocrx_word' id='word_1_76' title='bbox 490 1472 789 1546; x_wconf 78' lang='lat' dir='ltr'><strong>originale,</strong></span> <span class='ocrx_word' id='word_1_77' title='bbox 810 1475 865 1528; x_wconf 89' lang='lat' dir='ltr'><strong>et</strong></span> <span class='ocrx_word' id='word_1_78' title='bbox 882 1472 1067 1545; x_wconf 90' lang='lat' dir='ltr'><strong>gratia</strong></span> <span class='ocrx_word' id='word_1_79' title='bbox 1084 1488 1185 1545; x_wconf 88' lang='lat' dir='ltr'><strong>per</strong></span> <span class='ocrx_word' id='word_1_80' title='bbox 1201 1473 1425 1530; x_wconf 90' lang='lat' dir='ltr'><strong>nullam</strong></span> <span class='ocrx_word' id='word_1_81' title='bbox 1446 1478 1646 1546; x_wconf 88' lang='lat' dir='ltr'><strong>poten-</strong></span> 
     </span>
     <span class='ocr_line' id='line_1_15' title="bbox 278 1552 1642 1628; baseline 0.001 -20"><span class='ocrx_word' id='word_1_82' title='bbox 278 1554 422 1609; x_wconf 87' lang='lat' dir='ltr'><strong>tiam</strong></span> <span class='ocrx_word' id='word_1_83' title='bbox 462 1557 677 1624; x_wconf 89' lang='lat' dir='ltr'><strong>queunt</strong></span> <span class='ocrx_word' id='word_1_84' title='bbox 706 1552 1018 1610; x_wconf 85' lang='lat' dir='ltr'><strong>coexistere</strong></span> <span class='ocrx_word' id='word_1_85' title='bbox 1054 1553 1117 1610; x_wconf 90' lang='lat' dir='ltr'><strong>in</strong></span> <span class='ocrx_word' id='word_1_86' title='bbox 1147 1554 1348 1611; x_wconf 89' lang='lat' dir='ltr'><strong>eodem</strong></span> <span class='ocrx_word' id='word_1_87' title='bbox 1372 1553 1642 1628; x_wconf 86' lang='lat' dir='ltr'><strong>subjecto.</strong></span> 
     </span>
    </p>

    <p class='ocr_par' dir='ltr' id='par_1_6' title="bbox 281 1635 1648 2032">
     <span class='ocr_line' id='line_1_16' title="bbox 355 1635 1642 1710; baseline 0.002 -20"><span class='ocrx_word' id='word_1_88' title='bbox 355 1637 445 1692; x_wconf 85' lang='lat'><strong>98.</strong></span> <span class='ocrx_word' id='word_1_89' title='bbox 481 1635 622 1692; x_wconf 85' lang='lat' dir='ltr'><strong>Huic</strong></span> <span class='ocrx_word' id='word_1_90' title='bbox 647 1641 987 1710; x_wconf 88' lang='lat' dir='ltr'><strong>argumento</strong></span> <span class='ocrx_word' id='word_1_91' title='bbox 1025 1643 1334 1694; x_wconf 90' lang='lat' dir='ltr'><strong>occurrunt</strong></span> <span class='ocrx_word' id='word_1_92' title='bbox 1379 1651 1642 1695; x_wconf 89' lang='lat' dir='ltr'><strong>commu-</strong></span> 
     </span>
     <span class='ocr_line' id='line_1_17' title="bbox 281 1714 1646 1790; baseline 0 -19"><span class='ocrx_word' id='word_1_93' title='bbox 281 1717 432 1772; x_wconf 91' lang='lat' dir='ltr'><strong>niter</strong></span> <span class='ocrx_word' id='word_1_94' title='bbox 470 1714 808 1772; x_wconf 88' lang='lat' dir='ltr'><strong>Adversarii</strong></span> <span class='ocrx_word' id='word_1_95' title='bbox 852 1714 1112 1790; x_wconf 89' lang='lat' dir='ltr'><strong>negando</strong></span> <span class='ocrx_word' id='word_1_96' title='bbox 1158 1717 1515 1774; x_wconf 87' lang='lat' dir='ltr'><strong>antecedens.</strong></span> <span class='ocrx_word' id='word_1_97' title='bbox 1561 1716 1646 1772; x_wconf 87' lang='lat' dir='ltr'><strong>Ad</strong></span> 
     </span>
     <span class='ocr_line' id='line_1_18' title="bbox 281 1793 1648 1870; baseline 0.001 -18"><span class='ocrx_word' id='word_1_98' title='bbox 281 1796 440 1870; x_wconf 81' lang='lat' dir='ltr'><strong>cujus</strong></span> <span class='ocrx_word' id='word_1_99' title='bbox 467 1793 867 1868; x_wconf 85' lang='lat' dir='ltr'><strong>probationem</strong></span> <span class='ocrx_word' id='word_1_100' title='bbox 893 1796 1128 1869; x_wconf 87' lang='lat' dir='ltr'><strong>quidam</strong></span> <span class='ocrx_word' id='word_1_101' title='bbox 1171 1797 1517 1870; x_wconf 87' lang='lat' dir='ltr'><strong>respondent</strong></span> <span class='ocrx_word' id='word_1_102' title='bbox 1542 1811 1648 1853; x_wconf 91' lang='lat' dir='ltr'><strong>ne-</strong></span> 
     </span>
     <span class='ocr_line' id='line_1_19' title="bbox 281 1876 1648 1950; baseline 0.001 -18"><span class='ocrx_word' id='word_1_103' title='bbox 281 1876 466 1950; x_wconf 85' lang='lat' dir='ltr'><strong>gando</strong></span> <span class='ocrx_word' id='word_1_104' title='bbox 485 1877 806 1942; x_wconf 88' lang='lat' dir='ltr'><strong>minorem;</strong></span> <span class='ocrx_word' id='word_1_105' title='bbox 845 1882 1148 1936; x_wconf 86' lang='lat' dir='ltr'><strong>autumant</strong></span> <span class='ocrx_word' id='word_1_106' title='bbox 1167 1879 1326 1934; x_wconf 90' lang='lat' dir='ltr'><strong>enim</strong></span> <span class='ocrx_word' id='word_1_107' title='bbox 1357 1884 1648 1950; x_wconf 89' lang='lat' dir='ltr'><strong>peccatum</strong></span> 
     </span>
     <span class='ocr_line' id='line_1_20' title="bbox 281 1957 1647 2032; baseline 0 -19"><span class='ocrx_word' id='word_1_108' title='bbox 281 1957 563 2031; x_wconf 78' lang='lat' dir='ltr'><strong>originale</strong></span> <span class='ocrx_word' id='word_1_109' title='bbox 590 1972 710 2013; x_wconf 90' lang='lat' dir='ltr'><strong>non</strong></span> <span class='ocrx_word' id='word_1_110' title='bbox 737 1957 1048 2014; x_wconf 86' lang='lat' dir='ltr'><strong>consistere</strong></span> <span class='ocrx_word' id='word_1_111' title='bbox 1075 1958 1138 2014; x_wconf 90' lang='lat' dir='ltr'><strong>in</strong></span> <span class='ocrx_word' id='word_1_112' title='bbox 1161 1958 1487 2030; x_wconf 86' lang='lat' dir='ltr'><strong>privatione</strong></span> <span class='ocrx_word' id='word_1_113' title='bbox 1512 1973 1647 2032; x_wconf 89' lang='lat' dir='ltr'><strong>gra-</strong></span> 
     </span>
    </p>
   </div>
   <div class='ocr_carea' id='block_1_6' title="bbox 225 2036 1648 2110">
    <p class='ocr_par' dir='ltr' id='par_1_7' title="bbox 225 2036 1648 2110">
     <span class='ocr_line' id='line_1_21' title="bbox 225 2036 1648 2110; baseline 0.001 -20"><span class='ocrx_word' id='word_1_114' title='bbox 225 2057 234 2060; x_wconf 84' lang='grc'><em>·</em></span> <span class='ocrx_word' id='word_1_115' title='bbox 283 2036 392 2102; x_wconf 79' lang='lat' dir='ltr'><strong>tiae,</strong></span> <span class='ocrx_word' id='word_1_116' title='bbox 415 2036 512 2093; x_wconf 91' lang='lat' dir='ltr'><strong>sed</strong></span> <span class='ocrx_word' id='word_1_117' title='bbox 536 2036 628 2093; x_wconf 88' lang='lat' dir='ltr'><strong>vel</strong></span> <span class='ocrx_word' id='word_1_118' title='bbox 653 2036 714 2091; x_wconf 91' lang='lat' dir='ltr'><strong>in</strong></span> <span class='ocrx_word' id='word_1_119' title='bbox 738 2036 931 2108; x_wconf 88' lang='lat' dir='ltr'><strong>aliqua</strong></span> <span class='ocrx_word' id='word_1_120' title='bbox 956 2037 1232 2109; x_wconf 87' lang='lat' dir='ltr'><strong>qualitate</strong></span> <span class='ocrx_word' id='word_1_121' title='bbox 1262 2038 1524 2110; x_wconf 88' lang='lat' dir='ltr'><strong>positiva,</strong></span> <span class='ocrx_word' id='word_1_122' title='bbox 1559 2036 1648 2094; x_wconf 88' lang='lat' dir='ltr'><strong>vel</strong></span> 
     </span>
    </p>
   </div>
   <div class='ocr_carea' id='block_1_7' title="bbox 90 2611 263 2704">
    <p class='ocr_par' dir='ltr' id='par_1_8' title="bbox 90 2611 263 2704">
     <span class='ocr_line' id='line_1_22' title="bbox 90 2611 263 2654; baseline 0.006 -1"><span class='ocrx_word' id='word_1_123' title='bbox 90 2611 263 2654; x_wconf 71' lang='lat' dir='ltr'><strong>Praeclu·</strong></span> 
     </span>
     <span class='ocr_line' id='line_1_23' title="bbox 115 2661 241 2704; baseline 0.016 -4"><span class='ocrx_word' id='word_1_124' title='bbox 115 2661 241 2704; x_wconf 75' lang='lat' dir='ltr'><strong>tlilur.</strong></span> 
     </span>
    </p>
   </div>
   <div class='ocr_carea' id='block_1_8' title="bbox 92 4554 266 4650">
    <p class='ocr_par' dir='ltr' id='par_1_9' title="bbox 92 4554 266 4650">
     <span class='ocr_line' id='line_1_24' title="bbox 92 4554 266 4650; baseline 0.006 -5"><span class='ocrx_word' id='word_1_125' title='bbox 92 4554 266 4650; x_wconf 57' lang='lat' dir='ltr'><strong>tart.</strong></span> 
     </span>
    </p>
   </div>
   <div class='ocr_carea' id='block_1_9' title="bbox 285 2115 1650 2571">
    <p class='ocr_par' dir='ltr' id='par_1_10' title="bbox 285 2115 1650 2571">
     <span class='ocr_line' id='line_1_25' title="bbox 286 2115 1643 2191; baseline 0 -19"><span class='ocrx_word' id='word_1_126' title='bbox 286 2118 348 2172; x_wconf 88' lang='lat' dir='ltr'><strong>in</strong></span> <span class='ocrx_word' id='word_1_127' title='bbox 376 2122 528 2174; x_wconf 86' lang='lat' dir='ltr'><strong>reatu</strong></span> <span class='ocrx_word' id='word_1_128' title='bbox 559 2115 628 2172; x_wconf 88' lang='lat' dir='ltr'><strong>ad</strong></span> <span class='ocrx_word' id='word_1_129' title='bbox 654 2132 906 2187; x_wconf 89' lang='lat' dir='ltr'><strong>poenam,</strong></span> <span class='ocrx_word' id='word_1_130' title='bbox 951 2120 1042 2175; x_wconf 87' lang='lat' dir='ltr'><strong>vel</strong></span> <span class='ocrx_word' id='word_1_131' title='bbox 1072 2120 1134 2175; x_wconf 93' lang='lat' dir='ltr'><strong>in</strong></span> <span class='ocrx_word' id='word_1_132' title='bbox 1163 2124 1387 2191; x_wconf 88' lang='lat' dir='ltr'><strong>peccato</strong></span> <span class='ocrx_word' id='word_1_133' title='bbox 1416 2117 1643 2185; x_wconf 86' lang='lat' dir='ltr'><strong>Adami,</strong></span> 
     </span>
     <span class='ocr_line' id='line_1_26' title="bbox 285 2198 1649 2271; baseline 0 -17"><span class='ocrx_word' id='word_1_134' title='bbox 285 2203 449 2271; x_wconf 90' lang='lat' dir='ltr'><strong>prout</strong></span> <span class='ocrx_word' id='word_1_135' title='bbox 477 2214 509 2253; x_wconf 90' lang='lat' dir='ltr'><strong>a</strong></span> <span class='ocrx_word' id='word_1_136' title='bbox 537 2198 804 2270; x_wconf 86' lang='lat' dir='ltr'><strong>parvulis</strong></span> <span class='ocrx_word' id='word_1_137' title='bbox 844 2213 961 2255; x_wconf 91' lang='lat' dir='ltr'><strong>non</strong></span> <span class='ocrx_word' id='word_1_138' title='bbox 992 2204 1311 2265; x_wconf 88' lang='lat' dir='ltr'><strong>retractato,</strong></span> <span class='ocrx_word' id='word_1_139' title='bbox 1344 2201 1435 2257; x_wconf 92' lang='lat' dir='ltr'><strong>vel</strong></span> <span class='ocrx_word' id='word_1_140' title='bbox 1464 2201 1527 2254; x_wconf 90' lang='lat' dir='ltr'><strong>in</strong></span> <span class='ocrx_word' id='word_1_141' title='bbox 1553 2215 1649 2254; x_wconf 89' lang='lat' dir='ltr'><strong>ca-</strong></span> 
     </span>
     <span class='ocr_line' id='line_1_27' title="bbox 290 2277 1650 2350; baseline 0.001 -15"><span class='ocrx_word' id='word_1_142' title='bbox 290 2279 472 2335; x_wconf 89' lang='lat' dir='ltr'><strong>rentia</strong></span> <span class='ocrx_word' id='word_1_143' title='bbox 510 2277 951 2335; x_wconf 88' lang='lat' dir='ltr'><strong>condonationis</strong></span> <span class='ocrx_word' id='word_1_144' title='bbox 975 2278 1212 2346; x_wconf 65' lang='lat' dir='ltr'><strong>divinae,</strong></span> <span class='ocrx_word' id='word_1_145' title='bbox 1246 2280 1337 2336; x_wconf 91' lang='lat' dir='ltr'><strong>vel</strong></span> <span class='ocrx_word' id='word_1_146' title='bbox 1368 2278 1429 2334; x_wconf 92' lang='lat' dir='ltr'><strong>in</strong></span> <span class='ocrx_word' id='word_1_147' title='bbox 1459 2279 1650 2350; x_wconf 91' lang='lat' dir='ltr'><strong>aliquo</strong></span> 
     </span>
     <span class='ocr_line' id='line_1_28' title="bbox 289 2356 1648 2431; baseline -0.001 -17"><span class='ocrx_word' id='word_1_148' title='bbox 289 2358 418 2424; x_wconf 91' lang='lat' dir='ltr'><strong>ali0‚</strong></span> <span class='ocrx_word' id='word_1_149' title='bbox 449 2373 575 2429; x_wconf 57' lang='lat' dir='ltr'><strong>quse</strong></span> <span class='ocrx_word' id='word_1_150' title='bbox 619 2358 784 2415; x_wconf 73' lang='lat' dir='ltr'><strong>facile</strong></span> <span class='ocrx_word' id='word_1_151' title='bbox 828 2356 939 2412; x_wconf 90' lang='lat' dir='ltr'><strong>sibi</strong></span> <span class='ocrx_word' id='word_1_152' title='bbox 978 2357 1250 2414; x_wconf 86' lang='lat' dir='ltr'><strong>videntur</strong></span> <span class='ocrx_word' id='word_1_153' title='bbox 1288 2373 1418 2413; x_wconf 90' lang='lat' dir='ltr'><strong>cum</strong></span> <span class='ocrx_word' id='word_1_154' title='bbox 1465 2358 1648 2431; x_wconf 88' lang='lat' dir='ltr'><strong>gratia</strong></span> 
     </span>
     <span class='ocr_line' id='line_1_29' title="bbox 289 2436 1650 2509; baseline 0 -15"><span class='ocrx_word' id='word_1_155' title='bbox 289 2437 612 2502; x_wconf 87' lang='lat' dir='ltr'><strong>conciliare,</strong></span> <span class='ocrx_word' id='word_1_156' title='bbox 644 2438 844 2493; x_wconf 88' lang='lat' dir='ltr'><strong>saltem</strong></span> <span class='ocrx_word' id='word_1_157' title='bbox 871 2453 970 2509; x_wconf 87' lang='lat' dir='ltr'><strong>per</strong></span> <span class='ocrx_word' id='word_1_158' title='bbox 1007 2437 1322 2509; x_wconf 85' lang='lat' dir='ltr'><strong>potentiam</strong></span> <span class='ocrx_word' id='word_1_159' title='bbox 1353 2438 1451 2494; x_wconf 89' lang='lat' dir='ltr'><strong>Dei</strong></span> <span class='ocrx_word' id='word_1_160' title='bbox 1483 2436 1650 2494; x_wconf 86' lang='lat' dir='ltr'><strong>abso-</strong></span> 
     </span>
     <span class='ocr_line' id='line_1_30' title="bbox 295 2515 495 2571; baseline 0 -1"><span class='ocrx_word' id='word_1_161' title='bbox 295 2515 495 2571; x_wconf 89' lang='lat' dir='ltr'><strong>lutam.</strong></span> 
     </span>
    </p>
   </div>
   <div class='ocr_carea' id='block_1_10' title="bbox 279 2595 1660 5111">
    <p class='ocr_par' dir='ltr' id='par_1_11' title="bbox 279 2595 1660 5111">
     <span class='ocr_line' id='line_1_31' title="bbox 373 2595 1651 2670; baseline 0 -19"><span class='ocrx_word' id='word_1_162' title='bbox 373 2597 646 2652; x_wconf 62' lang='lat' dir='ltr'><strong>Caeterum</strong></span> <span class='ocrx_word' id='word_1_163' title='bbox 693 2595 807 2652; x_wconf 83' lang='lat' dir='ltr'><strong>haec</strong></span> <span class='ocrx_word' id='word_1_164' title='bbox 830 2597 1022 2653; x_wconf 88' lang='lat' dir='ltr'><strong>evasio</strong></span> <span class='ocrx_word' id='word_1_165' title='bbox 1062 2596 1335 2670; x_wconf 75' lang='lat' dir='ltr'><strong>praeclusa</strong></span> <span class='ocrx_word' id='word_1_166' title='bbox 1361 2600 1556 2653; x_wconf 89' lang='lat' dir='ltr'><strong>manet</strong></span> <span class='ocrx_word' id='word_1_167' title='bbox 1579 2612 1651 2652; x_wconf 88' lang='lat' dir='ltr'><strong>ex</strong></span> 
     </span>
     <span class='ocr_line' id='line_1_32' title="bbox 299 2674 1652 2750; baseline 0.003 -21"><span class='ocrx_word' id='word_1_168' title='bbox 299 2674 462 2731; x_wconf 85' lang='lat' dir='ltr'><strong>dictis</strong></span> <span class='ocrx_word' id='word_1_169' title='bbox 480 2683 641 2732; x_wconf 77' lang='lat' dir='ltr'><strong>tract.</strong></span> <span class='ocrx_word' id='word_1_170' title='bbox 679 2679 759 2745; x_wconf 88' lang='lat'><strong>13,</strong></span> <span class='ocrx_word' id='word_1_171' title='bbox 789 2677 928 2750; x_wconf 80' lang='lat' dir='ltr'><strong>disp.</strong></span> <span class='ocrx_word' id='word_1_172' title='bbox 969 2679 1050 2744; x_wconf 85' lang='lat'><strong>16,</strong></span> <span class='ocrx_word' id='word_1_173' title='bbox 1075 2677 1200 2734; x_wconf 76' lang='lat' dir='ltr'><strong>dub.</strong></span> <span class='ocrx_word' id='word_1_174' title='bbox 1229 2679 1263 2733; x_wconf 88' lang='lat'><strong>3</strong></span> <span class='ocrx_word' id='word_1_175' title='bbox 1288 2685 1337 2732; x_wconf 82' lang='lat' dir='ltr'><strong>et</strong></span> <span class='ocrx_word' id='word_1_176' title='bbox 1362 2680 1417 2743; x_wconf 88' lang='grc'><strong>4,</strong></span> <span class='ocrx_word' id='word_1_177' title='bbox 1447 2677 1544 2733; x_wconf 86' lang='lat' dir='ltr'><strong>ubi</strong></span> <span class='ocrx_word' id='word_1_178' title='bbox 1573 2678 1652 2733; x_wconf 83' lang='lat' dir='ltr'><strong>la-</strong></span> 
     </span>
     <span class='ocr_line' id='line_1_33' title="bbox 301 2756 1652 2815; baseline 0.004 -5"><span class='ocrx_word' id='word_1_179' title='bbox 301 2756 518 2814; x_wconf 86' lang='lat' dir='ltr'><strong>tissime</strong></span> <span class='ocrx_word' id='word_1_180' title='bbox 540 2757 911 2814; x_wconf 82' lang='lat' dir='ltr'><strong>refutavimus</strong></span> <span class='ocrx_word' id='word_1_181' title='bbox 930 2759 1249 2815; x_wconf 87' lang='lat' dir='ltr'><strong>contrarios</strong></span> <span class='ocrx_word' id='word_1_182' title='bbox 1272 2757 1498 2815; x_wconf 90' lang='lat' dir='ltr'><strong>dicendi</strong></span> <span class='ocrx_word' id='word_1_183' title='bbox 1523 2774 1652 2815; x_wconf 89' lang='lat' dir='ltr'><strong>mo-</strong></span> 
     </span>
     <span class='ocr_line' id='line_1_34' title="bbox 297 2834 1649 2912; baseline 0.001 -21"><span class='ocrx_word' id='word_1_184' title='bbox 297 2834 418 2903; x_wconf 72' lang='lat' dir='ltr'><strong>doS,</strong></span> <span class='ocrx_word' id='word_1_185' title='bbox 447 2841 501 2893; x_wconf 90' lang='lat' dir='ltr'><strong>et</strong></span> <span class='ocrx_word' id='word_1_186' title='bbox 526 2836 878 2895; x_wconf 86' lang='lat' dir='ltr'><strong>ostendimus</strong></span> <span class='ocrx_word' id='word_1_187' title='bbox 898 2836 1276 2911; x_wconf 89' lang='lat' dir='ltr'><strong>quidditatem</strong></span> <span class='ocrx_word' id='word_1_188' title='bbox 1309 2839 1515 2912; x_wconf 88' lang='lat' dir='ltr'><strong>peccati</strong></span> <span class='ocrx_word' id='word_1_189' title='bbox 1537 2836 1649 2897; x_wconf 90' lang='lat' dir='ltr'><strong>ori-</strong></span> 
     </span>
     <span class='ocr_line' id='line_1_35' title="bbox 293 2916 1651 2993; baseline 0.001 -22"><span class='ocrx_word' id='word_1_190' title='bbox 293 2916 501 2990; x_wconf 89' lang='lat' dir='ltr'><strong>ginalis</strong></span> <span class='ocrx_word' id='word_1_191' title='bbox 542 2918 850 2974; x_wconf 80' lang='lat' dir='ltr'><strong>consistere</strong></span> <span class='ocrx_word' id='word_1_192' title='bbox 890 2918 953 2972; x_wconf 87' lang='lat' dir='ltr'><strong>in</strong></span> <span class='ocrx_word' id='word_1_193' title='bbox 996 2919 1320 2990; x_wconf 86' lang='lat' dir='ltr'><strong>privatione</strong></span> <span class='ocrx_word' id='word_1_194' title='bbox 1344 2920 1543 2993; x_wconf 77' lang='lat' dir='ltr'><strong>gratiae</strong></span> <span class='ocrx_word' id='word_1_195' title='bbox 1580 2934 1651 2976; x_wconf 91' lang='lat' dir='ltr'><strong>ex</strong></span> 
     </span>
     <span class='ocr_line' id='line_1_36' title="bbox 294 2997 1651 3072; baseline 0.001 -19"><span class='ocrx_word' id='word_1_196' title='bbox 294 3004 513 3068; x_wconf 90' lang='lat' dir='ltr'><strong>peccato</strong></span> <span class='ocrx_word' id='word_1_197' title='bbox 532 2999 739 3054; x_wconf 88' lang='lat' dir='ltr'><strong>actuali</strong></span> <span class='ocrx_word' id='word_1_198' title='bbox 767 2997 973 3054; x_wconf 83' lang='lat' dir='ltr'><strong>Adami</strong></span> <span class='ocrx_word' id='word_1_199' title='bbox 999 2999 1194 3056; x_wconf 89' lang='lat' dir='ltr'><strong>relicta</strong></span> <span class='ocrx_word' id='word_1_200' title='bbox 1223 3021 1236 3056; x_wconf 77' lang='grc' dir='ltr'><strong><em>ε</em></strong></span> <span class='ocrx_word' id='word_1_201' title='bbox 1263 2999 1412 3072; x_wconf 91' lang='lat' dir='ltr'><strong>quod</strong></span> <span class='ocrx_word' id='word_1_202' title='bbox 1440 3000 1651 3056; x_wconf 90' lang='lat' dir='ltr'><strong>iterum</strong></span> 
     </span>
     <span class='ocr_line' id='line_1_37' title="bbox 293 3077 1646 3154; baseline 0.002 -20"><span class='ocrx_word' id='word_1_203' title='bbox 293 3077 655 3136; x_wconf 86' lang='lat' dir='ltr'><strong>firmavimus</strong></span> <span class='ocrx_word' id='word_1_204' title='bbox 682 3082 744 3137; x_wconf 89' lang='lat' dir='ltr'><strong>in</strong></span> <span class='ocrx_word' id='word_1_205' title='bbox 767 3082 871 3139; x_wconf 89' lang='lat' dir='ltr'><strong>hoc</strong></span> <span class='ocrx_word' id='word_1_206' title='bbox 899 3086 1157 3149; x_wconf 85' lang='lat' dir='ltr'><strong>tractatu,</strong></span> <span class='ocrx_word' id='word_1_207' title='bbox 1188 3083 1329 3154; x_wconf 78' lang='lat' dir='ltr'><strong>disp.</strong></span> <span class='ocrx_word' id='word_1_208' title='bbox 1365 3084 1410 3147; x_wconf 92' lang='lat' dir='ltr'><strong>l,</strong></span> <span class='ocrx_word' id='word_1_209' title='bbox 1440 3081 1566 3137; x_wconf 82' lang='lat' dir='ltr'><strong>dub.</strong></span> <span class='ocrx_word' id='word_1_210' title='bbox 1601 3082 1646 3137; x_wconf 91' lang='lat'><strong>1.</strong></span> 
     </span>
     <span class='ocr_line' id='line_1_38' title="bbox 293 3158 1652 3234; baseline 0 -21"><span class='ocrx_word' id='word_1_211' title='bbox 293 3158 456 3217; x_wconf 88' lang='lat' dir='ltr'><strong>Unde</strong></span> <span class='ocrx_word' id='word_1_212' title='bbox 483 3158 652 3216; x_wconf 91' lang='lat' dir='ltr'><strong>istam</strong></span> <span class='ocrx_word' id='word_1_213' title='bbox 698 3162 987 3219; x_wconf 86' lang='lat' dir='ltr'><strong>minorem</strong></span> <span class='ocrx_word' id='word_1_214' title='bbox 1027 3168 1300 3234; x_wconf 86' lang='lat' dir='ltr'><strong>tanquam</strong></span> <span class='ocrx_word' id='word_1_215' title='bbox 1345 3164 1559 3217; x_wconf 88' lang='lat' dir='ltr'><strong>certam</strong></span> <span class='ocrx_word' id='word_1_216' title='bbox 1588 3158 1652 3213; x_wconf 91' lang='lat' dir='ltr'><strong>in</strong></span> 
     </span>
     <span class='ocr_line' id='line_1_39' title="bbox 289 3243 1652 3316; baseline -0.001 -18"><span class='ocrx_word' id='word_1_217' title='bbox 289 3243 554 3315; x_wconf 68' lang='lat' dir='ltr'><strong>praesenti</strong></span> <span class='ocrx_word' id='word_1_218' title='bbox 582 3244 981 3315; x_wconf 84' lang='lat' dir='ltr'><strong>supponimus,</strong></span> <span class='ocrx_word' id='word_1_219' title='bbox 1021 3243 1337 3316; x_wconf 58' lang='lat' dir='ltr'><strong>praesertim</strong></span> <span class='ocrx_word' id='word_1_220' title='bbox 1376 3257 1506 3297; x_wconf 90' lang='lat' dir='ltr'><strong>cum</strong></span> <span class='ocrx_word' id='word_1_221' title='bbox 1534 3254 1652 3297; x_wconf 85' lang='lat' dir='ltr'><strong>non</strong></span> 
     </span>
     <span class='ocr_line' id='line_1_40' title="bbox 287 3323 1653 3397; baseline -0.004 -16"><span class='ocrx_word' id='word_1_222' title='bbox 287 3326 449 3397; x_wconf 85' lang='lat' dir='ltr'><strong>pauci</strong></span> <span class='ocrx_word' id='word_1_223' title='bbox 499 3340 570 3382; x_wconf 87' lang='lat' dir='ltr'><strong>ex</strong></span> <span class='ocrx_word' id='word_1_224' title='bbox 599 3325 964 3383; x_wconf 86' lang='lat' dir='ltr'><strong>Adversariis</strong></span> <span class='ocrx_word' id='word_1_225' title='bbox 996 3341 1126 3384; x_wconf 90' lang='lat' dir='ltr'><strong>eam</strong></span> <span class='ocrx_word' id='word_1_226' title='bbox 1165 3323 1421 3390; x_wconf 85' lang='lat' dir='ltr'><strong>doceant,</strong></span> <span class='ocrx_word' id='word_1_227' title='bbox 1452 3327 1653 3379; x_wconf 90' lang='lat' dir='ltr'><strong>contra</strong></span> 
     </span>
     <span class='ocr_line' id='line_1_41' title="bbox 283 3403 1652 3482; baseline -0.004 -18"><span class='ocrx_word' id='word_1_228' title='bbox 283 3424 422 3480; x_wconf 88' lang='lat' dir='ltr'><strong>quos</strong></span> <span class='ocrx_word' id='word_1_229' title='bbox 463 3406 710 3481; x_wconf 88' lang='lat' dir='ltr'><strong>proinde</strong></span> <span class='ocrx_word' id='word_1_230' title='bbox 750 3412 1155 3482; x_wconf 88' lang='lat' dir='ltr'><strong>argumentum</strong></span> <span class='ocrx_word' id='word_1_231' title='bbox 1197 3406 1259 3462; x_wconf 92' lang='lat' dir='ltr'><strong>in</strong></span> <span class='ocrx_word' id='word_1_232' title='bbox 1300 3421 1403 3462; x_wconf 92' lang='lat' dir='ltr'><strong>suo</strong></span> <span class='ocrx_word' id='word_1_233' title='bbox 1450 3403 1652 3461; x_wconf 87' lang='lat' dir='ltr'><strong>robore</strong></span> 
     </span>
     <span class='ocr_line' id='line_1_42' title="bbox 281 3478 1652 3561; baseline -0.006 -15"><span class='ocrx_word' id='word_1_234' title='bbox 281 3478 632 3560; x_wconf 77' lang='lat' dir='ltr'><strong>perseverat.</strong></span> <span class='ocrx_word' id='word_1_235' title='bbox 666 3486 774 3545; x_wconf 85' lang='lat' dir='ltr'><strong>Sed</strong></span> <span class='ocrx_word' id='word_1_236' title='bbox 802 3488 1038 3561; x_wconf 89' lang='lat' dir='ltr'><strong>insuper</strong></span> <span class='ocrx_word' id='word_1_237' title='bbox 1063 3486 1386 3544; x_wconf 84' lang='lat' dir='ltr'><strong>ostenditur</strong></span> <span class='ocrx_word' id='word_1_238' title='bbox 1411 3485 1652 3543; x_wconf 86' lang='lat' dir='ltr'><strong>efficaci-</strong></span> 
     </span>
     <span class='ocr_line' id='line_1_43' title="bbox 281 3567 1651 3643; baseline -0.006 -15"><span class='ocrx_word' id='word_1_239' title='bbox 281 3577 367 3628; x_wconf 88' lang='lat' dir='ltr'><strong>ter</strong></span> <span class='ocrx_word' id='word_1_240' title='bbox 401 3591 414 3627; x_wconf 92' lang='lat'><strong>:</strong></span> <span class='ocrx_word' id='word_1_241' title='bbox 446 3569 729 3643; x_wconf 90' lang='lat' dir='ltr'><strong>quoniam</strong></span> <span class='ocrx_word' id='word_1_242' title='bbox 772 3573 1060 3640; x_wconf 86' lang='lat' dir='ltr'><strong>peccatum</strong></span> <span class='ocrx_word' id='word_1_243' title='bbox 1094 3567 1378 3642; x_wconf 88' lang='lat' dir='ltr'><strong>originale</strong></span> <span class='ocrx_word' id='word_1_244' title='bbox 1411 3572 1494 3623; x_wconf 88' lang='lat' dir='ltr'><strong>est</strong></span> <span class='ocrx_word' id='word_1_245' title='bbox 1523 3580 1651 3620; x_wconf 88' lang='lat' dir='ltr'><strong>ma-</strong></span> 
     </span>
     <span class='ocr_line' id='line_1_44' title="bbox 281 3645 1652 3724; baseline -0.007 -16"><span class='ocrx_word' id='word_1_246' title='bbox 281 3654 401 3709; x_wconf 90' lang='lat' dir='ltr'><strong>lum</strong></span> <span class='ocrx_word' id='word_1_247' title='bbox 442 3652 533 3708; x_wconf 90' lang='lat' dir='ltr'><strong>cul</strong></span> <span class='ocrx_word' id='word_1_248' title='bbox 544 3666 629 3724; x_wconf 81' lang='lat' dir='ltr'><strong>pae</strong></span> <span class='ocrx_word' id='word_1_249' title='bbox 656 3648 726 3706; x_wconf 91' lang='lat' dir='ltr'><strong>ab</strong></span> <span class='ocrx_word' id='word_1_250' title='bbox 755 3650 972 3707; x_wconf 84' lang='lat' dir='ltr'><strong>Adamo</strong></span> <span class='ocrx_word' id='word_1_251' title='bbox 1001 3653 1395 3723; x_wconf 88' lang='lat' dir='ltr'><strong>propagatum,</strong></span> <span class='ocrx_word' id='word_1_252' title='bbox 1434 3646 1504 3703; x_wconf 89' lang='lat' dir='ltr'><strong>ad</strong></span> <span class='ocrx_word' id='word_1_253' title='bbox 1530 3645 1652 3719; x_wconf 84' lang='lat' dir='ltr'><strong>ejus</strong></span> 
     </span>
     <span class='ocr_line' id='line_1_45' title="bbox 281 3726 1652 3802; baseline -0.006 -14"><span class='ocrx_word' id='word_1_254' title='bbox 281 3732 434 3791; x_wconf 84' lang='lat' dir='ltr'><strong>filios</strong></span> <span class='ocrx_word' id='word_1_255' title='bbox 474 3731 856 3796; x_wconf 79' lang='lat' dir='ltr'><strong>transfusum,</strong></span> <span class='ocrx_word' id='word_1_256' title='bbox 905 3730 1045 3802; x_wconf 87' lang='lat' dir='ltr'><strong>ipsis</strong></span> <span class='ocrx_word' id='word_1_257' title='bbox 1092 3730 1400 3794; x_wconf 77' lang='lat' dir='ltr'><strong>inhaerenS,</strong></span> <span class='ocrx_word' id='word_1_258' title='bbox 1432 3732 1488 3783; x_wconf 90' lang='lat' dir='ltr'><strong>et</strong></span> <span class='ocrx_word' id='word_1_259' title='bbox 1518 3726 1652 3781; x_wconf 91' lang='lat' dir='ltr'><strong>uni-</strong></span> 
     </span>
     <span class='ocr_line' id='line_1_46' title="bbox 281 3807 1653 3887; baseline -0.007 -16"><span class='ocrx_word' id='word_1_260' title='bbox 281 3816 485 3887; x_wconf 89' lang='lat' dir='ltr'><strong>cuique</strong></span> <span class='ocrx_word' id='word_1_261' title='bbox 513 3814 817 3885; x_wconf 88' lang='lat' dir='ltr'><strong>proprium</strong></span> <span class='ocrx_word' id='word_1_262' title='bbox 845 3832 858 3867; x_wconf 71' lang='grc' dir='ltr'><strong><em>ε</em></strong></span> <span class='ocrx_word' id='word_1_263' title='bbox 885 3811 985 3868; x_wconf 90' lang='lat' dir='ltr'><strong>sed</strong></span> <span class='ocrx_word' id='word_1_264' title='bbox 1014 3808 1340 3884; x_wconf 84' lang='lat' dir='ltr'><strong>hujusmodi</strong></span> <span class='ocrx_word' id='word_1_265' title='bbox 1369 3807 1653 3866; x_wconf 88' lang='lat' dir='ltr'><strong>conditio-</strong></span> 
     </span>
     <span class='ocr_line' id='line_1_47' title="bbox 283 3889 1653 3965; baseline -0.006 -13"><span class='ocrx_word' id='word_1_266' title='bbox 283 3913 402 3965; x_wconf 91' lang='lat' dir='ltr'><strong>nes,</strong></span> <span class='ocrx_word' id='word_1_267' title='bbox 441 3901 499 3953; x_wconf 83' lang='lat' dir='ltr'><strong>et</strong></span> <span class='ocrx_word' id='word_1_268' title='bbox 525 3894 689 3951; x_wconf 88' lang='lat' dir='ltr'><strong>velut</strong></span> <span class='ocrx_word' id='word_1_269' title='bbox 725 3893 1195 3950; x_wconf 78' lang='lat' dir='ltr'><strong>characteristicae</strong></span> <span class='ocrx_word' id='word_1_270' title='bbox 1237 3891 1444 3965; x_wconf 85' lang='lat' dir='ltr'><strong>peceati</strong></span> <span class='ocrx_word' id='word_1_271' title='bbox 1471 3889 1653 3963; x_wconf 87' lang='lat' dir='ltr'><strong>origi-</strong></span> 
     </span>
     <span class='ocr_line' id='line_1_48' title="bbox 285 3971 1654 4035; baseline -0.007 -1"><span class='ocrx_word' id='word_1_272' title='bbox 285 3979 436 4035; x_wconf 88' lang='lat' dir='ltr'><strong>nalis</strong></span> <span class='ocrx_word' id='word_1_273' title='bbox 462 3982 620 4034; x_wconf 79' lang='lat' dir='ltr'><strong>notae</strong></span> <span class='ocrx_word' id='word_1_274' title='bbox 651 3975 898 4032; x_wconf 87' lang='lat' dir='ltr'><strong>minime</strong></span> <span class='ocrx_word' id='word_1_275' title='bbox 924 3973 1275 4031; x_wconf 90' lang='lat' dir='ltr'><strong>conveniunt</strong></span> <span class='ocrx_word' id='word_1_276' title='bbox 1295 3973 1379 4028; x_wconf 90' lang='lat' dir='ltr'><strong>eis</strong></span> <span class='ocrx_word' id='word_1_277' title='bbox 1407 3971 1654 4027; x_wconf 84' lang='lat' dir='ltr'><strong>rationi-</strong></span> 
     </span>
     <span class='ocr_line' id='line_1_49' title="bbox 284 4052 1654 4131; baseline -0.007 -16"><span class='ocrx_word' id='word_1_278' title='bbox 284 4059 421 4127; x_wconf 76' lang='lat' dir='ltr'><strong>bnS,</strong></span> <span class='ocrx_word' id='word_1_279' title='bbox 474 4061 536 4117; x_wconf 90' lang='lat' dir='ltr'><strong>in</strong></span> <span class='ocrx_word' id='word_1_280' title='bbox 603 4056 810 4131; x_wconf 90' lang='lat' dir='ltr'><strong>quibus</strong></span> <span class='ocrx_word' id='word_1_281' title='bbox 865 4055 1100 4129; x_wconf 88' lang='lat' dir='ltr'><strong>quidam</strong></span> <span class='ocrx_word' id='word_1_282' title='bbox 1161 4070 1232 4111; x_wconf 90' lang='lat' dir='ltr'><strong>ex</strong></span> <span class='ocrx_word' id='word_1_283' title='bbox 1290 4052 1654 4109; x_wconf 85' lang='lat' dir='ltr'><strong>Adversariis</strong></span> 
     </span>
     <span class='ocr_line' id='line_1_50' title="bbox 281 4135 1651 4212; baseline -0.007 -13"><span class='ocrx_word' id='word_1_284' title='bbox 281 4142 599 4199; x_wconf 77' lang='lat' dir='ltr'><strong>essentiam</strong></span> <span class='ocrx_word' id='word_1_285' title='bbox 647 4138 854 4212; x_wconf 88' lang='lat' dir='ltr'><strong>peccati</strong></span> <span class='ocrx_word' id='word_1_286' title='bbox 906 4137 1210 4211; x_wconf 89' lang='lat' dir='ltr'><strong>originalis</strong></span> <span class='ocrx_word' id='word_1_287' title='bbox 1257 4135 1651 4200; x_wconf 86' lang='lat' dir='ltr'><strong>constituunt;</strong></span> 
     </span>
     <span class='ocr_line' id='line_1_51' title="bbox 279 4216 1656 4298; baseline -0.007 -18"><span class='ocrx_word' id='word_1_288' title='bbox 279 4226 612 4298; x_wconf 88' lang='lat' dir='ltr'><strong>congruunt</strong></span> <span class='ocrx_word' id='word_1_289' title='bbox 631 4226 823 4277; x_wconf 89' lang='lat' dir='ltr'><strong>autem</strong></span> <span class='ocrx_word' id='word_1_290' title='bbox 860 4219 1075 4291; x_wconf 88' lang='lat' dir='ltr'><strong>optime</strong></span> <span class='ocrx_word' id='word_1_291' title='bbox 1102 4216 1413 4289; x_wconf 87' lang='lat' dir='ltr'><strong>privationi</strong></span> <span class='ocrx_word' id='word_1_292' title='bbox 1456 4216 1656 4291; x_wconf 79' lang='lat' dir='ltr'><strong>gratiae</strong></span> 
     </span>
     <span class='ocr_line' id='line_1_52' title="bbox 280 4296 1654 4377; baseline -0.007 -16"><span class='ocrx_word' id='word_1_293' title='bbox 280 4320 351 4361; x_wconf 90' lang='lat' dir='ltr'><strong>ex</strong></span> <span class='ocrx_word' id='word_1_294' title='bbox 374 4309 608 4377; x_wconf 80' lang='lat' dir='ltr'><strong>peccato</strong></span> <span class='ocrx_word' id='word_1_295' title='bbox 632 4300 839 4357; x_wconf 87' lang='lat' dir='ltr'><strong>Adami</strong></span> <span class='ocrx_word' id='word_1_296' title='bbox 864 4299 1074 4356; x_wconf 74' lang='lat' dir='ltr'><strong>relictae</strong></span> <span class='ocrx_word' id='word_1_297' title='bbox 1105 4312 1277 4370; x_wconf 86' lang='lat' dir='ltr'><strong>:ergo</strong></span> <span class='ocrx_word' id='word_1_298' title='bbox 1304 4296 1368 4352; x_wconf 90' lang='lat' dir='ltr'><strong>in</strong></span> <span class='ocrx_word' id='word_1_299' title='bbox 1397 4297 1502 4353; x_wconf 87' lang='lat' dir='ltr'><strong>hac</strong></span> <span class='ocrx_word' id='word_1_300' title='bbox 1530 4296 1654 4369; x_wconf 89' lang='lat' dir='ltr'><strong>pri-</strong></span> 
     </span>
     <span class='ocr_line' id='line_1_53' title="bbox 282 4376 1655 4450; baseline -0.006 -9"><span class='ocrx_word' id='word_1_301' title='bbox 282 4386 536 4450; x_wconf 86' lang='lat' dir='ltr'><strong>vatione,</strong></span> <span class='ocrx_word' id='word_1_302' title='bbox 567 4386 632 4439; x_wconf 88' lang='lat' dir='ltr'><strong>et</strong></span> <span class='ocrx_word' id='word_1_303' title='bbox 676 4396 788 4439; x_wconf 88' lang='lat' dir='ltr'><strong>non</strong></span> <span class='ocrx_word' id='word_1_304' title='bbox 833 4381 896 4436; x_wconf 92' lang='lat' dir='ltr'><strong>in</strong></span> <span class='ocrx_word' id='word_1_305' title='bbox 935 4380 1021 4436; x_wconf 89' lang='lat' dir='ltr'><strong>eis</strong></span> <span class='ocrx_word' id='word_1_306' title='bbox 1061 4376 1382 4435; x_wconf 86' lang='lat' dir='ltr'><strong>rationibus</strong></span> <span class='ocrx_word' id='word_1_307' title='bbox 1407 4376 1655 4434; x_wconf 88' lang='lat' dir='ltr'><strong>essentia</strong></span> 
     </span>
     <span class='ocr_line' id='line_1_54' title="bbox 281 4462 1657 4540; baseline -0.004 -15"><span class='ocrx_word' id='word_1_308' title='bbox 281 4467 492 4540; x_wconf 88' lang='lat' dir='ltr'><strong>peccati</strong></span> <span class='ocrx_word' id='word_1_309' title='bbox 540 4464 852 4539; x_wconf 89' lang='lat' dir='ltr'><strong>originalis</strong></span> <span class='ocrx_word' id='word_1_310' title='bbox 892 4464 1169 4521; x_wconf 87' lang='lat' dir='ltr'><strong>consistit.</strong></span> <span class='ocrx_word' id='word_1_311' title='bbox 1201 4464 1384 4536; x_wconf 85' lang='lat' dir='ltr'><strong>Major</strong></span> <span class='ocrx_word' id='word_1_312' title='bbox 1411 4462 1657 4520; x_wconf 90' lang='lat' dir='ltr'><strong>habetur</strong></span> 
     </span>
     <span class='ocr_line' id='line_1_55' title="bbox 279 4543 1651 4610; baseline -0.004 -5"><span class='ocrx_word' id='word_1_313' title='bbox 279 4547 584 4605; x_wconf 89' lang='lat' dir='ltr'><strong>evidenter</strong></span> <span class='ocrx_word' id='word_1_314' title='bbox 609 4545 674 4602; x_wconf 89' lang='lat' dir='ltr'><strong>in</strong></span> <span class='ocrx_word' id='word_1_315' title='bbox 689 4544 942 4601; x_wconf 90' lang='lat' dir='ltr'><strong>Concilio</strong></span> <span class='ocrx_word' id='word_1_316' title='bbox 957 4543 1215 4601; x_wconf 85' lang='lat' dir='ltr'><strong>Trident.</strong></span> <span class='ocrx_word' id='word_1_317' title='bbox 1241 4560 1367 4603; x_wconf 81' lang='lat' dir='ltr'><strong>sess,</strong></span> <span class='ocrx_word' id='word_1_318' title='bbox 1392 4545 1446 4610; x_wconf 83' lang='lat'><strong>5,</strong></span> <span class='ocrx_word' id='word_1_319' title='bbox 1462 4560 1578 4600; x_wconf 85' lang='lat' dir='ltr'><strong>can.</strong></span> <span class='ocrx_word' id='word_1_320' title='bbox 1596 4544 1651 4609; x_wconf 79' lang='lat'><strong>2,</strong></span> 
     </span>
     <span class='ocr_line' id='line_1_56' title="bbox 283 4624 1656 4698; baseline -0.004 -11"><span class='ocrx_word' id='word_1_321' title='bbox 283 4630 403 4687; x_wconf 88' lang='lat' dir='ltr'><strong>illis</strong></span> <span class='ocrx_word' id='word_1_322' title='bbox 441 4628 644 4687; x_wconf 84' lang='lat' dir='ltr'><strong>verbis</strong></span> <span class='ocrx_word' id='word_1_323' title='bbox 678 4647 691 4682; x_wconf 74' lang='grc' dir='ltr'><strong><em>ε</em></strong></span> <span class='ocrx_word' id='word_1_324' title='bbox 735 4649 761 4679; x_wconf 81' lang='lat'>«</span> <span class='ocrx_word' id='word_1_325' title='bbox 788 4626 846 4682; x_wconf 89' lang='lat' dir='ltr'><strong>Si</strong></span> <span class='ocrx_word' id='word_1_326' title='bbox 886 4627 1016 4698; x_wconf 89' lang='lat' dir='ltr'><strong>quis</strong></span> <span class='ocrx_word' id='word_1_327' title='bbox 1055 4624 1190 4681; x_wconf 78' lang='lat' dir='ltr'><strong>Adae</strong></span> <span class='ocrx_word' id='word_1_328' title='bbox 1231 4626 1656 4698; x_wconf 59' lang='lat' dir='ltr'><strong>praevaricatio·</strong></span> 
     </span>
     <span class='ocr_line' id='line_1_57' title="bbox 291 4705 1657 4781; baseline -0.002 -15"><span class='ocrx_word' id='word_1_329' title='bbox 291 4735 316 4766; x_wconf 70' lang='grc' dir='ltr'>α</span> <span class='ocrx_word' id='word_1_330' title='bbox 346 4727 484 4770; x_wconf 89' lang='lat' dir='ltr'><strong>nem</strong></span> <span class='ocrx_word' id='word_1_331' title='bbox 503 4708 618 4766; x_wconf 89' lang='lat' dir='ltr'><strong>sibi</strong></span> <span class='ocrx_word' id='word_1_332' title='bbox 647 4708 777 4774; x_wconf 90' lang='lat' dir='ltr'><strong>soli,</strong></span> <span class='ocrx_word' id='word_1_333' title='bbox 807 4713 864 4763; x_wconf 89' lang='lat' dir='ltr'><strong>et</strong></span> <span class='ocrx_word' id='word_1_334' title='bbox 883 4722 1001 4764; x_wconf 91' lang='lat' dir='ltr'><strong>non</strong></span> <span class='ocrx_word' id='word_1_335' title='bbox 1026 4707 1148 4780; x_wconf 85' lang='lat' dir='ltr'><strong>ejus</strong></span> <span class='ocrx_word' id='word_1_336' title='bbox 1177 4705 1478 4781; x_wconf 87' lang='lat' dir='ltr'><strong>propagini</strong></span> <span class='ocrx_word' id='word_1_337' title='bbox 1502 4720 1657 4763; x_wconf 87' lang='lat' dir='ltr'><strong>asse—</strong></span> 
     </span>
     <span class='ocr_line' id='line_1_58' title="bbox 292 4788 1658 4861; baseline -0.004 -13"><span class='ocrx_word' id='word_1_338' title='bbox 292 4816 317 4848; x_wconf 73' lang='lat'>«</span> <span class='ocrx_word' id='word_1_339' title='bbox 348 4794 425 4850; x_wconf 92' lang='lat' dir='ltr'><strong>rit</strong></span> <span class='ocrx_word' id='word_1_340' title='bbox 453 4789 750 4855; x_wconf 86' lang='lat' dir='ltr'><strong>nocuisse;</strong></span> <span class='ocrx_word' id='word_1_341' title='bbox 777 4793 834 4845; x_wconf 90' lang='lat' dir='ltr'><strong>et</strong></span> <span class='ocrx_word' id='word_1_342' title='bbox 859 4794 1144 4861; x_wconf 84' lang='lat' dir='ltr'><strong>acceptam</strong></span> <span class='ocrx_word' id='word_1_343' title='bbox 1185 4803 1219 4844; x_wconf 88' lang='lat' dir='ltr'><strong>a</strong></span> <span class='ocrx_word' id='word_1_344' title='bbox 1241 4790 1356 4844; x_wconf 89' lang='lat' dir='ltr'><strong>Deo</strong></span> <span class='ocrx_word' id='word_1_345' title='bbox 1381 4788 1658 4844; x_wconf 85' lang='lat' dir='ltr'><strong>sanctita-</strong></span> 
     </span>
     <span class='ocr_line' id='line_1_59' title="bbox 292 4869 1653 4947; baseline -0.006 -13"><span class='ocrx_word' id='word_1_346' title='bbox 292 4899 318 4937; x_wconf 70' lang='lat'><strong>«</strong></span> <span class='ocrx_word' id='word_1_347' title='bbox 345 4882 487 4943; x_wconf 87' lang='lat' dir='ltr'><strong>tem,</strong></span> <span class='ocrx_word' id='word_1_348' title='bbox 510 4879 571 4932; x_wconf 87' lang='lat' dir='ltr'><strong>et</strong></span> <span class='ocrx_word' id='word_1_349' title='bbox 581 4871 888 4947; x_wconf 86' lang='lat' dir='ltr'><strong>justitiam,</strong></span> <span class='ocrx_word' id='word_1_350' title='bbox 906 4886 1079 4944; x_wconf 89' lang='lat' dir='ltr'><strong>quam</strong></span> <span class='ocrx_word' id='word_1_351' title='bbox 1103 4869 1371 4942; x_wconf 88' lang='lat' dir='ltr'><strong>perdidit,</strong></span> <span class='ocrx_word' id='word_1_352' title='bbox 1394 4870 1504 4927; x_wconf 88' lang='lat' dir='ltr'><strong>sibi</strong></span> <span class='ocrx_word' id='word_1_353' title='bbox 1525 4870 1653 4937; x_wconf 89' lang='lat' dir='ltr'><strong>soli,</strong></span> 
     </span>
     <span class='ocr_line' id='line_1_60' title="bbox 292 4951 1660 5025; baseline -0.002 -14"><span class='ocrx_word' id='word_1_354' title='bbox 292 4984 316 5011; x_wconf 67' lang='lat' dir='ltr'><strong>a</strong></span> <span class='ocrx_word' id='word_1_355' title='bbox 345 4963 405 5017; x_wconf 90' lang='lat' dir='ltr'><strong>et</strong></span> <span class='ocrx_word' id='word_1_356' title='bbox 441 4971 565 5014; x_wconf 89' lang='lat' dir='ltr'><strong>non</strong></span> <span class='ocrx_word' id='word_1_357' title='bbox 595 4952 765 5011; x_wconf 88' lang='lat' dir='ltr'><strong>nobis</strong></span> <span class='ocrx_word' id='word_1_358' title='bbox 808 4954 985 5011; x_wconf 91' lang='lat' dir='ltr'><strong>etiam</strong></span> <span class='ocrx_word' id='word_1_359' title='bbox 1012 4969 1145 5010; x_wconf 90' lang='lat' dir='ltr'><strong>eum</strong></span> <span class='ocrx_word' id='word_1_360' title='bbox 1185 4951 1532 5025; x_wconf 82' lang='lat' dir='ltr'><strong>perdidisse3</strong></span> <span class='ocrx_word' id='word_1_361' title='bbox 1562 4957 1660 5009; x_wconf 92' lang='lat' dir='ltr'><strong>aut</strong></span> 
     </span>
     <span class='ocr_line' id='line_1_61' title="bbox 292 5032 1660 5111; baseline 0 -20"><span class='ocrx_word' id='word_1_362' title='bbox 292 5062 318 5091; x_wconf 88' lang='lat'>«</span> <span class='ocrx_word' id='word_1_363' title='bbox 351 5037 731 5111; x_wconf 88' lang='lat' dir='ltr'><strong>inquinatum</strong></span> <span class='ocrx_word' id='word_1_364' title='bbox 761 5034 931 5090; x_wconf 89' lang='lat' dir='ltr'><strong>illum</strong></span> <span class='ocrx_word' id='word_1_365' title='bbox 962 5050 1062 5107; x_wconf 89' lang='lat' dir='ltr'><strong>per</strong></span> <span class='ocrx_word' id='word_1_366' title='bbox 1101 5032 1503 5090; x_wconf 77' lang='lat' dir='ltr'><strong>inobedientiae</strong></span> <span class='ocrx_word' id='word_1_367' title='bbox 1528 5049 1660 5106; x_wconf 88' lang='lat' dir='ltr'><strong>pec-</strong></span> 
     </span>
    </p>
   </div>
   <div class='ocr_carea' id='block_1_11' title="bbox 3026 411 3131 466">
    <p class='ocr_par' dir='ltr' id='par_1_12' title="bbox 3026 411 3131 466">
     <span class='ocr_line' id='line_1_62' title="bbox 3026 411 3131 466; baseline -0.01 0"><span class='ocrx_word' id='word_1_368' title='bbox 3026 411 3131 466; x_wconf 82' lang='lat'><strong>367</strong></span> 
     </span>
    </p>
   </div>
   <div class='ocr_carea' id='block_1_12' title="bbox 1775 585 3189 5101">
    <p class='ocr_par' dir='ltr' id='par_1_13' title="bbox 1775 585 3189 5101">
     <span class='ocr_line' id='line_1_63' title="bbox 1784 585 3136 662; baseline -0.003 -21"><span class='ocrx_word' id='word_1_369' title='bbox 1784 607 1808 635; x_wconf 88' lang='lat'><strong><em>«</em></strong></span> <span class='ocrx_word' id='word_1_370' title='bbox 1838 591 2045 656; x_wconf 84' lang='lat' dir='ltr'><strong>catum,</strong></span> <span class='ocrx_word' id='word_1_371' title='bbox 2091 595 2356 655; x_wconf 89' lang='lat' dir='ltr'><strong>mortem,</strong></span> <span class='ocrx_word' id='word_1_372' title='bbox 2388 596 2445 645; x_wconf 87' lang='lat' dir='ltr'><strong>et</strong></span> <span class='ocrx_word' id='word_1_373' title='bbox 2487 604 2682 662; x_wconf 86' lang='lat' dir='ltr'><strong>poenas</strong></span> <span class='ocrx_word' id='word_1_374' title='bbox 2708 585 2962 657; x_wconf 88' lang='lat' dir='ltr'><strong>corporis</strong></span> <span class='ocrx_word' id='word_1_375' title='bbox 3006 589 3136 638; x_wconf 89' lang='lat' dir='ltr'><strong>tan—</strong></span> 
     </span>
     <span class='ocr_line' id='line_1_64' title="bbox 1780 663 3141 742; baseline -0.002 -23"><span class='ocrx_word' id='word_1_376' title='bbox 1780 688 1804 715; x_wconf 80' lang='lat'>«</span> <span class='ocrx_word' id='word_1_377' title='bbox 1838 669 1961 722; x_wconf 89' lang='lat' dir='ltr'><strong>tum</strong></span> <span class='ocrx_word' id='word_1_378' title='bbox 2007 668 2070 723; x_wconf 91' lang='lat' dir='ltr'><strong>in</strong></span> <span class='ocrx_word' id='word_1_379' title='bbox 2097 683 2269 726; x_wconf 91' lang='lat' dir='ltr'><strong>omne</strong></span> <span class='ocrx_word' id='word_1_380' title='bbox 2303 684 2480 742; x_wconf 89' lang='lat' dir='ltr'><strong>genus</strong></span> <span class='ocrx_word' id='word_1_381' title='bbox 2522 669 2843 723; x_wconf 88' lang='lat' dir='ltr'><strong>humanum</strong></span> <span class='ocrx_word' id='word_1_382' title='bbox 2884 663 3141 720; x_wconf 82' lang='lat' dir='ltr'><strong>transfu-</strong></span> 
     </span>
     <span class='ocr_line' id='line_1_65' title="bbox 1781 743 3140 822; baseline -0.002 -22"><span class='ocrx_word' id='word_1_383' title='bbox 1781 767 1805 796; x_wconf 87' lang='lat'>«</span> <span class='ocrx_word' id='word_1_384' title='bbox 1837 745 2009 814; x_wconf 89' lang='lat' dir='ltr'><strong>disse,</strong></span> <span class='ocrx_word' id='word_1_385' title='bbox 2034 763 2150 805; x_wconf 92' lang='lat' dir='ltr'><strong>non</strong></span> <span class='ocrx_word' id='word_1_386' title='bbox 2172 754 2361 806; x_wconf 88' lang='lat' dir='ltr'><strong>autem</strong></span> <span class='ocrx_word' id='word_1_387' title='bbox 2384 754 2439 806; x_wconf 92' lang='lat' dir='ltr'><strong>et</strong></span> <span class='ocrx_word' id='word_1_388' title='bbox 2468 752 2777 822; x_wconf 88' lang='lat' dir='ltr'><strong>peccatum,</strong></span> <span class='ocrx_word' id='word_1_389' title='bbox 2804 743 2950 816; x_wconf 89' lang='lat' dir='ltr'><strong>quod</strong></span> <span class='ocrx_word' id='word_1_390' title='bbox 2983 759 3140 799; x_wconf 89' lang='lat' dir='ltr'><strong>mors</strong></span> 
     </span>
     <span class='ocr_line' id='line_1_66' title="bbox 1783 823 3143 894; baseline 0.005 -12"><span class='ocrx_word' id='word_1_391' title='bbox 1783 847 1808 877; x_wconf 89' lang='lat'>«</span> <span class='ocrx_word' id='word_1_392' title='bbox 1837 832 1920 882; x_wconf 90' lang='lat' dir='ltr'><strong>est</strong></span> <span class='ocrx_word' id='word_1_393' title='bbox 1942 828 2150 886; x_wconf 83' lang='lat' dir='ltr'><strong>animae</strong></span> <span class='ocrx_word' id='word_1_394' title='bbox 2177 849 2190 884; x_wconf 89' lang='lat'><strong>:</strong></span> <span class='ocrx_word' id='word_1_395' title='bbox 2215 829 2521 894; x_wconf 78' lang='lat' dir='ltr'><strong>anathema</strong></span> <span class='ocrx_word' id='word_1_396' title='bbox 2536 828 2629 884; x_wconf 90' lang='lat' dir='ltr'><strong>sit.</strong></span> <span class='ocrx_word' id='word_1_397' title='bbox 2652 848 2677 878; x_wconf 86' lang='lat'>»</span> <span class='ocrx_word' id='word_1_398' title='bbox 2713 828 2781 880; x_wconf 85' lang='lat' dir='ltr'><strong>Et</strong></span> <span class='ocrx_word' id='word_1_399' title='bbox 2807 842 2930 881; x_wconf 84' lang='lat' dir='ltr'><strong>can.</strong></span> <span class='ocrx_word' id='word_1_400' title='bbox 2957 824 3011 888; x_wconf 79' lang='grc'><strong>3,</strong></span> <span class='ocrx_word' id='word_1_401' title='bbox 3044 823 3143 877; x_wconf 79' lang='lat' dir='ltr'><strong>di-</strong></span> 
     </span>
     <span class='ocr_line' id='line_1_67' title="bbox 1775 903 3137 985; baseline -0.004 -22"><span class='ocrx_word' id='word_1_402' title='bbox 1775 907 1925 965; x_wconf 88' lang='lat' dir='ltr'><strong>citur</strong></span> <span class='ocrx_word' id='word_1_403' title='bbox 1956 931 1969 965; x_wconf 87' lang='lat'>:</span> <span class='ocrx_word' id='word_1_404' title='bbox 2004 932 2029 961; x_wconf 80' lang='grc' dir='ltr'>α</span> <span class='ocrx_word' id='word_1_405' title='bbox 2059 911 2120 966; x_wconf 87' lang='lat' dir='ltr'><strong>Si</strong></span> <span class='ocrx_word' id='word_1_406' title='bbox 2158 912 2287 985; x_wconf 91' lang='lat' dir='ltr'><strong>quis</strong></span> <span class='ocrx_word' id='word_1_407' title='bbox 2332 912 2438 970; x_wconf 89' lang='lat' dir='ltr'><strong>hoc</strong></span> <span class='ocrx_word' id='word_1_408' title='bbox 2476 910 2611 966; x_wconf 74' lang='lat' dir='ltr'><strong>Adae</strong></span> <span class='ocrx_word' id='word_1_409' title='bbox 2651 904 2959 980; x_wconf 87' lang='lat' dir='ltr'><strong>peccatum,</strong></span> <span class='ocrx_word' id='word_1_410' title='bbox 2989 903 3137 976; x_wconf 89' lang='lat' dir='ltr'><strong>quod</strong></span> 
     </span>
     <span class='ocr_line' id='line_1_68' title="bbox 1784 988 3141 1063; baseline 0.008 -21"><span class='ocrx_word' id='word_1_411' title='bbox 1784 1010 1809 1041; x_wconf 75' lang='grc' dir='ltr'><strong>ιι</strong></span> <span class='ocrx_word' id='word_1_412' title='bbox 1838 988 2063 1063; x_wconf 89' lang='lat' dir='ltr'><strong>origine</strong></span> <span class='ocrx_word' id='word_1_413' title='bbox 2112 1007 2291 1048; x_wconf 90' lang='lat' dir='ltr'><strong>unum</strong></span> <span class='ocrx_word' id='word_1_414' title='bbox 2337 997 2439 1058; x_wconf 90' lang='lat' dir='ltr'><strong>est,</strong></span> <span class='ocrx_word' id='word_1_415' title='bbox 2470 997 2526 1048; x_wconf 90' lang='lat' dir='ltr'><strong>et</strong></span> <span class='ocrx_word' id='word_1_416' title='bbox 2553 989 2976 1062; x_wconf 74' lang='lat' dir='ltr'><strong>propagatione,</strong></span> <span class='ocrx_word' id='word_1_417' title='bbox 3024 1000 3141 1040; x_wconf 72' lang='lat' dir='ltr'>¹¹0ss</span> 
     </span>
     <span class='ocr_line' id='line_1_69' title="bbox 1781 1065 3141 1130; baseline -0.002 -9"><span class='ocrx_word' id='word_1_418' title='bbox 1781 1091 1806 1120; x_wconf 74' lang='grc' dir='ltr'><strong><em>κ</em></strong></span> <span class='ocrx_word' id='word_1_419' title='bbox 1848 1069 2169 1129; x_wconf 90' lang='lat' dir='ltr'><strong>imitatione</strong></span> <span class='ocrx_word' id='word_1_420' title='bbox 2231 1072 2585 1128; x_wconf 83' lang='lat' dir='ltr'><strong>transfusum</strong></span> <span class='ocrx_word' id='word_1_421' title='bbox 2636 1067 2908 1126; x_wconf 90' lang='lat' dir='ltr'><strong>omnibus</strong></span> <span class='ocrx_word' id='word_1_422' title='bbox 2929 1108 2941 1130; x_wconf 95' lang='lat'><strong>,</strong></span> <span class='ocrx_word' id='word_1_423' title='bbox 2995 1065 3141 1120; x_wconf 88' lang='lat' dir='ltr'><strong>inest</strong></span> 
     </span>
     <span class='ocr_line' id='line_1_70' title="bbox 1783 1149 3140 1226; baseline -0.006 -20"><span class='ocrx_word' id='word_1_424' title='bbox 1783 1171 1808 1201; x_wconf 72' lang='grc' dir='ltr'><strong><em>κ</em></strong></span> <span class='ocrx_word' id='word_1_425' title='bbox 1840 1150 2145 1226; x_wconf 90' lang='lat' dir='ltr'><strong>unicuique</strong></span> <span class='ocrx_word' id='word_1_426' title='bbox 2169 1153 2487 1226; x_wconf 86' lang='lat' dir='ltr'><strong>proprium.</strong></span> <span class='ocrx_word' id='word_1_427' title='bbox 2512 1157 2616 1208; x_wconf 90' lang='lat' dir='ltr'><strong>etc.</strong></span> <span class='ocrx_word' id='word_1_428' title='bbox 2642 1173 2665 1202; x_wconf 88' lang='lat'>»</span> <span class='ocrx_word' id='word_1_429' title='bbox 2693 1152 2761 1204; x_wconf 87' lang='lat' dir='ltr'><strong>Et</strong></span> <span class='ocrx_word' id='word_1_430' title='bbox 2779 1167 2909 1204; x_wconf 67' lang='lat' dir='ltr'><strong>sess.</strong></span> <span class='ocrx_word' id='word_1_431' title='bbox 2932 1149 2986 1212; x_wconf 80' lang='lat'><strong>6,</strong></span> <span class='ocrx_word' id='word_1_432' title='bbox 3019 1164 3140 1217; x_wconf 81' lang='lat' dir='ltr'><strong>cap.</strong></span> 
     </span>
     <span class='ocr_line' id='line_1_71' title="bbox 1778 1227 3144 1296; baseline -0.003 -10"><span class='ocrx_word' id='word_1_433' title='bbox 1778 1230 1832 1296; x_wconf 88' lang='lat'><strong>3,</strong></span> <span class='ocrx_word' id='word_1_434' title='bbox 1866 1230 1981 1288; x_wconf 86' lang='lat' dir='ltr'><strong>haec</strong></span> <span class='ocrx_word' id='word_1_435' title='bbox 2010 1232 2292 1290; x_wconf 88' lang='lat' dir='ltr'><strong>habentur</strong></span> <span class='ocrx_word' id='word_1_436' title='bbox 2324 1254 2337 1288; x_wconf 73' lang='grc' dir='ltr'>ς</span> <span class='ocrx_word' id='word_1_437' title='bbox 2378 1254 2403 1283; x_wconf 88' lang='grc'>«</span> <span class='ocrx_word' id='word_1_438' title='bbox 2438 1236 2583 1288; x_wconf 90' lang='lat' dir='ltr'><strong>Nam</strong></span> <span class='ocrx_word' id='word_1_439' title='bbox 2623 1231 2768 1287; x_wconf 88' lang='lat' dir='ltr'><strong>sicut</strong></span> <span class='ocrx_word' id='word_1_440' title='bbox 2807 1243 3009 1285; x_wconf 87' lang='lat' dir='ltr'><strong>revera</strong></span> <span class='ocrx_word' id='word_1_441' title='bbox 3038 1227 3144 1282; x_wconf 85' lang='lat' dir='ltr'><strong>ho—</strong></span> 
     </span>
     <span class='ocr_line' id='line_1_72' title="bbox 1786 1306 3142 1381; baseline -0.007 -14"><span class='ocrx_word' id='word_1_442' title='bbox 1786 1332 1811 1362; x_wconf 87' lang='lat'>«</span> <span class='ocrx_word' id='word_1_443' title='bbox 1840 1311 2047 1378; x_wconf 88' lang='lat' dir='ltr'><strong>mines,</strong></span> <span class='ocrx_word' id='word_1_444' title='bbox 2080 1312 2191 1369; x_wconf 88' lang='lat' dir='ltr'><strong>nisi</strong></span> <span class='ocrx_word' id='word_1_445' title='bbox 2220 1327 2292 1368; x_wconf 91' lang='lat' dir='ltr'><strong>ex</strong></span> <span class='ocrx_word' id='word_1_446' title='bbox 2317 1312 2541 1372; x_wconf 88' lang='lat' dir='ltr'><strong>semine</strong></span> <span class='ocrx_word' id='word_1_447' title='bbox 2568 1309 2812 1365; x_wconf 66' lang='lat' dir='ltr'><strong>Abrahae</strong></span> <span class='ocrx_word' id='word_1_448' title='bbox 2853 1306 3142 1381; x_wconf 86' lang='lat' dir='ltr'><strong>propagati</strong></span> 
     </span>
     <span class='ocr_line' id='line_1_73' title="bbox 1784 1386 3144 1462; baseline -0.004 -18"><span class='ocrx_word' id='word_1_449' title='bbox 1784 1413 1809 1443; x_wconf 69' lang='grc' dir='ltr'><strong>ιι</strong></span> <span class='ocrx_word' id='word_1_450' title='bbox 1843 1398 2231 1457; x_wconf 87' lang='lat' dir='ltr'><strong>nascerentur,</strong></span> <span class='ocrx_word' id='word_1_451' title='bbox 2247 1409 2366 1450; x_wconf 91' lang='lat' dir='ltr'><strong>non</strong></span> <span class='ocrx_word' id='word_1_452' title='bbox 2382 1395 2753 1448; x_wconf 89' lang='lat' dir='ltr'><strong>nascerentur</strong></span> <span class='ocrx_word' id='word_1_453' title='bbox 2772 1386 2991 1462; x_wconf 81' lang='lat' dir='ltr'><strong>inJ‘usti,</strong></span> <span class='ocrx_word' id='word_1_454' title='bbox 3014 1401 3144 1440; x_wconf 88' lang='lat' dir='ltr'><strong>curn</strong></span> 
     </span>
     <span class='ocr_line' id='line_1_74' title="bbox 1786 1468 3142 1549; baseline -0.004 -21"><span class='ocrx_word' id='word_1_455' title='bbox 1786 1495 1812 1528; x_wconf 74' lang='grc' dir='ltr'><strong>οι</strong></span> <span class='ocrx_word' id='word_1_456' title='bbox 1841 1489 1907 1531; x_wconf 91' lang='lat' dir='ltr'><strong>ea</strong></span> <span class='ocrx_word' id='word_1_457' title='bbox 1947 1475 2368 1549; x_wconf 84' lang='lat' dir='ltr'><strong>propagatione,</strong></span> <span class='ocrx_word' id='word_1_458' title='bbox 2416 1491 2518 1547; x_wconf 89' lang='lat' dir='ltr'><strong>per</strong></span> <span class='ocrx_word' id='word_1_459' title='bbox 2556 1475 2743 1547; x_wconf 89' lang='lat' dir='ltr'><strong>ipsum</strong></span> <span class='ocrx_word' id='word_1_460' title='bbox 2786 1470 2923 1526; x_wconf 91' lang='lat' dir='ltr'><strong>dum</strong></span> <span class='ocrx_word' id='word_1_461' title='bbox 2951 1468 3142 1526; x_wconf 88' lang='lat' dir='ltr'><strong>conci-</strong></span> 
     </span>
     <span class='ocr_line' id='line_1_75' title="bbox 1784 1553 3140 1628; baseline -0.001 -23"><span class='ocrx_word' id='word_1_462' title='bbox 1784 1575 1810 1605; x_wconf 74' lang='grc' dir='ltr'>α</span> <span class='ocrx_word' id='word_1_463' title='bbox 1843 1553 2101 1626; x_wconf 88' lang='lat' dir='ltr'><strong>piuntur,</strong></span> <span class='ocrx_word' id='word_1_464' title='bbox 2151 1555 2448 1628; x_wconf 88' lang='lat' dir='ltr'><strong>propriam</strong></span> <span class='ocrx_word' id='word_1_465' title='bbox 2502 1553 2849 1628; x_wconf 87' lang='lat' dir='ltr'><strong>injustitiam</strong></span> <span class='ocrx_word' id='word_1_466' title='bbox 2908 1553 3140 1608; x_wconf 88' lang='lat' dir='ltr'><strong>contra-</strong></span> 
     </span>
     <span class='ocr_line' id='line_1_76' title="bbox 1786 1630 3139 1706; baseline -0.006 -16"><span class='ocrx_word' id='word_1_467' title='bbox 1786 1656 1812 1685; x_wconf 84' lang='lat'>«</span> <span class='ocrx_word' id='word_1_468' title='bbox 1842 1633 2000 1699; x_wconf 88' lang='lat' dir='ltr'><strong>hant,</strong></span> <span class='ocrx_word' id='word_1_469' title='bbox 2031 1640 2135 1691; x_wconf 90' lang='lat' dir='ltr'><strong>etc.</strong></span> <span class='ocrx_word' id='word_1_470' title='bbox 2185 1659 2210 1687; x_wconf 73' lang='grc' dir='ltr'><strong>ι)</strong></span> <span class='ocrx_word' id='word_1_471' title='bbox 2262 1639 2395 1700; x_wconf 77' lang='lat' dir='ltr'><strong>Quae</strong></span> <span class='ocrx_word' id='word_1_472' title='bbox 2437 1635 2697 1692; x_wconf 89' lang='lat' dir='ltr'><strong>doctrina</strong></span> <span class='ocrx_word' id='word_1_473' title='bbox 2737 1630 3056 1706; x_wconf 82' lang='lat' dir='ltr'><strong>damnavit,</strong></span> <span class='ocrx_word' id='word_1_474' title='bbox 3088 1635 3139 1684; x_wconf 88' lang='lat' dir='ltr'><strong>et</strong></span> 
     </span>
     <span class='ocr_line' id='line_1_77' title="bbox 1779 1710 3142 1777; baseline -0.005 -6"><span class='ocrx_word' id='word_1_475' title='bbox 1779 1716 2020 1772; x_wconf 85' lang='lat' dir='ltr'><strong>exclusit</strong></span> <span class='ocrx_word' id='word_1_476' title='bbox 2042 1727 2163 1772; x_wconf 88' lang='lat' dir='ltr'><strong>tum</strong></span> <span class='ocrx_word' id='word_1_477' title='bbox 2185 1717 2585 1774; x_wconf 71' lang='lat' dir='ltr'><strong>haereticorum</strong></span> <span class='ocrx_word' id='word_1_478' title='bbox 2613 1730 2859 1777; x_wconf 78' lang='lat' dir='ltr'><strong>erroreS,</strong></span> <span class='ocrx_word' id='word_1_479' title='bbox 2886 1719 3007 1766; x_wconf 90' lang='lat' dir='ltr'><strong>tum</strong></span> <span class='ocrx_word' id='word_1_480' title='bbox 3040 1710 3142 1764; x_wconf 78' lang='lat' dir='ltr'><strong>fal-</strong></span> 
     </span>
     <span class='ocr_line' id='line_1_78' title="bbox 1779 1793 3140 1869; baseline -0.006 -17"><span class='ocrx_word' id='word_1_481' title='bbox 1779 1813 1873 1852; x_wconf 89' lang='lat' dir='ltr'><strong>sas</strong></span> <span class='ocrx_word' id='word_1_482' title='bbox 1897 1796 2221 1868; x_wconf 85' lang='lat' dir='ltr'><strong>aliquorum</strong></span> <span class='ocrx_word' id='word_1_483' title='bbox 2271 1798 2638 1869; x_wconf 90' lang='lat' dir='ltr'><strong>antiquorum</strong></span> <span class='ocrx_word' id='word_1_484' title='bbox 2667 1793 3140 1851; x_wconf 88' lang='lat' dir='ltr'><strong>Scholasticorum</strong></span> 
     </span>
     <span class='ocr_line' id='line_1_79' title="bbox 1780 1872 3141 1949; baseline -0.006 -16"><span class='ocrx_word' id='word_1_485' title='bbox 1780 1876 2158 1948; x_wconf 74' lang='lat' dir='ltr'><strong>opinationeS,</strong></span> <span class='ocrx_word' id='word_1_486' title='bbox 2190 1877 2287 1949; x_wconf 89' lang='lat' dir='ltr'><strong>qui</strong></span> <span class='ocrx_word' id='word_1_487' title='bbox 2330 1878 2392 1932; x_wconf 87' lang='lat' dir='ltr'><strong>in</strong></span> <span class='ocrx_word' id='word_1_488' title='bbox 2418 1875 2757 1949; x_wconf 85' lang='lat' dir='ltr'><strong>explicanda</strong></span> <span class='ocrx_word' id='word_1_489' title='bbox 2786 1872 3015 1946; x_wconf 83' lang='lat' dir='ltr'><strong>propria</strong></span> <span class='ocrx_word' id='word_1_490' title='bbox 3048 1887 3141 1926; x_wconf 86' lang='lat' dir='ltr'><strong>ra-</strong></span> 
     </span>
     <span class='ocr_line' id='line_1_80' title="bbox 1781 1951 3141 2031; baseline -0.007 -19"><span class='ocrx_word' id='word_1_491' title='bbox 1781 1957 1939 2013; x_wconf 89' lang='lat' dir='ltr'><strong>tione</strong></span> <span class='ocrx_word' id='word_1_492' title='bbox 1989 1956 2196 2028; x_wconf 87' lang='lat' dir='ltr'><strong>peccati</strong></span> <span class='ocrx_word' id='word_1_493' title='bbox 2256 1956 2561 2031; x_wconf 89' lang='lat' dir='ltr'><strong>originalis</strong></span> <span class='ocrx_word' id='word_1_494' title='bbox 2610 1956 2865 2030; x_wconf 87' lang='lat' dir='ltr'><strong>graviter</strong></span> <span class='ocrx_word' id='word_1_495' title='bbox 2926 1951 3141 2021; x_wconf 82' lang='lat' dir='ltr'><strong>decepti</strong></span> 
     </span>
     <span class='ocr_line' id='line_1_81' title="bbox 1780 2031 3143 2094; baseline -0.005 -2"><span class='ocrx_word' id='word_1_496' title='bbox 1780 2043 1927 2092; x_wconf 91' lang='lat' dir='ltr'><strong>sunt.</strong></span> <span class='ocrx_word' id='word_1_497' title='bbox 1964 2036 2258 2094; x_wconf 88' lang='lat' dir='ltr'><strong>Habentur</strong></span> <span class='ocrx_word' id='word_1_498' title='bbox 2286 2043 2474 2094; x_wconf 90' lang='lat' dir='ltr'><strong>autem</strong></span> <span class='ocrx_word' id='word_1_499' title='bbox 2506 2037 2569 2092; x_wconf 92' lang='lat' dir='ltr'><strong>in</strong></span> <span class='ocrx_word' id='word_1_500' title='bbox 2610 2037 2713 2092; x_wconf 88' lang='lat' dir='ltr'><strong>hac</strong></span> <span class='ocrx_word' id='word_1_501' title='bbox 2740 2033 2978 2091; x_wconf 86' lang='lat' dir='ltr'><strong>Concilii</strong></span> <span class='ocrx_word' id='word_1_502' title='bbox 3011 2031 3143 2087; x_wconf 88' lang='lat' dir='ltr'><strong>doc·</strong></span> 
     </span>
     <span class='ocr_line' id='line_1_82' title="bbox 1780 2114 3138 2190; baseline -0.005 -18"><span class='ocrx_word' id='word_1_503' title='bbox 1780 2118 1939 2173; x_wconf 89' lang='lat' dir='ltr'><strong>trina</strong></span> <span class='ocrx_word' id='word_1_504' title='bbox 1965 2135 2167 2177; x_wconf 88' lang='lat' dir='ltr'><strong>omnes</strong></span> <span class='ocrx_word' id='word_1_505' title='bbox 2191 2119 2547 2176; x_wconf 87' lang='lat' dir='ltr'><strong>conditiones</strong></span> <span class='ocrx_word' id='word_1_506' title='bbox 2580 2117 2785 2190; x_wconf 88' lang='lat' dir='ltr'><strong>peccati</strong></span> <span class='ocrx_word' id='word_1_507' title='bbox 2817 2114 3138 2188; x_wconf 84' lang='lat' dir='ltr'><strong>originalis,</strong></span> 
     </span>
     <span class='ocr_line' id='line_1_83' title="bbox 1780 2195 3139 2270; baseline -0.006 -17"><span class='ocrx_word' id='word_1_508' title='bbox 1780 2214 1920 2270; x_wconf 88' lang='lat' dir='ltr'><strong>quas</strong></span> <span class='ocrx_word' id='word_1_509' title='bbox 1939 2201 2344 2265; x_wconf 86' lang='lat' dir='ltr'><strong>recensuimus,</strong></span> <span class='ocrx_word' id='word_1_510' title='bbox 2363 2204 2502 2255; x_wconf 86' lang='lat' dir='ltr'><strong>utex</strong></span> <span class='ocrx_word' id='word_1_511' title='bbox 2526 2197 2715 2253; x_wconf 88' lang='lat' dir='ltr'><strong>verbis</strong></span> <span class='ocrx_word' id='word_1_512' title='bbox 2733 2195 2927 2252; x_wconf 88' lang='lat' dir='ltr'><strong>relatis</strong></span> <span class='ocrx_word' id='word_1_513' title='bbox 2946 2195 3139 2264; x_wconf 85' lang='lat' dir='ltr'><strong>liquet,</strong></span> 
     </span>
     <span class='ocr_line' id='line_1_84' title="bbox 1780 2273 3143 2352; baseline -0.007 -16"><span class='ocrx_word' id='word_1_514' title='bbox 1780 2284 1838 2336; x_wconf 91' lang='lat' dir='ltr'><strong>et</strong></span> <span class='ocrx_word' id='word_1_515' title='bbox 1858 2295 2047 2348; x_wconf 86' lang='lat' dir='ltr'><strong>neme,</strong></span> <span class='ocrx_word' id='word_1_516' title='bbox 2077 2282 2189 2337; x_wconf 91' lang='lat' dir='ltr'><strong>nisi</strong></span> <span class='ocrx_word' id='word_1_517' title='bbox 2217 2280 2482 2344; x_wconf 90' lang='lat' dir='ltr'><strong>errando,</strong></span> <span class='ocrx_word' id='word_1_518' title='bbox 2518 2294 2727 2352; x_wconf 88' lang='lat' dir='ltr'><strong>negare</strong></span> <span class='ocrx_word' id='word_1_519' title='bbox 2756 2275 3006 2332; x_wconf 89' lang='lat' dir='ltr'><strong>audebit.</strong></span> <span class='ocrx_word' id='word_1_520' title='bbox 3033 2273 3143 2327; x_wconf 86' lang='lat' dir='ltr'><strong>Mi-</strong></span> 
     </span>
     <span class='ocr_line' id='line_1_85' title="bbox 1783 2357 3145 2434; baseline -0.006 -18"><span class='ocrx_word' id='word_1_521' title='bbox 1783 2376 1892 2417; x_wconf 93' lang='lat' dir='ltr'><strong>nor</strong></span> <span class='ocrx_word' id='word_1_522' title='bbox 1914 2377 2049 2419; x_wconf 87' lang='lat' dir='ltr'><strong>vero</strong></span> <span class='ocrx_word' id='word_1_523' title='bbox 2070 2361 2252 2433; x_wconf 88' lang='lat' dir='ltr'><strong>quoad</strong></span> <span class='ocrx_word' id='word_1_524' title='bbox 2277 2361 2528 2434; x_wconf 88' lang='lat' dir='ltr'><strong>primam</strong></span> <span class='ocrx_word' id='word_1_525' title='bbox 2553 2363 2773 2430; x_wconf 83' lang='lat' dir='ltr'><strong>partem</strong></span> <span class='ocrx_word' id='word_1_526' title='bbox 2793 2357 2969 2412; x_wconf 86' lang='lat' dir='ltr'><strong>etiam</strong></span> <span class='ocrx_word' id='word_1_527' title='bbox 2988 2369 3145 2410; x_wconf 89' lang='lat' dir='ltr'><strong>cons·</strong></span> 
     </span>
     <span class='ocr_line' id='line_1_86' title="bbox 1781 2434 3145 2514; baseline -0.007 -16"><span class='ocrx_word' id='word_1_528' title='bbox 1781 2447 1887 2508; x_wconf 90' lang='lat' dir='ltr'><strong>tat;</strong></span> <span class='ocrx_word' id='word_1_529' title='bbox 1906 2457 2040 2497; x_wconf 90' lang='lat' dir='ltr'><strong>nam</strong></span> <span class='ocrx_word' id='word_1_530' title='bbox 2064 2441 2125 2497; x_wconf 94' lang='lat' dir='ltr'><strong>in</strong></span> <span class='ocrx_word' id='word_1_531' title='bbox 2149 2442 2354 2513; x_wconf 86' lang='lat' dir='ltr'><strong>primis</strong></span> <span class='ocrx_word' id='word_1_532' title='bbox 2381 2446 2663 2514; x_wconf 87' lang='lat' dir='ltr'><strong>peccatum</strong></span> <span class='ocrx_word' id='word_1_533' title='bbox 2684 2437 2908 2502; x_wconf 77' lang='lat' dir='ltr'><strong>Adami,</strong></span> <span class='ocrx_word' id='word_1_534' title='bbox 2933 2441 2991 2490; x_wconf 89' lang='lat' dir='ltr'><strong>ut</strong></span> <span class='ocrx_word' id='word_1_535' title='bbox 3008 2434 3145 2506; x_wconf 80' lang='lat' dir='ltr'><strong>phy-</strong></span> 
     </span>
     <span class='ocr_line' id='line_1_87' title="bbox 1782 2521 3146 2595; baseline -0.007 -17"><span class='ocrx_word' id='word_1_536' title='bbox 1782 2522 1895 2579; x_wconf 87' lang='lat' dir='ltr'><strong>sice</strong></span> <span class='ocrx_word' id='word_1_537' title='bbox 1912 2523 2283 2595; x_wconf 83' lang='lat' dir='ltr'><strong>praeteritum,</strong></span> <span class='ocrx_word' id='word_1_538' title='bbox 2305 2529 2360 2579; x_wconf 92' lang='lat' dir='ltr'><strong>et</strong></span> <span class='ocrx_word' id='word_1_539' title='bbox 2377 2527 2436 2577; x_wconf 93' lang='lat' dir='ltr'><strong>ut</strong></span> <span class='ocrx_word' id='word_1_540' title='bbox 2455 2521 2752 2577; x_wconf 85' lang='lat' dir='ltr'><strong>moraliter</strong></span> <span class='ocrx_word' id='word_1_541' title='bbox 2772 2530 3146 2591; x_wconf 85' lang='lat' dir='ltr'><strong>perseverans</strong></span> 
     </span>
     <span class='ocr_line' id='line_1_88' title="bbox 1781 2600 3145 2675; baseline -0.007 -16"><span class='ocrx_word' id='word_1_542' title='bbox 1781 2601 1854 2659; x_wconf 91' lang='lat' dir='ltr'><strong>ob</strong></span> <span class='ocrx_word' id='word_1_543' title='bbox 1870 2603 2247 2675; x_wconf 89' lang='lat' dir='ltr'><strong>parvulorum</strong></span> <span class='ocrx_word' id='word_1_544' title='bbox 2278 2617 2394 2659; x_wconf 92' lang='lat' dir='ltr'><strong>non</strong></span> <span class='ocrx_word' id='word_1_545' title='bbox 2413 2600 2895 2664; x_wconf 84' lang='lat' dir='ltr'><strong>retractationem,</strong></span> <span class='ocrx_word' id='word_1_546' title='bbox 2923 2613 3040 2654; x_wconf 91' lang='lat' dir='ltr'><strong>non</strong></span> <span class='ocrx_word' id='word_1_547' title='bbox 3061 2601 3145 2652; x_wconf 88' lang='lat' dir='ltr'><strong>est</strong></span> 
     </span>
     <span class='ocr_line' id='line_1_89' title="bbox 1785 2678 3141 2748; baseline -0.004 -11"><span class='ocrx_word' id='word_1_548' title='bbox 1785 2683 1909 2738; x_wconf 90' lang='lat' dir='ltr'><strong>illis</strong></span> <span class='ocrx_word' id='word_1_549' title='bbox 1930 2683 2332 2748; x_wconf 90' lang='lat' dir='ltr'><strong>intrinsecum,</strong></span> <span class='ocrx_word' id='word_1_550' title='bbox 2362 2687 2417 2739; x_wconf 92' lang='lat' dir='ltr'><strong>et</strong></span> <span class='ocrx_word' id='word_1_551' title='bbox 2444 2683 2750 2748; x_wconf 74' lang='lat' dir='ltr'><strong>inhaerenS,</strong></span> <span class='ocrx_word' id='word_1_552' title='bbox 2786 2696 2885 2736; x_wconf 88' lang='lat' dir='ltr'><strong>nec</strong></span> <span class='ocrx_word' id='word_1_553' title='bbox 2913 2678 3141 2735; x_wconf 89' lang='lat' dir='ltr'><strong>unicui-</strong></span> 
     </span>
     <span class='ocr_line' id='line_1_90' title="bbox 1782 2760 3144 2838; baseline -0.004 -16"><span class='ocrx_word' id='word_1_554' title='bbox 1782 2781 1891 2838; x_wconf 91' lang='lat' dir='ltr'><strong>que</strong></span> <span class='ocrx_word' id='word_1_555' title='bbox 1920 2765 2250 2837; x_wconf 90' lang='lat' dir='ltr'><strong>proprium;</strong></span> <span class='ocrx_word' id='word_1_556' title='bbox 2281 2763 2378 2820; x_wconf 91' lang='lat' dir='ltr'><strong>sed</strong></span> <span class='ocrx_word' id='word_1_557' title='bbox 2406 2769 2490 2820; x_wconf 87' lang='lat' dir='ltr'><strong>est</strong></span> <span class='ocrx_word' id='word_1_558' title='bbox 2513 2762 2856 2834; x_wconf 86' lang='lat' dir='ltr'><strong>simpliciter</strong></span> <span class='ocrx_word' id='word_1_559' title='bbox 2878 2760 3014 2833; x_wconf 90' lang='lat' dir='ltr'><strong>quid</strong></span> <span class='ocrx_word' id='word_1_560' title='bbox 3041 2777 3144 2818; x_wconf 87' lang='lat' dir='ltr'><strong>ex—</strong></span> 
     </span>
     <span class='ocr_line' id='line_1_91' title="bbox 1784 2843 3144 2914; baseline -0.002 -11"><span class='ocrx_word' id='word_1_561' title='bbox 1784 2849 2117 2914; x_wconf 86' lang='lat' dir='ltr'><strong>trinsecum,</strong></span> <span class='ocrx_word' id='word_1_562' title='bbox 2149 2853 2206 2905; x_wconf 87' lang='lat' dir='ltr'><strong>et</strong></span> <span class='ocrx_word' id='word_1_563' title='bbox 2232 2845 2502 2904; x_wconf 88' lang='lat' dir='ltr'><strong>omnibus</strong></span> <span class='ocrx_word' id='word_1_564' title='bbox 2547 2845 2752 2902; x_wconf 88' lang='lat' dir='ltr'><strong>Adami</strong></span> <span class='ocrx_word' id='word_1_565' title='bbox 2802 2843 2940 2901; x_wconf 89' lang='lat' dir='ltr'><strong>filiis</strong></span> <span class='ocrx_word' id='word_1_566' title='bbox 2986 2860 3144 2901; x_wconf 82' lang='lat' dir='ltr'><strong>com—</strong></span> 
     </span>
     <span class='ocr_line' id='line_1_92' title="bbox 1783 2926 3149 2998; baseline -0.004 -12"><span class='ocrx_word' id='word_1_567' title='bbox 1783 2945 1980 2987; x_wconf 88' lang='lat' dir='ltr'><strong>mune.</strong></span> <span class='ocrx_word' id='word_1_568' title='bbox 2033 2928 2247 2986; x_wconf 89' lang='lat' dir='ltr'><strong>Deinde</strong></span> <span class='ocrx_word' id='word_1_569' title='bbox 2294 2935 2484 2985; x_wconf 89' lang='lat' dir='ltr'><strong>reatus</strong></span> <span class='ocrx_word' id='word_1_570' title='bbox 2525 2926 2593 2983; x_wconf 91' lang='lat' dir='ltr'><strong>ad</strong></span> <span class='ocrx_word' id='word_1_571' title='bbox 2631 2942 2880 2998; x_wconf 61' lang='lat' dir='ltr'><strong>poenam,</strong></span> <span class='ocrx_word' id='word_1_572' title='bbox 2928 2932 2984 2981; x_wconf 92' lang='lat' dir='ltr'><strong>et</strong></span> <span class='ocrx_word' id='word_1_573' title='bbox 3033 2942 3149 2983; x_wconf 89' lang='lat' dir='ltr'><strong>non</strong></span> 
     </span>
     <span class='ocr_line' id='line_1_93' title="bbox 1782 3006 3148 3067; baseline -0.003 -2"><span class='ocrx_word' id='word_1_574' title='bbox 1782 3009 2122 3067; x_wconf 89' lang='lat' dir='ltr'><strong>condonatio</strong></span> <span class='ocrx_word' id='word_1_575' title='bbox 2137 3010 2337 3065; x_wconf 86' lang='lat' dir='ltr'><strong>divina</strong></span> <span class='ocrx_word' id='word_1_576' title='bbox 2359 3024 2475 3065; x_wconf 92' lang='lat' dir='ltr'><strong>non</strong></span> <span class='ocrx_word' id='word_1_577' title='bbox 2492 3006 2703 3064; x_wconf 84' lang='lat' dir='ltr'><strong>habent</strong></span> <span class='ocrx_word' id='word_1_578' title='bbox 2727 3008 3009 3063; x_wconf 88' lang='lat' dir='ltr'><strong>rationem</strong></span> <span class='ocrx_word' id='word_1_579' title='bbox 3034 3007 3148 3061; x_wconf 88' lang='lat' dir='ltr'><strong>cul·</strong></span> 
     </span>
     <span class='ocr_line' id='line_1_94' title="bbox 1785 3089 3142 3165; baseline -0.004 -18"><span class='ocrx_word' id='word_1_580' title='bbox 1785 3108 1887 3165; x_wconf 68' lang='lat' dir='ltr'><strong>pas,</strong></span> <span class='ocrx_word' id='word_1_581' title='bbox 1911 3089 2010 3147; x_wconf 92' lang='lat' dir='ltr'><strong>sed</strong></span> <span class='ocrx_word' id='word_1_582' title='bbox 2031 3091 2213 3162; x_wconf 87' lang='lat' dir='ltr'><strong>ipsam</strong></span> <span class='ocrx_word' id='word_1_583' title='bbox 2241 3092 2683 3160; x_wconf 87' lang='lat' dir='ltr'><strong>consequuntur,</strong></span> <span class='ocrx_word' id='word_1_584' title='bbox 2714 3093 2770 3143; x_wconf 88' lang='lat' dir='ltr'><strong>et</strong></span> <span class='ocrx_word' id='word_1_585' title='bbox 2796 3092 3142 3159; x_wconf 87' lang='lat' dir='ltr'><strong>supponunt.</strong></span> 
     </span>
     <span class='ocr_line' id='line_1_95' title="bbox 1785 3169 3144 3245; baseline -0.006 -14"><span class='ocrx_word' id='word_1_586' title='bbox 1785 3174 2041 3245; x_wconf 89' lang='lat' dir='ltr'><strong>Denique</strong></span> <span class='ocrx_word' id='word_1_587' title='bbox 2062 3172 2256 3227; x_wconf 88' lang='lat' dir='ltr'><strong>nullus</strong></span> <span class='ocrx_word' id='word_1_588' title='bbox 2286 3169 2513 3227; x_wconf 88' lang='lat' dir='ltr'><strong>habitus</strong></span> <span class='ocrx_word' id='word_1_589' title='bbox 2541 3169 2818 3242; x_wconf 87' lang='lat' dir='ltr'><strong>positivus</strong></span> <span class='ocrx_word' id='word_1_590' title='bbox 2843 3175 3021 3240; x_wconf 87' lang='lat' dir='ltr'><strong>potest</strong></span> <span class='ocrx_word' id='word_1_591' title='bbox 3041 3186 3144 3225; x_wconf 85' lang='lat' dir='ltr'><strong>ex—</strong></span> 
     </span>
     <span class='ocr_line' id='line_1_96' title="bbox 1782 3248 3140 3327; baseline -0.005 -17"><span class='ocrx_word' id='word_1_592' title='bbox 1782 3253 2039 3327; x_wconf 89' lang='lat' dir='ltr'><strong>cogitari,</strong></span> <span class='ocrx_word' id='word_1_593' title='bbox 2082 3251 2180 3324; x_wconf 87' lang='lat' dir='ltr'><strong>qui</strong></span> <span class='ocrx_word' id='word_1_594' title='bbox 2212 3267 2311 3323; x_wconf 88' lang='lat' dir='ltr'><strong>per</strong></span> <span class='ocrx_word' id='word_1_595' title='bbox 2358 3255 2643 3322; x_wconf 88' lang='lat' dir='ltr'><strong>peccatum</strong></span> <span class='ocrx_word' id='word_1_596' title='bbox 2674 3250 2892 3305; x_wconf 81' lang='lat' dir='ltr'><strong>actuale</strong></span> <span class='ocrx_word' id='word_1_597' title='bbox 2937 3248 3140 3303; x_wconf 83' lang='lat' dir='ltr'><strong>Adami</strong></span> 
     </span>
     <span class='ocr_line' id='line_1_97' title="bbox 1785 3328 3139 3407; baseline -0.004 -19"><span class='ocrx_word' id='word_1_598' title='bbox 1785 3332 2148 3407; x_wconf 88' lang='lat' dir='ltr'><strong>producatur,</strong></span> <span class='ocrx_word' id='word_1_599' title='bbox 2187 3336 2244 3387; x_wconf 92' lang='lat' dir='ltr'><strong>et</strong></span> <span class='ocrx_word' id='word_1_600' title='bbox 2287 3330 2570 3405; x_wconf 87' lang='lat' dir='ltr'><strong>rationem</strong></span> <span class='ocrx_word' id='word_1_601' title='bbox 2606 3328 2811 3399; x_wconf 88' lang='lat' dir='ltr'><strong>peccati</strong></span> <span class='ocrx_word' id='word_1_602' title='bbox 2846 3328 3139 3393; x_wconf 86' lang='lat' dir='ltr'><strong>sortiatur,</strong></span> 
     </span>
     <span class='ocr_line' id='line_1_98' title="bbox 1782 3407 3145 3482; baseline -0.007 -10"><span class='ocrx_word' id='word_1_603' title='bbox 1782 3431 1852 3472; x_wconf 90' lang='lat' dir='ltr'><strong>eo</strong></span> <span class='ocrx_word' id='word_1_604' title='bbox 1877 3414 1968 3470; x_wconf 87' lang='lat' dir='ltr'><strong>vel</strong></span> <span class='ocrx_word' id='word_1_605' title='bbox 2008 3413 2281 3477; x_wconf 87' lang='lat' dir='ltr'><strong>maxime,</strong></span> <span class='ocrx_word' id='word_1_606' title='bbox 2326 3409 2475 3482; x_wconf 90' lang='lat' dir='ltr'><strong>quod</strong></span> <span class='ocrx_word' id='word_1_607' title='bbox 2515 3407 2792 3481; x_wconf 90' lang='lat' dir='ltr'><strong>quidquid</strong></span> <span class='ocrx_word' id='word_1_608' title='bbox 2836 3410 3145 3480; x_wconf 86' lang='lat' dir='ltr'><strong>positivum</strong></span> 
     </span>
     <span class='ocr_line' id='line_1_99' title="bbox 1785 3488 3146 3560; baseline -0.008 -9"><span class='ocrx_word' id='word_1_609' title='bbox 1785 3493 1856 3551; x_wconf 88' lang='lat' dir='ltr'><strong>ab</strong></span> <span class='ocrx_word' id='word_1_610' title='bbox 1883 3492 2101 3550; x_wconf 83' lang='lat' dir='ltr'><strong>Adamo</strong></span> <span class='ocrx_word' id='word_1_611' title='bbox 2139 3490 2441 3552; x_wconf 87' lang='lat' dir='ltr'><strong>trahimus,</strong></span> <span class='ocrx_word' id='word_1_612' title='bbox 2490 3505 2621 3543; x_wconf 90' lang='lat' dir='ltr'><strong>cum</strong></span> <span class='ocrx_word' id='word_1_613' title='bbox 2664 3488 2849 3560; x_wconf 88' lang='lat' dir='ltr'><strong>gratia</strong></span> <span class='ocrx_word' id='word_1_614' title='bbox 2887 3488 3146 3543; x_wconf 75' lang='lat' dir='ltr'><strong>sanctifi-</strong></span> 
     </span>
     <span class='ocr_line' id='line_1_100' title="bbox 1783 3568 3146 3642; baseline -0.007 -10"><span class='ocrx_word' id='word_1_615' title='bbox 1783 3579 1947 3632; x_wconf 86' lang='lat' dir='ltr'><strong>cante</strong></span> <span class='ocrx_word' id='word_1_616' title='bbox 1991 3572 2062 3629; x_wconf 91' lang='lat' dir='ltr'><strong>de</strong></span> <span class='ocrx_word' id='word_1_617' title='bbox 2107 3571 2251 3627; x_wconf 78' lang='lat' dir='ltr'><strong>facto</strong></span> <span class='ocrx_word' id='word_1_618' title='bbox 2298 3568 2726 3642; x_wconf 85' lang='lat' dir='ltr'><strong>conjungimus;</strong></span> <span class='ocrx_word' id='word_1_619' title='bbox 2774 3582 2905 3621; x_wconf 89' lang='lat' dir='ltr'><strong>cum</strong></span> <span class='ocrx_word' id='word_1_620' title='bbox 2953 3572 3146 3623; x_wconf 89' lang='lat' dir='ltr'><strong>tamen</strong></span> 
     </span>
     <span class='ocr_line' id='line_1_101' title="bbox 1784 3648 3147 3721; baseline -0.007 -9"><span class='ocrx_word' id='word_1_621' title='bbox 1784 3670 1956 3712; x_wconf 90' lang='lat' dir='ltr'><strong>nemo</strong></span> <span class='ocrx_word' id='word_1_622' title='bbox 1996 3650 2418 3708; x_wconf 78' lang='lat' dir='ltr'><strong>catholicorum</strong></span> <span class='ocrx_word' id='word_1_623' title='bbox 2460 3652 2691 3714; x_wconf 86' lang='lat' dir='ltr'><strong>asserat,</strong></span> <span class='ocrx_word' id='word_1_624' title='bbox 2726 3652 3012 3721; x_wconf 85' lang='lat' dir='ltr'><strong>peccatum</strong></span> <span class='ocrx_word' id='word_1_625' title='bbox 3043 3648 3147 3703; x_wconf 87' lang='lat' dir='ltr'><strong>ha-</strong></span> 
     </span>
     <span class='ocr_line' id='line_1_102' title="bbox 1786 3727 3148 3803; baseline -0.007 -12"><span class='ocrx_word' id='word_1_626' title='bbox 1786 3735 2000 3792; x_wconf 88' lang='lat' dir='ltr'><strong>bituale</strong></span> <span class='ocrx_word' id='word_1_627' title='bbox 2041 3732 2300 3795; x_wconf 87' lang='lat' dir='ltr'><strong>mortale,</strong></span> <span class='ocrx_word' id='word_1_628' title='bbox 2332 3736 2390 3786; x_wconf 89' lang='lat' dir='ltr'><strong>et</strong></span> <span class='ocrx_word' id='word_1_629' title='bbox 2415 3728 2662 3803; x_wconf 87' lang='lat' dir='ltr'><strong>gratiam</strong></span> <span class='ocrx_word' id='word_1_630' title='bbox 2690 3729 2865 3784; x_wconf 87' lang='lat' dir='ltr'><strong>simul</strong></span> <span class='ocrx_word' id='word_1_631' title='bbox 2894 3727 2964 3784; x_wconf 92' lang='lat' dir='ltr'><strong>de</strong></span> <span class='ocrx_word' id='word_1_632' title='bbox 3004 3727 3148 3783; x_wconf 83' lang='lat' dir='ltr'><strong>facto</strong></span> 
     </span>
     <span class='ocr_line' id='line_1_103' title="bbox 1784 3808 3147 3881; baseline -0.01 -7"><span class='ocrx_word' id='word_1_633' title='bbox 1784 3815 2113 3874; x_wconf 88' lang='lat' dir='ltr'><strong>coexistere.</strong></span> <span class='ocrx_word' id='word_1_634' title='bbox 2138 3809 2394 3868; x_wconf 89' lang='lat' dir='ltr'><strong>Secunda</strong></span> <span class='ocrx_word' id='word_1_635' title='bbox 2415 3815 2605 3866; x_wconf 89' lang='lat' dir='ltr'><strong>autem</strong></span> <span class='ocrx_word' id='word_1_636' title='bbox 2622 3808 2875 3881; x_wconf 85' lang='lat' dir='ltr'><strong>ejusdem</strong></span> <span class='ocrx_word' id='word_1_637' title='bbox 2900 3809 3147 3865; x_wconf 78' lang='lat' dir='ltr'><strong>minoris</strong></span> 
     </span>
     <span class='ocr_line' id='line_1_104' title="bbox 1787 3890 3148 3971; baseline -0.007 -18"><span class='ocrx_word' id='word_1_638' title='bbox 1787 3913 1918 3971; x_wconf 90' lang='lat' dir='ltr'><strong>pars</strong></span> <span class='ocrx_word' id='word_1_639' title='bbox 1946 3894 2122 3951; x_wconf 78' lang='lat' dir='ltr'><strong>-facile</strong></span> <span class='ocrx_word' id='word_1_640' title='bbox 2160 3892 2480 3949; x_wconf 87' lang='lat' dir='ltr'><strong>ostenditur</strong></span> <span class='ocrx_word' id='word_1_641' title='bbox 2527 3913 2540 3946; x_wconf 75' lang='grc' dir='ltr'><strong><em>ε</em></strong></span> <span class='ocrx_word' id='word_1_642' title='bbox 2581 3891 2855 3963; x_wconf 90' lang='lat' dir='ltr'><strong>quoniam</strong></span> <span class='ocrx_word' id='word_1_643' title='bbox 2901 3890 3148 3963; x_wconf 84' lang='lat' dir='ltr'><strong>privatio</strong></span> 
     </span>
     <span class='ocr_line' id='line_1_105' title="bbox 1786 3973 3139 4049; baseline -0.007 -13"><span class='ocrx_word' id='word_1_644' title='bbox 1786 3978 2115 4037; x_wconf 88' lang='lat' dir='ltr'><strong>voluntaria</strong></span> <span class='ocrx_word' id='word_1_645' title='bbox 2157 3975 2353 4049; x_wconf 81' lang='lat' dir='ltr'><strong>gratiae</strong></span> <span class='ocrx_word' id='word_1_646' title='bbox 2394 3974 2589 4046; x_wconf 90' lang='lat' dir='ltr'><strong>nequit</strong></span> <span class='ocrx_word' id='word_1_647' title='bbox 2616 3989 2732 4030; x_wconf 89' lang='lat' dir='ltr'><strong>non</strong></span> <span class='ocrx_word' id='word_1_648' title='bbox 2773 3988 2893 4028; x_wconf 83' lang='lat' dir='ltr'><strong>esse</strong></span> <span class='ocrx_word' id='word_1_649' title='bbox 2940 3973 3103 4043; x_wconf 84' lang='lat' dir='ltr'><strong>culpa</strong></span> <span class='ocrx_word' id='word_1_650' title='bbox 3136 3992 3139 3995; x_wconf 95' lang='lat'>·</span> 
     </span>
     <span class='ocr_line' id='line_1_106' title="bbox 1788 4051 3143 4132; baseline -0.008 -16"><span class='ocrx_word' id='word_1_651' title='bbox 1788 4064 2068 4132; x_wconf 85' lang='lat' dir='ltr'><strong>repugnat</strong></span> <span class='ocrx_word' id='word_1_652' title='bbox 2105 4056 2314 4129; x_wconf 86' lang='lat' dir='ltr'><strong>quippe</strong></span> <span class='ocrx_word' id='word_1_653' title='bbox 2362 4059 2526 4111; x_wconf 84' lang='lat' dir='ltr'><strong>rectae</strong></span> <span class='ocrx_word' id='word_1_654' title='bbox 2569 4054 2802 4118; x_wconf 89' lang='lat' dir='ltr'><strong>rationi,</strong></span> <span class='ocrx_word' id='word_1_655' title='bbox 2848 4051 3143 4107; x_wconf 86' lang='lat' dir='ltr'><strong>hominem</strong></span> 
     </span>
     <span class='ocr_line' id='line_1_107' title="bbox 1785 4133 3141 4209; baseline -0.01 -12"><span class='ocrx_word' id='word_1_656' title='bbox 1785 4141 2081 4197; x_wconf 86' lang='lat' dir='ltr'><strong>voluntate</strong></span> <span class='ocrx_word' id='word_1_657' title='bbox 2103 4137 2352 4209; x_wconf 86' lang='lat' dir='ltr'><strong>propria,</strong></span> <span class='ocrx_word' id='word_1_658' title='bbox 2373 4137 2463 4192; x_wconf 86' lang='lat' dir='ltr'><strong>vel</strong></span> <span class='ocrx_word' id='word_1_659' title='bbox 2490 4135 2742 4207; x_wconf 83' lang='lat' dir='ltr'><strong>proutin</strong></span> <span class='ocrx_word' id='word_1_660' title='bbox 2762 4148 2841 4198; x_wconf 90' lang='lat' dir='ltr'><strong>se,</strong></span> <span class='ocrx_word' id='word_1_661' title='bbox 2864 4133 2955 4189; x_wconf 83' lang='lat' dir='ltr'><strong>vel</strong></span> <span class='ocrx_word' id='word_1_662' title='bbox 2982 4137 3141 4204; x_wconf 86' lang='lat' dir='ltr'><strong>prout</strong></span> 
     </span>
     <span class='ocr_line' id='line_1_108' title="bbox 1786 4213 3143 4294; baseline -0.008 -16"><span class='ocrx_word' id='word_1_663' title='bbox 1786 4223 1851 4278; x_wconf 92' lang='lat' dir='ltr'><strong>in</strong></span> <span class='ocrx_word' id='word_1_664' title='bbox 1881 4221 2082 4294; x_wconf 90' lang='lat' dir='ltr'><strong>capite,</strong></span> <span class='ocrx_word' id='word_1_665' title='bbox 2111 4219 2329 4277; x_wconf 92' lang='lat' dir='ltr'><strong>donum</strong></span> <span class='ocrx_word' id='word_1_666' title='bbox 2358 4218 2523 4284; x_wconf 89' lang='lat' dir='ltr'><strong>illud,</strong></span> <span class='ocrx_word' id='word_1_667' title='bbox 2569 4233 2682 4291; x_wconf 90' lang='lat' dir='ltr'><strong>quo</strong></span> <span class='ocrx_word' id='word_1_668' title='bbox 2710 4221 2821 4273; x_wconf 90' lang='lat' dir='ltr'><strong>Deo</strong></span> <span class='ocrx_word' id='word_1_669' title='bbox 2859 4213 3143 4279; x_wconf 89' lang='lat' dir='ltr'><strong>subditur,</strong></span> 
     </span>
     <span class='ocr_line' id='line_1_109' title="bbox 1787 4294 3150 4376; baseline -0.009 -18"><span class='ocrx_word' id='word_1_670' title='bbox 1787 4301 2050 4376; x_wconf 86' lang='lat' dir='ltr'><strong>adjicere.</strong></span> <span class='ocrx_word' id='word_1_671' title='bbox 2096 4298 2346 4356; x_wconf 84' lang='lat' dir='ltr'><strong>Aliunde</strong></span> <span class='ocrx_word' id='word_1_672' title='bbox 2372 4304 2561 4354; x_wconf 89' lang='lat' dir='ltr'><strong>autem</strong></span> <span class='ocrx_word' id='word_1_673' title='bbox 2606 4295 2848 4368; x_wconf 90' lang='lat' dir='ltr'><strong>quilibet</strong></span> <span class='ocrx_word' id='word_1_674' title='bbox 2875 4294 3150 4366; x_wconf 79' lang='lat' dir='ltr'><strong>parvulus</strong></span> 
     </span>
     <span class='ocr_line' id='line_1_110' title="bbox 1789 4373 3151 4454; baseline -0.008 -16"><span class='ocrx_word' id='word_1_675' title='bbox 1789 4381 2117 4454; x_wconf 83' lang='lat' dir='ltr'><strong>praedictam</strong></span> <span class='ocrx_word' id='word_1_676' title='bbox 2146 4379 2532 4452; x_wconf 88' lang='lat' dir='ltr'><strong>privationem</strong></span> <span class='ocrx_word' id='word_1_677' title='bbox 2563 4375 2865 4442; x_wconf 81' lang='lat' dir='ltr'><strong>contrahit,</strong></span> <span class='ocrx_word' id='word_1_678' title='bbox 2899 4380 2955 4432; x_wconf 90' lang='lat' dir='ltr'><strong>et</strong></span> <span class='ocrx_word' id='word_1_679' title='bbox 2983 4373 3151 4431; x_wconf 86' lang='lat' dir='ltr'><strong>habet</strong></span> 
     </span>
     <span class='ocr_line' id='line_1_111' title="bbox 1788 4456 3150 4535; baseline -0.007 -17"><span class='ocrx_word' id='word_1_680' title='bbox 1788 4463 1853 4518; x_wconf 90' lang='lat' dir='ltr'><strong>in</strong></span> <span class='ocrx_word' id='word_1_681' title='bbox 1868 4462 2073 4535; x_wconf 90' lang='lat' dir='ltr'><strong>seipso.</strong></span> <span class='ocrx_word' id='word_1_682' title='bbox 2094 4462 2323 4516; x_wconf 88' lang='lat' dir='ltr'><strong>Maneat</strong></span> <span class='ocrx_word' id='word_1_683' title='bbox 2341 4474 2496 4532; x_wconf 91' lang='lat' dir='ltr'><strong>erg0,</strong></span> <span class='ocrx_word' id='word_1_684' title='bbox 2516 4456 2871 4514; x_wconf 90' lang='lat' dir='ltr'><strong>conditiones</strong></span> <span class='ocrx_word' id='word_1_685' title='bbox 2886 4456 3150 4528; x_wconf 90' lang='lat' dir='ltr'><strong>proprias</strong></span> 
     </span>
     <span class='ocr_line' id='line_1_112' title="bbox 1790 4534 3149 4616; baseline -0.008 -15"><span class='ocrx_word' id='word_1_686' title='bbox 1790 4542 1999 4616; x_wconf 89' lang='lat' dir='ltr'><strong>peccati</strong></span> <span class='ocrx_word' id='word_1_687' title='bbox 2022 4539 2323 4615; x_wconf 88' lang='lat' dir='ltr'><strong>originalis</strong></span> <span class='ocrx_word' id='word_1_688' title='bbox 2351 4554 2466 4596; x_wconf 90' lang='lat' dir='ltr'><strong>non</strong></span> <span class='ocrx_word' id='word_1_689' title='bbox 2487 4534 2799 4595; x_wconf 87' lang='lat' dir='ltr'><strong>convenire</strong></span> <span class='ocrx_word' id='word_1_690' title='bbox 2820 4535 2939 4594; x_wconf 84' lang='lat' dir='ltr'><strong>illis</strong></span> <span class='ocrx_word' id='word_1_691' title='bbox 2969 4536 3149 4591; x_wconf 86' lang='lat' dir='ltr'><strong>ratio·—</strong></span> 
     </span>
     <span class='ocr_line' id='line_1_113' title="bbox 1789 4615 3146 4693; baseline -0.007 -14"><span class='ocrx_word' id='word_1_692' title='bbox 1789 4623 1979 4690; x_wconf 78' lang='lat' dir='ltr'><strong>nibuS,</strong></span> <span class='ocrx_word' id='word_1_693' title='bbox 2011 4622 2074 4677; x_wconf 87' lang='lat' dir='ltr'><strong>in</strong></span> <span class='ocrx_word' id='word_1_694' title='bbox 2100 4619 2307 4693; x_wconf 84' lang='lat' dir='ltr'><strong>quibus</strong></span> <span class='ocrx_word' id='word_1_695' title='bbox 2333 4620 2435 4675; x_wconf 88' lang='lat' dir='ltr'><strong>alii</strong></span> <span class='ocrx_word' id='word_1_696' title='bbox 2477 4617 2789 4675; x_wconf 86' lang='lat' dir='ltr'><strong>essentiam</strong></span> <span class='ocrx_word' id='word_1_697' title='bbox 2820 4615 3146 4688; x_wconf 83' lang='lat' dir='ltr'><strong>huJ&#39;usmodi</strong></span> 
     </span>
     <span class='ocr_line' id='line_1_114' title="bbox 1791 4701 3149 4779; baseline -0.01 -16"><span class='ocrx_word' id='word_1_698' title='bbox 1791 4704 1999 4779; x_wconf 88' lang='lat' dir='ltr'><strong>peccati</strong></span> <span class='ocrx_word' id='word_1_699' title='bbox 2027 4701 2378 4760; x_wconf 84' lang='lat' dir='ltr'><strong>constituunt</strong></span> <span class='ocrx_word' id='word_1_700' title='bbox 2418 4713 2774 4774; x_wconf 84' lang='lat' dir='ltr'><strong>;congruere</strong></span> <span class='ocrx_word' id='word_1_701' title='bbox 2815 4703 3002 4754; x_wconf 89' lang='lat' dir='ltr'><strong>autem</strong></span> <span class='ocrx_word' id='word_1_702' title='bbox 3046 4713 3149 4768; x_wconf 88' lang='lat' dir='ltr'><strong>op-</strong></span> 
     </span>
     <span class='ocr_line' id='line_1_115' title="bbox 1790 4777 3148 4856; baseline -0.007 -14"><span class='ocrx_word' id='word_1_703' title='bbox 1790 4787 1932 4842; x_wconf 90' lang='lat' dir='ltr'><strong>time</strong></span> <span class='ocrx_word' id='word_1_704' title='bbox 1978 4782 2288 4856; x_wconf 88' lang='lat' dir='ltr'><strong>privationi</strong></span> <span class='ocrx_word' id='word_1_705' title='bbox 2320 4781 2519 4856; x_wconf 63' lang='lat' dir='ltr'><strong>gratiae</strong></span> <span class='ocrx_word' id='word_1_706' title='bbox 2557 4795 2627 4837; x_wconf 86' lang='lat' dir='ltr'><strong>ex</strong></span> <span class='ocrx_word' id='word_1_707' title='bbox 2674 4783 2895 4852; x_wconf 83' lang='lat' dir='ltr'><strong>peccato</strong></span> <span class='ocrx_word' id='word_1_708' title='bbox 2942 4777 3148 4833; x_wconf 89' lang='lat' dir='ltr'><strong>Adami</strong></span> 
     </span>
     <span class='ocr_line' id='line_1_116' title="bbox 1791 4859 3189 4936; baseline -0.011 -11"><span class='ocrx_word' id='word_1_709' title='bbox 1791 4867 2020 4932; x_wconf 79' lang='lat' dir='ltr'><strong>relictae,</strong></span> <span class='ocrx_word' id='word_1_710' title='bbox 2051 4869 2218 4936; x_wconf 90' lang='lat' dir='ltr'><strong>atque</strong></span> <span class='ocrx_word' id='word_1_711' title='bbox 2245 4862 2372 4921; x_wconf 90' lang='lat' dir='ltr'><strong>ideo</strong></span> <span class='ocrx_word' id='word_1_712' title='bbox 2393 4860 2769 4934; x_wconf 88' lang='lat' dir='ltr'><strong>quidditatem</strong></span> <span class='ocrx_word' id='word_1_713' title='bbox 2795 4859 3003 4933; x_wconf 88' lang='lat' dir='ltr'><strong>peccati</strong></span> <span class='ocrx_word' id='word_1_714' title='bbox 3027 4860 3149 4916; x_wconf 85' lang='lat' dir='ltr'><strong>ori·</strong></span> <span class='ocrx_word' id='word_1_715' title='bbox 3184 4904 3189 4909; x_wconf 79' lang='grc'>,</span> 
     </span>
     <span class='ocr_line' id='line_1_117' title="bbox 1787 4940 3143 5022; baseline -0.007 -18"><span class='ocrx_word' id='word_1_716' title='bbox 1787 4946 2003 5022; x_wconf 88' lang='lat' dir='ltr'><strong>&#39;ginalis</strong></span> <span class='ocrx_word' id='word_1_717' title='bbox 2032 4945 2096 5001; x_wconf 92' lang='lat' dir='ltr'><strong>in</strong></span> <span class='ocrx_word' id='word_1_718' title='bbox 2119 4942 2443 5016; x_wconf 84' lang='lat' dir='ltr'><strong>hujusmodi</strong></span> <span class='ocrx_word' id='word_1_719' title='bbox 2470 4940 2793 5013; x_wconf 87' lang='lat' dir='ltr'><strong>privatione</strong></span> <span class='ocrx_word' id='word_1_720' title='bbox 2819 4940 3143 4997; x_wconf 89' lang='lat' dir='ltr'><strong>consistere.</strong></span> 
     </span>
     <span class='ocr_line' id='line_1_118' title="bbox 1793 5020 3149 5101; baseline -0.005 -16"><span class='ocrx_word' id='word_1_721' title='bbox 1793 5032 1864 5085; x_wconf 87' lang='lat' dir='ltr'><strong>Et</strong></span> <span class='ocrx_word' id='word_1_722' title='bbox 1876 5029 1956 5086; x_wconf 88' lang='lat' dir='ltr'><strong>sic</strong></span> <span class='ocrx_word' id='word_1_723' title='bbox 1975 5022 2377 5101; x_wconf 87' lang='lat' dir='ltr'><strong>argumentum</strong></span> <span class='ocrx_word' id='word_1_724' title='bbox 2403 5028 2699 5097; x_wconf 89' lang='lat' dir='ltr'><strong>permanet</strong></span> <span class='ocrx_word' id='word_1_725' title='bbox 2714 5022 2778 5078; x_wconf 94' lang='lat' dir='ltr'><strong>in</strong></span> <span class='ocrx_word' id='word_1_726' title='bbox 2799 5039 2900 5080; x_wconf 83' lang='lat' dir='ltr'><strong>suo</strong></span> <span class='ocrx_word' id='word_1_727' title='bbox 2924 5020 3149 5078; x_wconf 83' lang='lat' dir='ltr'><strong>robore.</strong></span> 
     </span>
    </p>
   </div>
  </div>
 </body>
</html>
