3647 5753
512 425 623 482 300
682 372 690 379 ἢ
1459 420 1551 475 DE
1588 418 2170 473 JUSTIFICATIONE
2208 418 2411 475 IMPII.

511 591 687 649 etiam
711 592 958 660 veniale,
982 608 1174 650 secum
1205 592 1521 666 permittit;
1544 590 1678 648 etin
1705 589 1869 645 illam

511 686 635 742 quae
673 671 992 729 viatoribus
1044 672 1430 729 communiter
1476 670 1764 736 convenit,
1813 672 1871 725 et

506 752 766 809 venialia
793 759 1014 827 peccata
1039 769 1233 810 secum
1277 753 1640 826 compatitur,
1662 765 1870 823 quam-

512 831 602 888 vis
628 848 801 891 omne
827 833 1069 891 mortale
1097 833 1377 891 excludat.
1406 836 1483 890 De
1511 848 1625 906 quo
1663 830 1869 888 viden-

324 928 456 970 mem.
511 911 618 968 dus
642 919 725 969 est
745 914 837 970 lib.
869 914 933 969 de
949 921 1159 986 peccat.
1185 917 1414 982 meritis,
1429 922 1477 970 et
1501 915 1710 970 remiss.
1741 929 1863 985 cap.

514 992 615 1049 ult.
647 995 711 1049 In
742 995 1008 1068 praesenti
1055 994 1216 1051 enim
1261 996 1445 1052 solam
1484 994 1768 1070 justitiam
1804 994 1869 1049 in

510 1076 758 1133 secunda
797 1077 1157 1150 acceptione,
1206 1082 1262 1134 et
1308 1083 1476 1151 prout
1540 1073 1869 1133 viatoribus

510 1157 796 1223 convenit,
831 1155 1264 1214 consideramus
1296 1177 1309 1213 ε
1357 1162 1413 1214 et
1440 1158 1520 1214 ita
1562 1154 1867 1230 justificari

511 1235 664 1293 idem
706 1237 834 1303 erit,
868 1253 930 1293 ac
971 1237 1278 1311 justitiam,
1309 1238 1432 1295 sive
1463 1238 1713 1312 gratiam
1742 1238 1869 1311 jus-

511 1317 820 1375 tificantem
879 1319 1132 1391 recipere
1180 1340 1193 1375 ε
1252 1320 1399 1376 sicut
1441 1327 1497 1378 et
1557 1317 1870 1394 justificare

511 1396 664 1455 idem
704 1398 851 1465 erit,
896 1413 958 1454 ac
999 1398 1215 1472 justum
1263 1399 1468 1468 facere,
1517 1415 1618 1456 seu
1653 1399 1868 1456 consti-

511 1482 688 1534 tuere.
1651 1532 1660 1539 .

588 1581 614 1611 α
662 1560 790 1614 Haec
810 1563 1001 1614 autem
1025 1559 1296 1632 justitia»
1323 1560 1512 1632 inquit
1537 1562 1602 1616 D.
1657 1559 1865 1618 Thom.

506 1644 613 1695 art.
647 1640 692 1702 1,
714 1637 883 1710 hujus
917 1643 1113 1711 quaest.
1136 1662 1162 1692 α
1189 1644 1370 1713 potest
1392 1638 1519 1697 fieri
1537 1639 1861 1711 dupliciter.

512 1741 538 1773 (ι
583 1721 710 1776 Uno
730 1717 959 1792 quidem
990 1720 1158 1778 modo
1179 1737 1280 1794 per
1307 1721 1544 1779 modum
1585 1720 1869 1794 simplicis

508 1820 535 1853 α
576 1798 979 1873 generationis,
1023 1800 1123 1872 qui
1143 1805 1228 1857 est
1248 1816 1280 1857 a
1308 1801 1634 1874 privatione
1662 1800 1733 1857 ad
1755 1801 1869 1859 for·

507 1900 534 1932 «
577 1895 754 1936 mam.
813 1880 882 1933 Et
935 1878 1038 1935 hoc
1083 1879 1253 1937 modo
1297 1880 1631 1955 justificatio
1683 1886 1869 1955 posset

507 1981 532 2010 «
575 1963 895 2031 competere
923 1959 1098 2015 etiam
1125 1959 1178 2018 ei
1206 1961 1304 2033 qui
1329 1976 1444 2018 non
1473 1966 1617 2018 esset
1644 1961 1708 2017 in
1736 1978 1869 2034 pec-

507 2061 533 2091 «
576 2044 716 2107 cat0‚
743 2038 880 2094 dum
904 2038 1231 2113 hujusmodi
1257 2040 1504 2097 formam
1536 2058 1568 2098 a
1592 2044 1705 2099 Deo
1729 2041 1869 2098 acci-

508 2140 534 2173 «
580 2127 755 2194 peret,
786 2121 929 2177 sicut
957 2119 1140 2199 Adam
1182 2121 1393 2179 dicitur
1424 2123 1700 2195 accepisse
1744 2123 1869 2181 ori-

510 2224 536 2255 α
578 2202 829 2277 ginalem
847 2202 1151 2277 justitiam.
1187 2204 1317 2261 Alio
1339 2204 1511 2262 modo
1533 2209 1714 2278 potest
1737 2203 1867 2262 fieri

511 2304 537 2335 «
582 2282 907 2356 hujusmodi
937 2282 1160 2356 justitia
1189 2283 1251 2340 in
1280 2285 1519 2341 homine
1551 2283 1868 2341 secundum

513 2385 540 2417 α
584 2364 867 2421 rationem
908 2369 1115 2430 motuS,
1154 2365 1252 2438 qui
1298 2372 1380 2422 est
1409 2383 1442 2423 a
1485 2367 1777 2423 contrario
1803 2367 1869 2422 in

512 2465 539 2497 α
584 2445 938 2501 contrarium
967 2467 980 2500 :
1004 2450 1060 2503 et
1084 2444 1397 2502 secundum
1420 2446 1525 2502 hoc
1541 2445 1869 2520 justificatio

514 2543 541 2575 «
585 2523 858 2596 importat
897 2526 1436 2583 transmutationem
1467 2524 1756 2599 quandam
1797 2526 1869 2584 de

514 2624 540 2654 «
584 2608 732 2659 statu
774 2603 1071 2677 injustitias
1097 2603 1167 2660 ad
1206 2610 1417 2661 statum
1458 2605 1697 2678 justitiae
1720 2623 1868 2678 prae-

515 2703 542 2734 α
584 2681 763 2739 dictae.
799 2686 867 2738 Et
893 2683 997 2740 hoc
1024 2683 1193 2741 modo
1223 2686 1517 2759 loquimur
1543 2683 1636 2741 hic
1656 2683 1726 2741 de
1740 2686 1869 2759 jus-

516 2783 543 2814 α
588 2761 1109 2839 tificationeimpii,
1149 2764 1463 2821 secundum
1488 2764 1633 2820 illud
1669 2768 1862 2837 Apost.

298 2860 544 2907 Aquom«
587 2841 658 2900 ad
681 2845 844 2901 Rom.
870 2845 902 2899 4
931 2843 1229 2901 :Credenti
1259 2849 1450 2902 autem
1489 2844 1553 2902 in
1572 2860 1725 2913 eum,
1768 2845 1868 2919 qui

385 2916 422 2954 4»
517 2945 544 2977 α
581 2924 850 2999 J‘ustifioat
889 2927 1158 3000 impium.
1190 2928 1259 2981 Et
1284 2928 1419 3000 quia
1460 2932 1648 2985 motus
1686 2927 1869 2984 deno—

516 3027 542 3058 «
586 3006 844 3062 minatur
865 3009 1048 3083 magis
1069 3025 1100 3064 a
1116 3009 1367 3068 termino
1388 3008 1457 3065 ad
1478 3025 1669 3082 quem,
1694 3025 1868 3082 quam

516 3106 543 3137 «
586 3102 618 3142 a
644 3087 894 3146 termino
914 3105 946 3145 a
979 3105 1114 3161 quo:
1146 3087 1274 3147 ideo
1313 3090 1640 3163 hujusmodi
1670 3095 1870 3146 trans-

516 3187 543 3218 «
587 3168 844 3231 mutatio,
899 3185 1010 3241 qua
1081 3169 1289 3242 aliquis
1355 3175 1773 3228 transmutatur
1837 3187 1870 3228 a

517 3266 543 3297 α
586 3250 732 3302 statu
763 3248 1054 3321 injustitias
1076 3264 1177 3322 per
1205 3251 1607 3307 remissionem
1633 3251 1864 3324 peccati,

517 3344 544 3375 «
587 3326 824 3382 sortitur
870 3343 1083 3384 nomen
1118 3344 1150 3384 a
1177 3329 1430 3387 termino
1470 3328 1540 3385 ad
1581 3345 1770 3402 quem,
1813 3336 1871 3387 et

311 1572 469 1617 D.Tho.

517 3424 544 3456 α
588 3411 821 3462 vocatur
866 3408 1195 3482 justificatio
1245 3409 1435 3482 impii.
1464 3430 1489 3462 n
1531 3412 1615 3466 Ex
1662 3410 1870 3484 quibus

326 3495 476 3549 Objec-
511 3482 705 3541 verbis
731 3486 867 3543 satis
893 3489 1093 3556 elucet,
1119 3487 1256 3562 quid
1297 3488 1372 3544 sit
1396 3488 1677 3564 objectum
1702 3491 1870 3566 hujus

300 3546 485 3647 {12¹3ssssss
513 3570 796 3636 tractatus,
824 3585 923 3627 seu
939 3570 1272 3645 justificatio
1298 3587 1472 3643 quam
1506 3572 1570 3629 in
1600 3574 1868 3647 praesenti

329 3649 473 3687 mm&
512 3645 940 3704 consideramus
973 3654 1092 3706 :est
1116 3650 1275 3706 enim
1315 3656 1510 3717 motus,
1537 3652 1662 3710 sive
1681 3661 1870 3709 trans-

515 3725 649 3781 latio
694 3728 933 3784 hominis
984 3728 1052 3784 ab
1102 3736 1256 3784 statu
1292 3730 1457 3804 culp&
1500 3733 1753 3788 mortalis
1795 3732 1871 3787 ad

512 3813 719 3861 statum
741 3809 990 3879 justitias,
1039 3824 1137 3864 seu
1177 3811 1385 3879 qratiae.
1437 3812 1571 3874 Quae
1608 3810 1870 3869 definitio

302 3887 710 3983 T⁰?,¹‚¹g,¹,¹,2.⁸l’0¹'²⁶
735 3887 1025 3962 colligitur
1063 3903 1134 3944 ex
1159 3886 1421 3945 doctrina
1462 3889 1699 3946 Concilii
1732 3891 1871 3947 Tri-

339 3949 358 3982 ¹
516 3965 670 4025 dent.
696 3985 820 4024 sess.
846 3970 901 4033 6,
927 3984 1051 4040 quae
1077 3971 1161 4022 est
1187 3967 1256 4025 de
1289 3967 1712 4042 justificatione,
1743 3989 1863 4045 cap.

513 4049 568 4116 4,
591 4051 627 4104 7
648 4053 703 4105 et
733 4045 814 4113 14,
847 4053 901 4103 et
919 4047 1243 4104 evidentius
1269 4048 1549 4106 constabit
1573 4065 1644 4105 ex
1669 4049 1869 4108 dicen-

513 4124 687 4183 disin
711 4131 827 4183 toto
849 4130 1112 4183 tractatu.
1427 4171 1428 4174 η

349 4230 460 4275 ordo
587 4209 730 4264 Cum
759 4207 934 4282 igitur
961 4208 1023 4263 in
1049 4207 1302 4282 quolibet
1346 4214 1504 4265 motu
1546 4209 1870 4282 reperiatur

259 4329 271 4346 ,
303 4281 499 4325 ''mest‘-
515 4289 798 4345 terminus
817 4305 853 4342 a
874 4305 996 4365 quo,
1028 4288 1125 4360 qui
1155 4304 1256 4361 per
1282 4294 1502 4346 motum
1523 4288 1863 4360 excluditur,

512 4372 570 4425 et
589 4368 872 4425 terminus
891 4367 966 4422 ad
984 4386 1159 4446 quem,
1185 4368 1282 4442 qui
1303 4385 1404 4442 per
1425 4375 1644 4427 motum
1673 4372 1869 4443 acqui—

515 4447 685 4520 ritur;
714 4455 770 4506 et
794 4448 1196 4522 dispositiones
1232 4448 1439 4522 quibus
1465 4450 1678 4507 mobile
1705 4456 1868 4523 apta-

511 4532 625 4594 tur,
656 4534 714 4586 et
738 4528 983 4602 denique
1021 4530 1268 4587 essentia
1301 4530 1482 4603 ipsius
1506 4537 1696 4588 motus
1728 4531 1869 4589 :hoc

509 4607 710 4667 eodem
756 4608 959 4666 ordine
987 4614 1289 4668 tractatum
1325 4610 1476 4668 hunc
1521 4610 1585 4667 in
1623 4615 1869 4684 quatuor

509 4690 921 4763 disputationes
942 4693 1277 4763 partiemur.
1311 4696 1378 4750 ln
1404 4708 1651 4765 quarum
1681 4692 1870 4766 prima

510 4785 747 4845 agemus
791 4770 861 4828 de
888 4777 1129 4844 peccato,
1159 4773 1309 4847 quod
1354 4774 1418 4830 in
1459 4770 1868 4848 justificatione

510 4848 847 4913 destruitur;
866 4850 929 4906 in
940 4851 1185 4908 secunda
1206 4852 1276 4909 de
1290 4854 1495 4928 gratia,
1515 4852 1636 4910 sive
1655 4852 1864 4920 forma,

510 4946 635 5003 quae
656 4933 719 4988 in
736 4930 1140 5007 justificatione
1166 4934 1644 4998 communicatur;
1674 4934 1738 4991 in
1758 4939 1871 4992 ter-

511 5009 593 5066 tia
617 5009 688 5070 de
727 5009 961 5077 actibus,
992 5011 1199 5084 quibus
1220 5019 1474 5087 peccator
1500 5013 1572 5072 ad
1588 5013 1871 5089 justifica-

2003 587 2221 644 tionem
2262 587 2612 660 disponitur;
2657 594 2715 647 et
2763 587 3009 662 denique
3047 587 3110 644 in
3151 593 3342 660 quarta

1999 668 2397 742 quidditatem,
2425 676 2481 727 et
2525 669 2933 736 conditionem,
2964 686 3026 726 ac
3058 668 3341 742 perfectio·

2000 764 2134 807 nem
2165 751 2346 824 ipsius
2378 749 2803 826 justificationis
2842 748 3338 808 considerabimus.

1999 831 2219 887 Etcum
2242 831 2307 888 in
2347 832 2451 888 hac
2496 832 2739 888 materia
2779 830 3036 904 quaedam
3064 830 3179 886 sint
3204 829 3342 903 apud

1998 912 2312 987 Theologos
2364 912 2681 970 catholicos
2725 913 2863 970 satis
2912 911 3254 980 communia,
3293 916 3345 969 et

1997 1010 2122 1066 quae
2149 994 2221 1051 ab
2266 994 2553 1052 haereticis
2590 1000 2814 1052 tantum
2864 999 3173 1070 negantum
3199 1008 3342 1066 quae·

1999 1074 2132 1131 dam
2153 1090 2292 1132 vero
2318 1075 2437 1131 sint
2478 1074 2630 1131 inter
2679 1076 2832 1148 ipsos
2857 1074 3168 1148 Theologos
3191 1072 3346 1130 valde

1999 1152 2192 1219 dubia,
2225 1168 2290 1211 ac
2328 1154 2726 1226 disceptationi
2754 1153 3042 1211 obnoxia:
3069 1154 3152 1210 sic
3195 1170 3344 1210 com·

1998 1236 2256 1293 maniter
2283 1235 2669 1309 procedemus,
2701 1240 2765 1291 ut
2803 1252 2929 1309 quae
2956 1237 3019 1292 in
3046 1236 3345 1312 Theologia

1999 1315 2286 1372 Catholica
2303 1320 2497 1372 sancta
2520 1320 2673 1382 sunt,
2719 1316 2924 1373 leviori
2953 1332 3130 1373 manu
3154 1323 3343 1391 tange·

1998 1412 2143 1464 mus,
2172 1412 2241 1452 ea
2267 1397 2653 1469 relinquentes
2679 1397 2802 1453 illis
2839 1397 3209 1461 Authoribus,
3250 1398 3340 1469 qui

1998 1476 2417 1533 controversias
2451 1476 2513 1531 in
2536 1475 2826 1533 haereticos
2863 1477 3236 1549 scripserunt,
3265 1478 3343 1532 uti

1997 1560 2131 1611 sunt
2155 1555 2564 1623 Bellarminus,
2596 1556 2999 1628 Stapletonius,
3024 1559 3197 1632 vega,
3241 1558 3343 1614 De·
3356 1548 3546 1607 neuma!

1997 1652 2171 1694 canus
2198 1637 2591 1704 Lovaniensis‚
2614 1635 2792 1693 etalii
2821 1658 2834 1692 ε
2858 1638 2922 1692 in
2943 1637 3034 1694 his
3054 1654 3211 1705 vero,
3229 1654 3345 1711 quae
3356 1611 3506 1714 8ῗὲξῖ

1999 1718 2152 1774 inter
2178 1717 2492 1791 Theologos
2535 1718 2882 1775 controverti
2910 1719 3117 1789 solent,
3148 1735 3344 1792 opero-
3356 1714 3524 1804 ”12⁶¹AEOE

1996 1797 2117 1853 sius
2131 1796 2549 1865 insudabimuS,
2570 1805 2861 1871 praeeunte
2874 1797 3082 1873 ubique
3097 1800 3345 1875 Angelici
3494 1791 3503 1800 ’

2000 1877 2252 1934 Doctoris
2297 1877 2435 1936 luce.
2479 1879 2638 1953 cujus
2695 1883 2949 1936 mentem
3003 1881 3244 1953 assequi,
3295 1886 3349 1937 et

1997 1972 2163 2013 sensa
2190 1958 2337 2014 tueri
2370 1959 2765 2033 maximopere
2786 1958 3198 2017 desideramus.

2322 2157 2914 2229 DISPUTATIO
2973 2158 3033 2228 Ι.

2000 2334 2104 2399 De
2163 2334 2464 2398 termino
2533 2351 2571 2398 a
2604 2351 2743 2421 quo
2786 2333 3343 2418 justificationis,

2162 2457 2286 2504 seu-
2321 2437 2409 2504 de
2443 2436 2859 2521 expulsione
2888 2441 3185 2523 peccati.

2082 2605 2126 2661 1.
2159 2605 2455 2660 Peccatum
2488 2602 2637 2676 quod
2677 2603 2867 2670 homo,
2919 2621 3047 2661 cum
3070 2602 3347 2678 justifica·
3385 2637 3499 2679 Pem-
3544 2560 3546 2643 Ῑ

1999 2689 2111 2751 tur,
2141 2684 2317 2750 exuit,
2352 2699 2467 2739 non
2487 2689 2572 2740 est
2597 2690 2885 2757 peccatum
2911 2686 3130 2742 actuale
3148 2709 3164 2754 ;
3185 2684 3499 2777 ‘epu'uffiu'ffe

1997 2771 2135 2841 gnat
2171 2765 2353 2830 enim,
2403 2766 2605 2822 saltem
2656 2766 3018 2835 naturaliter,
3051 2771 3112 2823 et
3155 2781 3255 2839 per
3296 2781 3353 2822 se
3386 2787 3501 2827 esua»

2000 2844 2302 2921 loquendo,
2327 2844 2625 2903 hominem
2654 2844 2717 2902 in
2743 2845 2943 2903 eodem
2971 2846 3214 2903 instanti
3239 2834 3501 2940 ρθο-(ᾞξξῗαὲ

1999 2942 2146 2993 care,
2172 2930 2228 2982 et
2248 2923 2519 2981 mundari
2549 2925 2620 2982 ab
2640 2925 2839 2982 eodem
2864 2930 3085 2999 peccato
3115 2948 3128 2982 ε
3156 2924 3254 2982 sed
3274 2929 3353 2982 est
3366 2933 3504 2989 unam

1999 3005 2284 3081 quoddam
2330 3005 2569 3071 malum,
2601 3005 2749 3079 quod
2788 3022 2859 3062 ex
2899 3009 3125 3080 peccato
3151 3003 3352 3063 actuali
3410 2990 3472 3024 ¹¹¹⁵·

2002 3086 2368 3158 relinquitur,
2431 3090 2488 3142 et
2545 3085 2837 3142 habituale
2889 3091 3203 3158 peccatum,
3259 3099 3352 3140 seu

2000 3164 2223 3222 macula
2242 3163 2353 3221 dici
2374 3165 2535 3232 solet,
2555 3164 2721 3237 juxta
2740 3163 2888 3220 illud
2908 3163 3058 3237 quod
3088 3163 3357 3222 scribitur

2001 3245 2101 3302 lib.
2132 3247 2319 3311 Josue,
2349 3259 2469 3316 cap.
2501 3246 2609 3300 22:
2642 3265 2669 3297 «
2699 3246 2789 3300 An
2818 3260 3023 3318 parum
3062 3249 3152 3301 est
3177 3242 3509 3308 vobisdum&-

2004 3347 2031 3378 «
2074 3325 2207 3398 quia
2234 3323 2500 3397 peccastis
2527 3324 2589 3379 in
2618 3325 2986 3399 Beelphegor,
3012 3328 3069 3380 et
3098 3338 3274 3397 usque
3300 3323 3356 3378 in

2005 3426 2030 3457 «
2075 3408 2418 3478 praesentem
2460 3402 2615 3460 diem
2657 3405 2880 3461 macula
2921 3405 3095 3478 hujus
3134 3403 3358 3462 sceleris
3405 3469 3413 3476 ,

2004 3505 2031 3537 «
2075 3485 2138 3539 in
2160 3482 2323 3540 vobis
2351 3485 2689 3557 permanet?
2718 3503 2743 3535 ιο
2776 3485 2845 3538 Et
2869 3484 3125 3541 Hierem.
3159 3487 3215 3539 2.
3250 3503 3275 3535 ιι
3304 3470 3503 3558 Si¹³¹⁸gfm

2005 3584 2030 3616 α
2073 3563 2288 3620 laveris
2324 3568 2379 3620 te
2427 3564 2603 3629 nitr0,
2635 3567 2690 3620 et
2730 3563 3217 3635 multiplicaveris
3261 3560 3358 3618 tibi

2005 3666 2030 3698 α
2073 3643 2315 3701 herbam
2337 3646 2556 3712 Borith,
2583 3646 2869 3701 maculata
2894 3662 2954 3702 es
2975 3646 3038 3701 in
3063 3646 3361 3720 iniquitate

2007 3748 2033 3780 α
2074 3729 2170 3780 tua
2195 3741 2389 3782 coram
2417 3740 2531 3782 me.
2577 3725 2872 3790 Quomodo
2900 3725 3043 3782 dicis
3078 3741 3197 3784 non
3236 3738 3358 3781 sum

2005 3827 2031 3858 «
2076 3806 2333 3878 polluta?
2388 3826 2413 3858 »
2466 3803 2687 3871 Quibus
2739 3805 2935 3863 verbis
2985 3805 3357 3879 significatur.

2000 3886 2150 3960 quod
2194 3890 2478 3944 transacto
2516 3890 2639 3942 actu
2670 3889 2898 3959 peccati,
2933 3887 3285 3959 relinquitur
3304 3884 3362 3938 in

2000 3968 2199 4025 anima
2221 3972 2508 4041 peccatum
2529 3966 2840 4033 habituale,
2859 3968 2980 4025 sive
2997 3967 3227 4025 macula
3247 3963 3365 4023 red·

2001 4047 2142 4104 dens
2168 4051 2427 4106 animam
2451 4048 2903 4120 coinquinatam,
2927 4055 2983 4106 et
3003 4050 3122 4106 Deo
3144 4047 3362 4105 abomi-

2001 4127 2276 4186 nabilem.
2309 4129 2379 4182 Et
2402 4127 2669 4201 quamvis
2703 4144 2773 4185 ex
2800 4129 2966 4185 dictis
2989 4131 3049 4184 in
3072 4135 3240 4185 tract.
3277 4126 3355 4190 13,

1998 4210 2140 4283 disp.
2176 4211 2260 4276 16,
2280 4208 2412 4265 dub.
2444 4211 2479 4264 3
2511 4217 2561 4265 et
2587 4212 2642 4275 4,
2672 4217 2723 4266 et
2749 4212 2810 4264 in
2836 4228 3028 4266 comm.
3071 4210 3149 4266 ad
3167 4215 3274 4265 art.
3303 4209 3355 4272 2,

2000 4296 2184 4365 quast.
2234 4289 2325 4356 82,
2375 4290 2515 4345 satis
2553 4305 2837 4362 superque
2880 4296 3117 4356 constet,
3165 4289 3228 4345 in
3254 4301 3358 4360 quo

1999 4368 2246 4426 essentia
2298 4368 2558 4441 praedicti
2605 4370 2814 4443 peccati
2860 4370 3177 4437 consistat3
3226 4367 3354 4442 quia

1999 4454 2194 4506 tamen
2219 4449 2465 4522 perfecta
2503 4448 2890 4525 intelligentia
2921 4449 3189 4507 omnium
3218 4449 3348 4508 iere.

1999 4531 2212 4603 quaein
2234 4530 2339 4586 hoc
2376 4530 2642 4587 Tractatu
2669 4535 2996 4596 occurrunt,
3023 4528 3228 4588 haberi
3254 4540 3351 4583 ne·

1999 4611 2137 4684 quit,
2169 4608 2283 4666 nisi
2301 4607 2554 4682 praedicti
2583 4608 3179 4684 peccatiquidditatem
3202 4621 3351 4682 pers-

2000 4696 2240 4766 pectam,
2278 4694 2335 4747 et
2355 4688 2534 4747 fixam
2561 4691 2909 4758 habeamus,
2954 4690 3171 4748 idcirco
3189 4702 3352 4763 opor·

1999 4778 2080 4832 tet
2124 4778 2259 4830 ante
2308 4773 2425 4830 alia
2468 4773 2635 4830 illam
2689 4772 2943 4831 breviter
2984 4777 3254 4837 statuere,
3299 4773 3351 4826 et

1999 4853 2314 4911 declarare.
2336 4851 2424 4907 Ad
2451 4852 2601 4926 quod
2635 4869 2777 4926 opus
2816 4869 2934 4910 non
2958 4857 3043 4910 est
3083 4867 3234 4910 nova
3254 4865 3350 4930 p0†

2000 4950 2141 4992 nere
2156 4932 2553 5002 fundamenta,
2572 4933 2671 4991 sed
2690 4933 2829 4991 satis
2842 4933 2954 4990 erit
2966 4948 3091 5007 quae
3109 4930 3347 5006 sparsim

2000 5016 2142 5077 locis
2159 5015 2346 5073 citatis
2364 5013 2639 5085 diximus,
2664 5014 2729 5072 in
2751 5031 2932 5073 unum
2954 5013 3046 5072 hic
3063 5013 3346 5143 colligerei

3294 5103 3323 5146 e
