3647 5753
486 439 595 495 418
1435 440 1529 493 DE
1566 440 1595 492 J
1602 435 2097 493 USTIFICATION
2105 435 2148 488 E
2189 435 2391 491 IMPII.

495 629 521 660 «
550 625 661 681 quo
705 608 889 666 Adam
915 611 1164 685 gratiam
1208 612 1438 684 accepit,
1469 612 1562 669 vel
1597 610 1852 681 accipere

495 708 520 740 α
551 688 751 760 potuit,
798 690 880 746 ita
922 689 1071 762 quod
1100 691 1163 746 in
1198 706 1399 748 omnes
1436 692 1559 766 ejus
1599 694 1853 763 posteros

494 771 841 840 «transiret,
895 773 1092 828 nullus
1136 777 1289 831 caret
1332 773 1537 848 gratia,
1582 772 1697 828 nisi
1750 786 1855 844 per

497 873 523 905 «
551 853 777 925 culpam
825 855 1124 919 actualem,
1170 855 1261 910 vel
1302 854 1666 928 originalem.
1715 873 1743 905 n
1783 853 1855 906 Et

489 931 707 989 similia
752 932 922 990 habet
967 933 1030 989 in
1070 940 1336 1007 praesent.
1385 939 1495 991 art.
1545 935 1582 989 2
1609 932 1679 989 ad
1717 935 1764 999 l,
1795 936 1856 989 et

495 1014 558 1070 in
603 1018 658 1082 4,
701 1015 831 1073 dist.
865 1018 948 1083 17,
992 1021 1186 1090 quaest.
1222 1021 1266 1086 l,
1294 1022 1403 1074 art.
1430 1020 1483 1088 3,
1515 1015 1849 1089 quaestiunc.

503 1097 523 1150 l
552 1095 623 1152 ad
648 1098 706 1152 2.

300 1205 484 1262 39390„
569 1175 655 1230 Ad
676 1176 1173 1237 confirmationem
1195 1178 1513 1237 omittendo
1529 1178 1857 1252 praemissas

310 1252 457 1346 {3232
496 1272 770 1332 negamus
797 1262 1301 1334 consequentiam;
1343 1278 1480 1319 nam
1504 1268 1564 1317 ut
1599 1259 1857 1319 carentia

310 1354 453 1398 mano-
496 1339 693 1412 gratiae
711 1339 787 1395 sit
809 1342 1058 1413 privatio
1078 1343 1336 1408 moraliS‚
1363 1348 1418 1399 et
1441 1343 1851 1415 peccaminosa,

317 1411 427 1447 ”⁶¹¹¹
500 1436 618 1477 non
641 1422 954 1494 requiritur
974 1425 1122 1496 quod
1139 1425 1392 1498 quandiu
1414 1424 1584 1481 durat
1602 1422 1859 1482 carentia

497 1502 710 1575 gratiae,
733 1503 919 1576 gratia
946 1503 1019 1558 sit
1058 1504 1265 1572 debita,
1298 1506 1389 1562 vel
1421 1506 1734 1578 promissa;
1757 1502 1858 1561 sed

498 1583 721 1651 sufficit,
747 1584 895 1658 quod
919 1584 981 1640 in
1006 1590 1280 1659 tempore,
1309 1588 1371 1643 in
1390 1603 1502 1660 quo
1522 1592 1606 1644 est
1628 1585 1861 1642 inducta

501 1665 767 1738 praedicta
816 1666 1089 1733 carentia,
1147 1667 1396 1725 adfuerit
1447 1667 1704 1724 debitum
1753 1666 1862 1721 ha-

501 1745 673 1803 bendi
694 1746 961 1820 gratiam,
992 1748 1087 1803 vel
1128 1763 1245 1804 non
1268 1747 1594 1821 apponendi
1618 1747 1708 1803 illi
1731 1745 1861 1802 obi-

501 1841 643 1891 cem,
677 1832 930 1897 utsupra
956 1828 1378 1885 declaravimus
1398 1846 1554 1884 num.
1586 1829 1710 1884 155.

554 1908 709 1962 171
738 1909 853 1963 Nec
881 1909 1073 1975 refert,
1116 1910 1165 1964 si
1194 1908 1326 1965 huic
1368 1906 1727 1983 responsioni
1756 1921 1862 1977 op-

506 2002 722 2059 ponas:
754 2002 891 2043 nam
919 1989 1118 2046 adhuc.
1128 1989 1418 2069 supposita
1445 1989 1703 2047 hominis
1741 1989 1863 2044 ele-

504 2068 733 2123 vatione
784 2067 853 2123 ad
906 2068 1082 2127 finem
1141 2066 1662 2143 supernaturalem,
1732 2067 1862 2125 fieri

505 2152 703 2220 potest,
734 2152 796 2203 ut
817 2149 989 2207 homo
1018 2167 1117 2224 per
1136 2150 1400 2208 divinam
1424 2150 1738 2224 potentiam
1769 2163 1866 2204 re-

504 2227 744 2284 ducatur
771 2227 840 2285 ad
863 2237 1073 2287 statum
1096 2231 1417 2299 medium,
1405 2248 1465 2287 ιιι
1487 2248 1598 2304 quo
1619 2246 1723 2286 nec
1745 2244 1867 2302 pec-

504 2315 713 2379 catum,
748 2326 850 2367 nec
874 2314 1123 2385 gratiam
1151 2313 1355 2374 habeat
1384 2335 1396 2369 :
1425 2329 1561 2388 ergo
1590 2317 1651 2368 ut
1689 2310 1868 2383 depo-

506 2395 604 2445 nat
619 2394 925 2463 peccatum,
962 2409 1078 2449 non
1103 2394 1416 2465 requiritur
1438 2390 1867 2465 indispensabi-

508 2469 640 2525 liter
683 2470 886 2542 gratia.
937 2473 1288 2530 Antecedens
1332 2473 1604 2530 suadetur
1643 2473 1868 2544 primo:

509 2564 642 2604 nam
690 2549 738 2603 si
771 2555 1025 2622 peccator
1062 2555 1318 2609 elevatus
1358 2552 1428 2608 ad
1458 2551 1632 2608 finem
1659 2565 1867 2621 super-

507 2628 830 2684 naturalem
858 2630 1089 2688 eliceret
1115 2639 1302 2688 actum
1331 2633 1545 2689 amoris
1575 2631 1672 2687 Dei
1694 2644 1867 2701 super

506 2709 703 2767 omnia
752 2715 813 2763 ut
858 2708 995 2766 finis
1047 2714 1347 2781 naturalis,
1405 2712 1788 2768 mundaretur
1835 2726 1869 2766 a

418 2840 435 2852 Ι
507 2795 746 2864 peccato,
767 2791 917 2846 istud
932 2794 1142 2866 quippe
1164 2793 1618 2869 inconjungibile
1632 2798 1716 2850 est
1736 2809 1867 2849 cum

508 2869 773 2943 praedicto
802 2887 999 2930 amore
1024 2899 1037 2940 ;
1067 2881 1122 2931 et
1156 2874 1549 2936 ‚nihilominus
1590 2890 1708 2931 non
1728 2889 1869 2931 con-

506 2956 838 3024 sequeretur
875 2955 1142 3026 gratiam,
1191 2954 1340 3012 cum‘
1365 2954 1664 3028 praedictus
1704 2970 1869 3011 amor

509 3032 584 3087 sit
630 3034 930 3099 naturaliS,
991 3041 1053 3091 ut
1101 3038 1465 3109 supponitur,
1515 3053 1578 3092 ac
1630 3034 1870 3108 perinde

511 3112 1061 3186 improportionatus
1103 3116 1173 3172 ad
1200 3117 1702 3190 consequutionem
1747 3117 1869 3173 for-

478 3189 619 3250 “mae
661 3197 1153 3268 supernaturalis:
1202 3213 1337 3272 ergo
1371 3198 1543 3255 homo
1571 3198 1744 3254 talem
1774 3214 1872 3254 ac-

511 3277 633 3332 t'um
645 3278 879 3334 eliciens
895 3279 1261 3337 reduceretur
1272 3281 1341 3338 ad
1357 3286 1568 3337 statum
1587 3279 1865 3345 medium,

509 3362 565 3414 et
594 3373 695 3414 nec
723 3357 959 3416 haberet
994 3362 1263 3434 gratiam,
1296 3377 1399 3419 nec
1427 3368 1733 3435 peccatum.
1764 3360 1871 3419 Se-

512 3438 705 3506 cunde,
737 3439 871 3511 quia
900 3446 1080 3512 potest
1106 3445 1252 3499 Deus
1298 3442 1526 3500 auferre
1564 3442 1809 3516 gratiam
1839 3458 1873 3498 a

507 3520 659 3593 justo
686 3518 895 3593 absque
943 3524 1060 3580 ullo
1097 3525 1218 3598 ejus
1246 3530 1485 3597 peccato,
1533 3523 1633 3581 sed
1661 3522 1874 3581 utendo

513 3617 617 3657 sua
645 3600 925 3674 libertate,
951 3610 1007 3662 et
1027 3607 1194 3663 titulo
1219 3607 1474 3680 supremi
1496 3606 1776 3674 dominii;
1808 3607 1873 3661 in

515 3697 625 3754 quo
653 3699 782 3738 casu
828 3693 1088 3744 maneret
1114 3688 1286 3745 homo
1312 3688 1521 3761 absque
1549 3693 1787 3760 peccate,
1818 3692 1875 3743 et

513 3763 715 3834 gratia,
746 3767 802 3819 et
829 3765 998 3838 huJus
1022 3769 1277 3824 carentia
1303 3782 1421 3825 non
1442 3767 1679 3824 haberet
1706 3767 1875 3824 ratio·

518 3841 1021 3913 nemsprivationis
1068 3847 1346 3903 moralis:
1382 3862 1517 3921 ergo
1545 3844 1698 3903 idem
1724 3843 1874 3918 quod

518 3924 695 3998 prius
735 3922 931 3993 Tertio,
967 3943 1102 3983 nam
1128 3927 1279 4001 quod
1318 3930 1465 3985 Deus
1485 3934 1664 4002 potest
1691 3927 1876 3984 facere

520 4002 810 4061 mediante
837 4007 1029 4078 aliqua
1049 4013 1327 4074 creatura,
1356 4013 1537 4081 potest
1558 4009 1742 4065 facere
1769 4008 1878 4063 im-

520 4081 767 4139 mediate
796 4100 895 4156 per
921 4086 1171 4158 seipsum
1200 4110 1213 4144 :
1242 4089 1339 4146 sed
1369 4094 1547 4162 potest
1572 4091 1719 4145 Deus
1744 4088 1876 4144 des·-

523 4170 734 4222 truere·
763 4171 1049 4238 peccatum
1098 4169 1456 4227 infundendo
1504 4170 1771 4243 gratiam,
1820 4172 1877 4225 et

523 4246 854 4302 immediate
880 4252 1003 4319 post
1044 4247 1336 4307 destruere
1376 4251 1557 4323 ipsam
1584 4249 1873 4323 gratiam;

523 4330 586 4384 in
606 4345 718 4401 quo
743 4334 951 4386 eventu
974 4337 1236 4388 maneret
1256 4333 1427 4389 homo
1447 4332 1573 4388 sine
1593 4331 1796 4404 gratia,
1823 4335 1878 4386 et

522 4417 784 4482 peccato:
821 4429 955 4488 ergo
1002 4420 1180 4487 potest
1224 4418 1371 4471 Deus
1416 4414 1749 4470 immediate
1778 4428 1879 4485 per

521 4491 791 4563 seipsum,
842 4499 899 4550 et
942 4494 1152 4567 absque
1196 4496 1317 4552 ullo
1354 4495 1552 4570 gratiae
1597 4493 1881 4567 productae

527 4571 855 4628 interventu
907 4574 1174 4633 reducere
1220 4576 1516 4632 hominem
1558 4575 1629 4632 ad
1667 4579 1880 4632 statum

528 4653 803 4721 medium,
837 4655 898 4710 in
921 4673 1032 4729 quo
1054 4674 1156 4714 nec
1182 4658 1445 4732 gratiam,
1470 4673 1574 4714 nec
1593 4663 1880 4729 peccatum

527 4736 730 4793 habeat
735 4737 1106 4812 ‚’quanquam
1134 4745 1459 4813 perseveret
1482 4746 1661 4797 status
1686 4741 1883 4797 eleva-

526 4817 701 4875 tionis
728 4817 798 4874 ad
825 4823 1322 4891 supernaturalem
1346 4820 1541 4879 finem.

321 4928 504 4985 Respon-
602 4903 749 4966 Haec,
802 4901 1059 4974 inquam,
1108 4902 1347 4994 objectio
1393 4918 1511 4960 non
1558 4902 1752 4969 refert,
1785 4902 1885 4959 sed

369 4976 447 5016 ⁵¹⁰
529 4980 774 5036 diluitur
810 4998 882 5039 ex
902 4982 1100 5050 dietis3
1130 4984 1265 5056 quia
1289 4999 1419 5039 cum
1447 4983 1758 5038 asserimus
1778 4982 1885 5039 ho-

533 5062 749 5118 minem
778 5062 1063 5119 elevatum
1092 5063 1163 5121 ad
1188 5064 1687 5137 supernaturalem
1709 5061 1886 5120 finem

290 1926 477 1979 chtiea

1983 622 2101 664 non
2123 622 2282 680 posse
2303 605 2494 663 reduci
2517 605 2587 663 ad
2606 609 2820 662 statum
2844 602 3120 667 medium,
3148 601 3214 656 in
3235 613 3348 672 quo

1985 702 2089 743 nec
2112 687 2379 761 gratiam,
2412 702 2515 743 nec
2563 689 2851 759 peccatum
2897 681 3120 749 habeat,
3153 680 3347 751 loqui-

1984 784 2119 825 mur
2144 768 2214 825 de
2252 768 2509 834 homine,
2553 768 2652 840 qui
2687 765 2865 822 semel
2893 767 3178 854 peccatum
3206 775 3350 817 con-

1986 849 2179 916 traxit,
2198 849 2338 906 etde
2347 848 2683 907 reductione
2703 846 3072 911 immediata
3097 842 3351 899 minime

1986 944 2124 987 vero
2145 944 2440 1003 negamus,
2459 927 2610 1001 quod
2623 928 2722 1000 qui
2746 930 3033 1001 peccatum
3056 938 3173 980 non
3195 936 3350 978 com·

1987 1009 2164 1075 misit,
2183 1014 2351 1083 queat
2363 1007 2462 1065 div
2465 1009 2646 1064 initus
2661 1022 2898 1064 manere
2913 1003 3121 1077 absque
3135 1002 3345 1077 gratia,

1986 1095 2043 1148 et
2095 1096 2353 1164 peccato;
2408 1095 2464 1149 et
2503 1091 2653 1164 quod
2699 1090 2797 1164 qui
2836 1089 3014 1146 semel
3057 1088 3351 1159 peccatum

1988 1173 2147 1229 exuit
2167 1188 2268 1245 per
2288 1172 2552 1246 gratiam,
2577 1172 2765 1228 valeat
2784 1185 2914 1227 eam
2936 1168 3203 1225 amittere
3224 1165 3353 1221 sine

1987 1253 2170 1325 culpa,
2197 1257 2255 1309 et
2272 1253 2355 1308 ita
2381 1251 2451 1308 ad
2477 1256 2689 1308 statum
2712 1248 2969 1306 medium
3000 1245 3230 1312 reduci·
3253 1242 3354 1301 sed

1987 1332 2049 1388 id
2077 1333 2324 1391 libenter
2350 1332 2728 1401 concedimus,
2753 1348 2884 1388 cum
2909 1330 3059 1387 nihil
3076 1326 3354 1402 praejudi-

1989 1418 2075 1471 cet
2100 1415 2332 1471 veritati
2375 1419 2585 1471 nostrae
2613 1411 2965 1470 assertionis.
2997 1413 3062 1465 In
3084 1410 3190 1466 hoc
3216 1422 3355 1482 ergo

1989 1509 2158 1551 sensu
2184 1495 2560 1568 respondetur
2585 1492 2657 1552 ad
2683 1493 3059 1567 objectionem
3089 1487 3356 1564 negando

1992 1574 2329 1632 antecedens
2368 1575 2724 1632 intellectum
2764 1573 2834 1629 de
2869 1571 3105 1629 homine
3131 1571 3358 1627 elevato

1992 1654 2063 1712 ad
2088 1657 2587 1728 supernaturalem
2611 1653 2807 1721 finem,
2840 1653 3118 1710 existente
3140 1652 3204 1707 in
3235 1664 3359 1722 pec·

1992 1742 2115 1793 cato
2142 1737 2393 1802 mortali,
2424 1742 2481 1793 et
2524 1736 2595 1792 de
2623 1734 2951 1791 reductione
2992 1729 3356 1788 immediata.

1994 1818 2062 1871 Et
2090 1815 2158 1872 ad
2182 1817 2433 1889 primam
2474 1817 2595 1890 ejus
2624 1814 3019 1889 probationem
3045 1809 3358 1868 dicendum

1993 1903 2095 1964 est,
2127 1898 2423 1954 hominem
2450 1899 2736 1955 elevatum
2766 1895 2837 1952 ad
2865 1894 3041 1953 finem
3067 1907 3358 1966 superna-

1995 1981 2241 2037 turalem
2263 1981 2604 2037 existentem
2631 1980 2691 2035 in
2713 1983 2934 2052 peccato
2956 1976 3208 2041 mortali.
3235 1990 3360 2031 ma-

1997 2076 2135 2118 nere
2161 2077 2427 2118 aversum
2457 2077 2488 2117 a
2515 2064 2648 2128 Deo,
2683 2065 2743 2115 ut
2769 2055 2902 2124 fine,
2936 2065 3051 2114 tam
3074 2056 3355 2119 naturali,

1996 2158 2168 2214 quam
2191 2143 2645 2215 supernaturali;
2673 2147 2729 2197 et
2755 2156 2872 2196 non
2895 2155 3053 2211 posse
3079 2136 3363 2193 mundari

1998 2238 2030 2278 a
2072 2228 2292 2295 peccato
2320 2221 2530 2295 absque
2556 2221 2930 2279 conversione
2959 2218 3027 2276 ad
3055 2219 3226 2274 illum
3254 2215 3366 2272 sub

2000 2308 2237 2376 utraque
2292 2305 2533 2369 ratione,
2602 2303 2690 2359 vel
2743 2301 2849 2358 sub
2911 2301 3144 2364 motiv,o
3207 2296 3367 2370 quod

2001 2389 2301 2456 utramque
2338 2368 2621 2441 rationem
2660 2384 3087 2455 complectatur.
3136 2380 3204 2433 Et
3233 2377 3367 2433 ideo

2001 2464 2276 2536 implicat,
2301 2464 2450 2555 quod
2471 2464 2662 2521 eliciat
2684 2469 2869 2519 actum
2893 2461 3108 2518 amoris
3130 2463 3366 2515 natura-

2001 2544 2091 2611 lis,
2117 2544 2258 2616 quin
2282 2545 2443 2616 prius
2470 2543 2782 2600 mundetur
2804 2561 2836 2600 a
2865 2547 3083 2615 peccato
3111 2556 3211 2612 per
3232 2554 3367 2613 gra·
3415 2574 3418 2575 ν

2001 2625 2161 2689 tiam,
2190 2632 2247 2681 ut
2277 2628 2388 2682 late
2409 2626 2763 2683 ostendimus
2785 2631 2945 2681 tract.
2964 2625 3186 2696 praeced.
3203 2624 3366 2694 disp.

1999 2708 2054 2771 2,
2082 2705 2210 2762 dub.
2242 2708 2298 2763 4.
2334 2709 2656 2763 Praesertim
2688 2707 2823 2778 quia
2848 2705 3135 2778 supposita
3164 2703 3368 2760 eleva-

2001 2788 2156 2844 tione
2196 2787 2454 2843 hominis
2500 2787 2569 2842 ad
2617 2786 2791 2842 finem
2834 2785 3367 2859 supernaturalem,

2001 2863 2148 2918 Deus
2169 2867 2231 2917 ut
2249 2861 2454 2917 author
2477 2860 2757 2917 naturalis
2783 2859 2975 2927 dictat,
3000 2865 3056 2917 et
3083 2859 3362 2931 imperat,

2003 2948 2063 2997 ut
2088 2942 2260 2999 homo
2299 2940 2610 3013 adimpleat
2636 2947 2979 3014 praeceptum
3007 2946 3365 3013 supernatu-

2002 3022 2141 3078 ralis
2167 3020 2577 3087 conversionis,
2611 3022 2700 3077 vel
2727 3022 2930 3078 saltem
2962 3019 3228 3093 prohibet
3253 3036 3363 3093 op-

2004 3103 2242 3176 positam
2271 3103 2629 3179 aversionem
2656 3126 2670 3170 ;
2703 3119 2840 3160 nam
2868 3106 3068 3173 lumen
3093 3105 3367 3160 naturale

2001 3183 2174 3241 dictat
2208 3182 2525 3257 parendum
2555 3200 2676 3240 esse
2701 3183 2936 3241 cuilibet
2961 3184 3247 3256 superiori
3278 3185 3366 3239 le-

2001 3269 2202 3343 gitime
2231 3266 2601 3340 praecipienti.
2643 3269 2996 3340 Quapropter
3023 3266 3161 3321 dum
3192 3266 3370 3322 homo

2003 3364 2237 3405 aversus
2264 3364 2297 3404 a
2324 3350 2437 3404 Deo
2461 3349 2889 3419 supernaturali
2929 3347 3045 3404 fine
3073 3361 3188 3403 non
3222 3362 3366 3403 con·-

2004 3429 2251 3487 vertitur
2297 3427 2367 3485 ad
2408 3428 2618 3499 ipsum,
2670 3430 2868 3503 nequit
2906 3428 3111 3486 elicere
3155 3442 3363 3483 verum

2006 3526 2261 3569 amorem
2309 3510 2408 3567 Dei
2454 3510 2730 3577 authoris,
2780 3517 2837 3568 et
2899 3510 3032 3566 finis
3078 3509 3365 3584 naturalis

2003 3610 2175 3667 super
2214 3593 2413 3651 omnia
2451 3591 2663 3648 dilecti.
2693 3593 2776 3649 Ad
2816 3592 3123 3650 secundam
3155 3591 3364 3664 proba-

2006 3676 2221 3733 tionem
2248 3677 2464 3730 constat
2483 3689 2553 3730 ex
2578 3671 2744 3728 dictis
2759 3694 2773 3736 3
2795 3690 2930 3752 nam
2953 3675 3139 3730 solum
3168 3671 3369 3729 suadet

2007 3758 2305 3815 hominem
2347 3771 2463 3811 non
2489 3754 2828 3811 existentem
2867 3756 2928 3811 in
2958 3761 3178 3828 peccato
3206 3769 3368 3827 posse

2008 3837 2202 3896 reduci
2222 3835 2292 3893 ad
2312 3841 2522 3892 statum
2545 3835 2822 3902 medium,
2843 3836 2905 3891 in
2923 3852 3036 3909 quo
3058 3852 3159 3893 nec
3182 3851 3368 3907 pecca·

2007 3928 2150 3988 tum,
2197 3935 2298 3976 nec
2338 3918 2585 3993 gratiam
2633 3916 2875 3984 habeat3
2925 3917 3074 3991 quod
3118 3918 3366 3975 libenter

2006 3999 2380 4059 concedimus.
2413 3997 2500 4053 Ad
2523 3997 2750 4055 tertiam
2779 3997 3082 4069 dicendum
3108 4004 3211 4067 est,
3247 4014 3364 4056 ma·

2002 4085 2189 4157 iorem
2236 4096 2353 4138 non
2392 4095 2515 4136 esse
2559 4078 2967 4135 universaliter
3008 4096 3225 4147 veram,
3267 4077 3365 4137 sed

2010 4162 2300 4220 falsificari
2325 4163 2387 4218 in
2410 4161 2517 4227 his,
2536 4176 2662 4234 quae
2683 4163 2829 4217 Deus
2844 4160 2977 4217 facit
2994 4160 3182 4217 media
3196 4176 3363 4219 causa

2010 4244 2263 4309 formali,
2306 4242 2401 4299 vel
2440 4240 2632 4297 media
2670 4256 2837 4306 causa
2863 4241 3128 4298 efficienti
3156 4241 3363 4306 vitali;

2011 4343 2128 4384 non
2156 4325 2316 4383 enim
2339 4329 2518 4396 potest
2536 4321 2755 4378 efficere
2773 4321 3033 4378 effectum
3062 4322 3366 4382 formalem

2011 4411 2137 4466 sine
2162 4409 2370 4473 forma,
2413 4406 2505 4462 vel
2545 4403 2824 4459 actionem
2874 4405 3111 4462 vitalem
3159 4405 3372 4480 absque

2014 4490 2296 4564 principio
2339 4485 2578 4544 viventi.
2625 4486 2693 4539 Et
2740 4485 3067 4576 huJ‘usmodi
3115 4491 3198 4544 est
3238 4486 3367 4544 des·

2014 4570 2218 4627 tractio
2245 4566 2492 4641 peccati3
2523 4563 2651 4621 fieri
2678 4565 2837 4621 enim
2866 4564 3032 4623 debet
3058 4569 3150 4624 vel
3179 4567 3366 4625 media

2015 4656 2200 4712 forma
2239 4648 2627 4707 sanctificante
2652 4646 2864 4703 directe
2888 4649 3210 4720 expellente
3239 4666 3366 4723 pec-

2014 4741 2201 4795 catum
2242 4731 2558 4799 habituale,
2582 4732 2674 4786 vel
2711 4728 2999 4786 mediante
3037 4733 3370 4803 operatione

2019 4817 2201 4882 vitali,
2232 4829 2344 4888 qua
2370 4812 2540 4869 homo
2568 4815 2753 4867 actum
2779 4811 3129 4882 praeteritum
3156 4818 3369 4870 retrac-

2015 4903 2115 4966 tet,
2146 4903 2205 4953 ut
2250 4894 2455 4968 saepius
2492 4890 2766 4947 diximus,
2816 4892 3201 4956 Quamobrem
3244 4895 3369 4952 licet

2018 4982 2166 5036 Deus
2217 4976 2513 5032 hominem
2569 4977 2915 5044 peccatorem
2961 4973 3248 5031 elevatum
3302 4974 3367 5033 ad

2018 5057 2516 5132 supernaturalem
2574 5053 2750 5134 finem
2813 5055 3019 5122 valeat,
3082 5055 3370 5113 mediante

3188 5138 3366 5211 gratia
