3647 5753
1486 443 1662 499 mse.
1709 444 1802 510 1x,
1849 431 2019 501 DUB.
2059 446 2106 500 1.
2862 427 2869 433 '
3035 447 3136 503 291

291 632 320 662 «
362 610 478 666 nisi
499 611 597 683 qui
627 611 846 685 accipit.
879 612 1024 677 Quia
1060 614 1275 672 scilicet
1303 615 1401 672 ille
1427 616 1524 688 qui
1555 632 1647 671 ac-

292 712 320 741 «
362 690 520 763 cipit,
549 707 653 763 per
677 691 964 762 quandam
1006 694 1424 766 experientiam
1452 696 1648 752 dulce-

292 795 319 825 «
361 771 518 829 dinis
541 773 723 838 novit,
754 790 925 846 quam
950 791 1066 832 non
1088 777 1382 848 experitur
1403 777 1523 844 ille,
1549 778 1646 849 qui

294 874 322 905 α
366 868 485 910 non
531 854 750 926 accipit.
787 856 894 910 lsta
923 861 1118 912 tamen
1147 856 1399 930 cognitio
1425 856 1649 929 imper-

294 957 320 987 «
365 935 510 991 fecta
535 940 638 991 est.
673 956 698 987 2>
728 939 873 992 Nam
904 940 966 992 D.
1000 937 1204 994 Thom.
1238 938 1301 995 in
1340 938 1429 993 his
1456 938 1649 995 verbis

287 1014 555 1071 attribuit
582 1016 1270 1091 hominibus-insigniter
1309 1019 1478 1092 justis
1516 1035 1649 1091 spe-

285 1098 494 1155 cialem
523 1099 776 1172 aliquam
805 1116 919 1155 sum
945 1103 1144 1174 gratiae
1165 1101 1448 1168 notitiam,
1473 1117 1647 1175 quam

285 1178 625 1253 vulgariter,
669 1186 725 1235 et
751 1180 1134 1236 communiter
1164 1180 1279 1238 non
1308 1180 1519 1238 habent
1546 1183 1647 1238 alii

283 1260 553 1335 bomines
573 1261 732 1335 justi,
764 1261 861 1317 sed
885 1277 1002 1317 non
1025 1263 1105 1317 ita
1125 1262 1359 1319 virtutis
1379 1262 1642 1319 studiosi.

263 1410 266 1411 ⁷
286 1340 350 1397 ld
377 1343 585 1415 quippe
601 1343 870 1414 importat
884 1344 1146 1415 specialis
1169 1344 1272 1401 illa
1291 1344 1506 1401 divinae
1524 1344 1649 1401 dul-

286 1423 508 1480 cedinis
533 1422 908 1495 experientia.
936 1425 1105 1495 Atqui
1128 1424 1427 1497 concipere
1450 1424 1650 1497 proba-

289 1504 468 1562 bilem
485 1503 909 1578 justificationis
932 1507 1179 1578 propriae
1200 1506 1466 1563 notitiam
1483 1507 1649 1564 valde

77 1634 106 1661 a.
288 1600 595 1643 commune
614 1589 698 1641 est
718 1583 985 1641 omnibus
994 1587 1015 1658 j
1027 1587 1427 1661 ustis,eamque
1439 1587 1648 1645 habere

83 1692 96 1739 g.
291 1664 500 1724 debent
544 1669 816 1738 quotquot
865 1664 1053 1722 debite
1104 1667 1375 1724 accedunt
1410 1667 1480 1724 ad
1518 1684 1649 1724 sus-

290 1744 620 1819 cipiendum
638 1747 1071 1802 Sacramentum
1091 1748 1481 1813 Eucharistiae,
1486 1750 1506 1823 j
1515 1756 1649 1806 uxta

81 1812 264 1887 bostut.
292 1827 436 1884 illud
458 1828 712 1900 Apostoli
747 1829 766 1905 l
802 1828 870 1883 ad
900 1829 1160 1884 Corinth.
1200 1831 1255 1884 ll
1291 1850 1303 1885 :
1337 1829 1529 1886 Probet
1548 1847 1648 1886 au-

289 1916 394 1964 tem
432 1912 670 1982 seipsum
708 1909 884 1973 home,
933 1917 1033 1964 etc.
1085 1911 1232 1983 Ergo
1257 1926 1329 1965 ex
1358 1916 1550 1968 mente
1578 1913 1645 1967 D.

287 1991 496 2048 Thom.
545 1988 671 2046 fieri
719 1994 900 2062 potest
938 1990 1250 2047 secundum
1280 2008 1646 2049 communem

255 2108 264 2109 ff
291 2070 712 2145 providentiam
738 2115 750 2137 ‚
802 2069 950 2143 quod
998 2073 1175 2145 aliqui
1218 2073 1356 2146 justi
1399 2071 1649 2130 habeant

288 2168 407 2209 suae
452 2152 651 2227 gratiae
697 2154 976 2208 moralem
1030 2152 1318 2224 quandam
1347 2153 1648 2210 certitudi-

292 2248 456 2300 nem;
489 2233 619 2289 licet
662 2234 797 2305 quia
849 2232 1105 2289 absolute
1156 2249 1273 2291 non
1327 2240 1641 2309 repugnat,

288 2312 436 2386 quod
475 2329 675 2370 eorum
723 2314 1136 2369 existimationi
1184 2313 1366 2370 subsit
1412 2314 1645 2381 falsum,

147 2406 154 2411 ·
205 2446 240 2455 ,μ
291 2394 509 2466 possint
535 2393 790 2450 absolute
830 2393 1128 2457 dubitare,
1184 2398 1239 2450 et
1291 2395 1496 2451 timere
1519 2438 1533 2462 ,
1585 2399 1648 2450 ut

141 2478 158 2483 '
291 2471 451 2530 docet
493 2472 812 2535 Concilium
859 2472 1269 2529 Tridentinum
1313 2472 1407 2529 ubi
1447 2490 1643 2546 supra.

295 2554 363 2608 Et
383 2552 455 2610 ob
477 2553 623 2610 hanc
644 2555 925 2610 rationem
950 2555 1151 2610 asserit
1172 2555 1226 2611 S.
1250 2557 1469 2623 Doctor,
1496 2553 1645 2627 quod

296 2636 404 2689 ista
424 2636 655 2704 coquitio
680 2637 992 2708 imperfecta
1027 2642 1122 2692 est.

92 2723 261 2767 anda·
376 2715 459 2770 ll.
505 2713 784 2771 Probatur
835 2732 969 2789 ergo
1023 2715 1212 2787 primo
1237 2757 1250 2780 ,
1308 2715 1442 2786 quia
1486 2730 1646 2770 sacra

65 2776 278 2876 ἓξὲξ).
291 2796 580 2868 Scriptura
628 2796 804 2863 docet,
852 2798 1034 2871 justos
1081 2811 1241 2868 posse
1292 2795 1503 2852 habere
1532 2796 1645 2852 ali-

115 2878 223 2918 tura.
289 2893 459 2950 quam
500 2894 617 2934 suae
638 2879 875 2952 justitiae
918 2876 1325 2935 certitudinem
1355 2875 1490 2933 :sed
1529 2876 1646 2934 haec

276 2956 567 3015 certitudo
601 2961 799 3033 nequit
837 2975 957 3015 esse
983 2958 1138 3024 fidei,
1171 2973 1273 3015 nec
1297 2958 1532 3031 aequalis
1555 2958 1643 3012 illi

285 3037 656 3105 certitudini,
701 3055 812 3111 qua
840 3039 1050 3095 scimus
1091 3040 1335 3094 Romam
1374 3053 1533 3102 esse,
1584 3042 1646 3092 ut

284 3124 501 3177 constat
543 3137 615 3177 ex
660 3118 824 3177 dictis
866 3120 927 3176 in
975 3119 1193 3176 duabus
1233 3116 1645 3176 assertionibus

286 3200 734 3274 praecedentibus
767 3223 780 3257 :
809 3217 944 3275 ergo
983 3207 1066 3258 est
1102 3202 1218 3258 alia
1246 3200 1490 3257 inferior
1516 3217 1644 3258 cer-

286 3282 466 3341 titudo
487 3285 746 3350 moralis,
773 3284 1001 3356 qualem
1024 3284 1239 3340 scilicet
1257 3282 1644 3340 communiter

285 3363 562 3421 habemus
599 3363 670 3421 de
697 3365 829 3420 aliis
870 3363 1057 3430 rebuS,
1104 3379 1227 3436 quae
1254 3363 1546 3435 pertinent
1573 3361 1642 3418 ad

285 3445 568 3501 humanas
595 3445 973 3517 operationeS,
1008 3451 1068 3500 ut
1096 3446 1158 3501 in
1199 3444 1513 3500 assertione
1537 3458 1644 3499 ex-

285 3525 614 3598 plicuimus.
644 3527 846 3599 Major,
880 3527 942 3579 in
963 3541 1076 3597 qua
1099 3530 1320 3597 poterat
1344 3540 1466 3581 esse
1490 3522 1643 3578 diffi-

65 3608 464 3664 summulas
486 3651 500 3676 ,
535 3607 812 3680 probatur
830 3631 845 3673 ;
879 3623 1014 3663 nam
1043 3606 1209 3663 Joan.
1249 3608 1312 3664 14
1338 3650 1351 3673 ,
1384 3604 1594 3662 dicitur
1627 3626 1640 3660 ε

299 3686 400 3746 Vos
437 3696 622 3744 autem
660 3689 982 3758 coqnoscetis
1026 3705 1169 3753 eum,
1200 3689 1334 3765 quia
1372 3687 1524 3759 apud
1549 3702 1644 3740 vos

69 3785 270 3832 annom,
283 3770 523 3826 manebit
546 3814 560 3838 ,
604 3775 653 3824 et
693 3771 753 3823 in
779 3769 930 3824 vobis
948 3771 1070 3824 erit.
1107 3767 1193 3824 Ad
1223 3771 1386 3825 Rom.
1413 3769 1447 3822 8
1475 3787 1488 3822 ε
1521 3765 1644 3839 Ipse

80 3836 147 3881 Λᾶ
159 3837 254 3882 ⁰⁰¹·
283 3853 514 3924 spiritus
551 3853 922 3906 testimonium
966 3850 1142 3905 reddit
1181 3850 1408 3923 spiritui
1434 3855 1636 3914 nostro,

282 3933 425 4010 quod
442 3949 633 3988 sumus
656 3934 766 4003 filii
785 3931 905 3988 Dei.
932 3934 988 3987 2.
1016 3931 1100 3987 Ad
1127 3931 1385 3988 Corinth.
1417 3933 1478 3986 2:
1506 3927 1643 3986 Glo-

281 4014 589 4069 rianostra
615 4013 721 4068 koec
756 4020 853 4079 est,
904 4014 1273 4068 testimonium
1311 4011 1644 4067 conscientias

282 4100 492 4150 nostra.
534 4095 589 4161 l,
621 4095 785 4149 Joan.
830 4096 902 4149 3:
946 4093 1063 4150 Nos
1101 4095 1334 4160 scimus,
1381 4092 1643 4169 quoniam

281 4174 547 4229 translati
572 4190 764 4229 sumus
788 4173 852 4228 de
877 4182 1046 4229 morte
1071 4174 1146 4228 ad
1165 4176 1359 4241 vitam,
1378 4173 1642 4250 quoniam

280 4254 566 4327 diliyimus
588 4256 811 4326 fratres.
847 4257 914 4310 Et
955 4255 1112 4312 infra
1137 4254 1249 4311 :In
1291 4254 1391 4309 hoc
1416 4269 1641 4323 coquos-

189 4357 212 4372 *
280 4337 475 4404 cimus,
493 4338 756 4414 quoniam
770 4353 842 4391 eac
861 4340 1088 4392 veritate
1110 4352 1319 4401 sumus,
1337 4341 1388 4389 eet
1409 4338 1468 4389 in
1489 4350 1640 4390 cons-

73 4425 247 4469 Pctns.
276 4424 436 4491 pectu
458 4418 576 4489 ejus
594 4416 943 4473 suadebimus
967 4418 1132 4473 corda
1159 4423 1368 4473 nostra.
1399 4417 1454 4482 2,
1482 4414 1639 4472 Petri

288 4497 611 4569 lzsatayite
637 4504 698 4552 ut
715 4515 813 4571 per
837 4497 976 4552 bona
997 4515 1160 4571 opera
1181 4503 1387 4553 certam
1404 4497 1642 4551 vocatio-

277 4597 418 4649 nem,
447 4587 498 4635 et
536 4580 841 4635 electionem
877 4578 1125 4651 faciatis.
1168 4579 1238 4633 Et
1261 4576 1483 4633 similia
1509 4592 1640 4649 pas-

276 4660 388 4718 sim
414 4664 723 4719 occurrunt
749 4660 811 4715 in
838 4660 1172 4732 Scriptura.-

57 4733 262 4831 fflgffi
348 4739 776 4806 confirmatum
803 4755 938 4795 nam
959 4739 1141 4796 sancti
1157 4740 1355 4796 Patres
1377 4737 1640 4811 frequen-

58 4793 229 4880 Ἀπ’
274 4829 360 4883 ter
397 4823 735 4889 affirmant,
773 4822 954 4894 justos
1013 4821 1337 4896 praesertim
1390 4818 1640 4893 insignis

266 4904 590 4964 sanctitatis
609 4917 734 4960 esse
751 4906 951 4965 certos,
971 4907 1028 4958 et
1048 4915 1277 4958 securos
1295 4898 1367 4956 de
1386 4915 1506 4957 suae
1521 4899 1640 4972 jus-

191 4993 206 5018 ‘
268 4982 601 5043 tificationis
620 4977 769 5037 statu
797 5005 810 5038 ε
834 4979 932 5037 sed
961 4996 1080 5037 non
1105 4984 1373 5036 asserunt
1397 4980 1640 5036 certitu-

265 5066 466 5124 dinem
482 5061 642 5130 fidei,
662 5066 759 5117 aut
772 5059 1179 5118 certitudinem
1197 5062 1439 5126 tantam,
1458 5072 1640 5131 quan-

1780 621 1896 672 tam
1954 616 2234 674 habemus
2274 617 2343 675 de
2383 618 2689 693 existentia
2728 620 2923 676 Romae
2956 640 2969 675 ε
3006 635 3141 693 ergo

1779 696 2093 768 loquuntur
2144 698 2215 755 de
2263 699 2379 755 alia
2428 699 2697 756 inferiori
2758 698 3101 756 certitudine
3124 741 3137 766 ,

1779 777 2010 848 qualem
2038 778 2101 834 in
2128 779 2444 836 assertione
2472 782 2892 852 proposuimus,
2921 778 3141 836 Proba-

1780 861 1876 911 tur
1903 858 2120 931 major;
2170 874 2309 915 nam
2356 862 2423 914 D.
2465 862 2701 934 August.
2753 879 2911 918 serm.
2955 861 3048 927 28,
3079 860 3144 915 de
3173 868 3341 919 Daus-

1780 937 1957 992 verbis
1981 938 2174 1011 Apost.
2205 939 2286 995 ait
2331 960 2343 994 ε
2385 939 2515 996 Νοη
2553 949 2629 997 est
2677 942 3021 1009 arroyantia,
3052 941 3144 995 sed

1778 1017 1909 1087 fides
1928 1018 2243 1091 praedicare,
2290 1020 2431 1096 quod
2473 1023 2751 1093 accepisti.
2783 1023 2852 1075 Et
2878 1026 3039 1075 tract.
3083 1021 3139 1088 5,

1779 1113 1941 1168 super
1982 1099 2136 1169 epist.
2168 1098 2333 1156 Joan.
2368 1098 2450 1153 ait
2482 1119 2495 1154 ε
2530 1099 2727 1156 Redeat
2767 1100 3143 1176 unusquisque

1779 1178 1854 1232 ad
1873 1194 1963 1232 cor
1990 1194 2170 1245 suum,
2203 1182 2254 1235 si
2280 1179 2357 1234 ibi
2392 1181 2629 1236 inveniet
2669 1183 3013 1245 charitatem,
3056 1196 3144 1235 se-

1779 1276 1945 1315 curus
1981 1263 2073 1329 sit,
2117 1264 2251 1339 quia
2298 1262 2500 1316 transit
2541 1263 2606 1317 de
2644 1270 2814 1318 morte
2840 1263 2914 1317 ad
2940 1264 3139 1318 vitam.

1780 1341 1844 1394 D.
1877 1340 2185 1414 Gregorius
2239 1341 2341 1397 lib.
2373 1342 2408 1396 2
2449 1341 2668 1416 Dialog.
2711 1359 2832 1415 cap.
2864 1344 2901 1398 2
2933 1363 2946 1398 z
2989 1341 3356 1408 Mensuoreg.

1778 1439 1893 1500 quai
1910 1421 2100 1477 divino
2126 1425 2330 1497 spiritu
2357 1424 2634 1496 impletur,
2660 1425 2816 1481 habet
2843 1425 3145 1479 evidentis-

1778 1503 1923 1556 sima
1946 1504 2106 1572 siyna
2145 1520 2268 1561 sua.
2301 1504 2370 1557 Et
2392 1505 2589 1560 relatis
2611 1505 2703 1561 his
2729 1505 2912 1579 signis
2938 1546 2951 1569 ,
2993 1519 3141 1574 con-

1778 1580 1956 1638 cludit
1982 1604 1996 1639 :
2019 1583 2235 1662 Liquet,
2263 1584 2406 1661 quod
2424 1585 2488 1639 de
2506 1588 2793 1658 prasentia
2813 1587 2994 1640 saneti
3015 1582 3144 1657 Spi-

1779 1663 1924 1717 ritus
1960 1665 2331 1720 testimonium
2364 1666 2529 1736 serat.
2560 1666 2618 1720 S.
2650 1666 2761 1721 Leo
2785 1666 2938 1736 Papa
2958 1679 3136 1720 serm.
3174 1669 3330 1712 D·Le0·

1779 1742 1834 1809 8,
1883 1744 2166 1817 Epiphan.
2199 1741 2463 1822 Quisquis
2488 1744 2803 1817 hujusmodi
2832 1751 2929 1809 est,
2964 1745 3141 1801 Deum

1779 1825 2160 1893 habitatorem,
2190 1834 2238 1881 et
2266 1834 2523 1882 rectorem
2562 1845 2726 1882 suum
2751 1844 2859 1882 esse
2884 1844 2994 1881 non
3034 1826 3143 1881 du-

1779 1904 1925 1961 bitet.
1962 1909 2028 1962 D.
2057 1905 2322 1963 Ambros.
2355 1905 2455 1962 lib.
2482 1908 2537 1972 5,
2564 1906 2635 1962 de
2652 1909 2910 1963 Sacram.
2941 1921 3061 1978 cap.
3082 1907 3355 1960 22D.Amb.

1779 1986 1990 2044 Anima
2012 1996 2131 2055 tua,
2156 1988 2240 2044 vel
2262 1988 2513 2043 Ecclesia
2547 1988 2692 2042 videt
2720 2006 2772 2044 se
2799 1988 2867 2042 ab
2893 1985 3142 2043 omnibus

1779 2070 2104 2124 mundatam
2150 2086 2258 2124 esse
2298 2071 2555 2141 peccatis,
2584 2075 2634 2123 et
2672 2068 2899 2138 diqnam
2927 2085 3042 2145 quw
3067 2067 3143 2121 acl

1778 2152 1957 2206 altare
2011 2154 2181 2224 possit
2225 2152 2487 2207 accedere.
2539 2153 2593 2206 S.
2648 2152 2709 2207 P.
2762 2153 2831 2205 N.
2884 2150 3141 2224 Cyrillus
3155 2159 3360 2212 noy-uin.

1778 2228 2207 2287 Alexandrinus
2235 2230 2335 2287 lib.
2371 2232 2452 2296 lO,
2482 2230 2543 2285 in
2575 2232 2743 2286 Joan.
2789 2246 2909 2303 cap.
2942 2231 2998 2285 3:
3030 2228 3142 2301 Qui

1779 2328 1904 2366 vero
1948 2313 2099 2366 omni
2142 2313 2344 2366 virtute
2387 2318 2617 2367 mentem
2643 2326 2803 2365 suam
2826 2309 3136 2382 puryandO,

1777 2396 1899 2467 apti
1913 2395 2039 2465 jam
2065 2394 2140 2449 ad
2160 2396 2377 2465 majora
2398 2396 2537 2467 sacti
2567 2400 2714 2459 sunt,
2747 2395 2982 2465 spiritus
3010 2394 3141 2449 illu-

1777 2477 2082 2529 minatione
2105 2482 2337 2546 recepta,
2368 2476 2542 2530 ocutis
2581 2476 2779 2529 animae
2803 2474 3143 2529 habitantem

1778 2557 1839 2609 in
1863 2572 1918 2610 se
1944 2553 2121 2610 Deum
2141 2554 2418 2610 videbant.
2446 2556 2509 2610 D.
2536 2552 2865 2610 Bernardus
2885 2568 3063 2610 serm.
3082 2553 3137 2620 6,
3158 2570 3210 2612 1).
3228 2572 3357 2614 Rern.

1779 2636 1842 2691 in
1870 2635 2100 2690 Cantica
2121 2656 2133 2691 :
2151 2634 2220 2690 Si
2239 2636 2345 2690 lucc
2366 2652 2595 2700 senserO,
2622 2653 2731 2690 non
2748 2634 2964 2704 ambiyo
2986 2651 3144 2707 spon·

1777 2733 1900 2771 sum
1925 2717 2108 2771 adesse
2123 2734 2144 2783 ‚·
2169 2715 2317 2771 verbi
2342 2716 2611 2794 siquidem
2636 2716 2713 2769 hae
2733 2718 2893 2787 copim
2918 2722 3067 2781 sunt,
3092 2722 3142 2770 et

1775 2797 1841 2851 de
1877 2797 2214 2869 plenitudine
2258 2798 2375 2867 ejus
2405 2799 2512 2852 ista
2554 2797 2876 2868 accipimus.
2910 2795 3143 2851 Similia

1779 2878 2081 2952 proferunt
2118 2876 2319 2944 iidem,
2351 2883 2408 2934 et
2442 2878 2545 2934 alii
2573 2876 2721 2933 sacri
2763 2880 3047 2943 DoctoreS,
3081 2881 3144 2931 ut

1779 2957 1963 3015 videri
1994 2963 2172 3032 potest
2215 2957 2364 3031 apud
2408 2959 2684 3015 Bellarm.
2725 2957 2820 3012 ubi
2856 2974 3059 3031 supra,
3089 2961 3147 3013 et

1776 3041 1940 3097 alios.
1996 3043 2064 3097 Et
2114 3040 2553 3115 ponderandum
2604 3046 2719 3106 est,
2773 3042 2971 3096 Patres
3020 3052 3140 3095 non

1776 3121 1932 3194 loqui
1957 3120 2029 3178 de
2054 3122 2259 3180 notitia
2285 3122 2652 3196 privilegiata
2669 3118 2910 3176 fundata
2930 3119 2994 3174 in
3019 3132 3142 3191 spe-

1775 3203 1907 3259 ciali
1939 3205 2291 3262 revelatione
2306 3223 2327 3272 ,·
2350 3203 2449 3260 sed
2477 3204 2593 3259 haec
2632 3202 2886 3277 dirigere
2913 3199 2983 3257 ad
3011 3215 3141 3257 om-

1776 3299 1878 3341 nes
1913 3284 2196 3349 homineS,
2225 3289 2289 3339 ut
2311 3299 2408 3340 eos
2436 3283 2499 3338 in
2527 3281 2760 3338 virtutis
2785 3280 2975 3337 studio
3003 3295 3139 3352 pro-

1776 3367 2046 3419 moveant
2066 3382 2087 3431 ,·
2110 3362 2319 3436 quibus
2352 3368 2548 3417 tamen
2590 3360 2938 3434 promittunt
2964 3359 3142 3415 certi-

1775 3441 2065 3510 tudinem,
2095 3442 2494 3506 securitatem,
2541 3446 2599 3497 et
2640 3456 2855 3512 pacem.
2887 3441 3140 3509 Cumque

1777 3522 1896 3578 haec
1924 3527 2209 3595 nequeant
2232 3519 2547 3578 secundum
2590 3534 2960 3576 communem
3001 3532 3139 3590 pro-

1774 3602 2094 3661 videntiam
2118 3605 2197 3660 ita
2220 3603 2464 3676 perfecte
2485 3601 2707 3667 haberi,
2729 3605 2791 3656 ut
2812 3615 2930 3657 non
2950 3600 3139 3656 solum

1773 3684 2083 3743 excludant
2109 3685 2386 3743 actualem
2417 3682 2814 3746 formidinem,
2841 3679 2938 3737 sed
2961 3680 3139 3738 etiam

1775 3770 2108 3839 potestatem
2136 3762 2469 3828 dubitandi,
2520 3769 2575 3819 et
2622 3762 2868 3819 timendi
2900 3783 2913 3818 z
2944 3761 3140 3833 sequi-

1775 3852 1888 3913 tur,
1920 3845 2069 3919 quod
2097 3848 2293 3901 Patres
2321 3841 2621 3899 adstruant
2645 3841 2977 3915 possibilem
3019 3842 3140 3897 sal-

1773 3932 1893 3983 tem
1931 3943 2054 3985 esse
2099 3927 2277 3982 aliam
2317 3922 2721 3980 certitudinem
2770 3921 3134 3990 inferiorem,

1773 4023 1899 4081 quae
1924 4007 2252 4065 ordinarias
2278 4006 2592 4063 anxietates
2614 4048 2626 4071 ,
2658 4009 2716 4060 et
2739 4002 2915 4060 dubia
2939 4003 3140 4060 exclu-

1774 4090 1907 4158 dat,
1950 4095 2007 4148 et
2044 4088 2338 4164 quandam
2366 4086 2719 4144 habitualem
2747 4085 3135 4153 securitatem,

1759 4161 1830 4250 'et
1855 4188 2048 4245 pacem
2079 4171 2296 4237 afferat,
2331 4169 2462 4226 licet
2491 4184 2607 4224 non
2635 4167 2885 4240 expellat
2924 4166 3139 4224 formi-

1771 4251 1949 4309 dandi
1991 4251 2327 4325 potentiam,
2371 4249 2418 4304 si
2461 4248 2661 4305 anima
2701 4247 2840 4304 velit
2889 4245 2959 4304 ad
3002 4263 3138 4320 pro-

1773 4333 1965 4406 priam
2004 4329 2517 4397 defectibilitatem,
2551 4334 2608 4385 et
2647 4328 3009 4401 ignorantias
3048 4333 3140 4408 at-

1773 4411 2057 4548 tquefrgx
2082 4487 2366 4563 praedictis
2388 4493 2579 4544 autem
2602 4487 2930 4560 Scripturae,
2950 4492 3008 4544 et
3023 4488 3137 4546 Pa·
3177 4525 3303 4570 Bm„

1773 4578 1927 4629 trum
1949 4571 2298 4630 testimoniis
2324 4568 2649 4627 desumitur
2678 4568 3135 4628 fundamentalis
3184 4573 3329 4619 runda-

1772 4659 1981 4712 nostrae
1994 4651 2330 4709 assertionis
2347 4650 2521 4707 ratio:
2540 4649 2816 4723 quoniam
2842 4648 2911 4706 de
2932 4650 3136 4710 divina

1770 4732 2166 4792 misericordia
2194 4729 2659 4805 praesumendum
2682 4736 2787 4797 est,
2812 4730 2962 4804 quod
2989 4732 3136 4790 viris

1768 4816 1981 4874 sanctis
2004 4859 2019 4883 ,
2062 4818 2119 4872 et
2154 4814 2252 4886 qui
2293 4828 2524 4869 summo
2561 4810 2750 4868 studio
2778 4812 2833 4869 ei
2862 4813 3086 4884 placere
3113 4856 3127 4881 ,

1771 4896 2042 4969 illiusque
2104 4890 2379 4950 mandata
2422 4891 2746 4957 observare,
2788 4897 2846 4948 et
2881 4893 3132 4967 gloriam

1769 4992 2025 5049 quaerere
2050 4979 2335 5049 satagunt,
2381 4972 2751 5045 impertiatur
2785 4987 3020 5030 omnem
3047 4974 3128 5030 il-

1772 5058 1889 5114 lam
1942 5055 2164 5130 proprii
2204 5060 2383 5112 status
2428 5053 2848 5128 cognitionem,
2896 5071 3023 5128 quae
3060 5054 3132 5112 ad

3161 4624 3354 4669 mentalis
3453 4607 3467 4618 ’
