3647 5753
1444 405 1621 461 DISP.
1666 404 1735 471 11,
1778 402 1944 459 DUB.
1987 402 2108 461 vn.
3032 403 3144 460 483

282 594 385 651 per
424 577 664 634 modum
705 577 983 646 authoris,
1022 582 1079 635 et
1118 576 1252 634 finis
1296 580 1646 650 supernatu-

283 659 424 715 ralis
444 657 713 714 influeret
741 658 805 713 in
831 659 1225 732 operationem
1249 657 1504 732 praedicti
1538 656 1644 713 ho-

282 738 463 795 minis
494 760 507 795 :
538 753 674 813 ergo
714 737 868 795 idem
908 738 1059 811 quod
1088 740 1269 812 prius,

93 842 229 886 Auen
354 821 484 877 260.
511 818 768 876 Secundo
798 818 1142 894 respondent
1158 819 1644 886 Adversarii,tam

89 891 238 936 'mm-
279 905 690 974 argumentum
717 915 893 971 supra
927 900 1299 972 propositum,
1342 914 1515 972 quam
1540 898 1647 953 im-

1779 589 1913 630 nem
1942 573 2013 632 ab
2040 575 2163 645 illo,
2198 592 2316 634 non
2341 578 2529 635 solum
2557 583 2620 633 ut
2641 576 2895 646 authore,
2939 582 2995 634 et
3027 575 3153 634 fine*

1779 657 2052 723 naturali,
2088 657 2238 731 quod
2284 660 2556 733 explicite
2608 663 2987 732 cognosceret,
3045 659 3148 717 sed

1775 736 1956 792 etiam
1985 743 2045 793 ut
2074 739 2144 795 ab
2172 741 2433 808 authore,
2461 745 2517 797 et
2545 738 2660 797 fine
2686 739 3139 813 supernaturali,

1776 816 1926 889 quod
1947 821 2232 893 cognoscit
2255 821 2552 894 implicite,
2578 821 2712 876 etin
2732 821 2969 877 confuso
2994 820 3152 876 :haec

1780 904 1972 956 autem
1998 901 2250 975 cognitio
2274 902 2574 974 implicita,
2599 903 2740 958 etin
2757 902 2993 958 confuso
3019 902 3144 958 suf-

87 3738 263 3796 Praeclu·

88 3788 279 3893 111ῗὸ11.

122 3888 238 3932 citer.
300 3884 498 3942 tionis.
523 3887 674 3940 Tum
702 3885 835 3958 quia
884 3886 1015 3941 licet
1034 3885 1205 3943 homo
1228 3888 1289 3943 in
1311 3892 1459 3942 statu
1488 3902 1666 3959 puro-

278 980 694 1054 pugnationem
711 978 925 1052 prioris
938 979 1243 1035 solutionis
1266 978 1531 1051 proxime
1550 993 1647 1034 ex-

281 1076 519 1133 pensam
562 1065 711 1116 recte
736 1058 1094 1127 concludere,
1121 1059 1171 1115 si
1215 1060 1389 1116 homo
1411 1073 1647 1131 peccans

278 1148 638 1216 supponatur
683 1140 895 1199 habere
939 1142 1196 1214 aliquam
1232 1142 1502 1198 notitiam
1543 1141 1644 1197 Dei

281 1223 561 1289 0111110115,
580 1226 633 1280 01
653 1220 789 1278 finis
809 1223 1297 1296 supernaturalis:
1327 1238 1487 1279 secus
1510 1236 1647 1278 vero

281 1306 331 1363 si
376 1310 732 1378 supponatur
760 1303 972 1361 habere
1010 1305 1400 1379 ignorantiam
1448 1304 1648 1360 invin-

282 1384 518 1443 cibilem
547 1385 725 1442 illius,
758 1388 905 1440 Nam
927 1401 1057 1441 cum
1085 1384 1156 1441 de
1178 1385 1400 1441 ratione
1433 1384 1644 1457 peccati

283 1467 358 1522 sit
402 1481 525 1523 esse
564 1464 981 1532 voluntarium,
1030 1469 1087 1521 et
1129 1464 1450 1522 voluntarii
1500 1464 1648 1521 ratio

286 1546 496 1619 absque
538 1545 866 1620 cognitione
923 1545 1142 1601 salvari
1197 1549 1437 1617 nequeat
1465 1568 1478 1611 ;
1531 1545 1648 1600 im-

290 1624 563 1699 possibile
581 1631 685 1691 est,
718 1626 898 1680 Deum
930 1630 989 1680 ut
1014 1624 1336 1691 authorem,
1382 1629 1439 1681 et
1464 1622 1646 1680 finem

286 1708 783 1780 supernaturalem
811 1705 1024 1764 offendi
1052 1705 1123 1763 ab
1146 1706 1372 1779 illo.qui
1392 1706 1649 1763 invinci—

291 1787 484 1844 biliter
523 1788 751 1862 ignorat
780 1789 958 1843 Deum
986 1803 1108 1843 esse
1148 1788 1648 1859 supernaturalem

294 1868 608 1935 authorem,
628 1864 637 1867 ’
658 1874 715 1924 01
743 1867 944 1925 finem.
974 1867 1057 1923 Ob
1105 1869 1251 1924 hanc
1276 1868 1438 1924 enim
1470 1868 1649 1924 ratio-

296 1964 426 2005 nem
446 1949 542 2020 qui
572 1947 781 2004 accedit
799 1946 869 2003 ad
891 1948 1222 2014 mulierem,
1254 1964 1425 2020 quam
1449 1948 1650 2003 invin-

294 2028 540 2085 cibiliter
568 2029 932 2103 ignoratesse
951 2030 1333 2102 conjugatam,
1357 2044 1475 2084 non
1502 2044 1651 2084 com-

299 2110 470 2165 mittit
511 2108 880 2174 adulterium,
915 2124 1016 2165 nec
1042 2107 1281 2164 offendit
1329 2108 1643 2175 maritum;

298 2195 355 2246 et
377 2191 644 2246 similiter
682 2190 780 2262 qui
820 2189 1095 2245 interficit
1122 2189 1441 2255 hominem,
1481 2206 1650 2263 quem

297 2270 369 2328 ob
391 2272 787 2328 invincibilem
805 2273 1198 2346 ignorantiam
1220 2272 1397 2328 nescit
1411 2288 1531 2328 esse
1545 2272 1654 2329 cle-

301 2352 498 2417 ricum,
518 2355 816 2407 excusatur
841 2367 875 2406 a
894 2351 1143 2408 crimine
1169 2348 1649 2423 sacrilegii.Quocl

301 2429 439 2487 adeo
472 2446 675 2485 verum
701 2436 803 2495 est,
856 2436 914 2485 ut
944 2432 1073 2488 licet
1101 2431 1337 2488 haberet
1369 2432 1651 2489 intentio-

304 2525 437 2565 nem
463 2508 751 2565 occidendi
772 2511 1060 2576 clericum,
1091 2518 1147 2568 et
1175 2513 1351 2568 vellet
1399 2528 1521 2567 esse
1546 2513 1655 2568 cle-

311 2591 488 2646 ricum
537 2606 685 2654 eum,
710 2607 877 2662 quem
903 2592 1142 2660 occidit;
1195 2594 1583 2649 nihilominus
1603 2593 1652 2649 si

310 2673 722 2730 invincibiliter
750 2674 971 2747 ignorat
997 2693 1118 2734 esse
1162 2678 1457 2744 clericum,
1483 2694 1653 2750 quem

232 2804 241 2813 .
305 2753 591 2817 interficit,
634 2761 935 2811 excusatur
988 2759 1294 2815 acrimine
1342 2758 1648 2833 sacrilegii,

304 2835 432 2893 licet
472 2834 680 2892 occisus
725 2851 859 2893 vere
907 2836 1149 2895 clericus
1186 2840 1280 2896 sit.
1338 2841 1480 2894 Cum
1519 2854 1655 2914 ergo

301 2916 473 2973 homo
518 2916 762 2988 inpuris
807 2920 1146 2975 constitutus
1174 2920 1463 2977 laboraret
1489 2920 1656 2994 igno-

305 3000 493 3056 rantia
520 2999 846 3056 invincibili
875 3002 1026 3058 circa
1053 3006 1232 3060 Deum
1255 3004 1576 3069 authorem,
1601 3007 1657 3059 et

298 3079 475 3136 finem
489 3082 1008 3154 supernaturalem,
1033 3083 1243 3155 quippe
1262 3084 1359 3156 qui
1378 3099 1477 3156 per
1500 3083 1659 3155 prin-

295 3160 445 3234 cipia
498 3161 732 3234 propria
788 3161 1046 3233 praedicti
1098 3168 1278 3218 status
1327 3164 1659 3219 nullatenus

292 3247 479 3316 posset
499 3241 720 3315 assequi
762 3243 1031 3299 notitiam
1053 3244 1154 3299 Dei
1200 3241 1659 3316 supernaturalis

291 3322 573 3389 authoris,
608 3322 859 3379 minime
904 3321 1217 3379 offenderet
1246 3325 1425 3381 Deum
1459 3329 1523 3380 ut
1559 3338 1659 3379 su-

294 3402 726 3475 pernaturalem
752 3403 1145 3470 authorem‚et
1171 3403 1369 3472 finem3
1394 3403 1662 3477 quamvis

295 3483 755 3554 interpretative,
804 3483 1107 3539 autetiam
1153 3500 1419 3556 expresse
1445 3483 1662 3539 diceret

296 3577 360 3618 se
416 3562 566 3618 velle
618 3562 910 3619 offendere
957 3567 1139 3619 totum
1186 3567 1386 3630 Deum,
1422 3569 1477 3621 et
1505 3579 1662 3619 rece-

300 3640 440 3699 dere
462 3641 533 3698 ab
562 3643 720 3698 omni
744 3658 831 3708 eo,
865 3642 1014 3715 quod
1062 3645 1211 3699 Deus
1245 3650 1329 3702 est
1358 3645 1421 3700 in
1447 3643 1658 3715 seipso.

376 3726 664 3781 Caeterum
707 3739 810 3780 nec
856 3726 1152 3797 responsio
1202 3726 1339 3791 1101οῥ
1395 3725 1665 3800 quamvis

302 3806 487 3879 magis
514 3820 801 3877 apparens
821 3805 916 3870 sit,
947 3803 1124 3861 dil-uit
1165 3806 1286 3862 vim
1336 3811 1546 3863 nostrae
1575 3821 1661 3861 ra-

297 3981 500 4023 rorum
525 3964 948 4022 invincibiliter
970 3966 1454 4039 ignoraretDeum
1471 3966 1669 4022 autho-

300 4061 444 4110 rem,
497 4050 556 4103 et
594 4044 769 4102 finem
815 4048 1314 4119 supernaturalem
1352 4044 1667 4104 secundum

298 4128 624 4202 propriam,
656 4132 712 4184 et
740 4129 1046 4200 specialem
1076 4128 1362 4186 rationem
1383 4144 1669 4202 superna-

296 4208 641 4273 turalitatis;
660 4208 908 4264 minime
930 4214 1125 4264 tamen
1156 4210 1450 4284 ignoraret
1477 4210 1669 4282 ipsum

292 4290 619 4349 secundum
637 4290 785 4346 hanc
805 4289 1049 4347 eandem
1074 4293 1358 4349 rationem
1379 4297 1668 4365 sumptam

295 4375 363 4430 in
382 4373 649 4436 00111050,
679 4377 737 4428 01
757 4372 1035 4444 implicite
1060 4397 1074 4439 ;
1107 4390 1242 4430 nam
1269 4391 1336 4432 eo
1358 4376 1500 4448 ipso,
1520 4371 1671 4448 quod

296 4457 669 4528 cognosceret
721 4454 923 4518 Deum,
979 4467 1079 4508 seu
1132 4469 1331 4510 veram
1381 4456 1670 4512 rationem

301 4537 511 4611 primae
533 4549 739 4599 causas,
770 4537 956 4605 posset
1001 4539 1057 4590 et
1077 4533 1312 4592 deberet
1337 4552 1673 4609 cognoscere

298 4623 486 4676 Deum
514 4633 641 4674 esse
687 4615 859 4671 altius
903 4614 1041 4687 quid
1080 4618 1241 4673 omni
1284 4624 1566 4685 creatura,
1617 4624 1674 4676 et

297 4700 606 4758 continere
659 4695 859 4752 omnia
887 4695 1205 4767 possibilia;
1230 4698 1384 4755 inter
1410 4715 1534 4771 qum
1558 4715 1675 4756 cer-

297 4788 427 4837 tum
454 4783 541 4836 est
562 4775 850 4834 contineri
881 4777 1068 4849 reipsa
1087 4778 1245 4833 entia
1264 4785 1676 4852 supernatura-

301 4863 401 4930 lia,
436 4868 557 4934 per'
587 4857 856 4915 ordinem
904 4856 974 4913 ad
995 4875 1121 4931 quae
1147 4862 1295 4916 Deus
1335 4860 1545 4917 dicitur
1573 4877 1676 4917 su-

302 4939 701 5017 pernaturalis
724 4938 948 5001 author,
975 4945 1031 4993 et
1055 4937 1192 4994 finis
1228 4960 1240 4995 :
1268 4956 1404 5013 ergo
1431 4956 1499 4997 eo
1527 4941 1670 5012 ipso,

297 5020 454 5097 quod
476 5021 840 5076 averteretur
863 5033 897 5072 a
919 5019 1049 5084 Deo,
1077 5019 1399 5075 incurreret
1426 5021 1677 5077 aversio-

1777 977 1898 1035 ficit
1924 976 1994 1034 ad
2024 982 2308 1039 rationem
2336 981 2680 1049 voluntarii,
2712 981 2920 1038 saltem
2957 982 3145 1038 inter-

1780 1058 2098 1132 pretativi:
2140 1076 2277 1134 ergo
2323 1077 2395 1118 ex
2446 1060 2667 1118 defectu
2710 1062 2965 1117 scientim
2989 1104 3002 1127 ,
3049 1062 3147 1118 vel

1778 1140 2097 1196 voluntarii
2144 1155 2261 1197 11011
2312 1147 2500 1214 posset
2549 1146 2837 1215 peccatum
2890 1142 2955 1197 in
2994 1146 3146 1199 statu

1780 1236 2059 1294 purorum
2105 1222 2480 1279 commissum
2527 1223 2788 1280 excusari
2840 1239 2874 1279 a
2918 1224 3152 1280 ratione

1779 1299 2008 1358 offensae
2021 1308 2219 1359 contra
2231 1305 2411 1360 Deum
2426 1305 2931 1377 supernaturalem
2948 1304 3148 1361 autho—

1782 1396 1926 1448 rem,
1957 1388 2012 1439 et
2053 1374 2251 1440 finem.
2302 1387 2451 1440 Tum
2478 1385 2674 1450 etiam,
2725 1384 2861 1456 quia
2903 1384 2973 1440 de
2999 1384 3146 1440 facto

1779 1462 1950 1519 multi
1971 1463 2281 1536 51111111ὶο03,
2305 1469 2363 1520 01
2382 1465 2572 1522 idiotae
2587 1465 2859 1539 ignorant
2886 1464 3145 1521 invinci-

1781 1544 1979 1603 biliter
2005 1546 2269 1619 proprias
2310 1546 2563 1603 rationes
2611 1546 2973 1612 aeternitatiS,
3025 1546 3145 1601 im-

1780 1626 2122 1694 mensitatis,
2175 1626 2571 1699 providentiae,
2604 1627 3058 1700 omnipotentiae,
3090 1631 3150 1684 et

1782 1706 2033 1763 aliarum
2056 1707 2313 1779 plurium
2335 1706 2672 1763 divinarum
2702 1707 3138 1780 perfectionum,

1782 1795 1846 1843 ut
1870 1786 2225 1859 experientia
2249 1787 2426 1859 liquet
2455 1807 2468 1852 ;
2497 1792 2554 1843 et
2595 1789 2982 1844 nihilominus
3007 1789 3145 1861 quia

1782 1872 2125 1942 cognoscunt
2145 1870 2324 1922 Deum
2345 1883 2467 1923 esse
2493 1868 2666 1924 altius
2691 1868 2829 1940 quid
2857 1869 3023 1926 omni
3050 1884 3137 1934 e0‚

1782 1945 1931 2020 quod
1981 1947 2290 2021 excogitari
2320 1950 2519 2018 potest,
2546 1954 2911 2022 cognoscunt,
2937 1951 3150 2005 saltem

1783 2028 2016 2086 confuse
2036 2035 2092 2085 et
2112 2027 2716 2101 implicite,praedictas
2733 2031 3109 2101 perfectiones
3131 2053 3145 2095 3

1782 2108 1933 2182 quod
1986 2109 2124 2166 satis
2158 2114 2261 2175 est,
2315 2114 2376 2163 ut
2420 2125 2550 2164 cum
2595 2110 2851 2182 graviter
2895 2115 3142 2182 peccant,

1784 2189 2079 2247 offendant
2107 2192 2286 2246 Deum
2324 2194 2388 2245 ut
2432 2194 2731 2255 aeternum,
2772 2189 3145 2256 immensum,

1784 2270 2259 2342 omnipotentem,
2282 2276 2389 2326 etc.
2414 2271 2496 2344 (ly
2522 2277 2584 2324 ut
2614 2268 3004 2342 reduplicante
3031 2286 3156 2326 non

1785 2351 2069 2407 motivum
2099 2350 2382 2421 peccandi,
2415 2349 2513 2407 sed
2555 2366 2678 2407 rem
2720 2367 2820 2422 per
2860 2366 2920 2406 se
2965 2350 3151 2406 ol'fen—

1782 2447 1933 2497 sam,
1964 2436 2021 2487 et
2047 2431 2568 2504 injuriatam)‚ergo
2591 2430 2721 2487 licet
2750 2431 2921 2487 homo
2948 2428 3151 2486 condi-

1784 2517 1877 2566 tus
1904 2512 1965 2566 in
1995 2512 2154 2584 puris
2194 2511 2486 2584 ignoraret
2513 2508 2936 2566 invincibiliter
2969 2511 3151 2566 Deum

1785 2592 2098 2649 secundum
2148 2593 2463 2664 propriam,
2496 2597 2552 2649 et
2591 2592 2897 2649 formalem
2966 2593 3150 2650 ratio-

1788 2688 1922 2729 nem
1952 2672 2227 2738 authoris,
2260 2678 2317 2729 et
2342 2671 2476 2727 finis
2502 2672 2977 2745 supernaturalis;
3006 2673 3142 2745 quia

1786 2761 1981 2812 tamen
2012 2761 2370 2829 cognosceret
2396 2757 2575 2811 Deum
2615 2769 2737 2810 esse
2781 2754 2957 2810 altius
3003 2754 3144 2828 quid

1788 2835 2259 2904 omnicreatura,
2290 2840 2347 2892 et
2392 2836 2690 2906 continere
2737 2835 2933 2892 omnia
2965 2836 3151 2909 possi-

1790 2915 1974 2980 bilia;
2020 2921 2077 2973 et
2124 2921 2537 2987 consequenter
2582 2915 2716 2987 quia
2763 2922 3153 2989 cognosceret,

1789 2997 1995 3052 saltem
2019 2997 2081 3053 in
2104 2997 2356 3056 confuso.
2389 2996 2618 3053 effectus
2663 2999 3152 3067 supernaturaleS‚

1790 3082 1852 3132 ut
1881 3082 2294 3148 praecontentos
2336 3077 2400 3133 in
2444 3077 2546 3131 illa
2584 3092 2772 3144 causa,
2825 3093 2943 3133 non
2973 3081 3160 3149 posset

1791 3158 1985 3224 non,si
2005 3158 2262 3231 graviter
2284 3162 2554 3229 peccaret,
2582 3155 2871 3214 offendere
2892 3159 3073 3213 Deum
3098 3163 3160 3212 ut

1790 3240 2293 3310 supernaturalem
2317 3240 2639 3303 authorem,
2667 3242 2723 3293 et
2748 3237 2958 3304 finem,
2993 3239 3070 3295 ita
3097 3245 3159 3294 ut

1793 3320 2009 3377 offensa
2056 3335 2174 3376 non
2219 3321 2447 3376 sisteret
2493 3319 2723 3392 praecise
2766 3320 2828 3374 in
2887 3320 3110 3377 ratione
3140 3364 3153 3386 ,

1793 3418 1964 3476 quam
1987 3417 2057 3458 ex
2082 3407 2241 3474 parte
2282 3402 2381 3458 Dei
2430 3401 2696 3474 explicite
2726 3402 3029 3475 cognoscit,
3060 3402 3161 3458 sed

1795 3483 2149 3557 pertingeret
2194 3482 2372 3539 etiam
2419 3481 2490 3538 ad
2539 3482 2807 3548 rationes,
2859 3499 2998 3554 quas
3040 3499 3160 3540 non

1794 3564 2077 3638 cognoscit
2103 3562 2392 3635 explicite.

1869 3646 2016 3699 Tum
2058 3644 2323 3716 denique,
2373 3647 2429 3699 et
2477 3641 2789 3714 praecipue,
2841 3643 2975 3711 quia
3028 3649 3169 3701 tunc

1796 3724 2125 3800 ignorantia
2172 3722 2535 3779 invincibilis
2583 3727 2832 3787 excusat,
2893 3740 2966 3781 ne
3012 3726 3162 3783 actio

1799 3807 2192 3882 peccaminosa
2239 3806 2527 3880 attingens
2552 3804 2838 3879 objectum
2864 3809 3168 3866 contrahat

1799 3891 2086 3947 malitiam
2123 3906 2193 3947 ex
2222 3889 2414 3962 aliqua
2443 3890 2683 3955 ratione,
2714 3905 2838 3962 quae
2857 3889 3157 3964 objectum,

1800 3977 1970 4044 prout
1991 3976 2074 4027 est
2096 3971 2160 4026 in
2180 3985 2240 4026 se
2266 3970 2613 4035 circumstat,
2657 3968 2885 4041 quando
2906 3971 2995 4044 adj
3005 3972 3168 4044 ungi-

1799 4057 1895 4107 tur
1936 4051 2152 4126 judicio
2199 4048 2504 4123 probabili,
2535 4050 2681 4124 quod
2723 4050 2989 4122 praedicta
3018 4052 3174 4108 ratio

1801 4151 1919 4191 non
1968 4135 2117 4190 inest
2168 4133 2405 4207 objecto,
2451 4137 2514 4187 ut
2539 4133 2818 4207 contingit
2855 4149 2984 4188 cum
3009 4149 3169 4189 acce-

1800 4212 1942 4270 dens
1989 4214 2059 4269 ad
2124 4214 2433 4270 mulierem
2492 4210 2707 4286 judicat
2752 4210 3165 4285 probabiliter,

1803 4299 1928 4366 post
1953 4293 2212 4351 debitum
2237 4307 2503 4359 examen,
2535 4290 2684 4363 quod
2705 4298 2789 4348 est
2808 4293 3011 4358 soluta,
3041 4293 3178 4349 licet

1805 4390 2009 4431 revera
2060 4377 2357 4450 conjugata
2383 4374 2492 4435 sit;
2519 4377 2575 4428 et
2594 4373 2868 4428 similiter
2894 4390 3024 4430 cum
3073 4374 3170 4429 in-

1803 4456 2094 4514 terficiens
2130 4456 2450 4520 hominem,
2501 4460 2623 4527 post
2644 4453 2901 4511 debitum
2923 4472 3171 4514 examen

1805 4536 2181 4611 probabiliter
2240 4534 2462 4609 judicat
2513 4549 2632 4590 non
2690 4549 2811 4591 esse
2874 4537 3165 4602 clericum,

1804 4617 2071 4691 quamvis
2098 4616 2162 4672 in
2182 4631 2243 4672 re
2265 4616 2505 4671 clericus
2527 4615 2621 4670 sit:
2648 4622 2992 4672 excusantur
3007 4617 3170 4673 enim

1805 4698 1879 4756 ob
1899 4697 2186 4754 dictamen
2216 4694 2515 4769 probabile
2542 4711 2575 4752 a
2601 4696 2848 4752 crimine
2871 4695 3162 4762 adulterii,

1805 4784 1863 4836 et
1929 4777 2254 4852 sacrilegii.
2305 4779 2550 4833 Econtra
2579 4789 2776 4843 ⁸vero,
2810 4777 2907 4850 qui
2971 4781 3165 4834 stante

1806 4861 2136 4937 ignorantia
2148 4859 2549 4933 praedictarum
2577 4858 3164 4925 circumstantiarum,

1807 4958 1927 4999 non
1980 4941 2194 4998 format
2213 4939 2500 4997 dictamen
2538 4938 2852 5013 probabile,
2901 4937 3048 5011 quod
3078 4940 3178 4997 ob-

1802 5025 2014 5098 jectum
2057 5025 2211 5079 caret
2256 5022 2374 5078 illis
2403 5065 2417 5090 ,
2468 5020 2567 5077 sed
2621 5021 2933 5094 aliqualem
2974 5022 3170 5095 suspi-
