3647 5753
1277 431 1457 488 DISP.
1501 432 1648 501 V111,
1694 433 1859 490 DUB.
1904 436 1947 491 Ι.

175 603 248 656 in
280 602 363 658 lib.
388 601 651 658 deTrinit.
675 603 815 676 quod
839 604 1020 659 sancti
1046 604 1278 658 virinon
1293 610 1521 676 possunt
1581 602 1593 623 '

163 682 321 738 dare
336 683 593 756 Spiritum
611 683 1011 739 sanctum:scd
1054 685 1114 738 in
1151 683 1290 738 dono
1329 685 1522 753 ,qratia

167 765 349 819 datur
378 763 610 837 Spiritus
645 772 870 820 sanctus
890 782 1047 836 :erqo
1098 764 1256 819 homo
1300 771 1521 820 sanctus

169 862 296 900 non
313 852 471 918 potest
484 848 723 916 qratiam
748 846 900 901 dare.
934 845 1042 909 Qui
1070 844 1361 901 discursus
1382 844 1520 900 sun-

167 924 348 980 datur
377 927 669 983 manifeste
714 927 776 983 in
821 926 999 983 sacris
1044 926 1275 983 Litteris
1300 968 1313 992 ,
1356 930 1420 999 et
1456 926 1520 982 in

167 1007 566 1064 communibus
608 1008 933 1083 Theologiae
984 1007 1303 1081 principiis
1334 1007 1519 1081 Major

164 1086 433 1160 quidem:
461 1105 593 1145 nam
618 1095 679 1145 ut
704 1090 834 1164 quis
860 1090 1034 1162 possit
1061 1089 1202 1146 dare=
1225 1090 1519 1162 principa-

165 1170 331 1235 liter,
374 1176 426 1227 et
466 1172 869 1228 authoritative
907 1171 1188 1244 Spiritum
1231 1177 1512 1237 sanctum,

165 1251 340 1309 debet
356 1269 467 1310 esse
493 1254 844 1327 principium
873 1252 1049 1319 illius,
1085 1259 1146 1308 ut
1165 1248 1518 1310 ostendimus

163 1340 336 1388 tract.
361 1334 411 1398 6,
434 1334 570 1405 disp.
605 1335 686 1401 16,
718 1333 909 1397 ctum,
941 1339 991 1387 et
1011 1332 1151 1405 disp.
1187 1334 1267 1401 19,
1287 1333 1415 1388 dub.
1441 1334 1476 1387 2
1500 1355 1514 1399 ς

169 1412 419 1485 implicat
437 1418 640 1478 autem,
664 1412 814 1485 quod
866 1416 1128 1468 creatura
1170 1412 1246 1468 sit
1298 1412 1517 1485 princi-

166 1493 334 1564 pium
357 1494 589 1565 Spiritus
615 1493 796 1549 sancti
832 1508 1009 1567 :ergo
1055 1493 1217 1548 nulla
1257 1497 1516 1549 creatura

166 1580 353 1647 potest
396 1574 527 1632 dare
565 1574 984 1647 principaliter,
1033 1581 1090 1631 et
1123 1573 1517 1631 auctoritative

164 1654 439 1726 Spiritum
464 1660 739 1711 sanctum.
773 1656 967 1713 Minor
992 1654 1189 1720 etiam,
1222 1655 1357 1728 quia
1384 1654 1515 1727 Spi-

167 1737 318 1791 ritus
352 1742 566 1793 sanctus
603 1735 775 1793 datur
797 1736 1154 1802 hominibus,
1183 1752 1390 1810 eosque
1418 1737 1516 1793 in-

166 1816 386 1873 habitat
432 1833 527 1890 per
562 1818 814 1892 gratiam
857 1817 1300 1893 justificantem,
1348 1823 1514 1891 atque

168 1896 295 1954 ideo
322 1895 443 1953 fieri
470 1913 581 1954 non
629 1899 800 1965 valet,
832 1897 981 1971 quod
1009 1898 1234 1956 homini
1262 1914 1514 1955 commu-

166 1977 391 2033 nicetur
413 1977 606 2050 gratia,
636 1982 693 2034 et
731 1977 880 2050 quod
908 1978 961 2035 ei
989 1993 1105 2035 non
1133 1978 1300 2035 detur
1326 1978 1513 2051 Spiri-

167 2062 255 2110 tus
272 2062 511 2123 sanctus
559 2062 617 2112 ut
665 2058 1024 2114 ostendimus
1062 2075 1235 2131 supra
1278 2058 1419 2131 disp.
1460 2060 1507 2125 1,

164 2154 280 2209 cup.
315 2138 362 2201 1,
398 2141 427 2206 ἓ
450 2138 500 2193 3.
525 2139 605 2192 Ex
624 2137 829 2211 quibus
855 2138 1155 2211 principiis
1177 2138 1395 2211 liquido
1414 2139 1512 2195 in-

167 2218 365 2286 fertur,
397 2219 604 2274 nullam
626 2225 951 2275 creaturam
995 2234 1157 2292 posse
1202 2218 1512 2290 producere

169 2315 265 2368 per
291 2297 519 2354 modum
534 2315 711 2355 causae
735 2299 1330 2374 principalisgratiam
1352 2315 1511 2356 sanc·

169 2375 488 2434 tiiicantem.

243 2457 614 2517 confirmatur
635 2460 824 2527 tertio,
874 2459 1010 2533 quia
1052 2460 1346 2516 secundum
1382 2459 1509 2518 Au-

137 2554 138 2557 *
173 2540 446 2605 qustinum
470 2541 561 2610 (ait
601 2540 752 2597 idem
783 2541 1085 2615 Angelicus
1139 2543 1340 2597 Doctor
1388 2541 1509 2598 loco

180 2618 342 2675 citato
364 2620 428 2675 in
445 2628 630 2693 quarto
653 2626 992 2695 argumento
1011 2620 1121 2679 Sed
1146 2624 1358 2692 contra)
1381 2640 1509 2677 ma—
1537 2691 1545 2699 ⁵

171 2702 202 2769 j
206 2707 346 2755 mest
344 2702 633 2774 justificare
647 2705 903 2775 impium,
921 2720 1085 2774 quam
1096 2719 1278 2759 creare
1290 2704 1502 2769 coelum,

177 2783 573 2838 atervam-sad
593 2799 689 2855 per
729 2783 976 2853 matiam
1012 2784 1354 2855 justificatur
1397 2784 1508 2838 im—

169 2861 329 2932 pius:
370 2879 488 2918 cum
520 2863 689 2932 ἐρίων
725 2880 909 2918 creare
952 2863 1162 2931 coetum,
1215 2870 1264 2918 et
1303 2869 1507 2919 terram

174 2942 313 2996 nulla
339 2950 583 2998 creatura
623 2946 815 3015 possit,
847 2960 943 2999 nec
981 2945 1227 3013 qratiam
1266 2945 1508 3016 conferre

170 3025 366 3091 poterit.
396 3023 498 3086 Qui
524 3023 700 3079 etiam
735 3021 1026 3079 discursus
1072 3022 1391 3090 desumitur
1434 3039 1507 3080 ex

172 3103 332 3158 sacris
351 3103 592 3166 Litteris,
623 3119 748 3175 quae
774 3103 912 3160 satis
963 3103 1255 3176 perspicue
1280 3103 1500 3169 docent,

172 3184 396 3255 gratiam
410 3183 813 3259 justificantem
829 3201 951 3263 esse
974 3184 1321 3243 nobiliorem
1341 3186 1500 3253 coelo,

172 3270 220 3318 et
239 3271 397 3331 terra,
420 3272 477 3323 et
501 3267 662 3326 omni
688 3274 819 3325 ente
861 3273 995 3324 natu
1006 3268 1134 3332 rali,
1161 3272 1224 3323 ut
1249 3267 1505 3325 ostendi-

176 3361 287 3401 mus
309 3349 445 3422 disp.
472 3351 525 3413 4,
551 3349 741 3416 dum,
772 3354 827 3406 et
844 3365 1044 3405 rursus
1063 3349 1317 3406 dicemus
1338 3355 1498 3405 tract.

172 3443 264 3498 seq.
290 3428 420 3500 disp.
450 3430 503 3494 4,
529 3429 658 3485 dub.
689 3431 743 3486 3.
761 3428 1146 3495 Quamobrem
1167 3430 1313 3485 sicut
1342 3430 1503 3485 nulla

171 3513 407 3565 creatura
427 3516 604 3583 potest
623 3510 837 3568 habere
876 3516 1094 3566 tantam
1119 3511 1410 3579 virtutem,
1444 3513 1505 3566 ut

173 3597 319 3660 queat
336 3594 553 3660 coelum,
568 3598 625 3650 et
653 3598 896 3659 terram,
922 3597 978 3650 et
999 3594 1199 3650 omnia
1222 3595 1379 3652 entia
1406 3608 1504 3649 na·

175 3671 362 3727 turalia
381 3673 782 3746 principaliter
801 3674 1198 3741 continere,.et
1240 3673 1460 3734 efficere
1486 3693 1499 3728 ε

177 3747 245 3804 ita
264 3751 412 3806 nulla
436 3758 697 3808 creatura
724 3754 877 3810 valet
903 3754 1148 3828 gratiam
1182 3750 1503 3825 justifican-

174 3832 275 3883 tem
301 3846 392 3902 per
418 3831 652 3888 modum
685 3849 864 3889 causae
893 3833 1229 3905 principalis
1257 3848 1504 3905 praecon-

175 3907 354 3975 tiuere,
382 3917 436 3968 et
456 3912 786 3985 producere,
813 3919 873 3969 ut
892 3913 1087 3970 statim
1117 3912 1299 3985 magis
1323 3913 1502 3985 expli·

178 3988 417 4049 cabimus.
489 3986 493 3990 ’
774 4042 777 4046 ,

245 4071 436 4129 Deinde
457 4074 731 4147 probatur
769 4074 1053 4131 conclusio
1089 4072 1257 4130 unica
1281 4075 1501 4130 ratione

185 4147 565 4211 tundamentali
603 4154 900 4227 desumpta
949 4170 1020 4210 ex
1069 4156 1135 4208 D.
1177 4153 1398 4210 Thoma
1440 4155 1501 4209 in

185 4235 433 4303 praesenti,
450 4253 623 4309 quam
648 4252 948 4308 possumus
971 4236 1048 4292 ita
1068 4235 1338 4292 formare.
1355 4237 1500 4291 Nam

183 4311 222 4365 si
247 4314 413 4387 aliqua
438 4317 702 4375 creatura
728 4320 911 4389 posset
932 4315 1150 4373 efficere
1172 4316 1502 4389 principali-

183 4394 256 4446 ter
277 4397 522 4466 gratiam,
576 4395 667 4453 vel
709 4394 769 4452 id
808 4394 1044 4453 haberet
1096 4411 1195 4467 per
1227 4396 1501 4451 virtutem

169 4470 279 4526 sibi
305 4479 601 4549 propriam,
650 4481 709 4533 et
751 4477 1203 4544 connaturalem,
1259 4476 1349 4531 vel
1402 4491 1503 4548 per

171 4551 424 4610 virtutem
440 4559 763 4614 elevantem
803 4556 913 4612 sibi
943 4557 1301 4629 impressam,
1331 4560 1400 4612 et>
1432 4555 1502 4611 ab

181 4631 468 4692 extrinseco
520 4636 1002 4693 communicatam
1045 4654 1058 4688 ε
1104 4640 1371 4692 neutrum
1420 4639 1504 4692 est

173 4709 419 4780 ;possihile
442 4731 606 4789 :ergo
629 4721 922 4789 repugnat,
947 4715 1096 4788 quod
1124 4715 1315 4787 aliqua
1341 4730 1503 4771 crea-

175 4789 297 4882 βιιτᾶ
320 4791 574 4862 producat
590 4794 984 4868 principaliter
1003 4795 1276 4870 gratiam.
1297 4795 1498 4868 Maj0r,

177 4872 236 4928 at
250 4877 624 4949 consequentia
650 4882 941 4943 constant;
970 4878 1107 4949 quia
1149 4876 1315 4932 nulla
1338 4892 1506 4933 causa

177 4929 345 5082 'fote-st
367 4955 670 5024 producere
689 4954 962 5022 effectum,
989 4955 1104 5012 nisi
1129 4956 1218 5013 vel
1241 4972 1342 5028 per
1381 4956 1506 5011 vir-

181 5029 346 5128 'tutem
368 5035 467 5092 sibi
484 5034 805 5111 propriam,
836 5038 926 5094 vel
966 5053 1066 5110 per
1095 5037 1367 5094 virtutem
1390 5049 1507 5092 non

181 5139 184 5166 Ι

2900 444 3011 501 267

1655 605 1971 677 propriam,
2002 607 2101 664 sed
2142 609 2210 666 ab
2255 611 2574 669 extrinseco
2617 614 3015 671 communica-

1653 689 1771 740 tam
1789 708 1804 751 ;
1837 702 2021 760 neque
2046 688 2199 745 inter
2244 690 2361 747 haec
2385 689 2497 748 duo
2525 698 2703 765 potest
2753 691 3011 750 medium

1652 764 1884 837 aliquod
1949 768 2277 842 excogitari.
2347 770 2542 828 Minor
2582 777 2773 829 autem
2827 773 3011 846 quoad

1653 845 1906 917 primam
1950 854 2170 920 partem
2200 850 2506 922 probatur3
2539 869 2673 909 nam
2727 861 3006 919 creatura,

1650 939 1772 996 quse
1799 941 1901 997 per
1926 929 2197 985 virtutem
2219 927 2329 984 sibi
2368 932 2680 1003 propriam,
2711 938 2768 988 et
2793 948 3011 990 conna-

1651 1005 1895 1061 turalem
1921 1006 2254 1080 produceret
2300 1010 2695 1084 principaliter
2737 1013 3005 1085 gratiam,

1650 1082 1880 1142 deberet
1903 1103 2024 1144 esse
2062 1092 2536 1160 supernaturalis,
2568 1099 2621 1148 et
2656 1091 2880 1150 ordinis
2928 1092 3012 1149 di-

1649 1164 1794 1229 vini,
1832 1166 1976 1221 sicut
2016 1168 2140 1239 ipsa
2182 1170 2367 1242 gratia
2425 1191 2439 1226 ε
2488 1176 2610 1226 tum
2663 1173 2799 1245 quia
2845 1173 3009 1229 illam

1651 1247 2104 1317 praecontineret,
2122 1254 2242 1304 tum
2260 1250 2392 1321 quia
2414 1250 2576 1306 illius
2604 1252 3008 1324 perfectionem

1648 1325 2015 1398 adaequaret,
2066 1330 2235 1386 aliter
2286 1331 2444 1387 enim
2488 1347 2604 1388 non
2658 1340 2841 1405 posset
2879 1349 3007 1391 eam

1650 1406 2047 1480 principaliter
2072 1409 2314 1477 elicere;
2343 1415 2400 1467 et
2445 1411 2507 1467 in
2536 1411 2642 1468 hoc
2666 1428 2834 1469 sensu
2861 1414 3010 1471 dixit

1649 1489 1714 1543 D.
1739 1488 1943 1545 Thom.
1971 1490 2033 1546 in
2051 1491 2319 1562 praesenti
2353 1490 2487 1551 :Sic
2510 1494 2655 1548 enim
2683 1512 2882 1550 necesse
2906 1504 3002 1562 est,
3040 1513 3203 1557 narum.

1647 1569 1789 1644 quod
1807 1570 1954 1625 solus
1994 1570 2138 1626 Deus
2162 1572 2364 1643 deificet
2390 1575 2837 1630 communicando
2875 1594 3009 1632 con-

1644 1652 1878 1706 sortium
1896 1651 2095 1707 divinae
2131 1660 2342 1708 naturai
2363 1671 2458 1726 per
2496 1656 2776 1732 quandam
2799 1658 3009 1715 simiti-

1645 1732 1857 1789 tudinis
1877 1735 2377 1806 participationem,
2407 1739 2547 1792 sicut
2570 1738 2895 1810 impossibile
2906 1748 3003 1808 est,

1644 1813 1786 1886 quod
1835 1815 2051 1887 aliquid
2101 1818 2296 1887 iyniat,
2323 1819 2435 1873 nisi
2477 1819 2623 1874 solus
2662 1822 2827 1890 iynis.
2854 1823 3007 1886 Que-

1646 1893 2019 1952 madmodum
2053 1896 2212 1953 enim
2261 1901 2321 1952 ut
2345 1898 2563 1970 aliquid
2607 1900 3006 1973 principaliter

1644 1974 1860 2031 virtute
1911 1975 2145 2048 propria
2197 1975 2397 2051 igniat,
2431 1977 2597 2035 debet
2645 1979 2855 2037 habere
2896 1981 3008 2040 ἴοι·-

1645 2056 1896 2122 maliter,
1923 2057 2014 2113 vel
2035 2059 2363 2128 eminenter
2392 2064 2658 2116 naturam
2702 2061 2853 2135 ignis
2881 2083 2894 2118 ε
2924 2063 3004 2120 ita

1645 2140 1707 2189 ut
1736 2135 1931 2206 aliqua
1956 2151 2125 2193 causa
2165 2137 2565 2210 principaliter
2616 2139 2829 2196 virtute
2871 2156 3009 2213 pro-

1645 2214 1772 2287 pria
1814 2213 2086 2286 producat
2135 2217 2401 2289 gratiam,
2433 2216 2597 2274 debet
2648 2217 2858 2275 habere
2886 2219 3008 2276 for-

1643 2294 1892 2358 maliter,
1944 2295 2034 2350 vel
2080 2296 2409 2353 eminenter
2452 2297 2650 2372 gratiae
2702 2304 3002 2367 naturam3

1642 2382 1809 2448 atque
1855 2376 1983 2433 ideo
2010 2378 2172 2435 debet
2200 2393 2321 2434 esse
2369 2377 2585 2450 aliquid
2626 2377 2912 2447 divinum,
2949 2386 3009 2438 et

1640 2460 2098 2530 supernaturale.
2155 2462 2452 2531 Repugnat
2504 2464 2690 2515 autem
2743 2466 3005 2517 creatura

1639 2539 2092 2609 supernaturalis
2102 2537 2388 2608 (videlicet
2411 2538 2677 2604 existens,
2702 2543 2759 2595 et
2783 2538 3005 2596 subsis-

1640 2623 1765 2676 tens
1785 2625 1846 2674 ut
1866 2620 2026 2697 quod,
2052 2621 2194 2676 sicut
2215 2617 2283 2675 ad
2315 2618 2596 2675 rationem
2620 2620 2839 2692 agentis
2863 2623 3007 2694 quod

1641 2699 2010 2771 requiritur);
2044 2700 2163 2756 imo
2207 2714 2347 2755 vero
2393 2707 2670 2773 repugnat
2714 2707 2998 2769 creatura,

1637 2779 1728 2835 cui
1756 2780 2223 2852 supernaturalia
2248 2777 2399 2835 dona
2424 2779 2543 2834 sint
2568 2782 2993 2848 connaturalia,

1638 2864 1701 2916 ut
1720 2860 2076 2918 ostendimus
2095 2867 2255 2916 tract.
2280 2862 2337 2926 2,
2361 2860 2503 2933 disp.
2530 2862 2585 2931 3,
2611 2861 2737 2922 duta.
2769 2864 2828 2919 2.
2853 2863 3003 2938 Ergo

1638 2937 1765 2996 fieri
1817 2957 1934 2998 non
1962 2947 2159 3015 potest,
2189 2940 2339 3014 quod
2375 2942 2567 3013 aliqua
2594 2939 2854 2999 creatura
2901 2959 3005 3017 per
3031 2981 3037 2987 -

1637 3022 1911 3079 virtutem
1939 3022 2049 3079 sibi
2100 3023 2418 3095 propriam,
2461 3029 2519 3080 et
2562 3026 3001 3080 connaturalem

1638 3101 1908 3174 producat
1924 3102 2594 3176 principalitergratiam.
2622 3106 2685 3160 ln
2706 3120 2817 3176 qua
2841 3110 3003 3178 parte

1637 3184 1820 3257 magis
1841 3182 2254 3248 confirmanda,
2271 3189 2327 3240 et
2342 3183 2412 3240 ab
2432 3183 2843 3257 objectionibus
2864 3186 3002 3241 vin-

1635 3262 1877 3331 dicanda
1899 3279 2014 3320 non
2043 3262 2314 3320 debemus
2339 3263 2647 3320 immorari
2669 3290 2681 3330 ;
2705 3266 2841 3337 quia
2868 3265 3004 3321 huic

1637 3343 1864 3418 negotio
1901 3358 2137 3415 operam
2165 3358 2236 3398 ex
2264 3340 2517 3413 professo
2573 3342 2835 3399 dedimus
2883 3345 3007 3400 loco

1588 3449 1595 3455 ·
1634 3424 1819 3490 citato,
1852 3422 1921 3480 ad
1949 3438 2119 3495 quem
2142 3423 2431 3478 Lectorem
2462 3423 2828 3479 remittimus.
2848 3420 2998 3478 Addi

1635 3510 1830 3561 tamen
1871 3519 1974 3575 pro
1998 3502 2120 3576 ejus
2165 3502 2371 3575 majori
2398 3500 2834 3559 confirmatione
2862 3519 2997 3574 pos-

1634 3588 1786 3649 sunt,
1811 3598 1936 3654 quae
1960 3580 2406 3654 supradiximus
2424 3581 2567 3652 disp.
2593 3581 2646 3647 3,
2661 3581 2850 3646 dub.5,
2875 3599 3002 3637 cum

1633 3661 1988 3736 sequentibus,
2037 3664 2099 3714 ut
2148 3658 2595 3725 ostenderemus,
2629 3661 2820 3716 nullas
2847 3661 3003 3718 vires

1628 3742 1928 3801 naturales
1948 3738 2204 3796 sufficere
2226 3738 2295 3795 ad
2320 3738 2739 3812 producendam
2764 3741 2854 3797 vel
2882 3740 3001 3796 mi-

1635 3826 1858 3882 nimam
1874 3819 2305 3893 dispositionem
2319 3820 2390 3877 ad
2403 3822 2651 3895 gratiam
2672 3846 2684 3888 ;
2708 3837 2776 3879 ea
2789 3823 3002 3895 quippe

1634 3901 1913 3962 asortiori
1935 3902 2227 3966 evincunt,
2264 3898 2412 3974 quod
2453 3917 2569 3957 non
2594 3901 2876 3958 sufficiant
2927 3902 2999 3959 ad

1632 3982 1993 4044 efficiendum
2018 3982 2416 4056 principaliter
2444 3983 2627 4056 ipsam
2651 3985 2918 4058 gratiam.

1705 4070 1760 4123 2.
1805 4065 2061 4123 Secunda
2086 4080 2225 4122 vero
2266 4064 2514 4122 minoris
2542 4075 2673 4137 pars
2698 4065 2871 4122 etiam
2901 4082 2999 4122 os·-

1632 4143 1920 4214 tendit'ur3
1952 4161 2089 4202 nam
2114 4145 2207 4202 vel
2229 4146 2332 4201 illa
2355 4145 2537 4201 virtus
2561 4145 2997 4218 superaddenda

1632 4233 1905 4285 creaturas
1930 4232 2015 4284 est
2040 4228 2236 4282 minus
2275 4225 2520 4298 perfecta
2561 4242 2735 4300 quam
2786 4227 2992 4301 gratia,

1637 4309 1724 4366 vel
1747 4308 1930 4383 magis
1956 4306 2240 4379 perfecta?
2270 4307 2385 4363 Hoc
2411 4306 2685 4363 ultimum
2717 4305 2829 4363 dici
2874 4322 2997 4364 non

1634 4390 1818 4454 valet;
1852 4403 1989 4444 nam
2018 4386 2203 4462 gratia
2229 4391 2314 4442 est
2354 4385 2544 4444 forma
2585 4386 2998 4460 perfectissima

1631 4469 1943 4528 secundum
1965 4468 2274 4526 essentiam
2305 4468 2457 4524 inter
2483 4484 2703 4534 omnes,
2728 4483 2854 4541 quae
2876 4484 3001 4541 per-

1633 4551 1819 4606 tinent
1848 4549 1918 4606 ad
1963 4548 2230 4605 ordinem
2269 4549 2791 4620 supernaturalem,
2817 4555 2878 4605 ut
2903 4564 3002 4606 os-

1632 4629 1923 4688 tendimus
1966 4629 2108 4701 disp.
2148 4629 2205 4692 4,
2235 4628 2363 4683 dub.
2403 4632 2459 4683 7.
2513 4631 2778 4685 Primum
2804 4633 2999 4684 autem

1634 4725 1750 4766 non
1772 4707 1995 4772 sufficit,
2019 4707 2154 4779 quia
2174 4723 2342 4763 causa
2383 4707 2631 4764 efficiens
2657 4707 2999 4780 principalis

1634 4790 1800 4848 debet
1829 4787 2128 4859 adaequare
2152 4788 2560 4860 perfectionem
2587 4789 2834 4845 effectus

1710 4866 2118 4930 confirmatur,
2161 4871 2218 4922 et
2261 4867 2580 4940 explicatur
2608 4869 2825 4940 prime,
2857 4882 2995 4923 nam
3026 4895 3189 4937 mr-

1634 4949 1707 5006 de
1733 4948 1956 5005 ratione
1975 4960 2155 5002 causae
2177 4944 2513 5018 principalis
2536 4953 2640 5011 est,
2670 4946 2819 5018 quod
2850 4961 2999 5018 prae-
3037 4951 3175 5005 mai-r

1636 5030 1942 5096 contineat,
1966 5032 2023 5086 et
2041 5025 2294 5099 adaequet
2315 5027 2720 5100 perfectionem
2740 5027 2998 5085 effectus:

3039 5005 3193 5047 pfl-0.
