3647 5753
93 1484 298 1528 D.·1'ho.

63 4815 176 4856 'rer-t
186 4810 291 4852 ium

67 4917 289 4957 menum

1517 398 1695 453 DISP.
1739 398 1810 465 11,
1856 399 2023 455 DUB.
2069 401 2163 456 IV.
3096 402 3199 457 391

328 568 781 627 destructionem
806 566 1014 642 peccati
1038 567 1383 634 formaliter,
1409 572 1466 625 et
1490 567 1561 626 ad
1583 568 1705 626 des·

332 652 682 709 tractionem
699 649 933 706 offensae
948 664 1011 705 se
1025 646 1196 705 habet
1209 648 1601 717 terminative3
1618 654 1705 707 est

334 729 710 789 enim.forma
731 726 1208 803 inconjungibilis
1228 744 1358 785 cum
1382 734 1624 801 peccato,
1646 734 1705 786 et

333 812 622 871 terminus
637 811 881 870 actionis
896 809 1086 884 inconj
1095 808 1367 883 ungibilis
1382 826 1512 867 cum
1526 810 1703 869 offen·

333 911 417 960 sa,
459 898 522 949 ut
564 892 703 949 satis
745 891 928 964 liquet
971 906 1044 948 ex
1086 889 1270 947 dictis.
1311 889 1701 954 Quamobrem

333 975 481 1032 sicut
497 974 703 1048 gratia,
736 977 793 1031 et
812 970 1186 1030 sanctificatio
1207 971 1465 1029 hominis
1489 988 1703 1046 suppo-

338 1057 427 1114 nit
466 1053 999 1129 indispensabiliter
1044 1068 1302 1110 amorem
1343 1053 1463 1120 Dei,
1493 1069 1565 1111 ex
1590 1069 1702 1126 quo

338 1135 610 1210 procedit,
658 1141 717 1192 et
753 1149 925 1207 quem
964 1133 1281 1190 terminat:
1314 1132 1393 1189 ita
1431 1134 1703 1206 supponit

335 1218 750 1292 depositionem
795 1215 914 1272 odii
960 1215 1062 1272 Dei
1108 1230 1243 1288 erga
1290 1213 1609 1283 hominem,
1646 1220 1704 1273 et

339 1299 742 1356 remissionem
773 1295 1000 1353 offensae
1026 1311 1038 1357 ;
1081 1310 1220 1351 nam
1261 1294 1367 1353 hoc
1391 1294 1591 1353 odium
1616 1301 1703 1352 est

337 1375 793 1452 inconjungibile
816 1392 945 1433 cum
987 1390 1056 1432 eo
1084 1391 1299 1433 amore.
1334 1376 1701 1432 Desumitur-

335 1476 447 1534 que
474 1461 591 1519 haec
610 1459 869 1516 doctrina
894 1474 967 1514 ex
994 1460 1062 1512 D.
1085 1458 1290 1516 Thom.
1317 1476 1373 1535 q.
1402 1460 1474 1514 28
1499 1458 1565 1513 dc
1597 1456 1701 1518 Ve-

333 1544 432 1598 rit.
456 1548 569 1597 art.
597 1542 636 1597 2
655 1540 729 1594 ad
753 1541 809 1606 6,
835 1537 931 1594 ubi
956 1537 1036 1594 ait
1062 1558 1076 1593 ε
1131 1559 1158 1591 α
1181 1539 1298 1595 Hoc
1316 1539 1526 1610 ipsum,
1551 1537 1702 1612 quod

342 1644 369 1674 α
399 1627 485 1679 est
524 1623 703 1678 Deum
734 1635 850 1677 non
877 1619 1164 1692 imputare
1191 1617 1357 1676 nobis
1385 1622 1580 1676 nostra
1598 1617 1702 1675 de-

339 1728 364 1757 a
398 1704 549 1761 licta.
594 1718 664 1760 ex
704 1700 1076 1773 consequenti
1125 1699 1405 1773 relinquit
1431 1700 1495 1755 in
1534 1698 1702 1757 nobis

337 1809 365 1839 «
395 1782 633 1858 aliquid,
685 1798 785 1855 per
812 1780 962 1854 quod
1008 1797 1042 1837 a
1070 1785 1227 1838 reatu
1250 1778 1519 1853 praedicto
1537 1778 1700 1853 digni

338 1890 366 1920 α
393 1881 592 1922 sumus
634 1862 890 1928 absolvi;
938 1865 995 1918 et
1041 1861 1146 1919 hoc
1183 1865 1268 1917 est
1303 1860 1508 1935 gratia.
1555 1879 1581 1912 a
1616 1861 1701 1915 Ex

331 1946 539 2021 quibus
584 1943 723 2001 satis
750 1943 948 2015 liquet,
979 1939 1267 2014 superflue
1301 1944 1428 2013 post
1452 1939 1700 1997 infusio-

335 2044 469 2086 nem
496 2026 695 2102 gratiae
723 2024 860 2098 poni
884 2039 1096 2081 novam
1127 2022 1227 2080 Dei
1256 2022 1559 2089 actionem,
1588 2037 1702 2094 qua

335 2114 623 2182 peccatum
652 2105 928 2164 remittat.
965 2105 1033 2159 Et
1058 2102 1109 2159 si
1150 2102 1268 2160 haec
1288 2103 1548 2176 ponitur,
1576 2117 1702 2175 pro-

334 2191 477 2248 fecto
519 2189 794 2263 sequitur,
825 2185 1075 2260 gratiam
1120 2184 1192 2242 de
1237 2184 1384 2241 facto
1411 2200 1529 2242 non
1568 2183 1700 2240 des·

332 2276 529 2329 truere
578 2274 887 2344 peccatum,
932 2266 1031 2322 sed
1078 2264 1251 2340 hujus
1297 2264 1700 2321 remissionem

332 2350 461 2407 fieri
507 2349 796 2421 adaequate
842 2362 943 2419 per
988 2345 1240 2403 formam
1289 2343 1697 2402 extrinsecam.

333 2431 497 2498 Quod
516 2447 690 2505 quam
712 2430 942 2496 falsum,
966 2430 1024 2485 et
1055 2427 1439 2500 periculosum
1460 2428 1534 2483 sit
1555 2443 1701 2484 asse-

340 2529 490 2580 rere,
514 2514 651 2569 satis
669 2515 885 2569 constat
903 2525 973 2568 ex
993 2525 1169 2582 supra
1182 2506 1350 2566 dictis
1371 2512 1403 2579 ς
1423 2510 1478 2567 2.
1500 2509 1702 2581 Liquet

337 2595 519 2651 etiam
559 2593 710 2649 nihil
750 2591 1040 2658 interesse,
1072 2588 1222 2664 quod
1252 2590 1439 2665 gratia
1462 2590 1539 2646 sit
1565 2605 1699 2663 per-

337 2674 602 2733 fectionis
641 2672 837 2740 finitas,
869 2678 930 2728 ut
953 2687 1020 2728 ea
1066 2670 1252 2744 posita
1278 2676 1448 2743 queat
1464 2686 1700 2729 conser-

335 2755 465 2813 vari
505 2754 737 2812 infinita
779 2753 879 2811 Dei
917 2753 1171 2815 offensa3
1197 2752 1334 2824 quia
1357 2752 1543 2827 gratia
1581 2768 1699 2810 non

331 2836 576 2896 destruit
590 2834 867 2893 offensam
890 2831 1192 2891 meritorie
1212 2831 1304 2904 (ad
1325 2832 1474 2907 quod
1502 2831 1699 2891 forsan

333 2918 730 2993 requireretur
754 2931 823 2973 ea
845 2913 1161 2989 proportio)
1179 2913 1279 2971 sed
1305 2913 1696 2979 terminative;

328 3004 418 3057 est
460 2999 671 3073 quippe
722 2997 1029 3063 terminus,
1076 3010 1249 3067 quem
1287 2997 1434 3051 Deus
1480 2993 1699 3053 efficere

333 3095 456 3137 non
494 3079 665 3144 valet,
718 3077 834 3134 'nisi
879 3074 1225 3133 destruendo
1269 3074 1590 3147 peccatum;
1642 3079 1699 3133 et

332 3159 485 3217 istud
534 3158 830 3215 destruere
894 3155 1111 3228 nequit,
1183 3154 1296 3211 nisi
1361 3153 1699 3228 deponendo

325 3240 549 3306 odium,
575 3243 631 3297 et
651 3238 934 3311 injuriam
958 3234 1328 3293 remittendo.
1343 3238 1458 3292 Nec
1478 3234 1697 3307 aliquid

325 3322 606 3379 evincunt
630 3320 748 3376 illae
783 3315 1172 3385 authoritateS,
1200 3331 1324 3389 quae
1352 3314 1422 3372 ad
1446 3315 1698 3373 suaden-

326 3404 467 3460 dam
497 3403 776 3476 majorem
804 3398 1159 3457 inducuntur
1173 3418 1188 3462 3
1215 3396 1492 3471 quoniam
1517 3412 1589 3455 ex
1613 3397 1699 3454 eis

332 3484 407 3542 ad
446 3498 740 3541 summum
781 3480 1044 3545 habetur,
1079 3478 1433 3536 infusionem
1471 3477 1692 3553 gratiae,

304 3565 392 3623 'et
418 3564 823 3623 remissionem
853 3561 1061 3634 peccati
1099 3574 1224 3617 esse
1252 3558 1396 3615 duas
1423 3557 1700 3616 mutatio-

328 3664 457 3715 nes,
488 3652 546 3706 et
581 3642 696 3704 duo
735 3642 1029 3712 beneficia,
1071 3657 1171 3699 seu
1213 3641 1401 3715 potius
1434 3640 1604 3707 dona,
1637 3646 1698 3699 ut

325 3728 415 3784 sic
454 3728 732 3792 dicamus,
766 3726 1033 3799 passiva:
1063 3722 1313 3779 minime
1350 3736 1509 3789 vero,
1547 3721 1698 3794 quod

319 3808 662 3884 justificatio
677 3809 858 3866 active
876 3811 1106 3879 sumpta
1124 3820 1245 3862 non
1264 3804 1341 3860 sit
1363 3804 1533 3861 unica
1553 3803 1698 3861 actio

324 3891 579 3958 divium
623 3895 680 3947 et
723 3889 957 3946 unicum
986 3885 1320 3944 formaliter.
1353 3882 1697 3941 beneficium

325 3971 638 4031 conferens
676 3970 949 4045 peccatori
996 3965 1111 4025 duo
1137 3966 1298 4023 ⁴bona
1333 3964 1405 4021 ab
1447 3963 1697 4021 invicem

327 4049 766 4127 inseparabilia.
795 4052 978 4107 Immo
1001 4048 1125 4121 ipsa
1139 4044 1472 4104 testimonia
1491 4043 1698 4102 doctri-

327 4148 474 4189 nam
502 4132 775 4190 hactenus
799 4129 994 4187 datam
1033 4127 1319 4194 fulciunt3
1351 4140 1489 4182 nam
1523 4125 1588 4181 in
1612 4124 1698 4182 eis

329 4212 498 4288 prius
511 4210 870 4287 significatur
881 4209 1192 4267 destructio
1211 4207 1410 4279 culpae,
1433 4204 1698 4263 remissio

326 4294 587 4360 offensas,
612 4297 667 4350 et
690 4289 1009 4363 redemptio
1030 4287 1308 4353 hominiS,
1338 4302 1512 4360 quam
1537 4302 1699 4344 sanc-

329 4371 590 4438 tificatio,
620 4372 716 4429 vel
740 4371 939 4446 gratiae
966 4368 1223 4437 inlusio;
1252 4382 1351 4441 per
1371 4364 1521 4439 quod
1547 4366 1697 4422 insi·-

327 4457 568 4519 nuatur,
618 4449 1129 4508 sanctificationem
1166 4464 1267 4522 per
1297 4446 1547 4522 gratiam
1574 4460 1697 4504 esse

323 4533 593 4592 effectum
620 4530 811 4588 divini
853 4530 1069 4588 amoris
1114 4527 1459 4587 destruentis
1499 4542 1696 4599 pecca÷

331 4621 477 4681 tum,
520 4618 579 4670 et
619 4611 967 4669 remittentis
1006 4609 1308 4685 injuriam.
1348 4608 1696 4665 Recolantur

324 4712 508 4769 supra
533 4695 684 4751 dicta
707 4698 738 4763 ς
762 4696 818 4752 2.
1054 4694 1060 4702 '

417 4777 541 4834 134.
584 4775 865 4849 Arguitur
889 4772 1078 4841 tertio,
1099 4773 1237 4846 'quia
1265 4771 1452 4846 gratia
1498 4769 1697 4842 nequit

325 4846 592 4923 destruis
630 4855 774 4928 quin
816 4856 966 4910 Deus
985 4851 1297 4924 suspendat
1353 4864 1695 4908 concursum

294 4934 800 4996 ‘conservativum
849 4932 1054 4989 illius:
1104 4930 1202 4987 sed
1247 4933 1535 5003 peccatum
1577 4944 1695 4985 non

323 5019 506 5077 infert
529 5020 647 5076 Deo
675 5014 1016 5080 absolutam,
1041 5017 1097 5070 et
1118 5010 1570 5085 metaphysicam
1599 5024 1694 5067 ne·

1833 569 2185 636 cessitatem,
2218 576 2282 630 ut
2301 572 2613 647 suspendat
2635 585 2979 629 concursum
3004 567 3205 645 gratiae

1832 651 2301 709 conservativum
2336 674 2350 710 ε
2392 669 2529 728 ergo
2558 656 2823 726 peccante
2846 667 2934 716 eo,
2965 649 3064 723 qui
3096 650 3206 706 ha-

1833 727 2003 787 bebat
2053 732 2304 806 gratiam
2331 774 2347 800 ‚
2420 738 2600 806 potest
2650 737 2798 790 Deus
2861 746 3206 793 concursum

1832 813 2297 872 conservativum
2325 816 2525 890 gratim
2568 830 2686 872 non
2711 811 3080 886 suspendere,
3124 817 3208 871 at·

1833 909 1944 966 que
1961 893 2110 953 'ideo
2149 896 2500 972 conjungere
2522 897 2772 972 gratiam
2800 910 2929 952 cum
2960 899 3200 966 peccato.

1833 973 2115 1034 suadetur
2179 976 2426 1033 minor:
2494 981 2619 1031 tum
2667 975 2806 1048 quia
2853 974 3007 1038 nihil
3040 988 3204 1030 crea-

1834 1059 1961 1112 tum
1990 1061 2170 1129 potest
2192 1060 2373 1115 Deum
2415 1055 2672 1114 absolute
2716 1054 2993 1130 obligare,
3019 1057 3082 1109 ut
3108 1056 3201 1112 vel

1845 1140 2129 1198 actionem
2188 1142 2417 1209 eliciat,
2481 1143 2572 1199 vel
2619 1140 2903 1197 actionem
2956 1154 3201 1212 suspen-—

1831 1218 1950 1276 dat.
1978 1221 2129 1277 Tum
2175 1222 2313 1294 quia
2346 1227 2584 1279 eatenus
2623 1225 2916 1293 peccatum
2956 1218 3202 1276 inferret

1830 1313 1963 1356 eam
1993 1300 2410 1366 necessitatem,
2441 1304 2721 1373 quatenus
2750 1298 2938 1356 reddit
2972 1297 3199 1372 subjec-

1836 1385 1963 1436 tum
1983 1382 2173 1454 gratia
2198 1381 2299 1439 Dei
2327 1381 2637 1455 indignum
2665 1403 2679 1438 ε
2708 1381 2805 1439 sed
2832 1383 2980 1438 Deus
3019 1385 3202 1452 potest

1832 1461 1984 1518 hanc
2003 1461 2412 1538 indignitatem
2434 1463 2691 1520 absolute
2714 1477 2833 1519 non
2860 1460 3157 1520 attendere
3184 1485 3196 1519 :

1831 1549 1969 1616 ergo
1996 1548 2287 1614 peccatum
2309 1558 2428 1600 non
2455 1542 2636 1600 infert
2680 1542 3075 1600 necessitatem
3104 1541 3200 1598 ab·

1832 1622 2101 1686 solutam,
2168 1627 2232 1679 ut
2283 1625 2431 1681 Deus
2488 1621 2803 1696 suspendat
2857 1638 3198 1680 concursum

1831 1702 2038 1774 gratias
2060 1703 2552 1761 conservativum.

1907 1781 2317 1851 confirmatur,
2373 1786 2508 1857 quia
2559 1783 2809 1856 privatio
2864 1786 3067 1860 gratiae
3117 1788 3202 1841 est
3236 1793 3393 1837 conflr-

1834 1879 2003 1936 poena
2027 1865 2238 1938 peccati
2273 1881 2447 1941 :ergo
2480 1871 2592 1922 stat
2631 1865 2797 1933 bene,
2847 1867 2999 1938 quod
3027 1867 3200 1924 homo
3243 1843 3384 1887 “³⁸¹¹0·

1834 1951 2040 2018 peccet,
2064 1951 2124 2003 et
2158 1946 2309 2019 quod
2337 1962 2457 2004 non
2475 1953 2746 2020 sequatur
2770 1948 2975 2022 gratiae
2997 1947 3199 2020 priva-

1833 2023 1936 2082 tio.
1956 2025 2308 2084 Antecedens
2327 2033 2410 2085 est
2435 2033 2654 2085 certum
2678 2028 2827 2101 apud
2850 2027 3188 2102 Theologos,

1834 2112 1898 2163 ut
1921 2107 2169 2167 ostendit
2187 2110 2399 2167 Suarez
2418 2109 2512 2167 lib.
2553 2112 2638 2177 ll,
2666 2111 2730 2167 de
2747 2111 2955 2182 qratia,
2987 2128 3110 2183 cap.
3136 2111 3192 2166 4.

1834 2189 2251 2262 Consequentia
2297 2206 2436 2263 vero
2473 2189 2748 2262 probatur
2767 2235 2781 2260 ,
2841 2190 2979 2264 quia
3032 2206 3199 2264 poena

1833 2266 2003 2324 debet
2038 2284 2162 2327 esse
2186 2268 2531 2343 separabilis
2571 2284 2605 2325 a
2633 2270 2821 2344 culpa,
2871 2270 3075 2326 saltem
3099 2285 3200 2343 per

1832 2346 2098 2406 divinam
2147 2349 2466 2422 potentiam
2510 2371 2526 2416 ;
2575 2351 2722 2407 alias
2787 2350 3004 2407 frustra
3053 2353 3201 2406 Deus

1832 2431 2289 2489 comminaretur
2329 2432 2495 2488 illam
2550 2448 2780 2505 posnam
2829 2432 3103 2505 peccanti,
3152 2433 3201 2488 si

1833 2511 1894 2569 id
1920 2512 2070 2587 quod
2092 2512 2303 2571 dicitur
2332 2528 2519 2586 poena,
2551 2520 2994 2587 consequeretur
3022 2512 3200 2569 indis-

1833 2590 2210 2666 pensabiliter
2249 2594 2476 2665 culpam
2511 2613 2524 2648 ε
2570 2593 2719 2649 sicut
2755 2594 2931 2650 etiam
2983 2592 3199 2649 frustra

1835 2673 2196 2746 promitteret
2236 2689 2341 2746 pro
2368 2673 2608 2747 praemio
2633 2675 2823 2746 operis
2852 2671 3017 2740 illud,
3049 2672 3198 2746 quod

1832 2769 1961 2810 cum
1992 2753 2260 2828 praedicto
2286 2769 2460 2827 opere
2487 2752 3019 2826 indispensabiliter
3057 2769 3197 2811 con-

1833 2834 2101 2893 nectitur.

1905 2916 1993 2972 Ad
2007 2921 2417 2991 argumentum
2435 2916 2811 2990 respondetur
2840 2916 3198 2975 concedendo
3208 2935 3395 2980 occum-

1834 2998 2178 3070 praemissas,
2254 3002 2311 3055 et
2363 2997 2625 3073 negando
2675 3000 3142 3071 consequentiam
3174 2989 3385 3078 ;¹¹}3¹rg,f'„¹¹,'

1831 3078 1968 3151 quia
1996 3077 2127 3134 licet
2148 3080 2294 3135 Deus
2322 3093 2440 3135 non
2468 3077 2644 3150 possit
2667 3078 2925 3138 absolute
2948 3080 3196 3137 necessi-
3235 3083 3357 3128 tioni-

1833 3159 1943 3215 tari
1974 3158 2047 3214 ad
2071 3157 2444 3226 eliciendum,
2490 3160 2583 3215 vel
2606 3160 3073 3232 suspendendum
3103 3178 3198 3218 ac-

1833 3240 2051 3298 tionem
2079 3264 2093 3307 ;
2134 3240 2465 3297 necessitari
2496 3244 2689 3297 tamen
2716 3242 2871 3299 valet
2895 3257 2966 3299 ex
3007 3242 3199 3314 aliqua

1829 3319 2225 3393 suppositione
2269 3319 2381 3392 ipsi
2428 3318 2630 3377 libera.
2655 3321 2746 3377 Sic
2780 3321 2941 3379 enim
2969 3338 3041 3379 ex
3070 3340 3200 3396 sup-

1834 3399 2135 3472 positione,
2166 3397 2317 3471 quod
2356 3400 2742 3455 communicet
2779 3401 3036 3457 materia}
3076 3402 3200 3459 for-

1832 3493 1991 3534 mam
2012 3477 2431 3543 cadavericam,
2454 3478 2826 3534 necessitatur
2850 3480 3199 3552 suspendere

1832 3573 2173 3615 concursum
2200 3557 2664 3613 conservativum
2695 3558 2896 3615 formae
2922 3558 3193 3627 viventis,

1831 3655 1959 3712 quae
1987 3639 2048 3695 in
2071 3637 2317 3694 materia
2338 3637 2736 3708 praeexistebat
2767 3662 2782 3705 ;
2811 3644 2867 3696 et
2888 3654 2959 3695 ex
2984 3656 3199 3712 suppo-

1831 3722 2059 3788 sitione,
2089 3718 2239 3793 quod
2286 3718 2583 3791 permittat
2615 3718 2744 3776 fieri
2775 3726 3063 3792 peccatum
3103 3739 3199 3780 ac·-

1832 3802 2006 3869 tuale,
2039 3798 2410 3859 necessitatur
2438 3805 2499 3855 ut
2544 3806 2711 3874 neget
2749 3801 3036 3861 auxilium
3074 3805 3198 3862 effi-

1831 3897 1934 3939 cax
1957 3881 2028 3938 ad
2056 3879 2203 3937 illud
2232 3884 2523 3953 peccatum
2551 3879 2853 3937 vitandum
2888 3902 2901 3937 ε
2934 3883 3199 3957 idemque

1832 3961 2100 4040 pluribus
2122 3962 2255 4020 aliis
2275 3962 2558 4034 exemplis
2579 3962 2803 4020 ostendi
2831 3968 3200 4037 potest.Quod

1832 4042 2034 4102 accidit
2074 4058 2203 4100 cum
2224 4043 2455 4103 effectus
2480 4043 2777 4116 utriusque
2815 4044 3075 4114 actionis,
3105 4050 3199 4105 vel

1830 4125 2072 4184 termini
2114 4125 2375 4192 actionis,
2422 4130 2478 4181 et
2516 4139 2824 4182 concursus
2864 4127 3192 4198 permissivi

1830 4212 1965 4263 sunt
1993 4206 2145 4262 inter
2165 4220 2227 4262 se
2273 4203 2788 4277 incompossibiles.
2840 4208 2909 4262 Et
2938 4207 3019 4262 ita
3052 4223 3192 4266 con-—

1830 4286 2084 4363 tingitin
2100 4286 2368 4358 praesenti
2395 4310 2408 4353 ;
2435 4302 2571 4342 nam
2593 4285 2798 4360 gratia,
2823 4290 2878 4343 et
2905 4293 3190 4359 peccatum

1831 4372 2124 4441 nequeunt
2145 4366 2208 4421 in
2229 4365 2429 4424 eodem
2447 4365 2698 4440 subjecto
2711 4368 2976 4438 componi
3005 4390 3018 4425 ε
3042 4371 3195 4429 unde

1823 4449 1880 4505 si
1908 4452 2055 4507 Deus
2083 4448 2208 4505 vult
2235 4449 2572 4519 permittere
2600 4454 2908 4521 peccatum,
2944 4456 3194 4511 necessi-

1829 4532 1986 4586 tatur
2024 4534 2439 4599 consequenter
2465 4528 2815 4601 suspendere
2852 4545 3193 4592 concursum

1827 4610 2029 4683 gratiae
2054 4607 2541 4667 conservativum.
2580 4610 2665 4664 Ex
2680 4609 2900 4681 vquibus
2925 4614 3063 4669 satis
3089 4631 3195 4688 pa-

1829 4694 1910 4746 tet
1929 4688 2000 4745 ad
2022 4692 2326 4759 utramque
2347 4688 2595 4744 minoris
2621 4689 3040 4761 probationem.

1903 4767 1988 4824 Ad
2011 4764 2511 4825 confirmationem
2542 4783 2816 4842 negamus
2849 4787 3387 4851 consequen-Respo&

1829 4848 1994 4906 tiam.
2021 4846 2109 4903 Ad
2134 4846 2222 4920 cuj
2231 4863 2295 4903 us
2323 4847 2719 4921 probationem
2756 4851 3183 4923 respondemus,
3229 4848 3351 4892 ‘¹⁶²⁰‘

1828 4944 1948 4988 non
1967 4944 2088 4985 esse
2117 4928 2525 4985 universaliter
2571 4944 2777 4986 verum
2806 4946 3034 5003 posnam
3068 4948 3189 4992 esse
3229 4908 3364 5006 affig-

1827 5007 2109 5067 divinitus
2149 5006 2532 5080 separabilem
2575 5025 2606 5065 a
2647 5009 2813 5083 culpa
2846 5035 2858 5077 ;
2890 5012 2987 5068 sed
3037 5012 3094 5069 id
3117 5015 3187 5072 ad
3238 5000 3358 5040 ‘'⁰¹¹''
