3647 5753
550 340 662 396 854

542 518 681 579 tem,
714 519 769 572 et
794 518 1126 590 superaddit
1151 522 1274 597 eJ’us
1299 526 1811 591 continuationem.
1844 535 1912 592 Et

540 593 691 667 quod
746 596 863 653 haec
898 599 973 655 sit
1019 602 1078 656 S.
1132 604 1389 663 Doctoris
1439 625 1623 678 mens,
1680 611 1911 673 videtur

539 676 731 752 colligi
759 694 831 735 ex
857 679 907 753 ej
916 696 979 735 us
1000 682 1191 739 verbis
1212 708 1225 746 ς
1249 685 1685 762 Perseverantiae,
1703 691 1903 773 inquit,

537 761 634 815 via
654 777 765 815 non
785 763 933 816 cadit
951 763 1051 820 sub
1072 768 1281 835 merito,
1308 772 1439 845 quia
1458 773 1713 847 dependet
1731 779 1907 835 solum

525 859 608 897 em
630 845 861 899 motione
885 845 1101 914 divina,
1136 866 1250 927 quar
1272 861 1351 908 est
1368 856 1706 929 principium
1725 864 1906 919 omnis

532 927 739 981 meriti.
771 928 1000 985 Constat
1021 931 1200 999 enim,
1225 936 1374 1007 quod
1396 953 1519 994 esse
1545 940 1901 1017 principium

530 1011 723 1067 omnis
762 1012 958 1068 meriti
1003 1030 1120 1072 non
1160 1020 1433 1078 convenit
1461 1028 1903 1094 perseverantiae

529 1089 886 1165 inadaequate
908 1101 1143 1167 acceptae
1165 1113 1268 1170 pro
1294 1103 1730 1163 conservatione
1760 1123 1901 1182 gra-

527 1171 622 1228 tiae
661 1172 725 1229 in
761 1173 954 1246 aliqua
994 1174 1379 1238 determinata
1423 1181 1768 1253 duratione;
1797 1188 1897 1245 sed

529 1256 970 1326 perseverantiae
1021 1260 1416 1332 complectenti
1469 1270 1588 1321 tam
1642 1270 1894 1339 primam

524 1337 772 1410 gratiam
799 1337 1272 1411 sanctificantem,
1305 1360 1478 1417 quam
1509 1348 1731 1421 reliqua
1763 1366 1895 1409 om-

526 1416 624 1473 uia
651 1420 888 1477 auxilia.

310 1546 424 1592 ditur
440 1550 504 1603 pri
555 1575 567 1587 ·

358 1609 440 1644 mo.
519 1592 569 1631 si
610 1579 809 1653 Angel.
850 1582 1052 1638 Doctor
1100 1584 1430 1656 loqueretur
1477 1589 1539 1644 in
1586 1605 1654 1647 eo
1691 1606 1884 1660 sensu,

518 1672 686 1727 quem
718 1659 826 1732 ipsi
856 1660 1051 1738 Godoy
1073 1663 1355 1736 attribuit,
1384 1685 1503 1727 non
1531 1670 1688 1727 aliud
1717 1673 1889 1745 plane

515 1738 896 1809 concluderet,
951 1760 1123 1815 quam
1173 1746 1425 1817 primam
1470 1751 1719 1825 gratiam
1766 1768 1887 1811 non

512 1818 717 1877 cadere
743 1822 849 1879 sub
884 1826 1111 1883 merito.
1145 1828 1304 1892 Quod
1335 1829 1656 1901 admittere,
1691 1840 1753 1890 ut
1779 1835 1886 1892 ad-

513 1899 693 1957 mittit
734 1903 1037 1977 praedictus
1077 1909 1319 1977 Author,
1369 1916 1457 1967 est
1497 1913 1635 1970 satis
1676 1913 1884 1973 absur-

504 1981 646 2042 dum
676 2006 690 2041 z
722 1991 846 2048 tum
873 1991 1010 2061 quia
1051 1991 1156 2049 hoc
1191 1993 1311 2067 jam
1350 2009 1423 2051 ex
1469 1996 1723 2069 professo
1762 2006 1882 2058 sta-

506 2069 695 2123 tuerat
744 2070 811 2124 D.
861 2071 1068 2128 Thom.
1108 2078 1217 2130 art.
1270 2076 1324 2144 5,
1376 2081 1500 2133 tum
1547 2079 1682 2151 quia
1729 2082 1880 2141 nihil

505 2162 724 2204 novum
768 2150 1077 2211 discuteret
1116 2156 1179 2210 in
1216 2156 1317 2213 Ιιοο
1354 2166 1467 2213 art.
1497 2160 1552 2226 9,
1583 2166 1706 2217 tum
1743 2165 1879 2236 quia

503 2226 895 2289 difficultatem
947 2234 1010 2291 in
1055 2252 1123 2293 eo
1164 2239 1535 2311 propositam,
1578 2258 1703 2315 quae
1752 2261 1877 2318 spe·

503 2307 729 2370 cialiter
777 2315 1115 2389 respiciebat
1159 2323 1647 2391 perseverantiam
1688 2331 1748 2380 ut
1775 2343 1876 2382 su-

503 2393 861 2460 peradditam
893 2399 1096 2469 primae
1114 2402 1333 2473 gratiae,
1361 2404 1675 2463 indecisam
1698 2409 1875 2465 relin-

498 2483 716 2543 queret.
769 2480 904 2542 Quae
956 2483 1158 2539 omnia
1208 2490 1342 2541 sunt
1409 2488 1648 2564 indigna
1711 2495 1872 2549 tanto

335 2562 408 2606 se·
498 2554 756 2615 Doctore.
796 2559 1068 2628 Secundo,
1099 2565 1234 2636 quia
1268 2568 1335 2621 D.
1365 2567 1572 2625 Thom.
1602 2571 1741 2627 satis
1765 2586 1871 2628 ex-

308 2612 461 2658 ⁰¹¹¹¹d⁰·
498 2639 730 2709 pressit,
786 2657 847 2698 se
907 2643 1063 2717 loqui
1110 2646 1182 2704 de
1234 2653 1694 2721 perseverantia,
1744 2670 1870 2726 quae

490 2721 763 2791 supponit
808 2723 1062 2793 primam
1112 2727 1539 2798 justificationis
1574 2736 1822 2807 gratiam
1846 2760 1862 2805 3

494 2815 632 2857 nam
661 2801 724 2856 in
753 2811 1093 2876 argumento
1137 2807 1248 2865 Sed
1297 2819 1509 2880 contra,
1535 2814 1617 2869 ita
1637 2814 1865 2873 discur-

491 2884 569 2940 rit
594 2905 608 2940 :
639 2884 808 2942 Omne
839 2889 992 2963 quod
1029 2892 1152 2968 quis
1191 2902 1446 2963 meretur,
1472 2915 1509 2952 a
1536 2898 1864 2957 Deocome·

487 2966 696 3043 quitur,
746 2969 860 3023 nisi
903 2971 1239 3043 impediatur
1275 2993 1376 3048 per
1412 2988 1698 3052 peccatum
1725 3001 1744 3035 .·
1769 2984 1863 3038 sed

484 3048 649 3105 multi
673 3049 870 3104 liabent
890 3068 1053 3124 opera
1080 3058 1388 3126 merito-ria,
1419 3063 1517 3138 qui
1547 3078 1658 3117 non
1682 3081 1861 3120 conse-

482 3137 729 3205 quuntur
767 3138 1255 3205 perseverantiam,
1306 3146 1406 3197 etc.
1464 3141 1574 3199 Ubi
1619 3143 1859 3203 evidens

479 3214 584 3279 est,
626 3212 685 3265 S.
736 3213 1033 3272 Doctorem
1082 3218 1239 3292 loqui
1282 3218 1354 3278 de
1401 3228 1850 3296 perseverantia,

478 3307 605 3364 quae
633 3296 756 3364 post
783 3296 1035 3366 primam
1063 3300 1310 3374 gratiam
1337 3305 1603 3372 succedit,
1635 3312 1691 3364 et
1731 3308 1855 3365 dis-

479 3374 764 3448 tinguitur
786 3377 856 3437 ab
879 3381 982 3438 illa
995 3407 1010 3449 ;
1027 3383 1314 3456 siquidem
1336 3390 1611 3461 supponit
1631 3392 1854 3465 aliquos

474 3455 684 3513 elicere
709 3473 883 3531 opera
920 3464 1242 3532 meritoria,
1269 3484 1393 3539 quae
1421 3468 1631 3544 absque
1658 3474 1850 3547 prima

471 3539 660 3612 gratia
688 3556 806 3599 non
835 3543 1015 3613 fiunt;
1066 3553 1122 3603 et
1161 3550 1404 3608 ulterius
1444 3555 1665 3623 asserit,
1698 3559 1848 3630 quod

472 3620 564 3676 illi
594 3637 712 3679 non
740 3633 1124 3698 assequuntur
1152 3639 1663 3703 perseverantiam.
1697 3638 1847 3696 Sub-

465 3699 657 3776 jungit
697 3704 981 3764 ulterius:
1012 3708 1130 3767 Nec
1170 3720 1340 3785 potest
1379 3716 1510 3783 dici,
1562 3719 1706 3792 quod
1746 3721 1846 3779 Izoc

464 3782 565 3853 fiat
585 3793 809 3858 propter
834 3789 1278 3860 impedimentum
1313 3799 1525 3867 peccati
1535 3816 1557 3866 ,·
1583 3801 1716 3877 quia
1743 3801 1843 3859 hoc

465 3863 667 3935 ipsum,
700 3866 842 3942 quod
878 3876 956 3923 est
988 3887 1231 3942 peccare,
1262 3877 1556 3948 opponitur
1587 3895 1842 3950 perseve-

463 3948 677 4013 rantiae,
723 3951 804 4005 ita
851 3952 995 4027 quod
1034 3956 1085 4009 si
1129 3956 1335 4030 aliquis
1367 3966 1839 4032 perseverantiam

463 4038 776 4098 mereretur,
807 4033 957 4088 Deus
983 4053 1093 4092 non
1110 4042 1445 4111 permitteret
1468 4044 1711 4121 aliquem
1736 4066 1836 4103 ca-

458 4110 584 4168 dere
624 4116 682 4169 in
721 4123 1024 4188 peccatum.
1058 4121 1339 4194 Supponit
1366 4123 1544 4201 igitur
1587 4129 1652 4184 D.
1677 4131 1835 4189 Tho-

462 4206 608 4259 mas,
659 4194 958 4252 hominem
1005 4199 1214 4256 elicere
1261 4208 1415 4259 actus
1468 4209 1828 4277 meritorios,

456 4271 606 4344 quod
648 4275 895 4333 minime
937 4277 1148 4351 absque
1172 4282 1361 4354 gratia
1388 4289 1600 4356 potest3
1630 4295 1687 4345 et
1726 4291 1834 4350 hoc

454 4357 765 4429 supposito,
798 4359 1045 4417 affirmat
1082 4361 1231 4435 quod
1278 4363 1326 4419 si
1371 4366 1544 4426 homo
1592 4387 1693 4443 per
1733 4388 1831 4431 eos

455 4445 611 4496 actus
632 4443 1123 4514 perseverantiam
1148 4455 1486 4518 mereretur,
1519 4454 1666 4510 Deus
1695 4470 1829 4531 pos-

453 4525 544 4578 tea
565 4523 812 4581 minime
841 4526 1198 4598 permitteret
1236 4530 1426 4604 ipsum
1462 4550 1730 4607 peccare;
1762 4535 1823 4594 in
1855 4588 1864 4595 .

450 4619 565 4675 qua
605 4607 812 4677 peccati
841 4608 1095 4667 carentia
1121 4614 1416 4671 constituit
1443 4632 1823 4689 perseveran-

450 4684 544 4741 tiae
597 4686 899 4745 rationem.
953 4692 1089 4756 Quae
1129 4693 1408 4767 applicari
1463 4713 1583 4754 non
1627 4701 1823 4758 valent

448 4772 892 4838 perseverantiae
937 4780 1179 4849 sumptae
1219 4793 1323 4850 pro
1370 4780 1559 4852 prima
1608 4783 1814 4856 gratia,

445 4850 544 4903 aut
588 4863 717 4906 eam
773 4852 1102 4912 includente
1145 4880 1159 4912 ι
1210 4858 1573 4933 applicantur
1626 4868 1816 4922 autem

443 4929 659 5003 optime
688 4937 1131 5006 perseverantiae
1156 4942 1404 5013 gratiam
1444 4948 1809 5019 supponenti,

441 5015 499 5067 et
522 5015 933 5086 superaddenti
960 5020 1009 5094 ej
1019 5037 1082 5076 us
1107 5025 1624 5085 conservationem.

475 1522 491 1532 ·
598 1497 732 1565 Hoc,
760 1499 1015 1572 inquam,
1048 1505 1166 1560 non
1188 1503 1480 1564 satisfacit.
1513 1495 1725 1576 Primo,
1757 1510 1891 1583 quia

1620 360 1713 415 DE
1762 361 2068 420 PRAEMIO
2136 367 2416 432 MERITI.

2126 541 2324 612 Tertio,
2366 554 2422 605 et
2470 555 2803 626 urgentius;
2851 558 2990 630 quia
3035 562 3096 619 S.
3153 565 3326 622 Doct.
3384 570 3542 628 iarn

2040 637 2277 694 vespona
2308 627 2384 682 ad
2403 630 2456 696 3,
2490 631 2736 691 affirmat
2763 637 3068 699 hominem
3101 642 3441 718 impetrare

2040 717 2201 773 posse
2228 715 2740 785 perseverantiam,
2763 719 2863 777 sed
2891 738 3013 779 non
3041 740 3221 797 posse
3265 728 3435 786 illam

2038 788 2270 844 mereri.
2302 789 2381 848 Et
2418 796 2696 864 similiter,
2740 798 2950 873 inquit,
3001 814 3440 877 perseverantia

1997 863 2006 873 '
2034 865 2238 926 donum
2257 874 2465 952 uliquis
2480 881 2705 951 petendo
2725 899 2759 937 a
2781 882 2891 939 Deo
2912 888 3182 961 impetrat
3201 893 3298 947 vel
3309 892 3435 954 δι’δι’

2033 948 2119 1003 vel
2142 951 2266 1018 alii,
2299 961 2557 1030 quamvis
2581 961 2679 1017 sub
2701 967 2895 1021 merito
2923 986 3034 1025 non
3056 974 3265 1028 cadat.
3301 975 3439 1038 Qnae

2031 1027 2357 1091 differentia
2398 1038 2645 1099 minime
2687 1043 2966 1113 subsistit,
2997 1050 3048 1105 si
3090 1054 3436 1126 applicetur

2031 1119 2503 1186 perseverantiae,
2561 1129 2622 1179 ut
2685 1130 3084 1201 complectitur
3151 1137 3431 1207 primum

2027 1194 2226 1264 gratiae
2247 1199 2533 1257 auxilium
2555 1227 2568 1271 ς
2594 1221 2728 1263 nam
2753 1212 3092 1282 praedictum
3118 1219 3430 1277 auxilium

2025 1274 2172 1331 sicut
2193 1294 2309 1334 non
2337 1280 2486 1338 cadit
2511 1285 2616 1341 sub
2643 1290 2871 1358 merito,
2902 1294 2982 1351 ita
3009 1312 3119 1354 nec
3146 1299 3271 1356 sub
3309 1302 3431 1359 im-

2025 1361 2378 1432 petratione3
2403 1366 2680 1440 quidquid
2721 1374 2880 1431 enim
2911 1378 3180 1449 primum
3210 1387 3431 1456 gratia>

2024 1441 2312 1499 auxilium
2336 1447 2634 1517 antecedit,
2663 1455 2914 1526 pertinet
2940 1462 3196 1519 omnino
3218 1464 3302 1521 ad
3326 1483 3425 1524 or-

2022 1518 2220 1577 dinem
2250 1531 2489 1596 naturae,
2523 1547 2587 1588 ac
2610 1533 2857 1595 subinde
2882 1548 3036 1598 caret
3067 1545 3152 1613 vi,
3185 1553 3254 1603 et
3283 1565 3424 1620 pro-

2021 1605 2284 1676 portione
2312 1615 2429 1668 tam
2459 1613 2528 1670 ad
2557 1619 2921 1688 merendum,
2946 1641 3126 1696 quam
3172 1628 3254 1684 ad
3301 1632 3421 1688 im-

2020 1688 2363 1758 petrandum
2413 1695 2671 1765 primum
2714 1702 2998 1761 auxilium
3024 1710 3263 1782 gratiae.
3303 1714 3416 1772 Lo-

2016 1768 2214 1839 quitur
2235 1786 2371 1849 ergo
2386 1777 2451 1830 D.
2478 1777 2682 1836 Thom.
2703 1779 2774 1838 de
2792 1791 3259 1859 perseverantia,
3280 1811 3412 1866 qna:⁴

2014 1852 2286 1921 supponit
2333 1855 2585 1926 primam
2629 1863 2897 1933 gratiam,
2948 1872 3004 1922 et
3048 1874 3410 1942 superaddit

2014 1929 2134 2004 ejus
2159 1937 2675 2009 conservationem,
2704 1942 3112 2004 etabsentiam
3159 1959 3402 2023 peccati.

2011 2010 2162 2083 quod
2208 2014 2353 2071 alias
2396 2017 2663 2094 subsequi
2693 2030 2895 2095 posset.
2929 2027 2997 2082 Et
3018 2027 3090 2086 de
3115 2047 3403 2102 perseve-

2014 2092 2201 2149 rantia
2231 2094 2309 2152 ita
2340 2106 2564 2172 accepta
2604 2105 2822 2169 asserit,
2852 2105 3004 2178 quod
3043 2124 3170 2167 non
3211 2120 3402 2188 poaeit

2007 2178 2115 2234 sub
2141 2182 2349 2240 merito
2375 2185 2597 2245 cadere.

2081 2262 2195 2317 Nec
2241 2262 2415 2334 obest,
2448 2268 2597 2341 quod
2624 2272 2678 2327 S.
2713 2273 2917 2332 Doctor
2965 2275 3140 2346 dicat,
3176 2299 3390 2354 perse-

2007 2344 2332 2402 verantiam
2361 2363 2485 2406 esse
2517 2350 2777 2409 effectum
2816 2356 3033 2417 divinae
3071 2365 3384 2435 motionis,

2003 2438 2130 2495 quae
2168 2431 2253 2481 est
2298 2428 2650 2504 principium
2694 2439 2885 2494 omnis
2932 2442 3178 2512 meriti;
3228 2451 3386 2520 quod

2002 2504 2190 2563 solum
2220 2509 2450 2567 videtur
2477 2528 2639 2584 posse
2665 2517 2950 2576 verificari
2989 2521 3062 2579 de
3098 2541 3384 2597 perseve-

2003 2588 2193 2644 rantia
2221 2589 2516 2665 adaequate
2542 2603 2783 2670 accepta.
2816 2601 2932 2658 Hoc
2972 2604 3167 2663 locum
3194 2611 3382 2669 etiam

2000 2666 2171 2726 habet
2199 2671 2263 2728 in
2287 2680 2713 2746 perseverantia
2739 2689 2969 2756 sumpta
2998 2703 3103 2758 pro
3132 2706 3380 2751 conser-

1997 2751 2231 2810 vatione
2286 2756 2488 2829 gratiae
2552 2762 3010 2834 praeexistenti53
3068 2775 3377 2830 concurrit

1995 2830 2157 2888 enim
2187 2831 2257 2891 ad
2294 2851 2466 2894 omne
2506 2841 2803 2910 meritum,
2836 2846 2930 2903 vel
2969 2848 3248 2920 elicitive,
3277 2857 3374 2914 vel

1993 2916 2404 2984 conservative,
2438 2924 2500 2975 ut
2524 2923 2718 2980 statim
2746 2924 3192 2989 declarabimus.

2068 2996 2160 3053 94.
2205 2998 2422 3057 Deinde
2452 3002 2724 3073 probatur
2749 3008 2951 3067 eadem
2989 3017 3234 3074 assertio
3261 3034 3362 3075 ra·
3402 3023 3518 3063 ⁸¹2&

1990 3071 2148 3131 tione
2193 3075 2491 3153 desumpta
2536 3099 2607 3141 ex
2652 3087 2716 3141 D.
2750 3088 2954 3149 Thom.
3006 3111 3134 3167 quae
3176 3071 3546 3170 potest&

1989 3157 2069 3213 ita
2120 3157 2364 3219 formari
2398 3184 2411 3217 ε
2443 3180 2578 3223 nam
2633 3177 2911 3246 repugnat
2961 3171 3538 3237 conservatio-‘¹⁰¹²'

1987 3254 2143 3306 nem,
2188 3257 2288 3299 seu
2346 3252 2838 3316 perseverantiam
2880 3255 2945 3312 in
2989 3262 3174 3332 gratia
3215 3276 3333 3317 δερ

1986 3323 2291 3392 praemium
2319 3328 2662 3386 meritorum
2692 3333 3127 3407 procedentium
3156 3356 3190 3397 a
3211 3357 3336 3415 gra-

1983 3401 2064 3457 tia
2096 3424 2109 3459 :
2139 3419 2274 3477 ergo
2303 3415 2600 3484 repugnat,
2632 3413 2781 3484 quod
2814 3416 3003 3489 J'ustus
3054 3428 3348 3480 mereatur

1981 3481 2051 3539 de
2075 3484 2360 3560 condigno
2386 3494 2880 3552 conservationem
2910 3497 2976 3553 in
2999 3503 3213 3573 gratia,
3242 3521 3345 3561 seu

1979 3560 2196 3621 donum
2225 3574 2686 3640 perseverantiae.
2720 3579 3138 3652 Consequentia
3164 3591 3344 3656 patet,

1977 3643 2113 3715 quia
2158 3647 2345 3721 justus
2392 3654 2591 3723 nequit
2644 3659 2858 3715 mereri
2924 3659 2994 3718 de
3056 3664 3348 3739 condigno

1977 3728 2283 3795 praemium
2327 3738 2787 3804 supernaturale,
2821 3739 2935 3795 nisi
2986 3758 3087 3814 per
3136 3761 3341 3817 opera,

1973 3821 2098 3878 quae
2126 3823 2158 3863 a
2183 3810 2369 3883 gratia
2405 3816 2731 3885 procedant.
2762 3822 3114 3880 Antecedens
3143 3834 3343 3885 autem

1973 3884 2265 3958 probatur,
2297 3892 2431 3965 quia
2482 3901 2543 3951 ut
2590 3898 2807 3971 aliquid
2854 3902 3188 3962 conferatur
3233 3924 3343 3981 per

1971 3967 2207 4025 modum
2231 3974 2675 4043 praemii,jdebet
2720 3997 3160 4056 praesupponere
3206 4004 3342 4045 me-

1971 4047 2079 4105 rita
2110 4057 2528 4124 permanentia,
2561 4065 2618 4115 et
2661 4072 2995 4122 conservata
3047 4085 3225 4142 usque
3259 4072 3337 4127 ad

1966 4130 2148 4203 ipsius
2177 4139 2400 4207 praemii
2423 4142 2787 4201 collationem
2810 4170 2823 4214 ;
2848 4163 2967 4205 nou
2988 4151 3148 4206 enim
3176 4153 3338 4209 suffi-

1965 4212 2060 4280 cit,
2087 4216 2235 4288 quod
2258 4221 2467 4279 merita
2497 4225 2804 4298 aliquando
2835 4234 3244 4302 praecesserint,
3275 4237 3333 4291 si

1965 4301 2156 4367 postea
2216 4310 2451 4370 cessent,
2507 4311 2564 4362 et
2616 4307 3117 4385 interrumpantur
3147 4339 3163 4371 ι
3213 4333 3335 4389 qua

1964 4379 2187 4437 ratione
2230 4385 2587 4444 ostendimus
2637 4390 2763 4449 dub.
2796 4394 2849 4459 3,
2896 4397 3330 4469 reparationem

1961 4465 2084 4532 post
2124 4462 2348 4535 lapsum
2402 4483 2520 4525 non
2566 4487 2727 4543 posse
2779 4473 2991 4533 habere
3032 4477 3324 4537 rationem

1959 4544 2206 4613 praemii,
2250 4547 2387 4618 quia
2427 4550 2560 4608 licet
2610 4563 2892 4628 supponat
2941 4562 3149 4617 merita
3203 4562 3326 4619 ali-

1955 4623 2184 4696 quando
2212 4627 2405 4697 fuisse,
2438 4646 2554 4689 non
2583 4637 2775 4692 tamen
2795 4640 3066 4711 supponit
3092 4656 3157 4698 ea
3180 4658 3316 4714 per-

1954 4719 2192 4763 manere
2244 4724 2421 4781 usque
2482 4711 2552 4768 ad
2611 4715 2796 4788 ipsam
2862 4720 3317 4792 reparationem.

1951 4784 2159 4842 Merita
2186 4801 2324 4846 vero
2349 4789 2413 4845 in
2457 4807 2580 4850 esse
2628 4797 2833 4854 talium
2876 4815 2993 4857 non
3045 4818 3323 4873 perseve—

1952 4872 2102 4937 rant,
2162 4884 2264 4926 nec
2306 4882 2740 4945 conservantur,
2797 4880 2911 4937 nisi
2959 4892 3311 4955 perseveret,

1947 4954 2002 5006 et
2040 4957 2408 5010 conservetur
2456 4960 2644 5032 gratia
2668 4984 2683 5027 ς
2709 4961 2805 5018 ubi
2833 4966 2992 5021 enim
3024 4967 3140 5025 haec
3179 4968 3320 5026 des-

1947 5034 2181 5103 truitur,
2217 5052 2564 5113 consequens
2600 5051 2704 5114 est,
2733 5049 2883 5121 quod
2923 5049 3014 5106 vis
3065 5053 3316 5112 merito-

3171 5150 3312 5193 rum
