3647 5753
1360 408 1540 464 DISP.
1580 407 1728 474 VIII,
1777 408 1941 463 DUB.
1986 409 2027 462 1.

242 582 317 637 sit
339 581 558 654 aliquid
578 587 739 638 extra
762 585 938 638 Deum
968 603 980 638 :
1019 598 1156 656 ergo
1190 582 1258 638 ad
1282 580 1601 654 producen-

239 661 380 719 dum
424 664 823 735 principaliter
848 663 1093 739 gratiam
1124 678 1241 718 non
1283 663 1602 735 requiritur

241 743 426 800 virtus
453 742 683 800 infinita
709 743 841 800 :sed
867 744 1052 799 virtus
1077 759 1204 815 quae
1229 741 1459 799 infinita
1483 758 1598 798 non

236 830 341 890 est,
399 831 579 898 potest
627 832 901 882 creaturae
951 824 1415 902 communicari:
1462 840 1598 899 ergo

236 920 356 962 non
384 905 664 977 implicat,
680 904 829 976 quod
851 907 1122 961 creaturae
1143 904 1597 961 communicetur

237 986 441 1049 virtus,
487 1002 588 1059 per
646 1002 817 1058 quam
875 984 1143 1057 producat
1198 984 1596 1057 principaliter

232 1065 502 1139 gratiam.

308 1145 698 1203 confirmatur
735 1143 1000 1207 secundo,
1026 1145 1159 1217 quia
1185 1145 1334 1200 sicut
1361 1159 1477 1201 non
1508 1160 1593 1200 re·

233 1231 465 1298 pugnat,
489 1225 637 1297 quod
665 1230 925 1281 creatura
954 1224 1253 1297 participet
1280 1224 1396 1280 alia
1422 1224 1590 1280 attri-

231 1305 387 1368 buta,
442 1312 641 1379 utputa
688 1307 1041 1363 voluntatem
1081 1303 1366 1371 divinam,
1400 1305 1591 1362 media

226 1387 639 1455 charitate;ita
667 1403 784 1444 non
834 1393 1127 1462 repugnat,
1151 1385 1300 1458 quod
1354 1386 1588 1458 partici-

227 1475 322 1542 pet
359 1468 701 1524 attributum
725 1468 1153 1542 omnipotentiae
1185 1466 1319 1524 :sed
1355 1483 1423 1523 eo
1444 1467 1583 1540 ipso,

223 1550 374 1625 quod
417 1557 679 1609 creatura
728 1550 1208 1623 omnipotentiam
1264 1550 1581 1623 participet,

225 1637 407 1704 potest
464 1632 711 1706 gratiam
767 1632 1164 1704 principaliter
1231 1630 1540 1703 producere
1565 1674 1579 1698 ,

222 1713 688 1786 quandoquidem
703 1714 911 1786 ‘nequit
939 1715 1121 1785 maj0r
1143 1713 1328 1767 virtus
1352 1712 1421 1768 ad
1448 1729 1584 1785 pro-

222 1792 549 1850 ductionem
594 1795 795 1867 gratiae
832 1793 1169 1854 desiderari,
1201 1809 1374 1864 quam
1397 1794 1583 1849 virtus

223 1875 705 1948 omnipotentiam
728 1874 1073 1947 participans
1100 1895 1113 1928 z
1157 1889 1293 1948 ergo
1314 1890 1428 1931 non
1465 1876 1582 1932 im-

225 1955 412 2027 plicat,
462 1955 610 2027 quod
638 1961 899 2011 creatura
946 1954 1383 2029 possitgratiam
1413 1956 1580 2027 prin-

225 2036 483 2109 cipaliter
506 2036 835 2110 producere.

16 2120 194 2164 cucurri·
295 2117 380 2171 Ad
436 2124 843 2190 argumentum
900 2115 1274 2186 respondetur
1320 2116 1580 2190 negando

18 2177 537 2268 ‘xssffifss'maij-em3
574 2197 695 2270 jam
740 2196 901 2252 enim
953 2211 1128 2267 supra
1154 2195 1577 2268 assignavimus

224 2275 596 2347 principalem
630 2276 940 2354 rationem,
965 2274 1038 2331 ob
1079 2290 1251 2347 quam
1278 2282 1571 2350 repugnat,

219 2357 367 2428 quod
393 2362 654 2413 creatura
673 2357 863 2429 aliqua
900 2357 1146 2429 gratiam
1178 2357 1576 2430 principaliter

223 2438 508 2508 producat.
537 2442 681 2496 Nam
709 2454 840 2495 cum
867 2440 946 2495 sit
973 2438 1333 2511 participatio
1361 2440 1575 2496 imme-

219 2514 376 2573 diata
399 2524 618 2574 naturae
642 2519 870 2575 divinae.
891 2525 947 2575 et
967 2517 1168 2574 debeat
1212 2535 1310 2590 per
1337 2519 1572 2577 modum

218 2605 442 2656 naturae
493 2602 900 2658 communicari
927 2644 939 2664 ,
987 2601 1222 2674 produci
1272 2603 1573 2675 principa-

219 2682 352 2738 liter
379 2698 496 2740 non
543 2684 708 2747 valet.
750 2684 861 2739 nisi
911 2683 981 2739 ab
1032 2699 1118 2749 e0,
1174 2685 1271 2755 qui
1301 2690 1572 2741 naturam

211 2763 477 2820 divinam
503 2766 666 2822 habet
683 2766 942 2838 perfecte,
958 2771 1014 2821 et
1036 2766 1096 2821 in
1116 2781 1240 2822 esse
1265 2769 1565 2838 complet0,

206 2844 305 2917 qui
334 2851 419 2903 est
445 2846 598 2903 solus
626 2848 793 2903 Deus.
817 2847 986 2901 Actus
1007 2850 1198 2902 autem
1221 2852 1570 2918 supernatu-

208 2927 359 2982 rales
389 2926 733 2999 participant
765 2926 1136 2999 perfectiones
1183 2925 1413 2982 divinas
1442 2942 1568 2984 me-

203 3006 378 3072 diate,
423 3007 528 3063 hoc
562 3012 666 3073 est,
698 3006 989 3063 mediante
1031 3006 1152 3080 ipsa
1196 3008 1402 3082 gratia,
1440 3024 1568 3080 quae

201 3086 376 3143 habet
417 3086 698 3142 rationem
752 3092 972 3144 naturae
1002 3111 1015 3155 ;
1055 3093 1112 3143 et
1135 3102 1207 3142 ex
1233 3103 1443 3161 genere
1462 3104 1568 3145 suo

121 3180 124 3181 ’
184 3183 322 3241 μοι]
352 3171 547 3238 petunt
589 3165 1137 3239 indispensabiliter,
1179 3166 1327 3239 quod
1359 3173 1568 3224 natura

195 3246 407 3304 habeat
432 3254 644 3302 statum
683 3247 1012 3321 perfectum,
1048 3253 1107 3303 ut
1155 3266 1308 3304 num.
1346 3250 1382 3303 6
1409 3248 1557 3304 dixi-

195 3345 353 3385 mus,
410 3328 576 3386 Unde
622 3345 740 3385 non
770 3334 1065 3403 repugnat,
1114 3328 1263 3402 quod
1301 3336 1565 3387 creatura

191 3410 420 3468 habens
443 3412 713 3483 gratiam,
764 3413 855 3467 vel
899 3411 1052 3466 aliud
1084 3411 1433 3483 principium
1462 3429 1562 3467 su-

191 3493 586 3565 pernaturale,
619 3492 822 3548 efficiat
853 3492 1248 3565 principaliter
1286 3509 1561 3566 superna·

187 3576 415 3632 turales
434 3576 814 3647 operationes.

4 3660 156 3717 ›ssuiiur
261 3655 355 3711 Ad
413 3657 663 3728 primam
718 3654 1215 3711 confirmationem
1280 3673 1559 3731 negamus

4 3720 144 3818 ξξξηᾟῗ
187 3738 452 3809 primam
497 3737 962 3810 consequentiam
987 3761 1001 3803 ;
1052 3752 1185 3793 nam
1221 3738 1349 3793 licet
1367 3738 1557 3811 gratia

4 3816 139 3854 ''¹²¹¹st
184 3819 247 3873 in
277 3834 407 3874 esse
433 3819 583 3874 entis
630 3817 834 3874 habeat
857 3816 1080 3874 finitam
1118 3818 1548 3890 perfectionem,

179 3900 441 3971 explicat
486 3903 680 3955 tamen
722 3898 1125 3970 perfectionem
1169 3898 1462 3960 infinitam
1490 3900 1553 3955 in

177 3992 305 4034 esse
326 3978 594 4043 termini,
627 3979 762 4050 quia
783 3982 867 4034 est
895 3978 1153 4035 formalis
1191 3979 1553 4052 participatio

179 4064 416 4116 naturae
444 4057 659 4115 divinae
679 4058 783 4114 sub
810 4066 1076 4132 conceptu
1106 4067 1359 4125 naturae3
1384 4066 1552 4134 atque

175 4141 310 4199 ideo
336 4140 510 4197 debet
535 4140 779 4197 diffundi
822 4148 883 4198 ut
911 4143 1194 4198 terminus
1225 4142 1550 4214 spiritualis

175 4221 641 4295 regenerationis
689 4221 940 4277 filiorum
987 4223 1104 4287 Dei,
1142 4228 1199 4278 et
1246 4222 1352 4279 hoc
1390 4228 1549 4294 pacto

170 4300 434 4358 diffundi
459 4317 576 4358 non
597 4303 746 4358 valet
769 4301 839 4358 ab
856 4302 970 4359 alio
986 4308 1185 4376 agente
1210 4303 1540 4376 principali,

168 4398 350 4456 quam
375 4379 453 4438 ab
471 4398 538 4439 eo
571 4384 669 4455 qui
692 4381 863 4439 habet
891 4388 1155 4440 naturam
1185 4384 1448 4441 divinam
1480 4387 1543 4442 in

169 4467 324 4519 statu
341 4461 613 4535 perfecto.
626 4463 723 4535 qui
738 4468 823 4518 est
836 4464 991 4519 solus
1005 4466 1169 4531 Deua,
1185 4469 1435 4537 utsupra
1451 4482 1544 4522 ex-

169 4544 508 4617 plicuimus.
533 4544 862 4600 Praesertim
891 4560 1018 4599 cum
1049 4560 1165 4601 non
1186 4546 1261 4601 sit
1281 4548 1543 4623 assigna-

166 4624 286 4683 bile
300 4624 539 4697 aliquod
565 4626 913 4697 principium
939 4632 1222 4695 creatum,
1244 4627 1392 4700 quod
1415 4646 1543 4704 gra—

163 4706 262 4763 tiae
275 4706 698 4779 perfectionem
718 4704 1108 4779 adaequet,nisi
1127 4709 1305 4766 altera
1321 4711 1509 4782 gratia
1523 4735 1536 4778 ;

159 4803 290 4860 quae
310 4793 518 4843 tamen
545 4787 744 4859 nequit
769 4788 1013 4860 gratiam
1043 4790 1219 4853 aliam
1248 4789 1540 4863 principa-

161 4871 302 4926 liter
338 4868 682 4942 producere,
713 4869 782 4925 ob
810 4886 877 4927 ea
902 4886 1027 4943 quae
1053 4886 1228 4942 supra
1261 4870 1536 4929 diximus.

4 4959 127 5004 utitur
233 4949 325 5006 Ad
380 4947 704 5005 secundam
733 4965 1005 5023 negamus
1051 4951 1359 5017 minorem,
1403 4954 1538 5025 quia

5 5011 138 5055 ‘⁸⁰⁰³‘
158 5047 279 5090 non
344 5028 628 5103 quaelibet
693 5030 1050 5101 participatio
1108 5031 1539 5104 omnipotentiae

61 1146 138 1187 Se-

29 1193 191 1238 tundo·

2987 411 3099 465 275

1735 580 1993 654 adaequat
2040 582 2240 655 gratiae
2281 582 2707 654 perfectionem,
2737 581 2835 638 sed
2862 579 3095 638 deberet

1733 679 1855 719 esse
1881 667 2058 730 tanta,
2081 663 2230 735 quod
2260 664 2579 721 includeret
2618 664 2794 722 ctiam
2818 669 3091 720 naturam

1733 742 1994 800 divinam
2018 744 2080 800 in
2106 750 2255 801 statu
2286 745 2532 817 perfecto
2561 768 2576 810 3
2601 744 2768 800 aliter
2790 744 2949 800 enim
2972 760 3091 814 non

1733 829 1918 895 posset
1941 822 2013 879 ad
2030 824 2609 881 communicationem
2631 823 2885 898 ejusdem
2915 829 3087 880 natu-

1733 919 1829 970 rae,
1853 921 1977 977 quae
2002 907 2065 962 in
2110 906 2295 979 gratia
2322 906 2714 978 participatur,
2745 910 2801 962 et
2828 905 2897 962 ad
2923 922 3085 980 rege-

1730 987 2089 1050 nerationem
2111 989 2366 1044 filiorum
2397 987 2497 1043 Dei
2526 988 2923 1060 principaliter
2942 1004 3083 1044 con-

1728 1083 1979 1133 currere,
2034 1074 2094 1124 ut
2138 1084 2311 1140 supra
2359 1067 2738 1140 expendimus
2761 1111 2774 1123 .
2828 1070 3083 1141 Cumque

1725 1150 1881 1205 solus
1901 1152 2049 1207 Deus
2062 1149 2267 1206 habeat
2288 1155 2556 1206 naturam
2576 1149 2913 1220 divinamin
2934 1156 3086 1207 statu

1726 1229 1992 1301 perfecto,
2019 1228 2083 1286 fit
2107 1229 2255 1303 quod
2282 1231 2437 1286 solus
2458 1232 2606 1285 Deus
2635 1230 2809 1301 possit
2833 1230 3091 1303 gratiam

1725 1311 2122 1384 principaliter
2168 1310 2511 1384 producere.
2563 1310 2851 1367 Accedunt
2902 1312 3087 1368 etiam.

1722 1391 1837 1447 alia
1867 1392 2101 1458 motiva,
2127 1408 2250 1465 quae
2270 1407 2444 1464 supra
2469 1391 2892 1464 proposuimus,
2910 1395 3083 1449 Acce-

1720 1469 1805 1525 dit
1823 1469 2087 1544 denique,
2119 1471 2268 1545 quod
2293 1472 2474 1527 virtus
2509 1471 2859 1543 participans
2880 1473 3077 1527 omni-

1722 1551 2035 1623 potentiam
2079 1567 2309 1623 semper
2348 1555 2432 1606 est
2463 1550 2534 1605 ad
2554 1548 2784 1606 effectus
2813 1551 3081 1623 proprios

1717 1629 1974 1704 ejusdem
2014 1630 2463 1702 omnipotentiae,
2508 1646 2646 1702 quos
2693 1630 2934 1702 proinde
2961 1648 3079 1689 non

1717 1712 1945 1786 attingit
1969 1712 2382 1785 principaliter,
2406 1711 2505 1768 sed
2527 1712 3072 1780 instrumentaliter,

1716 1797 1926 1848 etcum
1948 1791 2420 1849 subordinatione
2459 1791 2530 1848 ad
2554 1793 2732 1847 Deum
2778 1793 3076 1866 principa-

1717 1875 1852 1940 lem,
1882 1880 1938 1931 et
1956 1875 2258 1947 specialem
2288 1879 2568 1948 agentem,
2597 1879 2657 1930 ut
2680 1879 2829 1947 patet
2854 1875 2918 1931 in
2949 1876 3073 1933 vir-

1714 1961 1834 2011 tute
1855 1955 1924 2010 ad
1953 1955 2295 2026 patrandum
2325 1955 2624 2010 miracula.

1797 2036 1879 2090 13.
1951 2036 2034 2091 Ex
2092 2034 2258 2089 dictis
2310 2037 2371 2091 in
2438 2034 2541 2089 hoc
2593 2033 2767 2091 dubio
2821 2035 3266 2093 inferturPrimum

1715 2114 1923 2186 primo,
1956 2115 2178 2170 nullam
2207 2119 2527 2170 creaturam
2571 2131 2729 2185 posse
2758 2102 3292 2190 producerewssffiffl·

1714 2196 2112 2268 principaliter
2141 2196 2369 2251 habitus
2413 2195 2693 2250 virtutum
2722 2204 3068 2270 supernatu-

1714 2278 1949 2334 ralium.
1975 2277 2259 2340 Quoniam
2291 2277 2391 2332 ille
2410 2276 2564 2331 solus
2587 2278 2737 2332 valet
2758 2277 3069 2349 producere

1712 2358 2111 2431 principaliter
2140 2357 2513 2430 proprietates
2540 2357 2777 2431 alicujus
2824 2365 3063 2429 naturae,

1707 2440 1804 2511 qui
1836 2446 2015 2512 potest
2035 2439 2254 2497 efficere
2284 2439 2682 2512 principaliter
2702 2440 2945 2498 eandem
2972 2458 3070 2498 na-

1710 2521 1993 2583 turam.e‘0
2014 2519 2161 2593 quod
2186 2521 2560 2593 proprietates
2576 2536 2677 2593 per
2702 2538 2763 2577 se
2785 2522 3067 2594 loquendo

1707 2598 1855 2657 fiunt
1883 2618 1983 2675 per
2010 2601 2249 2659 eandem
2281 2603 2582 2666 actionem,
2635 2619 2734 2675 per
2759 2619 2932 2675 qnam
2956 2620 3065 2660 na·-

1708 2685 1836 2737 tura
1859 2682 2189 2754 producitur
2215 2706 2228 2740 ς
2276 2682 2374 2738 sed
2402 2682 2629 2738 habitus
2653 2684 2933 2739 virtutum
2972 2701 3065 2740 su·

1706 2766 2164 2837 pernaturalium
2221 2769 2356 2821 sunt
2409 2766 2796 2837 ‘proprietates
2857 2767 3061 2840 gratiae

1702 2844 2130 2915 sanctificantiS,
2154 2863 2279 2921 quas
2306 2846 2369 2903 in
2396 2845 2601 2904 ordine
2628 2849 3060 2919 supernaturali

1703 2927 1875 2984 habet
1914 2930 2196 2987 rationem
2240 2920 2498 2987 naturae:
2552 2946 2687 3006 ergo
2714 2946 2843 2987 cum
2897 2932 3059 2989 nulla

1701 3014 1962 3065 creatura
1984 3011 2160 3081 possit
2181 3010 2489 3083 producere
2504 3011 2900 3084 principaliter
2922 3029 3060 3088 gra-

1702 3088 1862 3154 tiam,
1912 3091 2170 3162 sequitur
2195 3091 2345 3164 quod
2375 3093 2537 3149 nulla
2575 3098 2838 3149 creatura
2872 3094 3061 3151 valeat

1698 3167 1917 3226 efficere
1964 3170 2360 3242 principaliter
2406 3170 2701 3243 praedictas
2763 3172 3007 3230 virtutes
3042 3217 3055 3230 .

1699 3248 2017 3305 videantur
2041 3267 2167 3323 quae
2194 3250 2449 3308 diximus
2500 3259 2659 3310 tract.
2714 3253 2796 3317 12,
2826 3252 2968 3325 disp.
2995 3255 3051 3321 3,

1694 3330 1820 3386 dub.
1880 3332 1934 3399 3,
1980 3331 2077 3387 ubi
2119 3333 2224 3389 hoo
2267 3335 2682 3390 consectarium
2740 3349 2812 3390 ex
2851 3335 3053 3392 eodem

1696 3413 1981 3485 principio
2002 3414 2114 3470 late
2134 3412 2498 3471 firmavimus
2524 3439 2538 3482 ;
2583 3414 2777 3487 ibique
2797 3432 2925 3474 occu
2936 3420 3056 3474 rri-

1693 3509 1822 3549 mus
1842 3493 2407 3569 objectionibus,quae
2424 3502 2623 3552 contra
2645 3495 2791 3552 illud
2818 3498 2883 3552 in
2909 3514 3050 3570 prae-

1690 3576 1841 3632 senti
1869 3576 2109 3632 formari
2146 3584 2399 3648 possunt,
2449 3582 2506 3633 et
2533 3576 2810 3635 indirecte
2852 3579 3049 3651 impu-

1688 3672 1869 3731 gnare
1894 3663 2150 3715 nostram
2180 3658 2556 3731 principalem
2583 3660 2986 3717 assertionem.

1772 3739 1854 3793 14.
1886 3738 2152 3811 Sequitur
2176 3737 2444 3802 secundo,
2473 3740 2697 3795 nullam
2720 3745 3046 3797 creaturam
3062 3756 3253 3803 secunda

1689 3833 1850 3890 posse
1896 3819 2290 3891 principaliter
2336 3819 2569 3893 physice
2620 3835 2831 3893 augere
2875 3838 3043 3879 suam
3089 3806 3241 3851 ³¹¹⁸¹³⁰·

1685 3900 1951 3973 gratiam,
1996 3905 2051 3958 et
2094 3902 2565 3973 supernaturales
2606 3901 2868 3959 virtutes.
2897 3906 3045 3962 Nam
3079 3960 3086 3968 .

1686 3981 1787 4037 ille
1804 3983 1961 4038 solus
1991 3983 2140 4039 valet
2159 3997 2368 4056 augere
2389 3983 2790 4055 principaliter
2815 3984 3046 4059 physice

1685 4061 1934 4133 aliquem
1982 4061 2263 4128 effectum,
2295 4063 2392 4134 qui
2416 4064 2569 4120 valet
2614 4064 2802 4136 ipsum
2834 4066 3045 4137 princi-

1685 4141 1893 4213 paliter
1917 4142 2137 4200 efficere
2163 4163 2175 4198 ε
2224 4148 2348 4198 tum
2374 4144 2510 4216 quia
2551 4152 2925 4219 augmentum
2957 4151 3043 4203 est

1682 4223 1934 4299 ejusdem
1960 4224 2217 4289 rationis,
2248 4229 2305 4292 et
2351 4223 2575 4280 ordinis
2601 4241 2729 4281 cum
2751 4227 3000 4283 essentia
3029 4249 3041 4282 :

1681 4312 1803 4362 tum
1849 4306 1986 4378 quia
2044 4321 2256 4380 augens
2299 4307 2695 4378 principaliter
2732 4306 3037 4369 effectum.

1679 4387 1853 4443 illum
1880 4385 2141 4451 efficeret,
2198 4387 2245 4441 si
2277 4402 2393 4444 non
2419 4393 2764 4459 supponeret
2792 4388 3038 4460 produc-

1677 4474 1801 4525 tum
1830 4490 1844 4524 ε
1898 4468 1996 4525 sed
2043 4469 2208 4524 nulla
2251 4475 2516 4525 creatura
2574 4474 2755 4540 potest
2815 4470 3039 4529 efficere

1677 4549 2079 4622 principaliter
2120 4549 2350 4623 physica
2390 4549 2655 4623 gratiam,
2680 4554 2738 4605 et
2756 4566 3041 4622 superna-

1676 4632 1892 4688 turales
1937 4630 2195 4698 virtutes,
2226 4636 2288 4686 ut
2312 4634 2531 4687 constat
2555 4646 2625 4687 ex
2647 4630 2814 4686 dictis
2847 4653 2860 4687 z
2901 4648 3043 4707 ergo

1674 4712 1839 4767 nulla
1883 4716 2145 4768 creatura
2190 4711 2343 4767 valet
2386 4708 2605 4767 efficere
2638 4712 3041 4784 principaliter

1674 4793 1908 4867 physice
1943 4797 2314 4866 augmentum
2341 4792 2565 4865 gratim,
2601 4799 2659 4850 et
2681 4800 3035 4866 supernatu-

1674 4874 1887 4930 ralium
1928 4874 2229 4929 virtutum.
2263 4872 2423 4937 Quod
2461 4889 2531 4929 ex
2560 4874 2810 4945 professo
2836 4880 3032 4933 osten-

1669 4953 1875 5012 demus
1902 4955 1966 5011 in
1987 4956 2248 5011 Tractatu
2272 4954 2342 5012 de
2362 4955 2671 5022 charitate,
2698 4960 2930 5030 agentes
2956 4958 3030 5016 de

1671 5034 1841 5108 hujus
1862 5034 2094 5091 virtutis
2124 5035 2463 5093 intensione.
