3647 5753
474 384 584 437 294
1481 386 1574 439 DE
1612 385 2053 440 CERTITUDIN
2059 387 2103 440 E
2141 389 2453 446 GRATIAE.

473 566 600 608 cere
634 572 647 606 ε
695 551 846 609 unde
873 551 1128 610 absolute
1156 570 1271 611 non
1308 556 1462 613 valet
1499 571 1835 630 cognoscere

474 649 535 689 se
560 647 681 690 esse
723 635 785 690 in
812 635 1000 707 gratia
1039 651 1170 691 cum
1207 652 1276 692 ea
1311 637 1674 704 certitudine,
1705 653 1833 711 quae

472 713 725 784 expellat
765 721 1096 787 potestatem
1140 716 1514 775 formidandi.
1546 720 1661 775 Nec
1698 718 1835 774 hinc

471 794 749 866 sequitur,
793 796 942 869 quod
985 799 1159 871 possit
1195 798 1564 873 rebaptizari;
1607 802 1744 873 quia
1771 805 1835 856 ut

471 873 789 947 baptizatus
816 879 1196 947 existimetur,
1229 885 1285 937 et
1323 886 1568 954 nequeat
1607 882 1833 954 Baptis-

471 973 635 1013 mum
692 966 966 1032 repetere,
1016 960 1220 1016 sufficit
1265 963 1545 1021 certitudo
1591 965 1832 1022 moralis

471 1036 736 1107 interior,
767 1041 955 1113 qualis
980 1043 1366 1099 communiter
1409 1044 1726 1103 intervenit
1768 1045 1833 1101 in

472 1121 689 1178 actibus
710 1123 1002 1191 humaniS,
1029 1126 1166 1182 utin
1183 1127 1389 1183 ultima
1405 1129 1717 1186 assertione
1736 1144 1833 1185 ex-

473 1199 800 1272 plicuimus,
834 1209 892 1259 et
911 1202 1069 1262 docet
1098 1206 1464 1262 Innocentius
1490 1209 1583 1275 111,
1617 1210 1677 1263 in
1704 1225 1826 1281 cap.

489 1278 730 1348 Veniem,
763 1281 832 1339 de
855 1282 1188 1358 presbytero
1216 1301 1333 1342 non
1364 1284 1663 1359 baptizato.

255 1378 442 1423 Diluitur
545 1360 630 1416 Ad
651 1361 1152 1423 confirmationem
1176 1367 1570 1440 respondetur,
1595 1384 1698 1426 nec
1724 1371 1831 1426 Ec-

283 1430 431 1523 g'ffigj
469 1442 723 1511 clesiam,
756 1459 861 1501 nec
885 1446 1204 1519 Martyrem
1228 1453 1360 1504 ante
1387 1448 1557 1523 huJus
1581 1455 1828 1507 mortem

391 1545 394 1547 >
468 1537 805 1596 cognoscere
855 1524 1199 1583 certitudine
1247 1543 1482 1599 prorsus
1527 1523 1828 1586 infallibili

467 1604 744 1678 Martyris
766 1605 1065 1662 internum
1092 1613 1302 1664 statum
1323 1632 1337 1675 ;
1362 1609 1459 1665 sed
1482 1616 1705 1683 peracto
1727 1627 1829 1684 per

468 1689 713 1741 mortem
764 1686 1066 1760 martyrio,
1097 1692 1155 1743 et
1201 1689 1467 1758 Ecclesia,
1511 1695 1568 1747 et
1605 1693 1829 1767 Martyr

467 1764 589 1836 ipse
638 1771 984 1839 cognoscunt
1033 1772 1186 1824 certo
1233 1769 1509 1844 Martyris
1553 1766 1847 1829 :sanctita->

466 1849 603 1901 tem.

252 1936 442 1983 Tertium
549 1919 631 1973 15.
683 1919 964 1993 Arguitur
1009 1921 1198 1988 tertio,
1228 1922 1364 1995 quia
1403 1924 1452 1980 si
1501 1924 1674 1983 homo
1708 1942 1826 1983 non

255 1996 449 2080 mgfiffii.
469 2005 652 2071 posset
666 1999 968 2057 certificari
995 2001 1065 2058 de
1084 2019 1199 2059 suae
1210 2003 1632 2077 justificationis
1651 2012 1819 2075 statu,

468 2095 586 2136 non
610 2086 793 2151 posset
817 2081 1068 2154 recipere
1088 2084 1522 2142 Sacramentum
1546 2103 1601 2143 v.
1627 2102 1678 2161 g.
1708 2089 1827 2143 Eu-

465 2162 751 2219 charistiae
797 2184 810 2219 :
857 2179 1206 2238 consequens
1250 2172 1336 2223 est
1372 2167 1582 2224 falsum
1630 2190 1643 2224 ε
1689 2186 1827 2245 ergo

465 2243 641 2301 homo
670 2248 850 2317 potest
890 2244 1101 2302 habere
1127 2262 1243 2303 suae
1265 2248 1500 2322 Justitiae
1525 2249 1826 2307 certitudi-

464 2326 867 2398 nem.Sequela
882 2325 1221 2395 ostenditur,
1238 2330 1377 2401 quia
1394 2336 1453 2386 ut
1468 2331 1640 2388 homo
1653 2332 1826 2407 digne

467 2404 704 2477 recipiat
731 2404 1063 2477 praedictum
1101 2416 1544 2476 sacramentum,
1573 2410 1740 2468 debet
1763 2428 1825 2469 se

457 2482 715 2555 judicare
759 2484 1047 2542 mundum
1095 2504 1127 2543 a
1177 2495 1415 2560 peccato,
1461 2492 1624 2566 juxta
1678 2491 1825 2547 illud

462 2564 730 2636 Apostoli·
754 2586 766 2619 :
812 2565 1002 2622 Probet
1042 2576 1224 2623 autem
1250 2573 1486 2643 seipsum
1512 2572 1690 2638 bomo,
1720 2578 1819 2627 etc.

462 2659 600 2718 ergo
631 2645 680 2700 si
710 2661 829 2702 non
856 2649 1008 2704 valet
1033 2649 1343 2706 certificari*
1362 2651 1430 2707 de
1456 2669 1559 2709 sua
1580 2653 1818 2726 J'ustitia,

465 2724 664 2797 nequit
690 2724 760 2781 ad
789 2725 936 2782 illud
962 2730 1395 2786 Sacramentum
1425 2731 1705 2790 accedere.

538 2804 953 2878 Respondetur,
980 2808 1128 2881 quod
1150 2815 1213 2865 ut
1234 2810 1404 2868 homo
1426 2812 1580 2869 licite
1601 2813 1822 2871 accedat

465 2884 538 2942 ad
565 2885 1007 2953 Eucharistiam,
1024 2894 1081 2944 et
1108 2888 1179 2945 ad
1201 2890 1313 2947 alia
1336 2893 1702 2951 Sacramenta
1728 2896 1821 2952 vi-

462 2981 689 3031 vorum,
712 2982 828 3024 non
850 2968 1163 3041 requiritur
1179 2970 1458 3029 cei-titudo
1472 2977 1823 3045 speculativa

459 3062 578 3102 suae
600 3045 856 3120 justitiae,
888 3046 987 3104 sed
1015 3048 1236 3117 sufficit,
1268 3051 1419 3123 quod
1446 3052 1821 3125 probabiliter

455 3125 670 3198 judicet
688 3141 749 3182 se
770 3142 891 3183 esse
912 3127 975 3183 in
1001 3129 1223 3203 gratia;
1250 3146 1385 3188 nam
1407 3148 1475 3190 eo
1496 3133 1619 3206 ipso
1642 3140 1822 3207 potest

461 3206 715 3264 formare
742 3208 1024 3282 judicium
1061 3212 1656 3287 practicumomnino
1693 3233 1820 3273 cer-

460 3291 585 3343 tum
613 3287 683 3344 de
710 3288 866 3345 licita
902 3289 1141 3348 illorum
1180 3294 1681 3363 Sacramentorum
1725 3313 1821 3354 re—

460 3368 738 3440 ceptione,
769 3375 824 3427 et
864 3386 980 3428 non
1009 3373 1126 3447 agit
1158 3377 1814 3434 contraconscientiam.

462 3447 677 3504 Sufficit
725 3450 883 3506 enim
937 3452 1006 3508 ad
1060 3453 1276 3510 licitam
1321 3465 1818 3517 sacramentorum

460 3528 1045 3601 administrationem,
1077 3538 1133 3590 et
1150 3538 1569 3610 susceptionem
1597 3556 1664 3598 ea
1691 3557 1820 3597 mo—

459 3611 602 3668 ralis
620 3613 920 3680 certitudo,
951 3631 1075 3688 quae
1096 3615 1411 3675 intervenit
1432 3621 1495 3677 in
1520 3620 1687 3678 rebus
1708 3621 1821 3678 hu-

459 3691 673 3748 manis,
697 3695 810 3751 Nec
832 3695 1082 3767 amplius
1109 3697 1287 3772 exigit
1307 3701 1626 3773 ApostoluS,
1646 3718 1820 3775 quam

458 3773 775 3831 humanam
800 3774 1163 3852 diligentiam
1180 3779 1243 3835 in
1272 3784 1680 3853 perscrutando
1701 3792 1820 3842 sta-

458 3860 584 3911 tum
626 3856 854 3926 animae,
886 3865 942 3915 et
974 3858 1409 3933 dispositionem
1437 3867 1817 3925 conscientiae.

459 3934 620 3999 Quod
640 3937 819 4011 liquet
832 3938 1008 3995 etiam
1025 3941 1088 3997 in
1104 3943 1234 3999 aliis
1249 3946 1632 4016 sacramentis
1647 3972 1661 4015 ;
1682 3964 1818 4006 nam

461 4020 524 4073 ut
541 4018 670 4089 quis
698 4019 874 4091 possit
901 4021 1072 4077 alicui
1096 4023 1318 4082 homini
1346 4027 1606 4085 confiteri
1626 4046 1820 4086 sacra-

459 4098 795 4155 mentaliter
846 4106 1085 4172 peccata,
1137 4119 1255 4160 non
1303 4106 1619 4177 requiritur
1670 4108 1818 4182 quod

459 4177 796 4235 omnimoda
833 4180 1175 4239 certitudine
1212 4183 1551 4244 excludente
1584 4205 1817 4246 omnem

460 4257 835 4317 formidinem
881 4263 1293 4334 speculativam
1314 4308 1327 4332 ,
1375 4266 1591 4340 judicet
1641 4271 1817 4327 talem

458 4337 757 4395 hominem
780 4355 900 4396 esse
935 4341 1303 4410 sacerdotem,
1329 4349 1385 4401 et
1407 4345 1615 4404 habere
1632 4355 1819 4420 potes-

458 4422 635 4475 tatem
665 4417 1029 4488 absolvendi;
1060 4421 1159 4478 sed
1184 4423 1408 4490 sufficit,
1440 4427 1590 4499 quod
1620 4428 1819 4500 proba-

459 4497 658 4556 biliter
671 4502 1017 4572 speculative
1031 4504 1245 4576 Judicet
1257 4522 1379 4563 esse
1397 4508 1820 4578 talem,habeat-

459 4597 569 4655 que
594 4581 744 4638 circa
785 4582 889 4640 hoc
930 4587 1209 4643 moralem
1250 4590 1540 4661 quandam
1582 4594 1818 4651 certitu-

459 4662 657 4720 dinem
704 4664 1003 4724 fundatam
1052 4669 1115 4725 in
1166 4674 1462 4729 communi
1511 4675 1816 4733 hominum

454 4744 703 4818 judici03
749 4763 886 4803 nam
914 4763 981 4805 eo
1010 4749 1135 4822 ipso
1156 4756 1338 4823 potest
1359 4753 1612 4813 formare
1638 4755 1818 4813 dicta-

459 4842 597 4883 men
626 4829 940 4900 practicum
969 4831 1209 4890 omnino
1230 4840 1468 4905 certum,
1493 4837 1643 4910 quod
1665 4839 1819 4897 licite

460 4909 552 4965 illi
581 4909 809 4967 homini
837 4912 1197 4971 confiteatur.
1229 4916 1496 4992 Idemque
1522 4921 1584 4975 in
1613 4920 1820 4978 adora-

251 2806 437 2863 Betom-

300 2865 378 2900 Sto.

463 4990 619 5047 tione
645 4991 863 5061 hostiae,
896 4999 952 5050 et
977 4995 1269 5054 similibus
1310 5001 1589 5074 exemplis
1624 5002 1839 5063 videre-

1965 556 2117 615 licet.
2149 561 2296 618 Hinc
2326 567 2517 620 autem
2538 565 2733 633 solum·
2765 564 3145 631 concluditur,
3175 567 3323 638 quod

1966 640 2138 699 homo
2167 648 2346 714 potest
2365 647 2514 702 circa
2538 647 2833 719 propriam
2863 646 3321 720 dispositionem,

1962 724 2019 776 et
2038 720 2323 794 justitiam
2351 724 2562 783 habere
2596 726 2851 784 similem
2890 726 3317 793 certitudinem,

1964 801 2111 857 utin
2133 802 2338 860 ultima
2359 806 2723 863 conclusione
2748 806 3130 864 concedimus.

2047 883 2131 939 16.
2155 885 2432 958 Arguitur
2459 892 2661 959 quarto
2688 907 2701 941 :
2731 903 2868 944 nam
2897 888 2944 943 si
2974 887 3046 944 ob
3067 888 3318 961 aliquam
3333 899 3535 951 Quintum

1965 963 2250 1035 rationem
2288 966 2462 1025 homo
2488 984 2605 1025 non
2634 973 2818 1040 posset
2844 968 3057 1026 habere
3082 970 3320 1026 certitu-
3337 959 3533 1043 mbffib'm

1962 1044 2159 1103 dinem
2200 1046 2483 1117 divinam,
2517 1056 2614 1107 aut
2643 1050 3017 1109 infallibilem
3043 1068 3160 1109 suae
3184 1067 3319 1126 gra-

1964 1126 2074 1192 tiae,
2098 1128 2352 1191 maxime
2371 1131 2506 1202 quia
2527 1130 2647 1187 haec
2666 1136 2749 1208 est
2769 1131 3018 1204 qualitas
3038 1147 3322 1204 superna—

1962 1207 2167 1263 turalis
2191 1229 2204 1264 ε
2235 1208 2334 1265 sed
2357 1209 2476 1267 haec
2501 1212 2646 1267 ratio
2670 1227 2784 1268 non
2809 1212 3135 1269 convincit:
3162 1228 3318 1287 ergo,

1961 1292 2064 1343 etc.
2118 1287 2400 1345 Probatur
2452 1292 2648 1348 minor
2701 1312 2715 1347 ε
2770 1308 2906 1348 nam
2952 1292 3129 1349 etiam
3182 1290 3324 1349 fides

1961 1368 2298 1443 Theologica
2319 1375 2402 1427 est
2421 1373 2902 1443 supernaturalis,
2928 1377 3201 1429 ettamen
3222 1372 3322 1445 qui

1962 1447 2127 1503 illam
2146 1448 2331 1516 habet,
2347 1452 2629 1525 cognoscit
2643 1457 2794 1509 certo
2812 1468 2873 1509 se
2889 1452 3100 1509 habere
3114 1450 3287 1508 fidem
3307 1473 3320 1507 ε

1959 1543 2095 1601 ergo
2113 1527 2263 1600 quod
2283 1530 2470 1603 gratia
2488 1530 2821 1603 sitqualitas
2840 1531 3313 1605 supernaturaliS‚

1961 1623 2078 1664 non
2104 1608 2303 1681 probat
2321 1610 2471 1683 quod
2499 1611 2673 1669 homo
2695 1619 2935 1685 nequeat
2956 1611 3168 1669 habere
3189 1627 3316 1669 cer-

1959 1692 2077 1744 tam
2099 1690 2483 1765 cognitionem
2513 1692 2693 1747 illius.
2719 1694 3007 1750 Minorem
3035 1692 3204 1765 hujus
3224 1707 3318 1749 se-

1957 1768 2129 1825 cundi
2156 1771 2479 1845 syllogismi
2506 1789 2774 1846 expresse
2813 1773 2972 1830 docet
3012 1774 3074 1829 D.
3106 1773 3311 1829 Thom.
3349 1796 3513 1838 nxrno,

1958 1851 2020 1904 in
2057 1852 2155 1908 hoc
2176 1860 2293 1937 Cn·
2339 1856 2399 1909 in
2434 1871 2671 1927 respon-5.
2717 1856 2793 1910 ad
2819 1858 2872 1921 2,
2905 1854 3002 1911 ubi
3034 1855 3151 1911 haec
3183 1875 3197 1910 ε
3236 1854 3315 1911 De

1955 1934 2171 1988 ratione
2207 1936 2440 1991 scientim
2463 1943 2558 2003 est,
2585 1937 2729 2014 quod
2751 1937 2910 1992 homo
2935 1936 3315 1992 certitudinem

1956 2011 2152 2067 habeat
2196 2013 2260 2068 de
2298 2015 2404 2080 his,
2449 2033 2682 2092 quorum
2720 2016 2878 2072 habet
2917 2015 3241 2082 scientiam;
3265 2022 3314 2070 et
3344 2079 3351 2085 ,

1955 2095 2212 2150 similiter
2253 2096 2316 2151 de
2341 2099 2555 2152 ratione
2588 2097 2714 2169 fidei
2738 2105 2834 2164 est,
2878 2097 3020 2174 quod
3060 2098 3218 2153 homo
3244 2098 3318 2151 sit

1956 2185 2133 2234 certus
2172 2178 2237 2232 de
2273 2178 2379 2246 Ιιίε,
2434 2197 2667 2256 quorum
2704 2180 2864 2235 babet
2902 2180 3061 2252 fidem
3089 2197 3106 2233 :
3135 2186 3182 2233 et
3221 2180 3320 2234 hoc

1956 2258 2094 2325 ideo,
2126 2262 2257 2336 quia
2286 2261 2552 2316 certitudo
2571 2262 2802 2334 pertinet
2840 2262 2915 2317 ad
2936 2262 3320 2334 perfectionem

1956 2341 2279 2407 intellectu&
2307 2344 2367 2397 in
2387 2359 2492 2419 quo
2507 2342 2772 2414 praedicta
2800 2342 2943 2397 dona
2970 2343 3215 2397 existunt
3231 2348 3318 2408 ,aet

1956 2421 2074 2476 ideo
2113 2424 2439 2499 quicumque
2483 2422 2641 2477 habet
2685 2425 2992 2489 scientiam,
3035 2429 3084 2478 et
3134 2421 3313 2492 fidem,

1954 2508 2132 2557 certus
2150 2509 2227 2556 est
2248 2514 2306 2557 ‘se
2331 2502 2543 2557 habere.
2578 2503 2646 2557 Et
2665 2502 2885 2558 similia
2913 2501 3082 2559 habet
3116 2503 3134 2556 l
3157 2508 3309 2573 part.

1955 2590 2137 2659 quaest.
2170 2584 2261 2648 87,
2287 2589 2396 2639 art.
2423 2586 2457 2640 2
2478 2584 2553 2638 ad
2581 2585 2624 2651 l,
2651 2591 2700 2638 et
2725 2601 2886 2656 super
2912 2583 3036 2638 ead
3056 2582 3307 2641 Corinth.

1963 2664 2046 2730 13,
2081 2664 2198 2720 lect.
2231 2665 2290 2719 2.
2319 2665 2503 2727 Quam
2544 2662 2866 2721 doctrinam
2901 2663 3216 2737 desumpsit
3241 2680 3313 2721 ex

1953 2744 2018 2797 D.
2039 2742 2357 2817 Augustino
2373 2743 2466 2798 lib.
2487 2743 2541 2807 3,
2560 2743 2623 2797 de
2651 2742 2851 2799 Trinit.
2869 2760 2993 2814 cap.
3021 2744 3131 2809 l,et
3150 2760 3312 2816 super
3345 2762 3519 2815 nug.

1954 2820 2107 2878 Psul.
2133 2824 2220 2889 32,
2245 2839 2391 2878 conc.
2428 2823 2473 2888 l,
2501 2820 2597 2878 ubi
2622 2822 2843 2888 asserit,
2861 2819 3011 2893 quod
3033 2821 3165 2879 licet
3183 2822 3312 2896 quis

1955 2903 2299 2976 respondere
2339 2920 2456 2961 non
2501 2904 2694 2976 possit,
2740 2920 2815 2960 an
2836 2905 3025 2978 justus
3048 2905 3155 2971 sit;
3189 2920 3314 2960 res-

1954 2986 2204 3059 pondere
2230 2991 2429 3042 tamen
2469 2979 2666 3058 potest,
2698 2986 2849 3059 quod
2875 2988 2951 3042 sit
2976 2986 3183 3044 fidelis.

2028 3066 2172 3122 Huic
2222 3074 2564 3140 argumento
2617 3067 2991 3140 respondetur
3050 3065 3312 3141 negando
3325 3083 3511 3128 solutio.

1952 3148 2264 3205 minorem.
2279 3148 2361 3203 Ad
2378 3149 2536 3222 cujus
2554 3149 2949 3222 probationem
2969 3148 3316 3221 respondent

1951 3231 2337 3288 communiter
2367 3232 2561 3304 plures
2586 3230 2852 3305 discipuli
2882 3233 2948 3287 D.
2975 3229 3310 3297 Thomae,fi-

1952 3310 2140 3368 delem
2186 3316 2340 3368 certo
2384 3327 2720 3386 cognoscere
2768 3329 2829 3369 se
2875 3310 3087 3368 habere
3138 3309 3310 3367 fidem

1952 3392 2374 3467 Theologicam,
2406 3393 2530 3450 sive
2575 3393 2693 3450 haec
2731 3392 3012 3450 certitudo
3058 3393 3133 3448 sit
3176 3391 3308 3449 fidei

1951 3472 2186 3541 divinae,
2216 3473 2340 3530 sive
2376 3473 2700 3541 evidentiae,
2732 3475 2856 3532 sive
2889 3473 3263 3546 experientiae
3294 3493 3307 3527 :

1953 3557 2017 3614 in
2044 3573 2156 3630 quo
2181 3557 2519 3630 explicando
2549 3573 2747 3614 rursus
2775 3555 3116 3612 dividuntur
3156 3555 3309 3612 inter

1951 3653 2030 3706 se,
2062 3643 2125 3694 ut
2151 3638 2336 3695 videri
2368 3643 2546 3711 potest
2573 3636 2719 3709 apud
2748 3639 2983 3711 Gregor.
3027 3636 3310 3692 Martinez

1954 3717 2017 3773 in
2041 3717 2308 3790 praesenti
2337 3716 2513 3774 dubio
2539 3719 2593 3774 2.
2624 3715 2687 3772 Id
2715 3732 2851 3772 vero
2878 3716 2940 3770 in
2960 3731 3073 3787 quo
3099 3730 3311 3772 conve-

1953 3798 2142 3865 niunt,
2168 3798 2279 3854 sibi
2304 3799 2584 3871 praecipue
2605 3795 2947 3870 persuadent
2967 3802 3089 3852 tum
3113 3795 3313 3852 autho·

1955 3880 2123 3938 ritate
2160 3882 2226 3936 D.
2271 3880 2474 3936 Thom.
2522 3880 2785 3952 proxime
2825 3878 3005 3934 relata
3037 3899 3051 3934 ε
3088 3882 3209 3933 tum
3239 3875 3310 3933 ob

1951 3958 2363 4026 diversitatem,
2390 3976 2563 4032 quam
2587 3961 2649 4016 D.
2666 3959 2868 4015 Thom.
2886 3957 3137 4032 assignat
3160 3958 3312 4013 inter

1952 4038 2144 4108 fidem,
2189 4045 2245 4097 et
2288 4041 2584 4113 gratiamt
2625 4055 2761 4095 nam
2807 4043 2961 4094 actus
3006 4035 3139 4094 fidei
3178 4052 3309 4093 cum

1950 4124 2138 4175 certus
2177 4119 2271 4186 sit,
2301 4124 2359 4175 et
2386 4118 2456 4175 ad
2487 4119 2837 4176 intellectum
2865 4121 3096 4190 spectet,
3131 4121 3311 4188 potest

1950 4198 2118 4255 de‘se
2151 4215 2250 4271 per
2275 4200 2527 4272 seipsum
2567 4196 2880 4256 certificare
2925 4197 3305 4262 intellectum,

1949 4280 2072 4337 sive
2102 4279 2157 4336 id
2186 4279 2284 4337 fiat
2308 4281 2548 4355 signate,
2575 4281 2697 4337 sive
2718 4278 2965 4337 exercite
2981 4302 2995 4345 ;
3027 4277 3311 4337 certitudo

1951 4376 2089 4417 vero
2129 4376 2246 4417 non
2273 4366 2357 4416 est
2384 4361 2617 4433 propria
2658 4357 2928 4432 perfectio
2965 4359 3183 4433 gratiae,
3216 4358 3309 4415 vel

1951 4443 2202 4499 aliorum
2218 4441 2521 4507 donorum,
2549 4457 2673 4514 quae
2688 4440 2980 4514 pertinent
2994 4440 3062 4497 ad
3086 4446 3307 4513 partem

1951 4522 2292 4589 affectivam,
2343 4528 2399 4579 et
2445 4522 2655 4580 idcirco
2699 4526 2991 4595 nequeunt
3036 4521 3311 4578 inducere

1951 4604 2323 4662 infallibilem
2363 4604 2452 4659 sui
2490 4602 2915 4661 certitudinem.
2946 4604 3094 4658 Tum
3140 4602 3311 4659 deni—

1948 4701 2078 4757 que,
2131 4701 2268 4741 nam
2320 4684 2563 4757 quilibet
2602 4684 2922 4749 Catholicus
2962 4688 3142 4756 potest
3179 4684 3310 4740 sine

1950 4767 2275 4824 temeritate
2315 4766 2515 4840 jurare
2560 4782 2619 4822 se
2668 4781 2791 4823 esse
2839 4764 3068 4823 fidelem
3098 4790 3111 4831 ;
3158 4764 3308 4838 quod

1951 4847 2140 4904 facere
2161 4862 2279 4904 non
2307 4853 2510 4920 posset,
2543 4847 2655 4902 nisi
2679 4846 2914 4903 haberet
2935 4845 3309 4903 infallibilem

1949 4943 2067 4984 suae
2094 4926 2225 4984 fidei
2254 4926 2675 4985 certitudinem.
2707 4929 2877 4984 Juxta
2896 4931 3069 4999 quam'
3091 4925 3310 4983 doctri-

1951 5024 2088 5065 nam
2125 5007 2466 5083 assignanda
2498 5014 2582 5065 est
2620 5008 2926 5081 disparitas
2966 5008 3122 5064 inter
3172 5022 3309 5081 gra-

3141 5087 3306 5155 tiam,
