3647 5753
554 435 664 494 156.
1552 434 1645 487 DE
1685 431 1957 486 GRATIA
2004 428 2344 484 EFFICACI.

545 609 603 662 et
628 603 775 676 quod
806 604 921 660 liaec
950 619 1067 661 non
1095 609 1389 660 mutuetur
1415 619 1577 659 suam
1604 601 1908 659 efficaciam

546 703 582 744 a
618 688 913 743 voluntate
950 693 1158 753 creata,
1201 685 1300 741 sed
1352 686 1537 758 potius
1574 700 1703 741 earn
1740 684 1910 740 faciat

546 766 943 824 infallibiliter
965 780 1130 839 agere
1146 766 1516 838 „operationes
1543 765 1772 833 liberas,
1798 767 1907 821 Ca-

543 847 757 916 tholica
795 850 897 909 est,
942 851 998 901 et
1035 861 1301 918 expressa
1330 847 1394 901 D.
1437 844 1741 918 Augustini
1768 844 1908 900 locis

546 943 722 999 supra
749 926 993 994 citatis§
1028 927 1073 991 1,
1119 930 1174 982 et
1199 926 1343 998 disp.
1384 927 1439 992 5,
1480 925 1611 981 dieb.
1646 927 1701 980 6.
1734 926 1805 979 Et
1844 924 1906 980 in

547 1006 655 1063 hoc
683 1005 984 1079 posteriori
1012 1020 1181 1060 sensu
1211 1005 1485 1062 asseritur
1511 1021 1544 1061 a
1569 1004 1902 1071 ThomistiS,

548 1091 613 1141 ut
637 1091 855 1142 constat
881 1101 951 1141 ex
980 1086 1251 1141 hactenus
1272 1084 1456 1141 dictis.

621 1164 790 1222 Nona
821 1163 1131 1237 propositio
1160 1163 1513 1231 :Auxilium
1554 1165 1610 1219 in
1645 1182 1749 1241 quo
1775 1181 1909 1219 con-

544 1250 692 1303 εἰειὶε
728 1248 1138 1319 perseverantia!
1165 1247 1386 1314 donum,
1411 1254 1488 1303 cst
1522 1245 1901 1314 inamissibile,

543 1328 824 1405 redditque
843 1328 1115 1382 hominem
1142 1326 1469 1382 immobilem
1490 1327 1717 1392 ittbonO,
1749 1326 1908 1380 inde-

537 1408 933 1485 pendenter-que
972 1426 1008 1463 a
1036 1407 1200 1462 libero
1233 1407 1485 1473 arbitria,
1518 1407 1904 1473 antecedenter,

351 1203 488 1247 Rom.

541 1491 684 1563 facit
709 1491 982 1554 hominem
1020 1506 1393 1563 perseverare;
1430 1490 1478 1545 si
1520 1488 1751 1546 denotet
1791 1489 1910 1544 im·
1964 1545 1971 1552 ,

544 1572 860 1644 potentiam
905 1577 1364 1644 consequentem,
1420 1570 1543 1627 sive
1588 1569 1905 1628 carentiam

542 1654 813 1723 potentiae
840 1651 911 1707 ad
950 1650 1427 1724 componendum,
1458 1657 1514 1708 et
1552 1652 1908 1726 conjungen-

540 1732 682 1789 dum
708 1749 822 1790 non
845 1748 1214 1806 perseverare
1233 1750 1364 1789 cum
1398 1734 1616 1791 auxilio
1638 1750 1907 1807 perseve-

543 1817 770 1882 rantiae,
805 1815 1090 1872 Catholica
1110 1820 1212 1881 est,
1237 1821 1293 1871 et
1319 1821 1534 1872 asserta
1573 1831 1606 1872 a
1633 1815 1906 1874 Thomis-

541 1898 615 1954 tis
643 1917 655 1950 ε
683 1898 731 1953 si
775 1914 911 1955 vero
937 1896 1222 1973 significet
1249 1898 1647 1970 impotentiam
1678 1904 1905 1968 antece-

539 1977 792 2044 dentem,
836 1978 958 2035 sive
1002 1978 1315 2035 carentiam
1358 1979 1623 2050 potentiae
1668 1978 1737 2034 ad
1786 1994 1903 2035 non

538 2074 907 2132 perseverare
926 2058 1237 2115 secundum
1253 2075 1331 2127 se,
1347 2064 1403 2115 et
1423 2058 1675 2117 insensu
1692 2058 1899 2126 divisO,

539 2138 806 2195 haerctica
833 2144 935 2203 est,
961 2144 1017 2194 et
1044 2143 1309 2195 assertaa
1336 2139 1596 2197 calvino.
1622 2139 1904 2196 Similiter

539 2220 590 2275 si
622 2219 681 2293 ly
709 2219 1138 2292 independenter,
1172 2218 1402 2275 denotet
1439 2219 1588 2292 quod
1617 2220 1903 2276 auxilium

541 2300 983 2371 perseverantias
1012 2297 1179 2355 habet
1206 2315 1370 2354 suam
1397 2298 1725 2366 efficaciam,
1742 2316 1907 2356 eam-

537 2394 648 2450 que
690 2395 722 2434 a
752 2379 1044 2435 voluntate
1083 2384 1270 2434 creata
1300 2393 1416 2433 non
1458 2379 1778 2451 participet,
1806 2379 1907 2436 sed

539 2457 727 2529 potius
770 2456 939 2513 faciat
979 2456 1391 2522 infallibiliter,
1445 2457 1594 2529 quod
1639 2458 1906 2514 voluntas

536 2542 725 2592 creata
749 2535 930 2592 libere
953 2541 1295 2609 perseveret,
1327 2536 1666 2594 catholicam
1688 2535 1903 2593 doctri-

539 2632 678 2671 nam
720 2617 995 2680 continet,
1026 2631 1199 2688 quam
1246 2616 1600 2690 Augustinus
1625 2633 1771 2689 saepe
1798 2617 1902 2675 do-

537 2696 653 2751 cuit
698 2702 895 2752 contra
936 2696 1439 2770 SemipelagianOS‚
1471 2703 1525 2752 et
1564 2713 1737 2769 quam
1775 2713 1904 2754 am-

539 2779 868 2851 plectuntur
908 2778 1237 2834 Thomistae.
1285 2779 1344 2834 Si
1387 2783 1579 2834 autem
1622 2779 1906 2854 significet

538 2858 932 2918 exclusionem
983 2856 1267 2915 libertatis
1310 2866 1529 2926 creatae,
1573 2865 1631 2916 et
1657 2858 1902 2919 liberam

537 2940 999 3012 cooperationem
1055 2938 1303 3006 arbitrii,
1360 2956 1483 3012 quae
1533 2941 1608 2997 sit
1673 2940 1903 2998 effectus

538 3019 793 3094 ejusdem
821 3020 1036 3093 gratias,
1072 3019 1333 3076 haeretica
1361 3026 1463 3082 cst.
1489 3025 1545 3077 et
1582 3036 1753 3093 quam
1784 3038 1902 3079 non

538 3098 872 3164 Thomistae,
916 3098 1015 3154 sed
1061 3097 1391 3154 Calviiiistae
1429 3098 1648 3155 docent.
1682 3103 1797 3157 Nec
1842 3101 1904 3156 in

539 3180 645 3236 hoc
671 3178 840 3234 datur
860 3179 1124 3251 specialis
1145 3177 1464 3245 difficultas,
1492 3195 1616 3252 quas
1642 3195 1759 3235 non
1786 3180 1904 3235 mi-

541 3263 668 3318 litet
693 3261 868 3317 etiam
905 3260 967 3316 in
993 3257 1249 3332 quolibet
1273 3259 1492 3317 auxilio
1518 3260 1725 3317 efficaci
1753 3262 1903 3319 circa

540 3341 947 3415 particularem
968 3340 1381 3413 operationem.

623 3422 834 3480 Ultima
884 3421 1192 3494 propositio
1225 3442 1237 3477 :
1270 3420 1413 3478 Deus
1454 3430 1646 3478 aterno
1684 3441 1781 3479 suo
1806 3425 1904 3480 de-

544 3512 707 3569 creta,
733 3512 781 3559 et
823 3503 1132 3559 inevitabili
1172 3521 1354 3559 omncs
1379 3512 1599 3561 nostras
1638 3509 1898 3574 actiones,

543 3589 658 3642 sive
684 3584 871 3649 bouem,
896 3586 1009 3638 sive
1038 3584 1236 3651 ηιαίαε,
1262 3584 1583 3658 pratdefinit,
1608 3604 1676 3641 ac
1692 3588 1903 3660 praede-

543 3667 804 3721 terminat
825 3688 838 3729 ;
862 3665 911 3718 si
929 3663 1175 3729 denotet,
1200 3662 1349 3735 quod
1363 3666 1509 3721 Deus
1531 3665 1899 3737 praedefiniat,

542 3751 600 3802 et
641 3743 1107 3817 praedeterminet
1149 3741 1425 3815 quidquid
1464 3744 1526 3800 in
1570 3748 1780 3803 nostris
1808 3765 1904 3804 ac-

542 3823 797 3882 tionibus
842 3838 959 3879 non
1004 3821 1249 3894 explicat
1276 3823 1582 3890 malitiam,
1616 3827 1903 3884 Catholica

540 3909 645 3968 est,
677 3909 734 3960 et
759 3908 974 3959 asserta
1000 3918 1032 3957 a
1071 3901 1384 3957 Thomistis
1409 3920 1537 3960 cum
1566 3908 1632 3961 D.
1664 3909 1901 3980 August.

542 3992 600 4043 et
626 3988 690 4042 D.
723 3985 952 4047 Thom.,
987 3988 1048 4037 ut
1092 3993 1222 4038 tom.
1260 3984 1304 4049 1,
1338 3991 1498 4041 tract.
1529 3988 1584 4053 4,
1634 3988 1776 4060 disp.
1816 3990 1898 4057 10,

543 4065 674 4121 dub.
726 4067 770 4130 1,
823 4083 946 4120 cum
995 4080 1102 4139 seq.
1150 4061 1589 4123 decla-ravimus
1630 4069 1906 4125 Calvinus

545 4151 734 4202 autem
758 4143 976 4200 erravit
997 4140 1317 4208 asserend0‚
1341 4145 1517 4201 Deum
1542 4145 1906 4218 praedefinire

544 4231 701 4281 actus
721 4223 922 4286 maloS,
948 4221 1090 4275 sicut
1109 4224 1166 4276 et
1180 4219 1376 4289 bonos,
1396 4229 1452 4279 et
1467 4229 1583 4281 tam
1606 4227 1902 4285 entitatem

544 4311 701 4363 actus
742 4302 1138 4376 peccaminosi,
1169 4317 1341 4375 quam
1389 4305 1574 4378 ipsam
1614 4308 1902 4366 malitiam

542 4403 648 4443 sua
687 4383 894 4442 efficaci
942 4382 1197 4438 motione
1244 4384 1547 4459 attingere,
1583 4393 1642 4442 ut
1685 4396 1904 4447 constat

542 4484 614 4524 ex
638 4466 787 4523 libro
825 4469 1023 4521 contra
1052 4464 1343 4537 Pighium,
1373 4471 1429 4522 et
1457 4466 1550 4523 lib.
1582 4469 1617 4524 3
1647 4468 1897 4528 [restitut.

541 4566 662 4621 cap.
695 4548 786 4610 23,
813 4551 957 4602 etex
984 4543 1150 4600 dictis
1174 4546 1318 4618 disp.
1351 4548 1397 4613 l,
1430 4565 1548 4620 cap.
1575 4549 1629 4615 3,
1661 4553 1692 4620 ἕ
1719 4552 1772 4607 3.

344 4646 509 4690 summa
616 4629 749 4684 229.
777 4624 939 4682 Unde
966 4630 1204 4691 constat,
1238 4626 1590 4685 immensum
1621 4630 1903 4689 interval-

341 4696 502 4739 ‘¹³⁵‘'⁰“
545 4712 667 4767 lum
695 4708 952 4766 mediare
994 4706 1148 4764 inter
1183 4709 1543 4777 assertiones,
1583 4729 1723 4786 quas
1748 4715 1903 4773 Tho-

367 4746 406 4789 ia
419 4745 529 4787 iuter

347 4792 501 4839 doctri·
544 4791 727 4846 mistae
773 4805 845 4844 ex
891 4803 1007 4843 una
1055 4795 1235 4859 parte,
1267 4795 1323 4846 et
1362 4791 1637 4849 Calvinus
1671 4809 1743 4850 ex
1788 4795 1904 4852 alia

320 4854 511 4937 mssffls.
540 4874 799 4926 statuunt
820 4868 882 4922 in
903 4867 1007 4923 hac
1033 4867 1297 4925 materia.
1325 4870 1395 4924 Et
1419 4869 1469 4925 si
1492 4869 1636 4929 bene
1661 4874 1903 4931 attendi·

320 4948 525 5038 ²333&
541 4967 688 5017 mus,
707 4964 908 5006 omnes
929 4949 1344 5022 propositiones
1365 4952 1748 5013 calvinisticae
1768 4962 1903 5013 sunt

310 5042 495 5087 calvini.
538 5027 878 5104 appendices
905 5028 1066 5086 illius
1092 5029 1223 5086 falsi
1244 5031 1516 5105 principii
1544 5054 1557 5091 :
1588 5034 1761 5093 Motio
1800 5035 1904 5093 Dei

323 3454 514 3499 Decima.

2041 600 2110 655 ab
2132 602 2421 662 intrinseco
2459 600 2659 674 efficax
2684 598 2823 654 tollit
2851 597 3152 653 liban-tatem
3180 595 3401 668 indiffe-

2040 682 2241 746 rentiat,
2273 698 2365 736 seu
2405 682 2707 754 potentiam
2747 678 2822 733 ad
2864 679 3173 751 oppositum
3208 674 3399 749 :quod

2043 762 2315 818 Calvinus
2373 778 2502 817 cum
2565 759 2890 834 pelagianis
2955 759 3198 815 asseruit
3262 758 3401 815 locis

2040 860 2192 897 num.
2210 842 2320 896 222
2365 843 2568 897 citatis.
2597 839 2760 895 Unde
2775 856 2904 896 cum
2926 838 3241 895 Thomistae
3263 852 3398 910 prae-

2036 924 2255 994 jaciant
2282 922 2344 979 in
2384 923 2489 979 hac
2514 922 2758 979 materia
2782 921 3137 993 principium
3164 918 3394 980 directe,

2040 1010 2097 1060 et
2133 1002 2569 1060 contradictorie
2615 1001 2958 1075 oppositum,
2997 1015 3204 1072 nempe
3232 998 3398 1055 auxi-

2043 1083 2186 1138 lium
2210 1082 2281 1138 ab
2310 1083 2620 1138 intrinseco
2641 1080 2837 1138 efficax
2858 1080 3073 1153 optime
3093 1096 3225 1135 cum
3254 1093 3399 1151 pras·

2041 1161 2191 1218 dicta
2232 1160 2511 1223 libertate.
2540 1178 2601 1218 ac
2642 1166 2912 1233 potestate
2954 1161 3263 1224 cohaerere,
3297 1174 3401 1215 ne—

2039 1258 2257 1299 cessum
2274 1241 2518 1315 estquod
2541 1242 2796 1299 inferant
2815 1241 3119 1313 oppositaS,
3135 1243 3191 1295 et
3206 1240 3401 1296 Catho-

2041 1321 2180 1378 licas
2234 1323 2649 1378 conclusiones,
2705 1319 2864 1385 Quod
2910 1318 3050 1375 adeo
3099 1318 3406 1375 manifeste

2040 1409 2331 1462 ostensum
2371 1410 2454 1461 est
2493 1404 2557 1460 in
2605 1405 2709 1460 illa
2749 1402 3187 1476 congregatione
3212 1401 3306 1465 44,
3336 1399 3406 1456 de

2041 1485 2293 1552 auxiliis,
2347 1491 2407 1541 ut
2450 1486 2661 1541 merito
2703 1484 2915 1540 dixerit
2962 1485 3215 1540 Joannes
3262 1498 3296 1537 a
3344 1485 3397 1538 S.

2040 1566 2261 1622 Thoma
2328 1568 2346 1621 l
2390 1583 2447 1639 p.
2486 1585 2539 1644 q.
2595 1566 2678 1631 19,
2717 1566 2860 1637 disp.
2906 1566 2959 1629 8,
2992 1570 3102 1619 art.
3134 1564 3189 1626 5,
3222 1579 3280 1617 n.
3309 1563 3398 1625 23,

2041 1663 2157 1704 non
2182 1663 2340 1720 posse
2362 1647 2628 1719 ampliuS,
2652 1647 2763 1702 nisi
2785 1663 2857 1702 ex
2873 1644 3229 1702 intolerabili
3249 1645 3401 1718 igno-

2041 1728 2250 1793 rantia,
2267 1734 2364 1784 aut
2390 1728 2681 1783 calumnia
2705 1726 3121 1799 propositiones
3142 1725 3400 1781 Thomis·

2040 1808 2178 1863 ticas
2230 1808 2588 1864 Calvinianis
2633 1807 2999 1881 aequiparari.
3040 1808 3110 1861 Et
3156 1806 3401 1878 proiecto

2040 1885 2202 1944 fictus
2221 1888 2321 1945 ille
2337 1889 2676 1945 Calvinismi
2703 1904 2917 1955 rumor,
2937 1905 3048 1960 quo
3070 1886 3401 1943 Adversarii

2040 1968 2450 2025 Thomisticam
2495 1970 2839 2026 sententiam
2883 1969 3172 2025 infuscare
3207 1969 3403 2025 volue-

2041 2054 2195 2116 runt,
2246 2064 2363 2105 non
2432 2049 2695 2122 processit
2738 2065 2814 2104 ex
2859 2049 3087 2105 sincero
3139 2046 3399 2105 veritatis

2040 2144 2254 2193 amore,
2286 2129 2382 2185 sed
2405 2146 2475 2185 ex
2494 2128 2740 2201 quadam
2771 2129 3122 2195 necessitate,
3144 2134 3206 2183 ut
3225 2125 3401 2201 objec-

2039 2217 2162 2266 tum
2185 2209 2450 2267 videlicet
2473 2209 2585 2265 sibi
2614 2210 3106 2285 pelagianismum
3132 2208 3402 2267 retunde-

2041 2297 2187 2357 rent,
2213 2297 2268 2349 et
2296 2291 2537 2348 verbum
2568 2291 2742 2348 verbo
2765 2292 3116 2366 frangerent,
3145 2298 3207 2348 ut
3229 2290 3400 2348 refert
3455 2359 3464 2366 ·

2038 2373 2287 2428 Joannes
2332 2371 2401 2427 de
2446 2371 2691 2445 Ripalda
2734 2373 2950 2432 Jesuita
2976 2380 3105 2429 tom.
3149 2373 3205 2439 2,
3249 2362 3625 2444 disp.¹³¹l¹2¹¹‘¹2-

2048 2454 2167 2519 113,
2198 2462 2323 2510 sect.
2355 2456 2409 2520 9,
2435 2473 2490 2511 n.
2523 2457 2613 2520 53,
2637 2452 2734 2510 ubi
2758 2455 2870 2510 ait:
2901 2453 3053 2508 «Sub
3075 2453 3227 2510 idem
3251 2460 3399 2511 tem-

2046 2558 2071 2587 «
2097 2551 2199 2607 pus
2239 2538 2489 2603 Bannez,
2520 2544 2577 2593 et
2604 2538 2862 2609 plerique
2887 2534 3305 2609 ejusdiscipuli
3337 2537 3398 2592 in

2045 2638 2070 2668 ιι
2102 2615 2344 2688 publicis
2365 2616 2864 2689 disputationibuS,
2900 2616 3252 2690 privatisque
3277 2633 3402 2674 ser-

2046 2720 2071 2749 «
2101 2695 2390 2764 monibuS,
2409 2704 2464 2754 et
2483 2699 2709 2771 scriptis
2736 2704 3028 2770 coeperunt
3050 2703 3256 2755 notare
3277 2713 3401 2754 sen·

2046 2800 2071 2830 «
2102 2778 2340 2835 tentiam
2359 2781 2527 2834 istam
2544 2779 2934 2852 pelagianam.
2962 2780 3175 2835 Contra
3195 2780 3396 2842 nostri,

2045 2882 2070 2911 c<
2103 2864 2163 2913 ut
2185 2864 2383 2915 notam
2415 2858 2822 2934 pelagianismi
2851 2875 2966 2915 suae
2986 2860 3287 2917 sententiae
3310 2858 3401 2915 vi-

2047 2962 2071 2993 «
2106 2946 2314 3005 tarent,
2360 2939 2704 3015 objiciebant
2748 2941 3017 3014 oppositae
3046 2947 3241 2999 notam
3270 2943 3401 2997 Cal-

2046 3042 2072 3072 «
2102 3036 2367 3077 vinismi.

2113 3101 2242 3157 230.
2262 3099 2348 3154 Ad
2375 3100 2624 3173 primam
2641 3100 3139 3157 confirmationem
3171 3118 3401 3174 respon·
3416 3101 3611 3159 occurri-

2038 3177 2259 3246 demu8‚
2291 3179 2717 3237 distinctionem
2765 3182 2929 3237 illam
2970 3180 3040 3237 de
3070 3183 3401 3238 necessitate
3417 3160 3609 3244 ιιιιῗὲιῖιῖ

2039 3262 2453 3333 consequentis
2468 3268 2523 3317 et
2549 3263 2963 3334 consequentiae
2984 3261 3268 3319 celebrem
3283 3279 3403 3320 esse
3446 3252 3586 3342 22¹3?

2040 3340 2189 3413 apud
2212 3344 2477 3397 Doctores
2501 3342 2838 3408 catholicos,
2859 3358 3035 3416 eaque
3054 3345 3140 3400 usi
3170 3344 3405 3400 fuerunt

2039 3419 2108 3476 ad
2137 3420 2469 3477 enodandas
2482 3419 2855 3500 ‘difficultates
2879 3424 3177 3495 praesentis
3220 3429 3405 3481 mate-

2042 3502 2145 3559 riae
2173 3504 2238 3558 D.
2269 3504 2643 3576 Augustinus
2674 3520 2844 3576 quem
2888 3505 3063 3562 refert
3090 3506 3408 3562 Gratianus

2039 3584 2102 3639 in
2152 3600 2368 3665 canone
2419 3584 2931 3655 Nabuchodonosor,
2982 3590 3072 3655 23,
3115 3596 3297 3664 quaxst.
3345 3589 3405 3642 4.

2039 3666 2236 3722 Glossa
2264 3664 2500 3733 ibidem,
2532 3666 2710 3725 verbo
2734 3667 3004 3740 Οιιαηυὶε.
3038 3668 3410 3726 Venerabilis

2040 3747 2195 3804 Beda
2220 3748 2282 3802 in
2311 3748 2695 3805 axiomatibus
2726 3750 3161 3823 pbilosophicis,
3189 3752 3296 3808 litt.
3337 3752 3401 3807 O.

2042 3830 2316 3902 Magister
2337 3832 2397 3885 in
2432 3831 2478 3892 1,
2503 3830 2630 3885 dist.
2653 3831 2742 3885 38.
2771 3833 2837 3886 D.
2861 3831 3066 3899 Thom.
3103 3835 3119 3887 1
3148 3851 3204 3905 p.
3231 3851 3283 3910 q.
3319 3834 3405 3895 19,

2036 3916 2149 3965 art.
2174 3911 2228 3975 8,
2254 3916 2311 3966 et
2331 3929 2382 3988 q.
2409 3913 2479 3967 :24
2502 3912 2566 3965 de
2600 3910 2764 3968 Verit.
2790 3920 2902 3968 art.
2940 3914 2957 3968 l
2988 3914 3063 3968 ad
3091 3915 3155 3969 13
3180 3920 3238 3971 et
3257 3915 3323 3969 in
3361 3916 3403 3975 1.

2036 3991 2167 4045 dist.
2197 3992 2250 4053 4,
2284 4008 2334 4067 q.
2370 3992 2415 4055 1,
2446 3998 2556 4047 art.
2592 3993 2637 4057 1,
2669 3997 2723 4049 ct
2744 3991 2884 4049 alibi
2915 4009 3083 4065 sepe.
3118 3996 3181 4050 D.
3212 3996 3408 4051 Bona·

2042 4077 2194 4128 vent.
2221 4073 2280 4125 in
2317 4074 2361 4137 l,
2386 4072 2514 4128 dist.
2540 4073 2633 4139 47,
2665 4081 2775 4129 art.
2816 4075 2860 4141 l,
2894 4082 3079 4151 quaest.
3121 4078 3166 4132 1.
3190 4074 3406 4131 Alber—

2037 4158 2146 4214 tus,
2179 4154 2391 4216 ScotuS‚
2437 4152 2760 4219 Durandus,
2789 4154 3003 4226 aliique
3041 4154 3285 4226 plurimi
3332 4172 3405 4212 ex

1976 4259 1979 4261 ·
2038 4230 2455 4303 celebrioribus
2481 4234 2813 4300 ScolasticiS,
2847 4250 2986 4306 quos
3017 4234 3193 4291 refert
3220 4235 3402 4291 Alva-

2039 4329 2132 4369 rez
2159 4333 2298 4386 amp.
2332 4312 2404 4368 25
2431 4312 2501 4369 de
2522 4314 2775 4371 auxiliis
2808 4314 2974 4372 Unde
3009 4316 3099 4371 vel
3124 4316 3401 4372 Calvinus
3470 4328 3574 4381 ,Dis-

2036 4395 2177 4468 ipse,
2209 4396 2306 4467 qui
2345 4395 2768 4452 catholicorum
2798 4397 3103 4453 Doctorum
3135 4397 3402 4455 authori·
3449 4380 3617 4469 2235.

2037 4479 2211 4532 tatem
2259 4474 2435 4531 nihili
2473 4476 2618 4531 solet
2656 4474 2884 4542 habere,
2918 4475 3246 4549 praedictam
3277 4477 3403 4533 dis·
3445 4475 3617 4566 {22}

2037 4555 2393 4621 tinctionem,
2444 4555 2646 4612 saltem
2718 4554 3081 4621 verbotenus
3147 4573 3266 4615 non
3316 4565 3405 4616 est
3441 4574 3647 4626 quentis*

2037 4653 2210 4693 ausus
2247 4651 2540 4709 spernere,
2573 4642 2635 4692 ut
2672 4641 2892 4694 constat
2929 4654 2999 4694 ex
3029 4637 3180 4695 libro
3204 4626 3647 4723 contram

2038 4718 2328 4792 Pighium,
2369 4735 2498 4790 pay.
2527 4719 2655 4784 490,
2687 4722 2719 4788 ἓ
2758 4717 2917 4790 Quod
2955 4718 3121 4786 DeuS,
3152 4718 3250 4776 ubi
3279 4721 3358 4778 ait
3393 4720 3647 4782 300th

2036 4798 2153 4856 Nec
2175 4816 2297 4854 vero
2325 4799 2466 4876 quod
2504 4817 2540 4854 a
2566 4801 2793 4873 receptis
2830 4801 3084 4876 loquendi
3109 4802 3307 4874 formis
3342 4771 3647 4863 άεεοίοιῗὲιε

2036 4882 2350 4937 necessitate
2392 4880 2688 4935 secundum
2709 4881 2857 4953 quid,
2888 4889 2937 4937 et
2979 4881 3242 4950 absolute,
3279 4885 3411 4939 item
3425 4873 3647 4963 ‘3⁸3'qu

2036 4962 2424 5034 consequentis,
2456 4969 2506 5016 et
2544 4965 2927 5035 consequentias
2952 4963 3300 5021 abhorream.
3332 4969 3413 5020 At
3450 4971 3593 5022 ¹²¹³*

2039 5056 2241 5098 revera
2262 5040 2366 5098 sub
2392 5040 2494 5098 hac
2516 5041 2784 5115 loquendi
2813 5043 3091 5102 modestia
3112 5061 3410 5103 venenum
3423 5016 3647 5062 mm

3285 5144 3409 5186 suae
