3647 5753
217 1396 220 1399 ’
255 1396 456 1441 Confuta-

310 1452 393 1491 tur.

417 476 426 483 ,
475 411 585 465 356

472 579 668 637 dentia
688 579 759 636 ad
807 580 1192 638 inducendum
1223 599 1290 639 ea
1331 581 1655 655 praedicata,
1710 598 1836 656 quae

475 661 584 734 ipsi
606 660 993 729 attribuimus,
1026 658 1307 736 quatenus
1340 664 1520 722 infert
1545 670 1835 738 peccatum

474 743 782 812 habituale,
817 761 913 801 seu
943 744 1328 816 privationem
1354 747 1571 821 gratiae,
1610 747 1701 803 cui
1733 748 1837 804 illa

474 824 778 898 praedicata
818 827 1162 895 formaliter,
1212 834 1380 902 atque
1406 828 1469 884 in
1523 829 1668 886 facto
1713 846 1836 888 esse

472 906 845 963 conveniunt.
871 906 1036 964 Unde
1064 913 1468 981 argumentum
1495 910 1684 966 solum
1708 926 1837 982 pro-

474 985 586 1051 bat,
612 987 859 1061 gratiam
881 987 1253 1058 habitualem,
1279 995 1336 1047 et
1365 994 1654 1062 peccatum
1677 989 1838 1046 habi·

473 1067 631 1123 tuale
653 1082 770 1123 non
796 1068 1106 1125 coexistere
1132 1068 1203 1126 de
1236 1070 1381 1127 facto
1403 1068 1467 1125 in
1490 1070 1683 1144 aliquo
1711 1071 1837 1130 ins-

480 1148 622 1205 tanti
640 1169 651 1210 ;
672 1149 919 1206 minime
941 1165 1098 1217 vero,
1138 1151 1288 1224 quod
1305 1157 1594 1224 peccatum
1617 1154 1837 1210 actuale

478 1245 581 1303 pro
608 1231 800 1304 aliquo
817 1231 1059 1288 instanti
1081 1248 1211 1288 cum
1232 1234 1418 1308 gratia
1447 1240 1568 1290 non'·
1589 1235 1714 1308 conj
1724 1251 1837 1291 un-

471 1316 658 1385 gatur.

546 1391 652 1449 Sed
670 1397 869 1450 contra
895 1398 1012 1456 est;
1041 1411 1179 1451 nam
1208 1412 1276 1453 eo
1303 1397 1443 1470 ipso,
1468 1396 1617 1469 quod
1641 1414 1837 1470 pecca-

472 1477 594 1528 tum
623 1474 845 1530 actuale
868 1473 1072 1531 habeat
1117 1476 1221 1532 illa
1261 1477 1564 1549 praedicata
1588 1478 1838 1534 causali-

473 1559 578 1620 ter,
616 1556 762 1612 etin
785 1556 932 1622 fieri,
965 1557 1144 1614 infert
1181 1558 1245 1614 in
1271 1559 1470 1617 eodem
1500 1560 1735 1617 instanti
1775 1562 1838 1616 in

471 1653 576 1712 quo
605 1640 892 1708 peccatum
923 1636 1233 1707 habituale,
1278 1641 1367 1697 cui
1396 1641 1504 1697 illa
1534 1640 1837 1712 praedicata

470 1717 824 1772 conveniunt
867 1718 1210 1785 formaliter,
1236 1725 1293 1777 et
1332 1721 1395 1777 in
1424 1721 1569 1778 facto
1609 1737 1750 1788 esse,
1781 1725 1839 1778 et

469 1812 598 1853 cum
619 1813 731 1868 quo
755 1798 942 1871 gratia
968 1797 1280 1857 habitualis
1308 1819 1427 1859 non
1467 1802 1837 1877 conjungitur

469 1877 541 1935 de
567 1878 712 1935 facto
733 1879 796 1934 in
818 1880 1010 1952 aliquo
1033 1880 1272 1938 instanti
1301 1904 1315 1938 ε
1343 1899 1480 1958 ergo
1507 1884 1836 1958 hujusmodi

468 1960 653 2033 gratia
676 1959 740 2014 in
763 1961 923 2016 nullo
951 1961 1189 2018 instanti
1211 1964 1580 2039 conjungitur
1601 1965 1670 2022 de
1692 1965 1836 2022 facto

471 2056 601 2096 cum
631 2047 852 2113 peccato
891 2043 1118 2100 actuali.
1174 2046 1590 2118 Consequentia
1635 2048 1834 2121 liquet.

473 2123 543 2176 Et
564 2121 900 2178 antecedens
944 2123 1219 2180 suadetur
1269 2146 1282 2181 ε
1319 2132 1440 2182 tum
1468 2127 1604 2200 quia
1655 2128 1837 2200 posita

471 2200 678 2258 ultima
698 2202 1300 2274 causalitate,actione,
1327 2207 1419 2262 vel
1439 2207 1830 2281 dispositione,

470 2288 533 2339 ut
554 2284 746 2356 aliqua
769 2284 1017 2356 privatio
1046 2287 1301 2354 resultet,
1326 2289 1520 2365 statim
1569 2290 1690 2362 ipsa
1721 2291 1836 2362 pri-

470 2362 624 2420 vatio
667 2365 1033 2437 consequitur
1078 2387 1091 2422 :
1123 2368 1221 2423 sed
1257 2374 1545 2440 peccatum
1591 2373 1836 2428 mortale

472 2446 689 2501 actuale
709 2452 794 2502 est
817 2447 1024 2504 ultima
1067 2450 1393 2517 causalitas,
1434 2451 1598 2519 actio,
1630 2457 1687 2509 et
1711 2452 1835 2509 dis-

472 2526 695 2599 positio,
729 2532 791 2582 ut
811 2533 1082 2599 sequatur
1110 2530 1359 2602 privatio
1377 2533 1601 2604 ‘gratiae,
1635 2534 1697 2589 in
1725 2551 1836 2607 qua

473 2611 764 2677 peccatum
837 2606 1132 2665 habituale
1176 2609 1505 2667 formaliter
1528 2613 1786 2669 consistit
1816 2637 1831 2680 ;

475 2702 613 2742 nam
659 2687 840 2759 posito
865 2685 1091 2759 ‘peccato
1131 2692 1362 2747 mortali
1406 2694 1631 2760 actuali,
1684 2694 1833 2750 nihil

470 2764 629 2820 aliud
680 2767 1014 2838 requiritur,
1065 2773 1129 2839 ut
1172 2770 1440 2841 praedicta
1482 2772 1731 2845 privatio
1770 2774 1833 2829 in

475 2845 697 2903 ratione
720 2848 928 2918 peccati
960 2850 1230 2907 resultet:
1262 2867 1397 2926 ergo
1422 2868 1490 2910 eo
1517 2852 1659 2926 ipso,
1684 2853 1833 2927 quod

473 2932 758 2999 peccatum
788 2931 1005 2986 actuale
1026 2930 1230 2988 habeat
1251 2931 1315 2989 in
1337 2932 1484 3001 fieri,
1509 2941 1566 2991 et
1584 2936 1835 2992 causali-

472 3014 558 3065 ter
583 3026 652 3067 ea
699 3010 1021 3083 praedicata,
1054 3013 1160 3070 illa
1197 3015 1392 3071 statim
1435 3017 1634 3086 infert,
1666 3024 1836 3091 prout

472 3088 682 3147 habent
706 3107 829 3148 esse
844 3093 981 3148 talia
1003 3094 1346 3162 formaliter,
1362 3102 1418 3152 et
1442 3097 1505 3153 in
1528 3099 1672 3156 facto
1686 3115 1828 3156 esse.

470 3170 618 3226 Tum
644 3171 836 3236 etiam,
861 3173 995 3245 quia
1021 3179 1306 3246 peccatum
1330 3180 1549 3252 actuale
1568 3194 1833 3236 consum-

1354 392 1364 399 ”
1400 413 1493 466 DE
1531 412 2113 468 JUSTIFICATIONE
2156 415 2355 471 1MP11.

1965 600 2100 658 ergo
2121 583 2274 642 idem
2301 592 2386 643 est
2424 586 2630 653 dicere,
2661 590 2909 663 gratiam
2954 604 3071 647 non
3105 589 3321 647 destrui

1967 670 2099 721 ante
2119 664 2428 724 adventum
2454 669 2660 740 peccati
2678 667 3009 736 habitualis,
3029 687 3092 726 ac
3119 669 3321 733 dicere,

1969 759 2085 801 non
2111 743 2237 801 dari
2276 746 2718 804 destructionem
2746 749 2946 823 gratiae
2972 756 3105 805 ante
3130 748 3327 823 gratiae

1967 826 2427 886 destructionem.
2451 844 2550 885 seu
2580 828 2965 901 privationem
2995 847 3007 881 :
3033 830 3184 904 quod
3204 831 3327 903 qui·

1967 908 2097 966 dem
2126 909 2493 965 verissimum
2520 915 2623 974 est,
2648 909 2749 968 sed
2767 910 2977 982 inepte,
3007 917 3065 967 et
3092 901 3327 985 prorsus

1969 988 2211 1046 identice
2238 991 2533 1059 asseritur,
2566 996 2628 1047 ut
2654 996 2894 1066 negetur
2918 991 3168 1066 gratiam
3195 991 3330 1049 des-

1970 1071 2084 1127 trui
2107 1071 2171 1127 in
2190 1070 2389 1128 eodem
2420 1072 2677 1139 instanti,
2705 1073 2767 1129 in
2795 1088 2907 1145 quo
2932 1077 3017 1129 est
3037 1079 3326 1144 peccatum

1969 1154 2205 1210 actuale.
2255 1154 2410 1210 Sicut
2433 1155 2483 1211 si
2528 1154 2656 1227 quis
2683 1160 2961 1211 assereret
2995 1156 3178 1212 lucem
3210 1170 3326 1212 non

1968 1232 2184 1289 destrui
2233 1233 2577 1300 formaliter,
2641 1233 2754 1289 nisi
2796 1250 2898 1306 per
2936 1232 3227 1302 umbram,
3270 1239 3327 1290 et

1969 1312 2117 1370 hanc
2136 1312 2351 1370 diceret
2369 1313 2528 1386 sequi
2555 1314 2627 1371 ad
2656 1314 3155 1388 interpositionem
3196 1330 3326 1370 cor-

1970 1396 2126 1468 poris
2139 1396 2320 1468 opaci,
2347 1401 2514 1469 atque
2539 1395 2676 1453 inde
2701 1396 3083 1465 concluderet,
3119 1398 3323 1463 lucem,

1968 1482 2025 1534 et
2052 1477 2547 1551 interpositionem
2568 1479 2823 1551 corporis
2848 1478 3008 1552 opaci
3039 1478 3101 1533 in
3127 1477 3326 1535 codem

1970 1558 2209 1614 instanti
2232 1558 2559 1623 coexistere,
2604 1558 2795 1631 inepte
2836 1558 2899 1615 in
2927 1559 3032 1615 hoc
3069 1556 3327 1615 discursu

1971 1638 2317 1712 procederet.
2346 1642 2492 1696 Nam
2526 1640 2734 1696 umbra
2758 1645 2843 1696 est
2869 1640 2993 1712 ipsa
3025 1638 3331 1697 destructio

1969 1720 2235 1777 formalis
2262 1721 2423 1787 luciS,
2442 1726 2499 1778 et
2520 1736 2636 1777 non
2659 1719 2875 1776 mediat
2901 1720 3056 1776 inter
3095 1720 3334 1792 positio-

1971 1796 2103 1857 nem
2131 1802 2406 1873 corporiS,
2436 1808 2494 1859 et
2532 1801 2675 1857 lucis
2715 1800 3162 1857 destructionem
3211 1822 3223 1856 ε
3277 1806 3334 1858 et

1970 1882 2101 1939 licet
2120 1882 2325 1940 ordine
2347 1887 2568 1939 naturai
2607 1885 2881 1955 sequatur
2927 1880 2995 1937 ad
3019 1881 3331 1954 interposi·

1971 1962 2187 2019 tionem
2207 1963 2465 2037 corporis
2495 1962 2679 2036 opaci,
2723 1960 3107 2018 nihilominus
3140 1961 3333 2017 existit

1969 2045 2033 2100 in
2053 2043 2251 2101 eodem
2277 2044 2516 2101 instanti
2540 2060 2668 2099 cum
2705 2043 2831 2109 illa,
2877 2058 2940 2099 ac
2961 2041 3202 2116 proinde
3226 2058 3332 2099 ne-

1967 2125 2091 2200 quit
2118 2126 2217 2181 lux
2236 2126 2410 2182 simul
2439 2142 2565 2182 cum
2589 2124 2692 2180 illa
2732 2122 3168 2196 interpositione
3188 2139 3328 2179 con—

1967 2207 2191 2263 sistere.
2223 2208 2288 2262 In
2333 2205 2533 2263 eodem
2582 2206 2770 2276 itaque
2818 2202 3077 2267 instanti,
3112 2203 3174 2258 in
3218 2219 3329 2274 quo

1969 2287 2358 2359 interponitur
2382 2301 2604 2359 corpuS,
2634 2283 2891 2356 sequitur
2933 2281 3157 2348 umbra,
3201 2299 3326 2354 quae

1967 2372 2053 2424 est
2098 2367 2221 2439 ipsa
2243 2365 2508 2423 formalis
2532 2362 2786 2421 carentia
2826 2362 2967 2418 lucis
2992 2386 3007 2430 ;
3035 2367 3091 2419 et
3129 2377 3327 2419 conse-

1967 2454 2209 2522 quenter
2235 2448 2299 2504 in
2323 2446 2524 2503 eodem
2556 2444 2791 2501 instanti
2831 2448 3180 2499 concurrunt
3204 2445 3328 2516 pri-

1968 2530 2121 2586 vatio
2161 2528 2300 2585 lucis
2332 2534 2450 2584 tam
2479 2528 2541 2583 in
2570 2526 2717 2592 fieri,
2747 2541 2875 2597 quat·
2901 2528 2985 2580 est
3018 2523 3327 2595 interposi-

1969 2610 2049 2667 tio
2067 2610 2325 2682 corporis
2350 2607 2530 2680 opaci,
2568 2614 2739 2679 quam
2785 2606 2847 2661 in
2878 2605 3021 2661 facto
3040 2619 3175 2669 esse,
3204 2620 3326 2676 qua}

1966 2698 2050 2752 est
2095 2692 2218 2765 ipsa
2263 2690 2489 2758 umbra,
2540 2706 2639 2746 seu
2682 2687 2929 2761 privatio
2959 2685 3139 2741 lucis:
3168 2685 3331 2741 etita

1968 2790 2072 2830 nec
2096 2788 2226 2829 cum
2248 2772 2353 2827 illa
2398 2769 2855 2843 interpositione,
2888 2784 2992 2824 nec
3034 2765 3237 2822 umbra
3266 2766 3327 2820 in

1967 2855 2072 2912 illo
2099 2853 2337 2910 instanti
2364 2850 2752 2927 conjungitur.
2773 2847 2940 2910 ,Idem
2969 2863 3102 2922 ergo
3128 2846 3328 2903 dicen-

1966 2935 2105 2992 dum
2133 2940 2219 2993 est
2236 2934 2306 2991 de
2334 2941 2556 3007 peccato
2597 2932 2826 2998 actuali,
2858 2936 2915 2986 et
2940 2928 3241 2993 habituali,
3272 2934 3330 2984 et

1965 3019 2169 3094 gratia,
2214 3033 2458 3089 quorum
2507 3014 2862 3073 conditiones
2913 3011 3162 3069 declarat
3209 3010 3330 3066 fre-

1965 3104 2206 3173 quenter
2227 3101 2292 3153 D.
2319 3099 2525 3155 Thom.
2566 3112 2664 3169 per
2686 3093 3012 3166 analogiam
3041 3091 3110 3147 ad
3132 3107 3327 3148 exem·
3364 3116 3418 3157 1),
3441 3117 3552 3158 Tm,

1969 3181 2128 3252 plum
2151 3179 2413 3251 proxime
2435 3176 2760 3236 adductum.

2039 3261 2429 3319 confirmatur
2453 3256 2701 3315 secundo
2732 3278 2745 3313 ε
2777 3272 2913 3311 nam
2941 3271 3011 3311 ex
3040 3253 3330 3310 sententia
3348 3261 3527 3305 Rescin-

1967 3342 2224 3414 praedicti
2276 3339 2549 3397 Authoris
2593 3338 2868 3411 sequitur,
2927 3335 3223 3392 hominem
3268 3312 3537 3404 inmssffle’

1964 3424 2164 3483 eodem
2213 3422 2451 3480 instanti
2479 3437 2600 3478 esse
2625 3420 2690 3476 in
2716 3419 2920 3493 gratia,
2967 3423 3023 3475 et
3052 3433 3171 3473 non
3211 3432 3332 3472 esse

1967 3506 2029 3562 in
2073 3505 2255 3578 gratia
2300 3517 2693 3574 :consequens
2721 3500 2980 3571 implicat
3009 3499 3071 3553 in
3126 3497 3332 3553 termi-

1967 3586 2057 3641 nis
2102 3607 2115 3641 :
2165 3601 2301 3658 ergo
2329 3583 2431 3639 illa
2470 3580 2729 3637 doctrina
2763 3585 2846 3635 est
2887 3578 3048 3634 falsa.
3094 3577 3331 3648 Sequela

1965 3664 2286 3723 ostenditur
2319 3679 2388 3718 ex
2431 3660 2752 3734 principiis,
2803 3674 2929 3730 qum
2968 3659 3143 3714 Lorca
3193 3673 3332 3728 sup·
3376 3672 3527 3713 norm.

1967 3745 2166 3818 ponit;
2234 3742 2437 3800 asserit
2486 3740 2645 3797 enim
2723 3744 3010 3811 peccatum
3078 3736 3326 3824 actuale,

1964 3830 2020 3882 et
2069 3823 2513 3880 destructionem
2583 3821 2783 3893 gratiae
2831 3833 2949 3875 non
2996 3831 3326 3872 mensurari

1965 3907 2279 3964 intrinsece
2345 3910 2600 3977 tempore
2668 3903 3025 3967 successivo,
3073 3902 3162 3957 vel
3204 3902 3331 3956 ins-

1965 3988 2220 4045 tantibus
2272 3987 2471 4050 illius,
2527 3983 2624 4045 sed
2693 3983 2913 4042 duobus
2981 3981 3332 4040 instantibus

1965 4067 2245 4134 discretis,
2301 4081 2545 4139 quorum
2589 4081 2769 4120 unum
2822 4064 3070 4122 succedit
3116 4063 3331 4118 imme-

1966 4149 2120 4206 diate
2142 4152 2264 4221 post
2291 4145 2488 4203 aliud:
2538 4146 2617 4202 ita
2660 4151 2720 4201 ut
2760 4146 2822 4202 in
2870 4147 3060 4218 primo
3088 4145 3330 4200 instanti

1966 4231 2210 4286 discreto
2233 4229 2307 4283 sit
2335 4243 2537 4284 verum
2566 4226 2753 4285 dicere
2787 4249 2800 4283 ε
2831 4227 2999 4284 Nunc
3037 4234 3113 4282 esc
3136 4228 3327 4296 qratia

471 3258 690 3309 matum
719 3253 799 3310 ita
824 3271 885 3311 se
912 3255 1080 3312 habet
1120 3255 1191 3311 ad
1225 3256 1534 3326 habituale,
1564 3261 1710 3317 sicut
1732 3278 1829 3336 ge-

472 3333 693 3390 neratio
721 3341 1117 3391 consummata
1150 3334 1218 3391 ad
1249 3337 1500 3394 formam
1544 3335 1829 3414 generan-

466 3412 601 3471 dam
635 3433 653 3467 .·
670 3415 828 3473 etita
851 3431 912 3472 se
937 3413 1107 3473 habet
1127 3415 1197 3473 ad
1223 3419 1470 3491 gratiam
1503 3442 1518 3487 ;
1541 3420 1685 3477 sicut
1704 3438 1833 3478 cor-

472 3497 660 3569 ruptio
687 3503 1081 3554 consummata
1097 3497 1166 3554 ad
1189 3499 1438 3556 formam
1460 3516 1833 3576 corrumpen-

467 3576 599 3632 dam
627 3598 641 3632 :
665 3576 848 3633 sedin
874 3577 1073 3635 eodem
1097 3578 1357 3645 instanti,
1379 3579 1442 3635 in
1463 3597 1574 3652 quo
1598 3583 1832 3653 ponitur

463 3659 759 3729 generatio
779 3664 1191 3725 consummata,
1219 3657 1374 3714 adest
1398 3659 1585 3717 forma
1599 3663 1793 3735 genita
1813 3686 1828 3730 ;

464 3740 604 3796 etin
640 3740 841 3798 eodem
883 3740 1143 3806 instanti,
1177 3742 1240 3796 in
1289 3757 1401 3813 quo
1443 3743 1676 3814 ponitur
1702 3762 1832 3802 cor-

468 3821 658 3892 ruptio
683 3825 1097 3887 consummata,
1130 3826 1346 3877 nonest
1362 3821 1550 3878 forma
1577 3837 1833 3881 corrum-

467 3901 671 3975 penda,
703 3903 800 3959 sed
823 3904 1011 3975 potius
1038 3919 1155 3960 non
1176 3919 1300 3961 esse
1326 3904 1501 3969 illius,
1534 3910 1594 3960 ut
1613 3911 1834 3963 constat

465 4000 535 4041 ex
563 3986 935 4058 Philosophia
967 4007 979 4041 ε
1010 4000 1146 4059 ergo
1172 3986 1236 4041 in
1251 3985 1452 4043 eodem
1476 3987 1736 4054 instanti,
1768 3989 1833 4045 in

466 4084 577 4140 quo
611 4072 1042 4125 consummatur
1070 4074 1360 4139 peccatum
1391 4070 1627 4132 actuale,
1663 4070 1831 4142 poni-

470 4154 562 4205 tur
584 4153 872 4221 peccatum
897 4147 1206 4214 habituale,
1232 4155 1289 4205 et
1329 4165 1446 4206 non
1474 4148 1626 4206 adest
1649 4149 1834 4223 gratia

467 4229 851 4286 sanctificans,
905 4228 965 4283 ld
1009 4228 1158 4301 quod
1202 4229 1553 4303 significasse
1606 4229 1834 4288 videtur

257 4306 705 4368 Jacobss-Jacobus
726 4328 846 4383 cap.
873 4312 920 4376 l,
950 4313 1357 4376 suaecanonicae,
1378 4309 1572 4367 dicens
1600 4331 1614 4365 ε
1639 4310 1834 4367 l’ccca·
1965 4329 2091 4366 cum
2116 4318 2329 4383 peccato
2369 4310 2601 4372 actuali,
2640 4315 2687 4363 et
2728 4308 3038 4363 immediate
3074 4314 3194 4381 post
3223 4324 3327 4362 non

468 4399 606 4460 tiam,
636 4410 759 4447 cum
782 4399 1217 4448 consummatum
1236 4392 1426 4463 suerit,
1449 4398 1670 4462 qenerat
1691 4410 1836 4448 mor·
1965 4393 2068 4446 erit
2098 4395 2191 4447 :et
2219 4390 2282 4446 in
2303 4388 2549 4446 secundo
2576 4388 2814 4444 instanti
2846 4387 3088 4445 discreto
3128 4385 3335 4444 verisi-

470 4481 593 4528 tcm.
1965 4477 2125 4529 cetur
2156 4493 2170 4530 z
2201 4471 2367 4529 Nunc
2412 4488 2522 4525 non
2567 4478 2643 4526 est
2688 4473 2893 4541 9ratia,
2931 4478 2979 4524 et
3022 4470 3332 4525 immediate

1968 4561 2132 4610 antea
2152 4560 2290 4608 erat.
2324 4554 2393 4607 Et
2417 4552 2550 4624 quia
2582 4568 2761 4608 unum
2790 4550 3150 4607 indivisibile
3173 4550 3332 4606 addi-

1967 4641 2090 4692 tum
2120 4635 2288 4693 alteri
2314 4650 2430 4691 non
2454 4634 2589 4690 facit
2609 4634 2885 4706 maJ'orem
2906 4631 3325 4694 extensionem,

1966 4732 2139 4790 quam
2177 4715 2413 4772 unicum
2461 4713 2835 4780 indivisibile,
2881 4712 3092 4769 idcirco
3131 4712 3333 4768 asserit

1969 4797 2089 4862 ille,
2123 4801 2430 4870 utrumque
2476 4793 2835 4850 indivisibile
2862 4792 3169 4862 discretum
3198 4808 3326 4848 cor-

1970 4877 2320 4951 respondere
2348 4879 2517 4934 unico
2554 4877 2791 4932 instanti
2821 4875 3092 4946 temporis
3115 4889 3337 4930 succes-

1966 4960 2098 5025 sivi,
2131 4964 2188 5016 et
2219 4957 2326 5014 sub
2354 4959 2458 5014 illo
2484 4956 2913 5027 comprehendi.
2947 4955 3037 5010 Sic
3061 4954 3333 5011 discurrit

1967 5043 2064 5100 ubi
2082 5060 2252 5116 supra
2284 5059 2434 5098 nunt.
2467 5042 2557 5096 31.
2592 5042 2675 5096 Ex
2693 5035 2901 5111 quibus
2923 5036 3221 5095 evidenter
3247 5055 3335 5096 se·

3111 5122 3327 5192 quitur,

233 4585 244 4608 x
281 4557 441 4650 1333·
547 4555 639 4621 83,
672 4553 1062 4611 confirmatur
1088 4554 1276 4626 primo
1321 4552 1674 4612 ostendendo
1703 4569 1832 4611 res-

266 4657 459 4710 amplius.
476 4638 812 4714 ponsionem
842 4641 1032 4695 Lorcae
1075 4643 1263 4711 petere
1291 4637 1663 4709 principium,
1695 4635 1833 4693 dum

469 4723 941 4796 asserit,gratiam
971 4737 1086 4778 non
1107 4719 1324 4776 destrui
1354 4717 1666 4790 usquedum
1688 4718 1836 4775 adsit

469 4809 756 4879 peccatum
774 4804 1081 4872 habituale,
1100 4802 1250 4876 quod
1269 4802 1408 4859 dicit
1427 4803 1587 4874 sequi
1609 4801 1680 4858 ad
1704 4817 1835 4874 pec-

466 4893 656 4944 catum
669 4888 884 4944 actuale
907 4888 1206 4959 :quoniam
1226 4889 1517 4958 peccatum
1543 4883 1836 4941 habituale

469 4968 619 5024 nihil
635 4967 792 5024 aliud
808 4973 982 5040 cst‚qu
991 4984 1083 5024 am
1099 4967 1427 5024 voluntaria
1442 4964 1835 5040 privatiosive

468 5047 725 5105 absentia
746 5049 960 5123 gratim,
990 5055 1051 5105 ut
1070 5049 1324 5106 diximus
1344 5049 1485 5121 disp.
1535 5050 1581 5111 l,
1611 5047 1740 5104 dub.
1776 5050 1825 5114 l;
