3647 5753
334 1503 438 1548 Atia
455 1512 520 1547 ra-

361 1552 425 1597 tio
442 1562 518 1606 pro

365 1612 501 1647 asser-

365 1651 496 1698 tione.

558 443 672 499 838

559 628 709 679 sum,
755 610 855 670 sed
899 611 1047 685 quod
1077 628 1319 685 persona
1344 609 1548 668 divina
1569 611 1633 668 in
1656 611 1761 670 hac
1808 612 1923 670 hu-

559 694 842 752 manitate
861 693 1176 751 subsistens
1201 698 1525 751 mereretur
1545 692 1616 750 de
1635 691 1922 768 condigno

559 791 820 852 personae
846 783 1047 834 creatae
1064 776 1137 832 >in
1164 776 1362 834 eadem
1392 776 1754 833 humanitate
1787 791 1921 850 pos-

559 865 650 917 tea
688 859 1021 916 subsistenti
1063 858 1488 932 reparationem
1517 863 1641 931 post
1667 858 1917 930 lapsum.

559 942 674 997 Nec
701 940 763 997 in
793 941 897 997 hoc
924 956 1054 996 casu
1084 940 1293 996 merita
1337 937 1712 1012 praecedentia
1756 954 1921 995 mor-

558 1020 919 1079 tificarentur
965 1037 1067 1095 per
1110 1020 1461 1094 subsequens
1518 1022 1807 1093 peccatum
1856 1020 1919 1078 in

557 1105 674 1164 alio
717 1105 1011 1179 supposito
1063 1105 1436 1162 commissum
1469 1127 1483 1170 ;
1538 1102 1635 1161 sed
1689 1118 1920 1177 semper

554 1192 861 1244 manerent
889 1188 952 1242 in
999 1185 1380 1258 acceptatione
1407 1185 1528 1252 Dei,
1574 1191 1637 1240 ut
1683 1183 1921 1257 propria

553 1268 718 1324 illius
743 1267 1020 1340 suppositi
1049 1265 1258 1331 divini,
1290 1265 1438 1340 quod
1468 1266 1531 1321 in
1562 1264 1764 1323 eadem
1805 1265 1920 1321 hu-

553 1350 833 1407 manitate
889 1346 1205 1403 subsistens
1246 1347 1352 1403 illa
1402 1346 1697 1414 elicuerat,
1748 1351 1806 1402 et
1845 1343 1918 1402 ad

556 1430 890 1506 praedictum
918 1429 1180 1486 effectum
1208 1426 1600 1485 ordinaverat.

631 1513 725 1567 68.
755 1510 972 1568 Deinde
1000 1508 1275 1582 probatur
1300 1507 1500 1565 eadem
1537 1507 1775 1565 assertio
1801 1507 1918 1582 alia

557 1594 781 1653 ratione
807 1595 1107 1666 desumpta
1126 1607 1197 1648 ex
1226 1594 1288 1648 D.
1308 1592 1512 1649 Thom.
1535 1592 1599 1648 in
1621 1590 1911 1664 praesenti,

555 1692 680 1750 quae
698 1682 877 1749 potest
898 1675 978 1731 ita
999 1673 1277 1747 proponi:
1301 1689 1437 1730 nam
1460 1671 1916 1746 implicatorium

554 1766 639 1817 est
664 1758 809 1816 illud
846 1758 1141 1826 meritum,
1175 1756 1265 1814 cui
1301 1755 1371 1814 ab
1400 1756 1714 1812 intrinseco
1741 1770 1916 1828 repu-

552 1846 692 1919 gnat
708 1840 902 1897 efficax
924 1838 1284 1913 attingentia‚
1311 1854 1412 1894 seu
1435 1836 1804 1910 consequutio
1823 1835 1915 1892 sui

554 1921 825 1997 praemii:
869 1921 966 1977 sed
1001 1920 1208 1976 merito
1235 1918 1305 1976 de
1327 1918 1615 1993 condigno
1646 1915 1915 1975 ordinato

552 2005 624 2063 ad
651 2004 926 2060 merentis
953 2002 1378 2075 reparationem
1408 2006 1530 2073 post
1557 2001 1801 2072 lapsum,
1844 1996 1914 2054 ab

552 2088 864 2145 intrinseco
904 2091 1184 2161 repugnat
1222 2084 1417 2142 efficax
1459 2081 1819 2157 attingentia‚
1860 2086 1915 2138 et

550 2169 918 2244 consequutio
966 2167 1219 2241 praedicti
1265 2164 1494 2239 praemii
1548 2185 1562 2220 ε
1615 2179 1749 2238 ergo
1800 2163 1915 2220 tale

551 2253 827 2310 meritum
843 2256 927 2308 est
942 2249 1415 2322 implicatorium,
1435 2252 1492 2304 et
1504 2249 1915 2319 consequenter

551 2348 657 2390 nec
683 2348 784 2406 per
811 2331 1129 2389 absolutam
1166 2330 1268 2386 Dei
1311 2327 1624 2403 potentiam
1652 2325 1779 2385 fieri
1809 2342 1915 2399 po-

545 2419 674 2477 test,
705 2411 855 2485 quod
894 2411 1023 2484 quis
1063 2415 1355 2467 mereatur
1393 2408 1506 2465 sibi
1534 2407 1604 2465 de
1628 2406 1913 2481 condigno

544 2494 975 2566 reparationem
1003 2496 1128 2564 post
1153 2491 1401 2564 lapsum.
1431 2491 1686 2563 Utraque
1712 2504 1913 2546 conse-

538 2573 778 2646 quentia
795 2577 966 2645 patet.
985 2571 1171 2643 MaJ'or
1190 2577 1274 2626 est
1290 2572 1616 2636 manifesta,
1635 2568 1911 2642 quoniam

543 2654 677 2712 licet
697 2670 863 2711 causa
887 2652 1063 2725 possit
1082 2650 1355 2724 impediri
1382 2650 1452 2708 ab
1469 2652 1694 2717 actuali,
1714 2656 1770 2707 et
1789 2649 1913 2707 effi-

538 2735 662 2792 caci
687 2734 1027 2806 attingentis
1048 2734 1138 2787 sui
1159 2731 1406 2797 effectus,
1428 2731 1555 2787 fieri
1575 2738 1769 2788 tamen
1793 2747 1911 2788 non

548 2815 721 2880 valet,
757 2819 817 2868 ut
835 2826 1017 2868 causae
1034 2809 1103 2867 ab
1120 2810 1432 2866 intrinseco
1455 2815 1733 2885 repugnet
1752 2810 1913 2867 effec-

547 2902 676 2952 tum
704 2896 1003 2968 attingere,
1034 2907 1166 2948 cum
1191 2906 1357 2947 causa
1390 2892 1770 2949 constituatur
1811 2907 1912 2964 per

546 2976 948 3036 habitudinem
984 2973 1055 3032 ad
1082 2972 1365 3041 effectum,
1400 2974 1524 3031 sive
1551 2989 1652 3048 per
1695 2975 1912 3048 aptitu-

544 3059 766 3125 dinem,
796 3063 857 3114 ut
876 3059 956 3115 sic
976 3057 1256 3123 dicamuS,
1282 3061 1339 3113 et
1361 3071 1478 3112 non
1495 3060 1910 3131 repugnantem

545 3141 668 3215 ejus
690 3139 1112 3214 attingentiam.
1140 3140 1262 3203 Qua
1284 3138 1509 3194 ratione
1528 3137 1633 3194 etsi
1658 3137 1913 3194 intellec-

545 3229 639 3280 tus
659 3220 930 3295 suspendi
955 3221 1143 3277 valeat
1164 3218 1235 3275 ab
1264 3219 1659 3294 intelligendo,
1683 3224 1740 3275 et
1759 3219 1912 3295 ignis

474 3292 481 3301 ’
548 3322 583 3362 a
604 3300 1018 3370 calefaciend03
1049 3301 1436 3359 nihilominus
1457 3301 1712 3375 implicat
1734 3301 1912 3358 intel-

546 3387 743 3453 lectuS,
775 3383 866 3440 cui
892 3388 1167 3458 repugnet
1195 3382 1538 3457 intelligere,
1561 3387 1620 3439 et
1638 3382 1792 3458 ignis
1818 3381 1910 3438 cui

544 3470 826 3540 repugnet
863 3465 1190 3521 calefacere.
1236 3465 1467 3520 Constat
1506 3468 1717 3529 autem,
1760 3461 1911 3536 quod

546 3547 824 3604 meritum
852 3544 922 3601 de
961 3543 1247 3617 condigno
1272 3549 1358 3600 est
1383 3560 1550 3601 causa
1592 3544 1817 3616 praemii
1847 3543 1910 3599 in

525 3646 666 3688 ‘esse
706 3630 858 3686 talia.
906 3629 1055 3702 Ergo
1081 3628 1347 3702 quamvis
1388 3627 1699 3698 aliquando
1726 3626 1910 3684 meri-

544 3718 668 3768 tum
697 3710 1050 3784 impediatur
1086 3707 1156 3766 ab
1199 3708 1539 3782 attingentia
1581 3708 1808 3775 actuali,
1855 3712 1911 3765 et

524 3791 751 3850 ⁴efficaci
780 3790 1020 3865 praemii,
1054 3794 1115 3845 ut
1155 3789 1436 3864 contingit
1464 3790 1527 3846 in
1553 3790 1644 3846 his
1664 3791 1762 3864 qui
1791 3808 1910 3849 non

447 3889 457 3899 ·
546 3878 947 3948 perseverant;
991 3871 1386 3928 chimaericum
1416 3876 1610 3928 tamen
1636 3877 1722 3928 est
1762 3872 1910 3930 illud

547 3955 843 4021 meritum,
870 3956 962 4012 cui
989 3954 1058 4011 ab
1083 3954 1394 4011 intrinseco
1417 3960 1694 4027 repugnat
1714 3954 1910 4014 efficax

546 4037 908 4111 attingentia‚
959 4051 1057 4091 seu
1105 4035 1472 4108 consequutio
1518 4035 1608 4090 sui
1656 4037 1905 4109 praemii.

541 4119 736 4175 Minor
773 4118 1018 4189 denique
1063 4115 1404 4184 ostenditur,
1447 4116 1584 4189 quia
1630 4117 1906 4175 meritum

522 4200 873 4258 *ordinatum
914 4198 985 4256 ad
1026 4198 1450 4272 reparationem
1493 4205 1617 4272 post
1658 4201 1903 4274 lapsum,

542 4279 759 4355 nequit
781 4283 886 4339 hoc
913 4282 1222 4354 praemium
1250 4279 1549 4339 efficaciter
1577 4281 1821 4350 inferre,
1852 4288 1908 4342 et

540 4364 840 4439 attingere,
889 4363 1002 4419 nisi
1047 4367 1171 4435 post
1213 4363 1456 4435 lapsum,
1485 4366 1542 4419 et
1569 4368 1903 4435 peccatum3

542 4445 830 4518 reparatio
857 4443 1015 4500 enim
1040 4449 1165 4517 post
1185 4443 1430 4516 lapsum,
1450 4447 1730 4515 quatenus
1751 4446 1901 4513 talia,

540 4526 924 4584 essentialiter
969 4526 1159 4598 ipsum
1208 4525 1458 4596 lapsum,
1509 4528 1567 4580 et
1614 4530 1905 4598 peccatum

546 4607 951 4684 praesupponit,
978 4614 1040 4663 ut
1060 4624 1131 4663 ex
1159 4607 1298 4679 ipsis
1318 4607 1588 4663 terminis
1610 4608 1789 4681 liquet
1815 4629 1829 4664 :
1851 4615 1908 4667 et

540 4698 952 4764 consequenter
993 4690 1146 4747 inter
1186 4689 1479 4760 meritum,
1512 4695 1569 4748 et
1602 4690 1716 4748 tale
1757 4708 1908 4765 prae-

543 4775 732 4832 mium
755 4771 919 4829 debet
947 4772 1203 4829 mediare
1226 4777 1515 4843 peccatum
1544 4793 1557 4828 ε
1588 4772 1744 4846 atqui
1775 4789 1907 4846 pec-

542 4863 732 4914 catum
761 4856 969 4912 merito
983 4855 1397 4927 superveniens
1413 4854 1558 4911 illud
1574 4856 1901 4927 mortificat,

522 4974 527 4977 -
542 4939 776 5013 ejusque
794 4936 1098 4995 efficaciam
1113 4935 1363 4993 excludit
1382 4959 1397 5004 ;
1420 4935 1702 5009 siquidem
1719 4939 1908 5012 expel-

544 5021 613 5076 lit
638 5022 908 5095 gratiam,
940 5019 1031 5076 cui
1059 5023 1175 5075 tota
1212 5018 1321 5083 viS,
1354 5023 1411 5075 et
1436 5017 1683 5077 efficacia
1710 5021 1909 5078 meriti

545 5102 848 5169 innititur3
891 5106 949 5159 et
986 5101 1222 5173 insuper
1260 5100 1554 5158 constituit
1588 5101 1907 5176 subiectum

1596 442 1689 496 DE
1730 442 2038 499 PRAEMIO
2090 444 2370 502 MERITI.

2051 616 2167 672 Deo
2214 613 2625 684 abominabile,
2671 623 2728 676 et
2772 619 2934 676 omni
2978 619 3226 693 praemio
3270 619 3441 678 indi-

2048 712 2228 771 guum
2259 719 2273 753 ε
2302 712 2439 773 ergo
2467 701 2675 758 merito
2702 700 2772 758 de
2789 700 3078 776 condigno
3100 699 3175 757 ad
3195 717 3441 759 meren·

2051 779 2126 836 tis
2166 780 2590 852 reparationem
2633 787 2756 854 post
2784 783 3009 856 lapsum
3038 788 3341 857 repugnat
3367 782 3438 840 ab

2051 860 2367 920 intrinseco
2382 862 2576 920 efficax
2599 863 2960 936 attingentia‚
2980 867 3037 920 et
3051 865 3438 939 consequutio

2052 941 2308 1015 praedicti
2331 944 2580 1016 praemii.

2124 1021 2533 1090 confirmatur,
2565 1029 2620 1082 et
2659 1023 3021 1081 declaratur:
3053 1040 3192 1081 nam
3241 1026 3433 1167 megi
3466 1032 3566 1124 (ἓξ-ἓ
3613 1061 3614 1064 =

2049 1101 2193 1170 tum,
2237 1109 2293 1161 et
2338 1106 2642 1180 praemium
2688 1110 2822 1163 sunt
2860 1106 3212 1165 correlativa
3265 1129 3283 1165 ε

2050 1191 2347 1259 repugnat,
2392 1186 2540 1261 quod
2583 1188 2871 1260 reparatio
2912 1194 3035 1261 post
3076 1189 3321 1261 lapsum
3357 1190 3432 1246 sit

2049 1267 2355 1338 praemium
2397 1266 2653 1325 debitum
2699 1268 2968 1342 operibus
3014 1276 3147 1327 ante
3188 1271 3429 1345 lapsum

2050 1348 2212 1405 factis
2244 1371 2258 1406 ε
2287 1366 2424 1425 ergo
2452 1357 2750 1426 repugnat,
2781 1353 2930 1427 quod
2958 1356 3085 1426 quis
3112 1352 3184 1410 de
3212 1353 3431 1411 condi-

2045 1444 2161 1504 gno
2199 1436 2492 1488 mereatur
2532 1435 2953 1505 reparationem
3000 1438 3126 1506 post
3161 1434 3428 1507 lapsum.

2049 1510 2332 1568 Probatur
2376 1513 2590 1579 minor,
2622 1514 2757 1586 quia
2799 1514 3085 1588 reparatio
3114 1520 3249 1587 post
3298 1516 3418 1589 lap·

2046 1608 2175 1648 sum
2196 1594 2467 1665 supponit
2488 1595 2695 1651 merita
2717 1594 3060 1652 mortificata
3075 1599 3199 1668 post
3224 1595 3426 1670 ipsum

2047 1674 2291 1746 lapsum,
2323 1678 2378 1730 et
2406 1679 2465 1729 ut
2486 1675 2791 1731 constituta
2809 1674 2916 1731 sub
2945 1674 3428 1747 mortificationis

2045 1761 2195 1813 statu
2246 1777 2261 1814 ε
2316 1760 2372 1812 at
2415 1759 2651 1826 ,meritis
2703 1755 3080 1832 mortificatis,
3130 1766 3427 1832 quatenus

2045 1836 2275 1903 talibus,
2325 1854 2442 1896 non
2495 1838 2735 1897 debetur
2790 1840 3094 1913 praemium
3122 1864 3138 1908 ;
3193 1843 3424 1917 alioqui

2045 1918 2387 1977 mortificata
2409 1935 2525 1976 non
2550 1926 2758 1988 essent,
2782 1921 2880 1979 sed
2910 1922 3050 1995 potis
3070 1956 3096 1977 „2
3125 1922 3348 1989 vitam,
3371 1930 3425 1981 et

2039 2000 2134 2075 jus
2154 2001 2371 2057 actuale
2396 2001 2768 2073 explicarent,
2801 2009 2863 2058 ut
2889 2003 3028 2058 satis
3054 2019 3124 2059 ex
3150 2017 3218 2060 se
3243 2020 3424 2061 cons·

2045 2085 2126 2137 tat
2169 2103 2182 2138 z
2230 2098 2365 2157 ergo
2405 2089 2704 2158 repugnat,
2748 2084 2900 2157 quod
2949 2085 3244 2158 reparatio
3299 2093 3426 2160 post

2045 2164 2270 2237 lapsum
2292 2165 2369 2220 sit
2385 2166 2687 2238 praemium
2709 2165 2966 2223 debitum
2985 2166 3262 2241 operibus
3286 2175 3426 2226 ante

2044 2247 2268 2321 lapsum
2298 2247 2475 2305 factiS.
2510 2248 2669 2314 Quod
2698 2250 2982 2306 motivum
3004 2266 3133 2307 cum
3156 2266 3271 2307 sna
3291 2267 3430 2309 con·

2044 2327 2377 2389 firmatione
2412 2335 2743 2407 complexus
2775 2337 2860 2389 est
2887 2335 2949 2390 D.
2982 2333 3186 2391 Thom.
3223 2338 3295 2390 in
3322 2327 3490 2392 hoen
3504 2325 3568 2367 ¹⁹⁶

2041 2420 2153 2469 art.
2179 2415 2233 2479 6,
2268 2412 2359 2469 his
2383 2414 2619 2471 verbiS.
2651 2413 2814 2471 Ratio
2842 2417 3024 2471 meriti
3048 2404 3114 2471 ‘de
3138 2416 3426 2486 condique

2042 2492 2294 2565 dependet
2333 2511 2406 2550 ecc
2438 2496 2670 2550 motione
2714 2493 2915 2550 divina
2953 2497 3148 2566 matisc
3190 2496 3424 2570 (utique

2043 2592 2162 2632 non
2184 2577 2373 2632 solum
2395 2578 2651 2640 actualis,
2672 2575 2767 2632 sed
2790 2578 2964 2634 etiam
2987 2577 3330 2646 habitualis»,
3358 2586 3424 2636 ut

2041 2657 2412 2730 exposuimus
2454 2658 2596 2731 disp.
2640 2659 2693 2722 3,
2728 2657 2854 2715 dub.
2919 2661 2985 2730 1),
3030 2677 3145 2736 qua
3189 2660 3420 2735 quidem

2041 2738 2209 2792 motio
2255 2737 2679 2810 interrumpitur
2720 2755 2818 2811 per
2855 2756 3079 2816 sequens
3102 2748 3413 2812 peecatum.

2049 2816 2200 2873 Unde
2243 2820 2432 2873 omnia
2471 2820 2744 2891 beneficia,
2778 2837 2892 2897 quae
2910 2820 3258 2893 postmodum
3286 2823 3418 2902 quis

2042 2903 2406 2974 consequitur,
2430 2921 2540 2959 non
2560 2903 2764 2959 cadunt
2783 2902 2881 2959 sub
2900 2905 3110 2970 merito,
3137 2910 3411 2983 tanquam

2041 2984 2275 3038 motione
2298 2985 2506 3055 prioris
2524 2987 2720 3056 qratia>
2753 3001 2919 3061 usque
2958 2983 3033 3039 ad
3057 2984 3167 3041 haic
3205 3003 3316 3041 non
3352 3004 3409 3042 se

2040 3065 2374 3121 extendente.

2115 3146 2206 3201 69.
2231 3143 2638 3219 RespondebiS,
2658 3144 2931 3202 meritum
2955 3160 3221 3203 exercere
3237 3162 3406 3205 suam
3457 3159 3552 3203 εει-

2041 3227 2473 3284 causalitatem
2458 3243 2520 3283 tn
2545 3227 2733 3299 primo
2755 3226 3013 3296 instanti,
3035 3228 3100 3284 in
3120 3244 3228 3301 quo
3245 3228 3406 3285 exis-
3440 3219 3554 3263 gum

2041 3307 2145 3375 tit;
2176 3312 2311 3364 tunc
2348 3308 2506 3365 enim
2536 3308 2716 3364 allicit
2746 3308 3149 3380 praemiantem
3192 3307 3265 3365 ad
3304 3308 3403 3366 de·

2039 3388 2394 3447 cernendum
2424 3390 2728 3463 praemium
2772 3412 2785 3446 :
2812 3390 2875 3446 in
2902 3406 3014 3463 qua
3039 3391 3249 3447 morali
3280 3407 3402 3448 mo-

2040 3470 2198 3526 tione
2224 3470 2530 3528 causalitas
2555 3470 2752 3527 meriti
2780 3471 2892 3528 sita
2918 3476 3025 3527 est.
3055 3470 3223 3529 Unde
3247 3471 3404 3528 suffi-

2039 3550 2134 3619 cit,
2182 3552 2332 3625 quod
2377 3567 2609 3609 merens
2647 3551 2721 3607 sit
2757 3568 2863 3625 pro
2902 3552 3009 3609 illo
3055 3552 3299 3611 instanti
3344 3553 3403 3609 in

2039 3639 2187 3691 statu
2229 3635 2450 3709 gratiae.
2483 3634 2642 3699 Quod
2680 3640 2869 3691 autem
2900 3641 3189 3708 peccatum
3217 3641 3408 3709 postea

2038 3715 2317 3785 succedat,
2351 3720 2435 3772 est
2473 3731 2577 3789 per
2618 3713 2896 3783 accidenS,
2928 3721 2987 3773 et
3019 3732 3136 3773 non
3165 3716 3408 3791 impedit

2041 3797 2470 3855 antecedentem
2514 3797 2708 3854 meriti
2754 3797 3169 3854 causalitatem.
3222 3802 3407 3872 Atque

2040 3881 2169 3938 ideo
2188 3896 2303 3936 non
2328 3878 2687 3954 repugnabit,
2707 3879 2857 3951 quod
2878 3880 3151 3936 meritum
3176 3881 3234 3936 in
3256 3886 3406 3938 statu

2034 3960 2273 4035 justitiae
2314 3959 2576 4016 habitum
2618 3964 2847 4017 moveat
2886 3961 3290 4032 praemiantem
3338 3961 3410 4017 ad

2039 4039 2484 4106 decernendum,
2528 4046 2583 4097 et
2627 4039 3041 4096 conferendum
3084 4043 3406 4113 reparatio-

2040 4135 2174 4177 nem
2216 4126 2341 4193 post
2381 4122 2624 4194 lapsum,
2658 4124 2714 4175 et
2751 4118 2900 4191 quod
2942 4124 3308 4194 comparetur
3335 4121 3406 4178 ad

2039 4203 2188 4259 hanc
2217 4202 2640 4276 reparationem
2668 4206 2945 4274 tanquam
2975 4202 3045 4260 ad
3073 4204 3404 4276 praemium,

2036 4289 2095 4340 et
2139 4283 2422 4341 effectum.
2468 4282 2622 4338 Sicut
2671 4282 2732 4336 in
2774 4281 3137 4339 naturalibus
3175 4282 3404 4349 sufficit,

2037 4362 2186 4436 quod
2207 4377 2491 4437 generans
2517 4360 2878 4433 impresserit
2905 4380 2938 4420 a
2962 4363 3248 4437 principio
3277 4364 3408 4420 vir-

2036 4448 2218 4501 tutem
2245 4442 2476 4508 semini,
2512 4447 2571 4498 ut
2597 4442 2827 4499 effectus
2846 4443 3090 4500 seminis
3116 4443 3408 4502 attribua-

2037 4531 2134 4582 tur
2146 4525 2467 4600 generanti,
2489 4524 2619 4580 licet
2632 4523 2781 4580 istud
2796 4523 2990 4579 statim
3009 4531 3131 4597 post
3144 4524 3405 4583 decisum

2036 4625 2235 4668 semen
2264 4608 2567 4664 moriatur.

2111 4689 2220 4747 Sed
2243 4694 2440 4748 contra
2465 4694 2551 4745 est
2571 4687 2794 4760 primo.
2820 4704 2955 4744 nam
2977 4693 3102 4746 esto
3125 4688 3576 4789 ωενίίαωΐτιτξ

2037 4776 2295 4830 exerceat
2340 4768 2627 4842 adaequate
2677 4784 2844 4825 suam
2892 4770 3284 4828 causalitatem
3339 4773 3410 4829 in

2040 4855 2230 4930 primo
2257 4853 2496 4910 instanti
2526 4852 2588 4908 in
2615 4867 2728 4923 quo
2754 4857 2855 4921 est,
2883 4854 3078 4925 nequit
3106 4859 3303 4911 tamen
3327 4857 3412 4912 il-

2039 4939 2155 4994 lam
2184 4951 2447 4994 exercere
2475 4935 2537 4992 in
2560 4932 2766 4991 ordine
2794 4896 2861 4991 ad
2893 4934 3219 5015 praemium,
3251 4938 3410 5030 quod

2038 5018 2305 5092 explicite
2345 5017 2617 5089 importat
2662 5017 2977 5073 carentiam
3025 5011 3285 5075 efficaciae
3341 5020 3410 5075 in

2041 5099 2272 5203 merito,
2302 5104 2360 5156 et
2397 5096 2650 5172 ejusdem
2688 5098 2885 5153 meriti
2926 5096 3401 5164 destructionem,

3299 5198 3406 5239 seu
