3647 5753
471 407 579 461 448
1400 382 1511 461 'DE
1547 402 2129 460 JUSTlFICATIONE
2169 401 2376 456 nuru.

277 580 433 625 Dffho-
471 577 535 632 D.
560 577 762 633 Thom.
790 584 974 654 quast.
997 580 1069 634 27
1094 579 1157 634 de
1190 578 1359 637 Verit.
1387 586 1495 635 art.
1521 580 1575 644 2,
1601 580 1661 633 in
1680 595 1819 650 resp.

465 659 541 713 ad
565 662 621 714 7.
653 661 798 716 Tum
840 661 1036 728 etiam,
1082 662 1216 735 quia
1242 662 1311 720 de
1357 663 1580 720 ratione
1606 666 1827 717 naturas

466 737 682 794 divinae
708 755 810 811 per
832 741 1327 814 participationem
1370 747 1457 799 est
1479 740 1827 807 constituere

466 815 654 875 filium
684 820 783 876 Dei
838 837 941 893 per
984 823 1507 896 participationem,
1539 828 1596 880 et
1623 837 1825 878 conse-

464 905 706 971 quenter
735 907 1001 973 praestare
1022 904 1116 977 jus
1142 905 1516 963 connaturale
1544 902 1613 959 ad
1640 901 1828 958 haere-

465 980 703 1039 ditatem
731 989 1051 1055 paternam,
1104 986 1227 1042 sive
1266 985 1337 1042 ad
1390 983 1821 1047 beatitudinem,

465 1079 589 1136 quae
614 1063 749 1135 quid
771 1080 1113 1136 permanens
1151 1072 1253 1134 est,
1287 1074 1348 1124 ut
1392 1067 1461 1124 de
1500 1084 1561 1124 se
1606 1068 1822 1141 liquet:

464 1144 564 1201 sed
605 1146 792 1202 forma
830 1148 1065 1223 exigens
1105 1147 1176 1204 ab
1242 1149 1556 1207 intrinseco
1606 1147 1826 1222 aliquid

467 1242 829 1300 permanenS,
846 1234 906 1283 ut
926 1228 1036 1284 sibi
1062 1231 1519 1287 connaturaliter
1541 1230 1820 1295 debitum,

463 1307 629 1365 debet
648 1324 769 1365 esse
791 1326 1153 1381 permanenS,
1177 1328 1307 1368 cum
1323 1312 1612 1387 exigentia
1642 1312 1725 1368 rei
1753 1310 1826 1367 ab

462 1389 778 1447 intrinseco
807 1393 1199 1463 permanentis
1228 1399 1468 1465 nequeat
1496 1392 1732 1449 fundari
1761 1392 1826 1447 in

467 1486 528 1526 re
549 1468 618 1524 ab
635 1470 947 1528 intrinseco
967 1473 1324 1529 transeunti:
1349 1490 1484 1548 ergo
1506 1473 1575 1530 de
1600 1473 1826 1530 ratione

465 1556 683 1607 natura:-
728 1550 943 1609 divinae
988 1553 1093 1609 sub
1137 1560 1406 1628 conceptu
1452 1560 1672 1611 naturae
1716 1556 1819 1619 est,

462 1632 611 1706 quod
631 1634 705 1688 sit
732 1650 1097 1706 permanens.

536 1713 803 1780 Secundo,
835 1715 969 1787 quia
995 1717 1193 1772 omnia
1219 1732 1346 1789 quae
1381 1716 1636 1772 diximus
1657 1722 1819 1772 tract.

464 1793 684 1867 praeced.
712 1794 855 1867 disp.
887 1795 1072 1851 4dub.
1091 1798 1145 1861 8,
1175 1802 1234 1851 ut
1256 1795 1722 1853 ostenderemus
1708 1813 1826 1852 im-

467 1874 797 1949 possibilem
824 1892 946 1933 esse
986 1878 1163 1933 aliam
1190 1878 1438 1952 gratiam
1468 1878 1823 1935 habitualem

464 1954 722 2028 specifice
743 1956 1071 2013 distinctam
1101 1976 1132 2015 a
1158 1959 1343 2032 gratia
1372 1957 1674 2025 habituali,
1701 1973 1826 2031 quae

467 2035 637 2093 modo
658 2035 826 2092 datur
847 2038 1015 2110 (quod
1042 2039 1217 2095 etiam
1245 2044 1436 2096 tuetur
1457 2043 1688 2097 Arauxo
1710 2039 1826 2094 ibi-

464 2115 596 2173 dem
629 2117 859 2189 relatus)
888 2120 1102 2190 pariter
1128 2121 1402 2177 evincunt
1443 2120 1826 2193 impossibili-

464 2204 638 2256 tatem
662 2201 899 2257 alterius
923 2203 1124 2275 gratiae
1153 2204 1406 2271 actualis,
1440 2219 1566 2276 quae
1588 2204 1660 2259 sit
1689 2220 1826 2277 par-

468 2280 718 2354 ticipatio
760 2282 1021 2338 formalis
1068 2290 1288 2341 naturae
1328 2284 1560 2340 divinae.
1595 2287 1825 2341 Etenim

465 2363 593 2420 ideo
635 2370 913 2437 repugnat
940 2366 1051 2422 alia
1076 2367 1261 2439 gratia
1290 2366 1600 2423 habitualis
1639 2368 1826 2440 specie

465 2442 712 2509 diversa,
738 2444 871 2515 quia
898 2447 1132 2516 propria
1156 2446 1370 2519 species
1395 2446 1593 2520 gratiae
1619 2447 1828 2503 sancti-

467 2524 692 2581 ficantis
718 2525 977 2580 consistit
1003 2529 1064 2582 in
1106 2529 1542 2600 participatione
1584 2528 1822 2584 formali

466 2609 688 2660 naturae
716 2602 931 2660 divinae
964 2605 1069 2661 sub
1108 2613 1377 2679 conceptu
1416 2615 1658 2675 naturae,
1703 2608 1827 2665 sive

468 2683 676 2741 radicis
697 2686 1097 2755 operationum
1137 2686 1503 2753 divinarum;
1527 2705 1651 2760 quae
1680 2689 1827 2744 ratio

463 2771 549 2825 est
577 2767 955 2823 indivisibilis
982 2773 1099 2823 tam
1134 2784 1204 2824 ex
1237 2773 1391 2841 parte
1421 2769 1619 2826 formae
1643 2772 1826 2843 parti-

465 2847 680 2921 cipatae,
719 2864 891 2921 quam
929 2865 1001 2906 ex
1036 2855 1194 2922 parte
1221 2848 1377 2907 modi
1418 2851 1821 2924 participandi.

465 2930 526 2986 Si
546 2931 706 2986 enim
735 2932 824 2986 vel
856 2947 972 2988 non
1000 2932 1375 3003 participatur
1400 2941 1698 3006 conceptus
1727 2950 1827 2991 na·

466 3016 612 3067 turae
640 3010 870 3078 divinas,
897 3013 990 3068 vel
1014 3029 1129 3068 non
1152 3014 1527 3086 participatur
1557 3015 1825 3072 formali-

466 3096 572 3158 ter,
617 3098 673 3148 et
701 3093 984 3150 imitando
1011 3094 1179 3150 illam
1208 3102 1377 3167 prout
1396 3101 1479 3152 est
1509 3097 1569 3152 in
1597 3113 1678 3161 se,
1707 3113 1825 3153 non

465 3171 637 3230 datur
678 3175 1038 3247 participatio
1071 3176 1336 3233 formalis
1366 3183 1584 3233 naturae
1610 3177 1827 3235 divinae

461 3252 569 3309 sub
595 3260 865 3327 conceptu
890 3260 1124 3323 naturas,
1158 3273 1220 3313 ac
1246 3255 1488 3313 subinde
1515 3273 1617 3313 nec
1641 3258 1826 3332 gratia

461 3336 855 3393 sanctificans:
883 3337 980 3393 ubi
1005 3344 1194 3395 autem
1219 3345 1525 3413 utrumque
1544 3341 1819 3406 salvatur,

467 3422 631 3477 nulla
695 3419 1021 3479 differentia
1071 3421 1333 3495 specifica
1379 3423 1703 3497 assignatur
1752 3439 1826 3479 ex

469 3509 628 3575 parte
670 3505 869 3578 gratias
895 3503 1302 3561 sanctificantis
1340 3527 1354 3562 ε
1387 3506 1539 3562 unde
1559 3506 1827 3578 quaelibet

465 3583 810 3658 differentia,
841 3601 965 3658 quae
995 3585 1147 3641 inter
1166 3586 1379 3659 gratias
1398 3583 1827 3644 ‘sanctificantes

464 3665 746 3740 assignari
777 3669 945 3734 valet,
975 3674 1058 3724 est
1087 3667 1470 3734 accidentaliS,
1499 3683 1705 3742 nempe
1730 3685 1826 3726 se-

459 3745 713 3802 cundum
738 3748 958 3820 aliquos
997 3749 1212 3815 mod05,
1236 3748 1334 3821 qui
1360 3754 1494 3805 sunt
1513 3757 1676 3807 extra
1702 3750 1825 3824 ejus

459 3827 728 3898 speciem,
760 3833 957 3901 utputa
979 3827 1130 3902 quod
1157 3829 1220 3885 in
1246 3845 1359 3885 uno
1386 3831 1460 3885 sit
1490 3831 1735 3896 intensa,
1757 3831 1821 3885 in

460 3905 576 3961 alio
618 3908 891 3975 remissa;
924 3908 986 3964 in
1019 3925 1131 3964 uno
1160 3907 1373 3966 radicet
1397 3910 1670 3981 quasdam
1696 3911 1823 3965 vir-

458 3989 626 4054 tutes,
656 4004 795 4059 quas
818 4005 936 4045 non
968 3987 1182 4045 radicat
1208 3992 1271 4045 in
1314 3991 1464 4058 alio;
1498 3992 1560 4047 in
1586 4007 1699 4047 uno
1726 3989 1822 4046 di-

457 4071 620 4123 catur
641 4069 863 4142 justitia
892 4069 1212 4143 originaliS,
1243 4075 1298 4127 et
1339 4085 1457 4127 non
1499 4071 1560 4127 in
1604 4073 1817 4139 altero;

460 4147 524 4204 in
552 4165 666 4207 uno
695 4156 920 4223 praestet
944 4149 1443 4208 confirmationem
1471 4153 1533 4208 in
1562 4151 1729 4216 bono,
1756 4151 1821 4207 in

459 4230 576 4288 alio
620 4247 757 4289 vero
790 4232 865 4287 sit
904 4232 1258 4299 amissibilis,
1290 4238 1396 4289 etc.
1438 4231 1546 4288 Sed
1572 4232 1821 4305 qualitas

458 4310 575 4367 haec
596 4312 667 4369 ab
695 4311 1058 4370 Adversariis
1085 4313 1372 4386 assignata
1397 4318 1481 4369 est
1507 4314 1820 4387 participa-

459 4394 539 4451 tio
577 4395 842 4451 formalis
891 4400 1111 4451 naturae
1150 4394 1364 4467 divinae
1403 4396 1508 4452 sub
1547 4402 1820 4469 conceptu

414 4543 417 4546 ¹
458 4481 699 4545 naturae,
732 4483 788 4533 et
834 4480 1061 4548 praestat
1094 4474 1345 4533 eundem
1390 4477 1654 4534 ellectum
1696 4479 1820 4551 pri-

458 4557 713 4614 marium
759 4557 1106 4629 specificam,
1136 4572 1308 4629 quem
1357 4565 1586 4630 praestat
1631 4561 1819 4635 gratia

456 4639 818 4697 sanctificans
858 4639 1190 4705 habitualiS,
1238 4656 1446 4713 nempe
1470 4642 1819 4699 constituere

455 4738 562 4781 nos
587 4725 730 4780 Deos
759 4739 860 4796 per
887 4722 1404 4796 participationem,
1429 4724 1555 4781 sive
1580 4738 1818 4781 consor-

453 4806 537 4859 tes
577 4809 800 4860 naturas
839 4803 1074 4869 divinae,
1110 4808 1276 4875 prout
1316 4808 1400 4859 est
1448 4804 1511 4859 in
1557 4817 1636 4860 se.
1668 4805 1817 4879 Ergo

452 4884 545 4941 vel
569 4885 833 4960 praedicta
855 4885 1101 4957 qualitas
1121 4889 1206 4940 est
1224 4884 1609 4941 essentialiter
1629 4885 1816 4958 gratia

450 4964 814 5022 sanctificans
834 4963 905 5018 de
923 4980 984 5020 se
1010 4962 1341 5028 habitualis,
1367 4970 1423 5021 et
1445 4979 1810 5036 permanens,

451 5047 585 5104 licet
624 5046 829 5103 habeat
857 5039 1093 5103 modum
1140 5045 1378 5103 unionis
1416 5051 1812 5103 transeuntem

1956 574 2153 649 (quod,
2205 581 2266 631 ut
2310 590 2487 647 supra
2531 572 2807 637 diximus,
2840 571 2992 626 nihil
3034 570 3211 627 refert
3251 569 3326 627 ad

1958 657 2260 715 veritatem
2286 660 2492 712 nostrae
2514 653 2887 724 assertionis);
2907 655 3000 710 vel
3021 652 3071 709 si
3086 651 3326 709 differre

1955 736 2232 811 specifice,
2262 743 2319 795 et
2343 737 2726 794 essentialiter
2760 751 2796 791 a
2832 735 3021 810 gratia
3058 731 3323 790 sanctifi-

1955 826 2120 878 cante
2152 820 2433 877 habituali
2474 819 2717 886 dicatur,
2740 824 2827 876 est
2853 834 3086 891 prorsus
3113 817 3327 889 impos·

1957 901 2162 958 sibilis,
2175 902 2535 958 Recolantur
2554 918 2679 974 quae
2704 899 2961 956 diximus
2981 900 3102 956 loco
3126 897 3320 956 citato.

2030 983 2160 1037 214.
2198 981 2358 1046 Quod
2390 982 2440 1037 si
2467 980 2799 1039 Adversarii
2827 979 3038 1045 dicant,
3069 980 3321 1052 qualita-
3354 978 3530 1069 gwni-

1957 1067 2074 1118 tem
2120 1061 2267 1118 hanc
2309 1063 2587 1119 actualem
2632 1061 2771 1117 satis
2810 1059 3044 1117 differre
3072 1076 3105 1116 a
3131 1060 3316 1134 gratia
3333 1037 3553 1134 ριῑιῖιᾼᾶ-

1957 1141 2237 1199 habituali
2260 1142 2442 1199 adhuc
2468 1142 2575 1198 suh
2597 1157 2841 1199 munere
2870 1139 3096 1208 radiciS,
3130 1146 3186 1199 et
3210 1157 3321 1197 na·
3333 1136 3551 1220 ξξῖξῇἓβ·

1958 1229 2133 1293 turae3
2161 1226 2299 1299 quia
2324 1225 2509 1299 gratia
2531 1223 2842 1281 habitualis
2860 1227 2946 1280 est
2962 1222 3129 1280 radix
3149 1223 3325 1281 visio·
3354 1225 3530 1280 ponsio.

1958 1308 2050 1363 nis
2100 1304 2390 1373 beatificae,
2420 1311 2478 1362 et
2512 1305 2727 1362 amoris
2770 1304 3102 1372 charitatis;
3131 1303 3325 1378 quali-

1957 1393 2045 1444 tas
2074 1404 2209 1444 vero
2248 1388 2487 1444 actualis
2531 1388 2721 1444 solum
2759 1391 2844 1443 est
2892 1386 3059 1442 radix
3104 1387 3325 1445 amoris

1956 1468 2272 1535 charitatiS,
2304 1474 2359 1525 et
2386 1468 2456 1525 ad
2500 1484 2798 1524 summum
2840 1471 2996 1523 actus
3035 1466 3189 1537 fidei,
3222 1485 3326 1541 per

1956 1564 2127 1622 quem
2169 1551 2270 1606 ille
2303 1566 2467 1607 amor
2507 1548 2800 1623 dirigitur.
2854 1549 2935 1615 ld,
2981 1550 3239 1622 inquam,
3270 1550 3324 1606 si

1957 1631 2198 1699 dicatur,
2241 1634 2380 1689 satis
2420 1633 2795 1706 impugnatur
2831 1648 2903 1688 ex
2943 1631 3156 1688 dictis:
3196 1636 3323 1688 tum

1956 1714 2093 1786 quia
2145 1729 2262 1770 non
2314 1714 2579 1779 cohaeret,
2625 1712 2773 1787 quod
2807 1713 3053 1785 qualitas
3092 1713 3194 1769 illa
3246 1712 3328 1768 sit

1958 1793 2317 1867 participatio
2364 1793 2629 1851 formalis
2685 1799 2907 1850 naturae
2959 1793 3173 1850 divinae
3215 1791 3326 1849 sub

1956 1880 2227 1948 conceptu
2253 1881 2490 1941 naturae,
2516 1874 2732 1949 etquod
2756 1891 2874 1931 non
2895 1876 3202 1931 constituat
3217 1890 3324 1931 nos

1958 1957 2101 2013 Deos
2166 1974 2267 2030 per
2330 1956 2850 2029 participationem,
2899 1961 2953 2012 et
3010 1955 3161 2012 filios
3219 1956 3322 2013 Dei

1957 2037 2279 2111 adoptivosss
2308 2038 2407 2095 sed
2444 2054 2512 2095 eo
2535 2039 2662 2110 ‘ipso
2690 2036 2966 2093 habemus
2992 2038 3082 2111 jus
3105 2036 3174 2094 ad
3199 2038 3324 2093 hae-

1958 2117 2258 2175 reditatem
2303 2124 2621 2191 paternam,
2653 2135 2750 2175 seu
2801 2119 3086 2175 visionem
3116 2117 3215 2174 Dei
3257 2118 3324 2175 in

1956 2202 2141 2275 seipso
2167 2204 2308 2273 (non
2335 2200 2565 2274 quidem
2618 2200 2923 2257 fundatum
2965 2201 3028 2257 in
3070 2200 3318 2266 meriti8‚

1957 2281 2106 2355 quod
2133 2289 2216 2339 est
2240 2283 2472 2356 proprie
2499 2280 2780 2354 loquendo
2814 2282 2909 2355 jus
2937 2283 3190 2346 morale3
3219 2280 3323 2337 sed

1957 2364 2262 2421 fundatum
2291 2365 2352 2419 in
2380 2364 2667 2439 exigentia
2690 2364 3049 2421 connaturali
3080 2364 3325 2437 alicuius

1957 2448 2158 2505 formae
2185 2447 2529 2513 intrinsecae,
2548 2445 2698 2519 quod
2723 2452 2825 2513 est,
2853 2451 2914 2501 ut
2938 2446 3020 2503 sic
3040 2444 3321 2509 dicamus,

1951 2531 2045 2604 jus
2074 2530 2395 2603 physicum)
2420 2553 2432 2584 :
2463 2544 2596 2602 ergo
2621 2528 2725 2584 illa
2745 2529 2991 2600 qualitas
3011 2526 3181 2584 habet
3200 2525 3328 2582 exi·

1956 2614 2211 2687 gentiam
2241 2611 2534 2686 physicam
2563 2610 2809 2667 visionis
2838 2611 2938 2667 Dei
2987 2611 3050 2667 in
3095 2609 3321 2682 seipso;

1956 2693 2106 2767 quod
2134 2699 2330 2749 tamen
2374 2692 2622 2749 minime
2662 2690 2915 2757 haberet,
2940 2691 2991 2746 si
3033 2707 3150 2747 non
3175 2696 3327 2747 esset

1959 2774 2125 2831 radix
2155 2774 2335 2830 illius.
2366 2776 2515 2829 Tum
2543 2773 2739 2838 etiam,
2766 2772 2902 2845 quia
2932 2787 3096 2828 amor
3124 2771 3324 2828 chari-

1957 2858 2089 2914 tatis
2115 2856 2428 2914 secundum
2456 2872 2619 2913 suam
2646 2855 2892 2928 speciem
2917 2871 3034 2912 non
3060 2855 3196 2928 petit
3227 2870 3326 2912 re-

1956 2939 2310 3013 gulationem
2341 2955 2440 3012 per
2468 2937 2660 3003 fidem,
2691 2936 2788 2994 sed
2817 2938 3000 3012 magis
3027 2952 3127 3009 per
3151 2935 3327 2994 visio-

1958 3036 2092 3077 nem
2115 3020 2215 3076 Dei
2244 3020 2307 3075 in
2326 3021 2545 3113 seipso;
2570 3017 2723 3075 unde
2751 3018 2904 3075 idem
2925 3018 3109 3090 specie
3130 3033 3319 3084 amor,

1956 3105 2053 3177 qui
2081 3109 2205 3160 erat
2233 3104 2295 3159 in
2317 3103 2430 3168 via,
2466 3107 2726 3158 remanet
2746 3101 2809 3156 in
2833 3101 3037 3173 patria,
3062 3106 3119 3157 et
3145 3098 3325 3172 perfi-

1956 3179 2104 3234 citur
2125 3178 2186 3233 in
2213 3178 2445 3250 seipso:
2474 3192 2610 3250 ergo
2633 3174 2799 3231 radix
2828 3175 3061 3250 physica
3101 3173 3326 3230 amoris

1955 3257 2250 3314 charitatis
2289 3256 2604 3314 secundum
2648 3272 2813 3313 suam
2859 3255 3107 3329 speciem
3153 3253 3327 3312 debet

1955 3354 2079 3396 esse
2106 3339 2235 3395 talis
2262 3338 2627 3406 conditioniS,
2654 3345 2714 3394 ut
2744 3337 3000 3395 radicare
3025 3331 3192 3410 queat
3226 3337 3324 3392 vi-

1956 3421 2179 3479 sionem
2207 3422 2307 3478 Dei
2338 3423 2400 3478 in
2421 3424 2641 3494 seipso;
2673 3426 2839 3493 atque
2867 3419 2994 3476 idco
3023 3419 3220 3491 nequit
3244 3434 3322 3475 ex

1957 3503 2063 3561 hac
2103 3510 2262 3578 parte
2290 3521 2322 3560 a
2359 3504 2545 3578 gratia
2572 3501 2854 3560 habituali
2882 3501 3136 3558 differre.
3168 3501 3322 3556 Tum

1957 3582 2221 3656 denique,
2254 3600 2390 3639 nam
2418 3599 2530 3656 qua
2558 3583 2831 3650 facilitate
2859 3580 3190 3638 Adversarii
3215 3579 3323 3637 ad-

1956 3666 2194 3721 mittunt
2234 3665 2671 3738 possibilitatem
2714 3664 3008 3737 qualitatis
3054 3662 3317 3728 actualis,

1954 3762 2080 3819 quae
2120 3747 2332 3804 radicet
2373 3762 2632 3804 amorem
2670 3745 2986 3811 charitatis,
3030 3749 3087 3799 et
3129 3748 3322 3799 actum

1955 3825 2109 3894 fidei,
2142 3828 2341 3885 eadem
2368 3828 2544 3883 etiam
2570 3826 2779 3885 debent
2800 3825 3103 3882 admittere
3131 3823 3319 3896 possi-

1956 3906 2239 3964 bilitatem
2284 3908 2576 3982 qualitatis
2621 3905 2876 3970 actualis,
2919 3920 3044 3978 quae
3104 3903 3322 3960 radicet

1956 3988 2124 4045 illum
2154 4005 2431 4049 amorem.
2463 3995 2519 4045 et
2547 3989 2828 4045 visionem
2873 3987 2972 4044 Dei
3016 3987 3079 4041 in
3106 3986 3315 4058 seipso,

1954 4085 2072 4127 non
2091 4070 2324 4144 quidem
2355 4074 2782 4142 permanenter,
2815 4075 2873 4127 et
2905 4067 3313 4125 connaturali—

1954 4155 2059 4215 ter,
2091 4151 2188 4208 sed
2211 4151 2641 4218 innaturaliter,
2672 4156 2729 4208 et
2756 4156 3156 4215 transeunter;
3184 4163 3313 4220 quae

1954 4238 2149 4291 tamen
2175 4234 2423 4307 qualitas
2463 4250 2581 4291 non
2628 4239 2814 4306 posset
2852 4231 3087 4289 differre
3118 4244 3321 4288 essen-

1953 4315 2186 4383 tialiter,
2203 4313 2455 4387 etquoad
2476 4315 2722 4386 speciem
2744 4330 2778 4370 a
2798 4312 2985 4388 gratia
3007 4310 3312 4377 habituali,

1952 4402 2013 4452 ut
2034 4402 2439 4471 argumentum
2468 4412 2641 4469 supra
2668 4395 2880 4452 factum
2909 4393 3047 4449 satis
3072 4391 3310 4449 evincit.

2032 4477 2211 4535 Tertio
2240 4478 2497 4551 rejicitur
2532 4474 2797 4550 praedicta
2822 4474 3143 4547 responsioz
3172 4490 3313 4530 nam

1951 4562 2170 4621 auxilia
2196 4561 2372 4618 ssuida
2399 4567 2632 4619 eatenus
2672 4561 2810 4617 talia
2855 4564 3007 4627 sunt,
3032 4563 3316 4631 quatenus

1949 4649 2489 4702 commensurantur
2517 4657 2646 4699 cum
2691 4641 2859 4698 unica
2905 4646 3131 4696 tantum
3171 4654 3314 4713 ope-

1951 4726 2192 4792 ratione,
2217 4741 2327 4798 qua
2357 4723 2599 4798 proinde
2628 4725 2826 4796 posita,
2856 4725 2946 4782 vel
2975 4739 3092 4780 non
3113 4738 3313 4779 conse·

1947 4813 2123 4883 quuta
2142 4851 2155 4874 ,
2223 4809 2420 4864 statim
2485 4812 2864 4872 evanescunt;
2932 4804 3314 4862 conferuntur

1946 4891 2156 4964 quippe
2176 4887 2503 4963 hujusmodi
2525 4887 2745 4945 auxilia
2761 4885 2832 4944 ad
2853 4887 3036 4943 instar
3061 4900 3316 4958 quarun-

1946 4971 2080 5029 dam
2131 4971 2527 5045 spiritualium
2590 4970 3070 5034 coruscationum,
3125 4973 3187 5023 ut
3239 4981 3314 5024 ex

1945 5052 2239 5110 communi
2269 5052 2698 5108 Thomistarum
2725 5050 3010 5108 sententia
3034 5047 3314 5122 explicui-

3177 5138 3311 5179 mus
