3647 5753
1461 404 1637 460 mse.
1682 404 1750 472 11,

63 575 274 667 Cssffiffi'
300 564 688 637 justificantis,
713 567 786 625 de
810 585 922 641 quo
940 575 1023 627 est
1051 571 1413 644 potissimum
1435 573 1673 631 difficul-

83 682 269 725 praece·
305 653 422 715 tas3
451 662 524 704 ex
549 647 768 706 eisdem
796 655 989 708 tamen
1028 654 1354 711 convictum
1384 655 1673 729 relinqui·
1766 701 1773 707 .

83 721 263 816 ‘¹332ss
303 733 419 794 tur,
474 727 624 801 quod
672 737 828 786 actus
878 732 1260 802 contritionis,
1317 735 1408 793 vel
1456 737 1672 794 amoris

79 825 251 866 trinae.
306 814 549 884 nequeat
598 826 722 868 esse
788 813 1051 876 formalis
1096 831 1265 873 causa
1309 817 1670 890 expulsionis

304 891 537 963 peccati.
567 892 715 947 Tum
757 894 892 965 quia
935 910 1064 951 cum
1104 897 1369 969 expulsio
1407 897 1670 955 formalis

304 974 511 1046 peccati
551 972 628 1029 sit
652 973 882 1031 effectus
919 970 1294 1036 secundarius
1309 979 1510 1037 formae
1544 981 1669 1055 jus-

302 1052 587 1120 tificantis,
613 1060 669 1110 et
688 1057 1170 1114 communicantis
1191 1059 1531 1118 interiorem
1561 1061 1669 1117 ho-

302 1134 483 1191 minis
533 1135 1004 1205 renovationem;
1054 1140 1255 1212 nequit
1278 1141 1503 1197 causari
1546 1147 1669 1197 tan-

299 1230 476 1287 quam
502 1230 537 1270 a
562 1214 768 1282 forma,
803 1217 917 1272 nisi
960 1218 1031 1274 ab
1056 1219 1255 1276 eadem
1285 1221 1473 1278 forma
1495 1264 1509 1291 ,
1543 1236 1667 1294 quae

303 1299 535 1367 praestat
559 1295 818 1372 effectum
861 1297 1234 1370 primarium:
1263 1317 1406 1373 quae,
1435 1307 1496 1357 ut
1523 1300 1667 1358 vidi-

303 1391 463 1441 mus,
485 1381 572 1433 est
596 1378 715 1433 sola
732 1379 920 1451 gratia
947 1378 1271 1438 habitualis.
1298 1383 1447 1438 Tum
1468 1381 1660 1450 etiam,

299 1455 439 1526 quia
460 1455 707 1528 privatio
721 1473 838 1518 non
852 1460 1163 1532 expellitur
1178 1460 1526 1530 formaliter,
1549 1462 1662 1518 nisi

300 1554 406 1611 per
446 1537 714 1604 formam,
746 1557 857 1613 qua
884 1542 1073 1614 privat
1102 1567 1115 1610 ;
1157 1550 1443 1616 peccatum
1472 1550 1663 1601 autem

298 1615 593 1674 habituale
639 1620 898 1677 consistit
924 1623 1311 1680 essentialiter
1354 1623 1419 1680 in
1467 1625 1664 1697 priva-

297 1698 455 1755 tione
492 1698 695 1771 gratiae
721 1699 1049 1769 habitualis,
1082 1708 1147 1759 ut
1172 1703 1426 1760 vidimus
1464 1702 1665 1776 dispu-

295 1780 510 1837 tatione
544 1782 591 1848 1,
615 1782 745 1837 dub.
771 1784 817 1850 l,
850 1782 1003 1841 unde
1048 1785 1245 1858 nequit
1283 1786 1495 1858 expelli
1541 1787 1663 1844 for-

295 1862 548 1929 maliter,
574 1862 689 1918 nisi
722 1879 822 1935 per
840 1865 1086 1938 gratiam
1115 1866 1491 1925 habitualem.
1512 1870 1662 1925 Tum

298 1948 592 2016 praeterea,
618 1942 755 2016 quia
777 1943 907 2001 licet
929 1945 1109 2018 posito
1136 1953 1259 2004 actu
1274 1948 1658 2015 contritioniS,

298 2025 389 2080 vel
418 2022 635 2080 amoris
668 2024 769 2080 Dei
798 2041 971 2097 super
997 2028 1213 2094 omnia,
1264 2035 1507 2102 nequeat
1530 2045 1661 2102 per-

297 2122 535 2164 manere
582 2112 870 2178 peccatum
920 2107 1227 2177 habituale,
1260 2127 1358 2168 seu
1386 2113 1613 2168 macula
1643 2136 1658 2180 ;

297 2186 354 2243 id
386 2191 578 2244 tamen
608 2202 725 2244 non
747 2187 934 2245 oritur
972 2204 1043 2246 ex
1070 2205 1156 2256 eo,
1188 2191 1337 2263 quod
1361 2192 1662 2266 praedictus

297 2285 462 2327 amor
487 2268 694 2326 habeat
720 2269 1045 2342 formale-m,
1070 2277 1128 2329 et
1147 2272 1543 2332 immediatam
1566 2290 1663 2348 op-

298 2352 641 2425 positionem
671 2368 799 2407 cum
824 2353 929 2409 tali
954 2359 1210 2427 peccato;
1240 2355 1337 2419 sed
1364 2357 1500 2430 quia
1530 2372 1660 2429 pec-

296 2439 488 2490 catum
515 2432 805 2491 habituale
851 2433 916 2491 in
943 2451 1065 2510 esse
1109 2437 1243 2493 talis
1281 2436 1562 2510 dependet
1590 2437 1662 2495 ab

300 2520 430 2572 actu
472 2516 758 2589 praeterito
800 2531 921 2573 non
972 2524 1274 2577 retractato
1297 2562 1310 2586 ,
1361 2519 1458 2592 qui
1505 2524 1661 2576 actus

296 2593 645 2662 excluditur,
671 2597 760 2653 vel
787 2604 1126 2656 retractatur
1166 2615 1267 2672 per
1306 2604 1493 2656 actum
1521 2616 1660 2658 con-

298 2675 596 2732 tritionis:
642 2682 696 2733 et
738 2677 818 2733 sic
845 2677 1142 2747 indirecte,
1192 2695 1256 2736 ac
1283 2679 1530 2737 mediate
1555 2697 1658 2737 ex-

296 2758 538 2831 pellitur
562 2766 849 2830 peccatum
880 2761 1174 2819 habituale
1218 2778 1319 2835 per
1356 2762 1658 2821 contritio-

295 2853 453 2905 nem,
488 2844 761 2913 tanquam
803 2857 902 2914 per
930 2841 1362 2916 dispositionem
1390 2844 1656 2901 ultimam

291 2920 365 2977 ad
386 2922 635 2979 formam
664 2923 775 2979 sibi
797 2925 1133 2997 oppositam,
1164 2932 1222 2983 et
1267 2926 1655 3001 destruentem

289 3003 747 3077 dispositionem,
797 3010 854 3061 et
883 3006 1241 3078 requisitum,
1275 3024 1309 3064 a
1357 3009 1564 3081 quibus
1591 3010 1655 3066 in

287 3100 395 3141 sua
446 3085 879 3164 conservatione
930 3086 1227 3159 dependet.
1278 3090 1433 3146 Sicut
1475 3093 1657 3164 posito

288 3165 478 3222 calore
508 3170 727 3232 utoc20‚
758 3167 1072 3238 expellitur
1100 3168 1288 3225 forma
1312 3169 1656 3231 substantia-

290 3245 365 3300 lis
390 3260 570 3318 aquae,
604 3262 722 3303 non
749 3246 885 3318 quia
916 3249 1073 3304 calor
1098 3249 1174 3304 sit
1200 3248 1463 3307 formalis
1489 3267 1657 3309 causa

290 3327 452 3383 illius
478 3329 834 3401 expulsionis
856 3353 870 3397 ;
891 3329 990 3387 sed
1016 3332 1149 3404 quia
1171 3330 1426 3406 disponit
1453 3333 1522 3390 ad
1544 3334 1657 3393 for-

288 3423 450 3464 mam
490 3409 829 3482 oppositam,
861 3415 918 3467 et
942 3411 1117 3468 simul
1157 3414 1397 3485 expellit
1424 3413 1656 3488 frigidi-

288 3494 486 3555 tatem,
536 3490 664 3547 sine
704 3508 816 3563 qua
869 3493 1067 3565 nequit
1105 3510 1250 3566 aqua
1300 3496 1647 3553 conservari.

285 3570 575 3627 Similiter
601 3571 653 3626 si
682 3574 914 3630 tollatur
939 3589 1144 3647 corpus
1187 3591 1427 3648 opacum
1469 3578 1655 3633 inter-

289 3650 568 3720 medium,
616 3654 925 3725 expellitur
971 3654 1196 3721 umbra,
1247 3671 1364 3713 non
1420 3655 1652 3729 quidem

285 3733 424 3805 quia
453 3732 558 3788 illa
578 3731 790 3790 ablatio
815 3737 1069 3807 corporis
1095 3736 1171 3792 sit
1196 3752 1362 3793 causa
1391 3734 1654 3794 formalis

284 3814 645 3886 expulsionis
673 3815 891 3872 umbras
922 3840 936 3883 ;
967 3815 1064 3873 sed
1090 3818 1226 3889 quia
1248 3818 1399 3874 tollit
1423 3834 1648 3891 corpus,

287 3907 322 3948 a
360 3908 473 3964 quo
499 3894 706 3951 umbra
733 3894 796 3949 in
830 3911 932 3951 sua
964 3898 1398 3954 conservatione
1436 3896 1652 3970 depen-

285 3973 401 4032 det.
425 3976 497 4031 Et
533 3977 797 4048 quamvis
826 3978 1007 4049 posita
1049 3977 1154 4035 illa
1192 3978 1447 4052 corporis
1490 3978 1653 4036 abla-

286 4056 446 4113 tione
468 4099 482 4124 ,
539 4073 657 4114 non
717 4057 1176 4117 introduceretur
1228 4061 1328 4116 lux
1380 4060 1651 4119 umbram

285 4133 615 4193 formaliter
659 4131 973 4210 expellens,
1029 4139 1212 4196 adhuc
1262 4139 1652 4197 nihilominus

289 4214 499 4271 umbra
543 4215 648 4272 sub
685 4222 956 4291 conceptu
997 4218 1217 4276 umbrae
1243 4226 1505 4288 cessaret.
1533 4237 1650 4279 nou

285 4297 425 4369 quia
446 4295 659 4355 ablatio
684 4300 941 4372 corporis
980 4302 1139 4375 opaci
1160 4306 1307 4359 esset
1333 4304 1521 4361 forma
1545 4319 1650 4361 ex-

287 4377 508 4449 pellens
538 4377 825 4445 umbram,
855 4379 955 4436 sed
1005 4380 1141 4454 quia
1179 4380 1386 4440 umbra
1427 4383 1491 4439 in
1528 4398 1651 4441 esse

286 4458 420 4516 talis
458 4459 739 4534 dependet
784 4477 817 4518 a
844 4478 1080 4535 corpore
1103 4479 1315 4536 opaco;
1362 4470 1447 4522 est
1489 4464 1649 4522 enim

281 4541 540 4598 carentia
561 4541 707 4598 lucis
753 4541 824 4598 ob
861 4543 1116 4616 corporis
1149 4545 1309 4618 opaci
1340 4544 1650 4618 interposi-

282 4619 520 4678 tionem.
567 4620 729 4688 Quod
774 4624 1106 4697 exemplum
1129 4625 1313 4699 magis
1339 4624 1552 4683 accedit
1578 4625 1649 4682 ad

277 4700 675 4759 conditionem
707 4704 1014 4775 *praesentis
1053 4706 1329 4762 materiai.
1378 4705 1485 4763 Sed
1533 4706 1649 4764 haec

278 4784 465 4859 magis
501 4784 847 4843 constabunt
888 4801 960 4842 ex
998 4785 1156 4844 infra
1194 4785 1479 4846 discendis
1516 4788 1644 4846 dub.

274 4866 332 4932 6,
365 4871 420 4923 et
439 4883 511 4926 ex
539 4866 634 4923 his
653 4882 779 4947 quae
799 4865 993 4926 statim
1015 4867 1291 4926 dicemus.

1797 406 1961 462 nun.
2007 408 2077 463 11.
3063 405 3173 461 343

2403 583 2433 652 5
2471 541 2576 635 ἰν.

1916 730 2171 805 Refertur
2216 736 2482 790 sententia
2521 735 2824 799 contraria,
2853 738 2903 788 et
2940 732 3058 803 ejus

2212 818 2422 873 motiva
2456 816 2756 872 eliduntur.

1876 960 1969 1017 65.
2002 962 2333 1035 oppositam
2362 962 2576 1020 nostris
2604 945 3017 1018 assertionibus
3037 959 3166 1034 opi·
3206 966 3357 1059 ⁰fflssl⁰

1804 1037 2049 1097 nionem³
2088 1047 2279 1100 tuetur
2327 1043 2516 1117 reipsa
2566 1041 2801 1098 Gabriel
2859 1041 3161 1113 Vasque23
3207 1064 3350 1109 mm,

1803 1136 1941 1177 nam
1964 1122 2096 1180 licet
2123 1124 2185 1180 in
2207 1124 2313 1181 hac
2345 1126 2391 1191 l,
2434 1126 2490 1192 2,
2516 1128 2743 1181 tantum
2769 1121 3043 1188 docuerit,
3070 1137 3167 1178 ac·
3223 1116 3348 1167 ‘'⁸⁵⁴¹-

1803 1205 1925 1258 tum
1949 1204 2166 1260 amoris
2199 1204 2299 1261 Dei
2327 1221 2501 1278 super
2521 1205 2737 1269 omnia,
2781 1208 2839 1260 et
2866 1201 3165 1259 contritio-

1801 1283 1894 1340 nis
1938 1285 2194 1358 pertectae
2237 1302 2357 1344 esse
2400 1302 2474 1344 ex
2518 1291 2725 1343 natura
2770 1300 2873 1341 sua
2916 1284 3163 1341 formam

1795 1365 2222 1440 justificantem,
2257 1383 2527 1441 posseque
2554 1364 2814 1441 proinde',
2838 1366 3043 1422 saltem
3066 1381 3167 1438 per

1799 1446 2061 1505 divinam
2091 1450 2422 1523 potentiam,
2455 1447 2775 1525 justificare¹
2815 1446 3159 1514 formaliter,

1797 1533 1855 1584 et
1880 1544 2051 1585 ausus
2097 1546 2215 1587 non
2259 1530 2435 1588 fuerit
2475 1544 2749 1594 asserere,
2775 1526 2845 1584 de
2893 1526 3039 1584 facto
3084 1526 3164 1583 ita

1797 1610 2168 1683 contingere;
2221 1611 2608 1668 nihilominus
2658 1613 2719 1666 in
2759 1610 2966 1682 3part.
3010 1608 3166 1665 hunc

1797 1687 2068 1746 timorem
2094 1689 2374 1764 deposuit,
2398 1697 2454 1748 et
2468 1690 2723 1748 absolute
2742 1688 2933 1746 docuit
2948 1688 3165 1762 Justifi-

1797 1772 2080 1828 cationem
2127 1771 2306 1829 adulti
2347 1778 2512 1830 extra
2557 1774 2992 1829 Sacramentum
3036 1770 3163 1828 fieri

1796 1849 1868 1907 de
1895 1851 2039 1909 facto
2068 1868 2170 1926 per
2197 1857 2386 1909 actum
2413 1853 2630 1911 amoris
2658 1852 2779 1918 Dei,
2807 1850 2900 1908 vel
2939 1851 3163 1909 coutri-

1796 1931 1975 1988 tionis
2014 1932 2319 2004 persectae:
2363 1939 2419 1990 et
2464 1932 2601 1989 dicit
2640 1931 2788 1988 hanc
2837 1930 3162 1988 doctrinam

1795 2027 1918 2069 esse
1956 2012 2260 2070 certiorem
2293 2014 2570 2086 opposita,
2614 2016 2878 2085 utsupra
2905 2011 3163 2068 vidimus

1796 2110 1948 2148 num.
1974 2094 2066 2149 48.
2095 2095 2207 2151 Pro
2232 2092 2433 2150 eadem
2455 2092 2740 2149 sententia
2769 2091 2945 2148 refert
2967 2093 3161 2165 plures

1797 2173 2097 2240 AuthoreS,
2129 2178 2247 2229 tam
2275 2189 2347 2230 ex
2373 2173 2466 2229 his
2490 2173 2589 2245 qui
2629 2170 2842 2244 scripta
2879 2186 2984 2227 sua
3011 2172 3164 2246 typis

1796 2254 2169 2320 mandarunt,
2190 2270 2363 2328 quarn
2385 2270 2456 2310 ex
2473 2254 2603 2310 aliis
2622 2250 2897 2328 gravibus
2916 2253 3006 2309 sui
3023 2259 3166 2311 tem·

1797 2336 1952 2409 poris
1976 2336 2301 2410 TheologiS,
2348 2351 2488 2409 quos
2515 2334 2636 2408 ipse
2663 2333 2853 2407 inquit
2877 2349 2994 2390 suae
3033 2335 3163 2408 opi-

1795 2414 1960 2473 nioni
1981 2414 2402 2489 subscripsisse.
2427 2413 2537 2472 Sed
2562 2413 2711 2487 quod
2739 2413 2810 2470 ad
2852 2413 2991 2471 istos
3025 2416 3161 2471 atti-

1795 2500 1911 2562 net,
1945 2494 2257 2553 urbanitati
2290 2501 2499 2553 nostrae
2527 2492 2881 2567 relinquitur
2906 2495 3157 2567 Vasquio

1793 2576 2024 2635 credere
2044 2601 2057 2644 ;
2091 2578 2389 2635 neminem
2409 2576 2569 2634 enim
2593 2574 2847 2632 vidimus
2862 2574 3153 2649 juniorem

1791 2675 1864 2716 ex
1894 2659 2005 2724 his,
2030 2659 2129 2731 qui
2153 2664 2274 2731 post
2297 2660 2467 2714 illum
2495 2658 2865 2730 scripserunt,
2896 2656 3017 2731 ejus
3037 2658 3156 2732 opi-

1793 2741 1957 2799 nioni
1974 2741 2383 2815 suffragantem
2402 2761 2415 2797 :
2443 2746 2500 2797 et
2514 2740 2867 2797 Montesinos
2886 2741 2984 2814 qui
3013 2742 3158 2797 Vas-

1791 2822 1992 2896 quium
2021 2822 2303 2898 cognovit,
2348 2827 2405 2879 et
2430 2820 2717 2894 compluti
2763 2820 2940 2878 etiam
2966 2820 3161 2879 docuit
3259 2823 3268 2831 ‘

1791 2905 1869 2974 (et
1893 2919 2062 2977 quem
2098 2906 2354 2976 vasquez
2381 2903 2522 2975 disp.
2555 2901 2685 2968 203,
2716 2919 2836 2974 cap.
2885 2902 2940 2968 3,
2992 2919 3154 2958 num.

1790 2985 1884 3050 20,
1916 2984 2093 3041 refert
2109 2999 2226 3039 suae
2250 2982 2550 3040 sententiae
2571 2980 2992 3055 subscripsisse)
3003 2998 3158 3039 asse·

1791 3064 1870 3120 rit
1908 3064 2030 3139 ejus
2072 3063 2419 3121 sententiam
2464 3077 2586 3119 esse
2650 3061 3028 3136 singularem.
3073 3064 3157 3118 Ex

1790 3144 1910 3200 illis
1938 3150 2131 3201 autem
2174 3145 2331 3202 solus
2368 3142 2678 3200 Jansenius
2728 3158 2846 3213 cap.
2877 3143 2950 3197 48
3006 3141 3339 3200 Con-sanson.

1788 3227 1999 3293 cordia,
2030 3240 2323 3298 exponens
2345 3222 2491 3280 illud
2513 3225 2673 3280 Lucae
2692 3226 2757 3280 7:
2778 3223 3157 3281 Remittuntur

1787 3309 1840 3361 ei
1881 3313 2100 3379 peccata
2129 3305 2321 3370 multa,
2354 3304 2616 3380 quoniam
2655 3304 2853 3358 dilexit
2894 3304 3150 3371 multum,

1789 3388 2037 3461 Vasquio
2059 3388 2254 3444 favere
2280 3385 2529 3442 videtur.
2549 3385 2748 3441 Caeteri
2772 3400 2930 3451 ver0,
2948 3400 3156 3458 nempe

1789 3471 2108 3544 Cajetanus,
2136 3466 2487 3532 PaludanuS,
2518 3464 2769 3532 Medina,
2811 3464 3149 3531 Richardus,
3192 3463 3326 3558 {32ng-

1790 3550 2045 3617 Hossius,
2086 3548 2390 3615 CassaliuS,
2422 3549 2673 3604 Joannes
2718 3545 3074 3613 VincentiuS,
3099 3550 3155 3602 et
3168 3545 3352 3620 ricuini.

1788 3630 1893 3687 alii
1914 3629 2147 3703 Vasquii
2176 3628 2512 3701 opinionem
2535 3625 2783 3683 minime
2804 3640 3154 3699 prosequun-
3170 3613 3367 3707 {¹332}

1788 3717 1902 3777 tur,
1946 3708 2045 3766 sed
2092 3708 2257 3765 facile
2300 3707 2663 3779 explicantur
2705 3722 2807 3779 pro
2858 3705 3151 3763 communi
3167 3712 3345 3806 gmeth

1785 3789 2090 3854 sententia,
2124 3792 2186 3843 ut
2211 3803 2306 3844 eos
2326 3790 2624 3860 exponunt
2660 3788 2896 3851 Aversa,
2927 3787 3153 3842 Grana-
3353 3792 3364 3803 ·

1785 3870 1907 3937 dos,
1940 3872 2169 3935 Suarez,
2201 3874 2258 3925 et
2305 3866 2408 3924 alii
2454 3883 2524 3924 ex
2575 3864 2930 3923 Authoribus
2976 3882 3153 3938 sup-a

1788 3951 2004 4008 relatis,
2024 3952 2208 4006 Immo
2229 3946 2465 4021 quidam
2486 3962 2558 4004 ex
2581 3946 2718 4013 illis,
2739 3962 2879 4020 quos
2893 3948 3151 4020 vasquez

1786 4032 2014 4106 allegat,
2034 4029 2239 4088 docent
2255 4033 2543 4101 peccatum
2567 4042 2750 4099 neque
2771 4043 2871 4100 per
2887 4025 3150 4084 divinam

1786 4113 2102 4186 potentiam
2132 4108 2350 4169 remitti
2381 4123 2540 4180 posse
2581 4108 2703 4164 ullo
2742 4107 2912 4164 modo
2939 4106 3152 4180 absque

1785 4193 2079 4250 infusione
2103 4191 2302 4265 gratiae
2323 4188 2631 4246 habitualis
2656 4212 2671 4256 ;
2713 4203 2825 4261 quo
2848 4188 2999 4245 nihil
3022 4204 3152 4245 ma-

1783 4274 1871 4348 gis
1916 4272 2241 4349 oppositum
2282 4269 2463 4343 ipsius
2513 4267 2775 4342 opinioni
2804 4266 2915 4324 dici
2946 4268 3145 4342 potuit.

1783 4355 1891 4413 Sed
1912 4352 2189 4429 quidquid
2215 4352 2287 4410 de
2313 4353 2417 4409 hoc
2434 4351 2531 4407 sit.

1856 4438 1949 4493 66.
2002 4436 2284 4493 Probatur
2313 4433 2503 4506 primo
2549 4432 2666 4488 haec
2702 4429 2990 4488 sententia
3019 4433 3349 4505 Plu-Primum

1785 4516 1946 4574 ribus
1974 4516 2298 4588 Scripturae,
2324 4518 2382 4571 et
2425 4515 2661 4570 Patrum
2685 4511 3053 4578 testimoniis,
3088 4514 3151 4569 in
3166 4518 3363 4602 uffgssfdm.

1780 4596 1988 4671 quibus
2031 4595 2169 4652 satis
2208 4598 2403 4667 aperte
2445 4590 2818 4666 significatur,
2850 4591 3149 4650 hominem

1775 4677 2078 4755 justificari
2101 4693 2203 4749 per
2224 4680 2410 4732 actum
2439 4672 2753 4741 charitatis,
2778 4677 2835 4730 et
2854 4675 3149 4733 contritio·

1782 4760 1893 4816 nis.
1926 4761 2074 4814 Nam
2099 4754 2356 4813 Proverb.
2397 4755 2480 4820 lO,
2512 4752 2724 4809 dicitur
2758 4773 2771 4808 ε
2805 4773 2833 4806 α
2862 4753 3194 4845 UniversaP
3319 4804 3347 4846 b

1787 4864 1815 4895 <t
1855 4839 2065 4898 delicta
2107 4836 2293 4912 operit
2332 4835 2598 4893 charitas.
2639 4856 2665 4886 »
2694 4836 2764 4890 Et
2814 4836 2833 4892 l
2883 4835 3039 4892 Petri
3066 4838 3143 4894 4:
3196 4812 3315 4910 'iffi'
3350 4835 3360 4846 “

1786 4943 1813 4975 α
1857 4921 2117 4978 Charitas
2161 4917 2347 4991 operit
2394 4915 2829 4974 multitudinem
2891 4903 3362 4988 peccato-¹P⁰²‘¹⁴·

1785 5025 1812 5059 (t
1858 5019 2011 5061 rum.
2045 5024 2070 5056 »
2104 5004 2173 5058 Et
2196 5003 2363 5058 Joan.
2395 5002 2493 5058 14:
2521 5022 2547 5054 «
2578 5000 2787 5074 Siquis
2812 4998 3004 5073 diligit
3030 5016 3142 5072 me,
3159 5028 3281 5071 ,102st
3302 5029 3368 5071 μ,
