3647 5753
1508 369 1689 425 DISP.
1733 369 1801 435 11,
1846 368 2010 423 DUB.
2055 369 2154 422 vl.
3066 370 3174 427 461

308 549 397 598 ter
425 541 496 597 ab
524 541 721 598 habitu
744 540 1041 598 charitatis
1075 543 1281 598 collato
1306 559 1406 615 per
1434 540 1671 598 modum

308 621 573 689 habitus3
598 621 848 678 minime
873 637 1011 678 vero
1037 621 1186 694 quod
1210 637 1327 679 non
1355 620 1672 695 dependeat

306 701 381 759 ab
418 701 622 759 eodem
670 700 890 769 habitu,
921 703 1125 758 saltem
1156 708 1218 757 ut
1250 702 1670 759 communicato

306 799 412 858 per
450 782 686 841 modum
716 782 1088 839 transeuntis.
1146 784 1232 838 Ex
1275 799 1388 856 quo
1428 782 1670 840 ulterius

304 868 683 936 consequetur
714 907 728 931 ‚
778 862 928 937 quod
976 862 1302 937 hujusmodi
1345 880 1510 921 amor
1550 879 1671 919 non

302 943 623 1017 dependeat
649 960 682 999 a
707 943 894 1017 gratia
931 941 1322 1000 sanctificante
1346 986 1359 1010 ,
1404 949 1461 1000 et
1500 942 1669 999 habi-

303 1025 483 1091 tuali,
513 1025 935 1081 communicata
984 1039 1085 1095 per
1125 1022 1361 1080 modum
1398 1023 1665 1089 habitus;

302 1106 556 1162 minime
587 1110 796 1171 autem,
828 1105 980 1179 quod
1003 1121 1119 1161 non
1148 1104 1463 1177 dependeat
1489 1104 1559 1161 ab
1579 1121 1669 1161 ea-

300 1188 439 1245 dem
461 1187 743 1244 habituali
783 1188 991 1262 gratia,
1023 1188 1227 1244 saltem
1253 1192 1311 1243 ut
1338 1187 1668 1244 communi-

301 1275 428 1328 cata
471 1287 573 1343 per
620 1270 858 1327 modum
901 1270 1272 1326 transeuntis.
1332 1270 1479 1325 Hinc
1530 1284 1668 1326 vero

302 1353 537 1408 nullum
571 1367 781 1425 urgens
804 1350 1201 1425 praeiudicium
1244 1355 1453 1407 nostrae
1481 1366 1668 1406 asser—

301 1434 450 1492 tioni
492 1433 763 1497 infertur,
797 1438 859 1488 ut
884 1432 1279 1490 consideranti
1305 1432 1607 1489 constabit.

374 1516 508 1571 231.
551 1513 657 1570 Sed
680 1513 811 1569 huic
830 1512 1103 1570 doctrinae
1131 1514 1403 1569 nolumus
1426 1513 1668 1585 alligare

305 1597 530 1669 replica)
554 1595 1022 1665 responsionem:
1053 1600 1174 1650 tum
1201 1596 1337 1667 quia
1363 1600 1447 1650 est
1472 1594 1668 1649 minus

301 1684 450 1734 certa
477 1721 490 1743 ,
535 1683 591 1732 et
618 1676 963 1732 communis.
993 1678 1141 1732 Tum
1175 1677 1309 1748 quia
1349 1676 1665 1748 oppositam

297 1759 437 1823 satis
465 1764 659 1832 aperte
689 1758 1119 1813 insinuavimus
1157 1764 1323 1813 tract.
1346 1759 1401 1823 2,
1432 1757 1574 1829 disp.
1605 1759 1662 1824 4,

299 1839 424 1895 dub.
457 1841 511 1903 5,
546 1843 577 1908 ξ
605 1841 659 1904 5,
692 1837 789 1895 ubi
824 1838 1082 1894 diximus
1106 1882 1119 1904 ,
1153 1839 1354 1894 lumen
1394 1837 1664 1893 collatum

308 1922 362 1975 D.
395 1922 574 1978 Paulo
596 1921 658 1976 in
683 1924 871 1993 raptu,
904 1918 1329 1983 consideratum
1351 1917 1659 1990 adaequate,

302 2001 576 2076 distingui
606 2001 991 2059 essentialiter
1012 2018 1045 2057 a
1067 2001 1308 2064 lumine,
1334 1999 1482 2072 quod
1504 2015 1665 2055 corn-

304 2083 632 2140 municatur
656 2082 716 2138 in
741 2081 946 2155 patria.
979 2083 1126 2137 Tum
1149 2080 1413 2153 denique,
1443 2080 1577 2152 quia
1604 2079 1664 2134 id

98 2170 146 2210 Β.
166 2173 266 2216 rho.
304 2164 626 2237 significare
652 2162 881 2220 videtur
908 2166 975 2217 D.
1000 2164 1205 2219 Thom.
1237 2164 1349 2218 loco
1388 2165 1555 2218 citato
1591 2179 1664 2217 ea:

301 2246 354 2309 2,
386 2246 442 2309 2,
476 2244 571 2300 ubi
601 2243 771 2310 dicit,
817 2242 963 2299 illud
1000 2244 1196 2299 lumen
1226 2242 1539 2299 assimilari
1569 2244 1663 2297 lu-

296 2326 447 2381 mini
479 2326 806 2399 prophetiae‚
831 2323 979 2397 quod
1008 2324 1393 2381 essentialiter
1414 2329 1498 2379 est
1525 2323 1661 2397 quid

293 2405 613 2469 transiens,
647 2409 707 2458 ut
730 2402 888 2460 docet
908 2402 1060 2460 idem
1101 2405 1157 2459 S.
1192 2406 1392 2460 Doctor
1420 2402 1655 2470 ibidem,

301 2491 487 2560 quaest.
520 2485 639 2546 171,
665 2490 774 2539 art.
804 2486 858 2548 2,
884 2482 980 2540 ubi
1002 2483 1287 2541 concludit
1314 2504 1327 2539 :
1358 2482 1509 2539 Unde
1533 2502 1661 2539 ma-

311 2568 569 2638 nifestum
606 2573 701 2632 est,
734 2566 875 2643 quod
918 2568 1197 2640 prophetia
1224 2610 1235 2632 ,
1297 2568 1517 2640 proprie
1576 2568 1659 2623 lo-

311 2648 515 2725 quendo
536 2665 642 2702 non
668 2654 744 2702 est
768 2648 1004 2704 habitus.
1031 2650 1099 2704 Et
1126 2647 1278 2704 idem
1314 2647 1599 2721 significat
1625 2650 1659 2704 3

303 2735 454 2800 part.
477 2735 653 2806 quaest.
685 2730 775 2793 45,
802 2737 909 2785 art.
942 2731 992 2794 2,
1025 2731 1084 2783 in
1109 2733 1218 2798 fine
1243 2747 1387 2801 corp.
1422 2732 1533 2785 Nec
1554 2745 1659 2800 op-

305 2809 548 2884 positum
579 2808 750 2865 tradit
796 2811 906 2865 loco
933 2812 1026 2867 cit.
1057 2829 1129 2866 ecc
1167 2814 1203 2866 2
1231 2854 1242 2876 ,
1286 2811 1362 2866 ad
1401 2811 1651 2868 Corinth.

301 2892 437 2963 quia
458 2891 534 2948 ibi
557 2893 741 2948 solum
772 2893 1055 2948 assimilat
1089 2894 1288 2950 lumen
1314 2893 1513 2966 gloriae
1538 2895 1657 2951 col-

301 2973 478 3028 latum
502 2975 678 3029 Paulo
706 2973 768 3028 in
798 2978 964 3045 raptu
993 2973 1107 3029 luci
1140 2980 1378 3046 receptae
1408 2974 1469 3030 in
1500 2991 1651 3043 aere,

296 3059 572 3126 quantum
598 3054 665 3110 ad
688 3053 923 3110 modum
939 3055 1477 3111 communicationis
1497 3057 1655 3125 (nam

297 3135 596 3210 utrobique
622 3141 705 3194 est
730 3135 1038 3203 transiens,
1064 3140 1119 3193 et
1147 3152 1246 3209 per
1267 3136 1501 3193 modum
1526 3155 1657 3210 pas-

288 3216 491 3288 sionis)
519 3232 636 3274 non
664 3222 855 3274 autem
876 3222 1155 3287 quantum
1185 3216 1255 3272 ad
1280 3215 1655 3288 quidditatem

292 3298 373 3354 rei
399 3340 412 3362 ,
463 3314 589 3371 quae
631 3297 1090 3355 communicatur
1119 3320 1134 3363 ;
1182 3312 1285 3354 nec
1329 3297 1489 3353 enim
1537 3298 1657 3355 haec

288 3380 644 3452 comparatio
664 3386 787 3435 erat
815 3377 1134 3434 necessaria
1161 3376 1228 3433 ad
1270 3377 1654 3436 intentionem

98 3470 245 3516 neuot-
288 3462 345 3516 S.
373 3460 647 3517 DoctoriS.
675 3459 893 3515 Relicta
913 3474 1049 3533 ergo
1070 3458 1260 3530 prima
1285 3453 1654 3531 responsione

94 3526 253 3614 qaen-
287 3543 350 3598 in
397 3558 503 3597 sua
547 3540 986 3613 probabilitate,
1030 3540 1297 3606 secundo,
1342 3545 1399 3595 et
1444 3541 1653 3598 melius

283 3622 667 3697 respondetur
694 3623 763 3679 ad
792 3623 1086 3695 replicam,
1119 3623 1211 3678 vel
1240 3622 1499 3695 negando
1524 3640 1652 3680 ma-

275 3707 487 3780 jorem,
523 3705 618 3760 vel
638 3720 723 3772 ea,
749 3709 806 3760 et
828 3704 1043 3760 minori
1071 3703 1300 3773 omissis
1332 3746 1345 3768 ,
1391 3703 1652 3778 negando

279 3783 778 3859 consequentiam.
823 3786 893 3838 Et
921 3784 1065 3840 ratio
1090 3783 1446 3856 disparitatis
1473 3783 1652 3841 habe-

277 3875 375 3925 tur
417 3885 493 3925 ex
532 3883 714 3939 supra
740 3865 904 3922 dictis
929 3885 965 3921 a
993 3884 1145 3922 num.
1176 3867 1288 3922 209
1311 3909 1325 3932 ,
1374 3868 1650 3939 quoniam

276 3950 463 4006 virtus
495 3945 836 4004 immediate
863 3947 1156 4019 operativa
1178 3952 1357 4019 potest
1375 3963 1497 4004 esse
1518 3963 1650 4021 per-

274 4044 524 4086 manens
550 4071 567 4096 ,
620 4028 713 4083 vel
762 4027 1048 4083 transiens
1073 4069 1086 4092 ,
1136 4032 1194 4084 et
1237 4026 1530 4085 deservire
1556 4031 1649 4085 vel

274 4110 547 4184 pluribus
574 4107 1027 4181 operationibus,
1073 4111 1163 4166 vel
1194 4110 1297 4165 uni
1325 4109 1643 4178 dumtaxat,

263 4197 328 4248 et
373 4197 695 4262 utrumque
731 4203 802 4244 ex
828 4205 1037 4264 genere
1061 4205 1165 4246 suo
1193 4192 1493 4263 permittit.
1528 4194 1649 4248 Cae-

271 4277 467 4328 terum
489 4273 800 4340 conceptus
822 4275 1042 4325 naturae
1069 4271 1342 4342 importat
1361 4287 1431 4328 ex
1450 4288 1510 4328 se
1526 4288 1650 4344 per-

274 4351 678 4411 manentiam3
706 4349 841 4422 quia
879 4348 1044 4406 debet
1080 4366 1202 4407 esse
1229 4351 1394 4407 radix
1421 4367 1642 4421 eorum,

265 4448 402 4506 quae
425 4431 498 4488 ad
520 4445 699 4486 suum
720 4429 984 4486 ordinem
1001 4437 1272 4503 spectant,
1291 4436 1348 4489 et
1369 4434 1648 4505 respicere

274 4516 473 4587 plures
495 4509 885 4585 operationes»,
918 4516 980 4567 ut
1007 4512 1127 4568 loco
1153 4512 1322 4568 citato
1362 4513 1646 4585 pondera-

270 4594 469 4650 vimus
498 4615 512 4650 ε
538 4608 674 4648 cum
703 4607 815 4665 quo
842 4592 1089 4649 minime
1114 4592 1372 4660 cohaeret,
1403 4593 1551 4667 quod
1573 4596 1647 4651 sit

264 4676 527 4750 qualitas
548 4673 625 4730 ab
654 4672 967 4730 intrinseco
988 4672 1184 4742 ssuida,
1214 4673 1312 4731 sed
1340 4673 1506 4731 debet
1526 4692 1648 4734 esse

268 4770 633 4831 permanens
679 4751 1078 4811 determinate.
1128 4753 1213 4809 Ad
1251 4754 1644 4827 probationem

268 4846 469 4897 autem
519 4837 587 4893 in
629 4834 986 4892 contrarium
1024 4834 1329 4892 dicendum
1356 4843 1458 4905 est,
1494 4838 1645 4912 quod

271 4921 405 4977 licet
454 4932 627 4976 amor
674 4915 972 4972 charitatis
1015 4915 1330 4988 dependeat
1380 4934 1412 4974 a
1461 4920 1647 4991 gratia

270 5000 576 5062 mediante
603 4996 821 5053 virtute
848 4997 1110 5068 proxime
1131 4998 1442 5070 operativa,
1467 5004 1523 5054 et
1543 5000 1646 5059 hac

1804 539 2097 596 mediante
2123 539 2503 614 conjungatur
2529 557 2658 596 cum
2694 540 2828 607 illa;
2866 540 3180 598 nihilomi-

1806 635 1916 675 nus
1954 620 2138 694 magis
2177 619 2458 692 dependet
2485 636 2517 676 a
2541 621 2755 694 gratia,
2785 638 2958 694 quam
2985 637 3019 676 a
3049 622 3176 678 vir-

1805 705 1924 755 tute
1945 701 2209 772 proxima
2238 721 2250 755 z
2275 702 2421 756 sicut
2449 717 2611 757 amor
2657 701 2946 758 naturalis
2991 702 3176 776 magis

1802 778 2084 852 dependet
2123 779 2194 835 ab
2235 780 2450 841 anima.
2492 797 2665 854 quam
2696 798 2728 838 a
2763 784 3078 850 voluntate,
3113 790 3176 841 ut

1802 858 2150 934 significavit
2179 862 2242 918 D.
2275 861 2482 917 Thom.
2531 870 2712 935 quaesl.
2744 865 2834 931 26,
2878 864 2943 919 de
2999 862 3366 924 verim-1¹10-

1804 948 1918 1017 art.-
1964 943 2018 997 2.
2074 942 2256 996 Immo
2302 941 2488 997 virtus
2536 943 2802 1014 proxima
2848 960 2966 1000 non
3012 946 3170 1003 elicit

1802 1021 2215 1095 operationem,
2247 1022 2360 1078 nisi
2390 1028 2451 1078 ut
2476 1022 2850 1081 subordinata
2879 1026 3170 1099 principio

1805 1102 2040 1160 radicali
2067 1145 2080 1170 ,
2126 1120 2159 1159 a
2198 1119 2318 1176 quo·
2353 1106 2609 1177 operatio
2637 1107 3038 1179 principaliter
3062 1108 3157 1166 de-

1802 1182 2027 1257 pendet.
2079 1182 2464 1248 Quamobrem
2494 1190 2675 1258 potest
2704 1193 2762 1242 ut
2795 1187 3173 1245 subordinata

1803 1265 2088 1337 principio
2123 1265 2358 1322 radicali
2383 1268 2744 1337 permanenti
2771 1311 2784 1335 ,
2830 1285 3174 1327 concurrere

1802 1347 1872 1403 ad
1889 1346 2281 1419 operationem
2299 1352 3030 1422 permanentem,quamvis
3047 1351 3170 1423 ipsa

1802 1430 1987 1484 virtus
2025 1428 2101 1483 sit
2127 1426 2325 1484 fluida.
2358 1430 2426 1483 Et
2453 1429 2555 1485 hoc
2585 1435 2743 1501 pacto
2785 1432 2931 1488 visio
2978 1431 3165 1488 beati-

1801 1508 1926 1575 fica,
1956 1516 2013 1567 et
2052 1509 2281 1567 dilectio
2305 1511 2623 1580 charitatis,
2649 1530 2774 1587 qua),
2794 1520 2929 1570 sunt
2956 1530 3165 1586 opera·
3209 1576 3210 1579 Ἴ

1798 1591 1986 1648 tiones
2010 1607 2082 1647 ex
2107 1607 2168 1647 se
2208 1599 2647 1663 permanentes,
2700 1594 2829 1652 fieri
2881 1596 3166 1652 divinitus

1802 1680 2037 1746 possunt
2066 1674 2252 1730 media
2281 1675 2494 1732 virtute
2542 1678 2805 1748 proxima
2845 1677 2914 1734 ab
2943 1680 3166 1736 intrin-

1798 1773 1925 1813 seco
1953 1758 2291 1819 transeunti.
2324 1757 2698 1816 subordinate
2725 1765 2918 1818 tamen
2964 1762 3168 1835 gratiae

1801 1836 2083 1892 habituali
2113 1836 2491 1894 sanctificanti
2516 1839 2584 1896 ab
2608 1841 2920 1897 intrinseco
2943 1858 3167 1915 perma-

1799 1918 1985 1973 nenti.
2010 1919 2119 1974 Per
2139 1918 2286 1989 quod
2310 1919 2556 1976 diluitur
2585 1921 2751 1978 tacita
2776 1922 3036 1996 quaedam
3060 1922 3167 1981 ob-

1802 1997 1982 2053 'ectio.
2805 2005 2809 2009 ⁴

1792 2012 1812 2070 1
1874 2074 2007 2134 Quae
2046 2071 2377 2130 differentia
2414 2073 2749 2131 confirmari
2792 2082 2973 2148 potest
2999 2099 3012 2133 :
3038 2082 3164 2134 tum

1797 2154 1931 2226 quia
1957 2153 2027 2209 de
2053 2156 2197 2212 facto
2226 2156 2304 2211 ita
2331 2155 2647 2229 contingit3
2678 2173 2814 2213 nam
2842 2159 2949 2224 illi,
2977 2158 3074 2232 qui
3100 2159 3164 2214 in

1798 2236 1904 2291 hac
1928 2236 2046 2291 vita
2073 2236 2344 2294 viderunt
2370 2240 2675 2295 essentiam
2701 2239 2984 2306 divinam,
3017 2257 3074 2297 v.
3103 2257 3162 2314 g.

1795 2316 2058 2389 Moyses,
2106 2322 2165 2373 et
2209 2320 2423 2374 Paulus
2448 2361 2460 2383 ,
2509 2320 2734 2377 lumine
2757 2321 2955 2395 gloriae
2994 2326 3162 2376 tran-

1795 2397 2002 2465 seunti,
2036 2399 2127 2454 vel
2156 2404 2520 2457 transeunter
2548 2402 2764 2475 perfusi
2793 2407 2926 2457 sunt
2952 2427 2966 2459 ι
2999 2408 3055 2459 at
3082 2403 3127 2460 ii
3151 2444 3160 2447 „

1794 2477 1928 2533 dem
1957 2480 2282 2538 habuerunt
2308 2483 2555 2556 gratiam
2582 2483 3035 2541 sanctificantem
3063 2486 3164 2543 ha-

1796 2557 2092 2630 bitualem,
2137 2567 2194 2619 et
2217 2562 2470 2635 ejusdem
2515 2564 2754 2621 rationis
2783 2582 2911 2621 cum
2943 2571 3158 2624 nostra.

1795 2640 1962 2699 Unde
1985 2644 2047 2699 D.
2079 2645 2282 2701 Thom.
2309 2648 2363 2715 2,
2397 2647 2471 2701 ad
2493 2646 2745 2704 Corinth..
2802 2650 2882 2714 12,
2935 2649 3052 2705 lect.
3112 2652 3159 2716 1,

1792 2741 1923 2780 cum
1968 2732 2158 2798 ageret
2203 2728 2274 2785 de
2309 2728 2535 2785 visione
2585 2731 2770 2795 Pauli,
2819 2732 3164 2802 praenotavit

1794 2806 1959 2862 illam
1989 2807 2252 2867 habuisse
2280 2809 2343 2865 in
2371 2809 2654 2883 principio
2693 2827 2812 2867 sua}
2840 2813 3164 2870 conversio·
3218 2842 3221 2845 ·

1793 2888 1886 2943 nis
1918 2911 1930 2944 :
1959 2887 2036 2946 Et
2066 2891 2200 2961 ideo,
2255 2892 2461 2965 inquit,
2513 2894 2741 2966 quidam
2791 2895 2982 2952 dicunt
3017 2897 3159 2951 satis

1787 2970 2164 3042 probabiliter,
2189 2973 2330 3051 quod
2349 2973 2644 3046 Apostolus
2662 2976 2765 3030 has
2790 2979 3026 3032 visiones·
3057 2977 3160 3032 lm-

1789 3053 1908 3109 buit
1950 3057 2008 3110 in
2050 3056 2145 3111 illo
2184 3057 2390 3123 triduo,
2413 3073 2524 3129 quo
2553 3064 2675 3130 post
2703 3060 3147 3130 prostrationem

1790 3152 1954 3192 suam
1977 3153 2010 3192 a
2037 3138 2279 3195 Domino
2317 3139 2471 3195 stetit
2500 3153 2682 3211 neque
2703 3138 2923 3204 videnS,
2970 3155 3156 3212 neque

1789 3217 2144 3274 manducans
2167 3261 2180 3285 ,
2236 3234 2417 3290 neque
2468 3218 2689 3277 bibens.
2732 3223 2854 3284 Quo
2881 3225 3154 3291 ,tempore

1789 3304 2008 3356 certum
2038 3299 2275 3355 omnino
2297 3304 2399 3363 est,
2428 3299 2613 3370 ipsum
2645 3300 2947 3373 praeditum
2976 3300 3154 3360 fuisse

1787 3380 1972 3453 gratia
2018 3379 2302 3435 habituali
2341 3380 2746 3436 sanctificante.
2780 3384 2892 3436 Nec
2918 3381 3152 3452 opposi-

1787 3467 1912 3517 tum
1942 3466 2122 3534 potest
2161 3461 2353 3532 aliquo
2378 3463 2642 3534 exemplo
2670 3464 2760 3518 vel
2798 3462 2860 3517 in
2903 3462 3145 3532 visione,

1787 3543 1882 3600 vel
1905 3543 1966 3599 in
1991 3558 2186 3613 amore
2202 3541 2498 3599 charitatis
2512 3541 2752 3599 ostendi.
2776 3545 2920 3599 Tum
2945 3544 3144 3611 etiam,

1786 3627 1922 3699 quia
1949 3624 2078 3680 licet
2100 3624 2162 3679 D.
2189 3623 2397 3679 Thom.
2427 3621 2709 3690 admittat,
2735 3627 2789 3678 et
2818 3623 3149 3696 frequenter

1785 3708 1981 3765 doceat
2001 3704 2386 3760 differentiam
2410 3704 2573 3759 illam
2603 3704 2844 3759 luminis
2864 3705 3062 3778 gloriae
3082 3706 3147 3763 in

1787 3787 2010 3844 ratione
2049 3785 2459 3859 permanenti3‚
2485 3789 2541 3840 et
2570 3786 2951 3852 transeuntis;
2978 3786 3146 3846 illam

1786 3873 1980 3924 tamen
2008 3864 2218 3922 nullibi
2241 3864 2487 3937 applicat
2517 3864 2715 3937 gratiae
2741 3866 3142 3935 sanctificanti,

1782 3948 1882 4006 sed
1925 3948 2132 4021 ubique
2175 3946 2448 4018 supponit
2491 3961 2620 4002 eam
2661 3962 2783 4003 esse
2806 3948 3145 4019 qualitatem

1785 4033 2241 4103 permanentem,
2273 4032 2328 4084 et
2355 4025 2636 4093 habitum,
2666 4032 2727 4083 ut
2748 4023 2937 4084 vi'deri
2967 4034 3147 4101 potest

1784 4112 1889 4168 hac
1925 4113 1970 4178 l,
1995 4112 2050 4176 2,
2077 4116 2258 4185 quaest.
2319 4109 2420 4164 ΗΟ
2446 4152 2458 4173 ,
2501 4109 2615 4181 fere
2651 4126 2746 4182 per
2773 4115 2962 4165 totam.
2994 4111 3144 4167 Tum

1781 4194 2047 4267 denique,
2072 4192 2207 4266 quia
2237 4191 2403 4247 radix
2442 4191 2607 4248 debet
2643 4206 2765 4246 esse
2793 4208 3146 4264 permanen-

1780 4276 1914 4341 tior,
1937 4281 1993 4332 et
2021 4272 2248 4329 firmior
2274 4272 2364 4338 iis,
2385 4289 2507 4345 quae
2530 4288 2561 4328 a
2586 4270 2776 4328 radice
2795 4271 3140 4345 dependent:

1780 4357 1966 4432 gratia
1988 4361 2178 4413 autem
2202 4355 2264 4410 in
2286 4355 2483 4411 anima
2502 4355 2751 4411 existens
2776 4361 3143 4427 comparatur

1781 4439 1854 4496 ad
1898 4439 2200 4512 qualitates
2242 4438 2552 4495 existentes
2598 4436 2662 4492 in
2716 4439 2987 4509 potentiis
3039 4457 3140 4513 per

1779 4518 2020 4577 modum
2045 4519 2254 4580 radicis
2280 4534 2481 4575 earum
2507 4559 2520 4583 ,
2565 4533 2696 4573 cum
2725 4517 2930 4576 habeat
2957 4522 3138 4579 ratio-

1780 4618 1917 4659 nem
1957 4607 2185 4658 naturae
2231 4600 2293 4655 in
2340 4599 2544 4658 ordine
2563 4597 2765 4656 divino
2792 4622 2806 4656 z
2832 4601 2982 4660 unde
3011 4603 3142 4660 licet

1779 4682 2083 4756 qualitates
2129 4679 2462 4737 immediate
2489 4679 2793 4737 afficientes
2820 4685 3137 4754 potentiam

1780 4763 2000 4836 possint
2019 4776 2140 4818 esse
2160 4763 2252 4819 vel
2274 4760 2612 4829 habitualeS‚
2639 4763 2732 4818 vel
2753 4767 3137 4839 transeuntes3

1778 4844 1963 4919 gratia
1988 4842 2271 4899 tamenin
2298 4841 2495 4897 anima
2533 4840 2784 4899 existens
2822 4842 2988 4900 debet
3013 4861 3136 4905 esse

1778 4926 2160 4984 determinate
2197 4924 2334 4996 quid
2382 4940 2742 4997 permanens.
2775 4926 2933 4992 Quod
2962 4930 3136 4986 moti-

1778 5022 1918 5062 vum
1972 5003 2292 5061 insinuavit
2345 5004 2409 5060 D.
2460 5004 2672 5062 Thom.
2714 5007 2835 5063 loco
2875 5007 3134 5079 proxime
3147 5025 3200 5067 D.
3220 5026 3326 5069 Tho.
