3647 5753
1433 341 1616 397 DISP.
1658 340 1753 409 111,
1799 339 1966 398 DUB.
2008 341 2078 399 V.
3033 343 3140 401 621

291 514 392 589 ligi
414 512 713 587 dispositio
727 513 987 579 moraliS,
1015 529 1140 586 quai
1161 529 1278 570 non
1304 512 1379 569 sit
1403 511 1653 585 aliquale

289 598 564 654 meritum
590 600 845 669 respectu
866 596 1086 670 gratias.
1108 595 1273 652 Unde
1294 595 1416 652 illis
1445 595 1654 652 adver-

51 677 256 771 ,ffggg'gi
288 686 468 747 satur,
530 686 586 737 et
625 684 835 736 nostrae
875 678 1178 735 assertioni
1232 677 1386 735 favet
1432 677 1647 735 Concil.

53 759 549 822 D.Pau1.'Trident.
593 777 722 816 sess.
770 762 826 825 6,
875 776 997 831 cap.
1042 760 1097 823 8,
1133 756 1229 813 ubi
1256 757 1510 830 exponit,
1542 772 1653 829 quo

291 858 461 900 sensu
489 846 680 914 Apost.
712 840 787 894 ad
811 839 969 897 Rom.
996 839 1050 905 3,
1096 837 1326 905 dixerit,
1352 837 1651 895 hominem

289 921 591 998 justificari
613 921 810 995 gratis,
836 919 1102 992 etinquit
1135 940 1148 975 ε
1190 941 1216 971 α
1246 919 1433 975 Gratis
1462 924 1652 975 autem

301 1026 326 1057 α
345 1001 645 1078 ,iustificari
668 1001 795 1059 ideo
816 1000 1227 1073 dicimur,quia
1250 1000 1401 1056 nihil
1427 1015 1648 1065 eorum,

299 1106 327 1137 α
355 1100 481 1158 quae
495 1080 963 1157 justificationem
982 1079 1327 1154 praecedunt,
1345 1080 1468 1136 sive
1489 1079 1649 1146 fides,

301 1188 326 1219 α
356 1165 480 1221 sive
507 1180 698 1236 opera,
739 1164 921 1235 ipsam
944 1161 1368 1237 justificationis
1405 1162 1654 1234 gratiam

300 1269 327 1299 «
359 1252 722 1319 promeretur
751 1266 764 1299 ε
792 1244 841 1299 si
868 1244 1027 1300 enim
1048 1242 1235 1316 gratia
1261 1246 1363 1307 est,
1390 1243 1513 1317 jam
1535 1258 1654 1300 non

297 1346 325 1378 «
351 1331 437 1382 est
462 1342 534 1383 ex
560 1323 850 1398 operibus;
881 1322 1161 1396 alioquin,
1189 1327 1251 1377 ut
1278 1321 1432 1379 idem
1473 1324 1656 1396 Apos-

301 1428 327 1459 «
357 1407 506 1463 tolus
529 1406 734 1478 inquit,
763 1405 949 1478 gratia
965 1406 1086 1480 jam
1117 1419 1234 1461 non
1259 1407 1342 1460 est
1381 1404 1588 1477 gratia.
1624 1422 1649 1455 υ

297 1490 432 1545 Esto
471 1494 684 1551 tamen,
729 1486 877 1560 quod
924 1492 1078 1543 actus
1118 1487 1271 1543 notri
1311 1490 1658 1543 concurrant

295 1569 598 1625 moraliter
619 1567 689 1624 ad
718 1566 1070 1624 infusionem
1096 1568 1315 1641 gratiae,
1347 1566 1438 1622 hic
1462 1572 1658 1624 tamen

296 1665 604 1707 concursus
631 1664 748 1706 non
771 1654 855 1705 est
905 1648 1295 1721 dispositivuS,
1334 1654 1391 1706 et
1433 1663 1659 1721 respec-

297 1732 416 1788 tive
438 1731 508 1788 ad
527 1731 844 1804 subjectum
867 1755 879 1796 ;
904 1729 1002 1786 sed
1026 1729 1339 1796 effectivuS,
1366 1736 1423 1791 et
1445 1745 1660 1802 respec-

297 1813 415 1869 tive
442 1810 511 1868 ad
555 1810 878 1883 praemium,
911 1812 1032 1868 sive
1073 1810 1390 1867 terminum
1437 1808 1652 1865 meriti.

72 1887 282 1967 octavam
379 1893 501 1951 124.
525 1894 803 1966 Arguitur
832 1897 1026 1947 octavo
1058 1911 1069 1945 ε
1108 1891 1246 1964 quia
1274 1896 1431 1946 actus
1472 1889 1658 1945 nostri

68 1945 276 2030 mfia'fflm.
297 1990 416 2031 non
434 1982 783 2033 concurrunt
803 1973 874 2030 ad
902 1978 1276 2047 augmentum
1305 1973 1509 2047 gratiae
1531 1971 1660 2044 jus-

298 2057 567 2114 tificantis
597 2057 656 2113 ut
682 2057 1085 2130 dispositiones
1109 2056 1377 2129 physicas,
1409 2055 1507 2112 sed
1535 2060 1661 2112 tan-

299 2146 422 2197 tum
445 2141 693 2197 morales
714 2155 877 2214 :ergo
892 2139 1094 2196 eodem
1118 2137 1288 2196 modo
1305 2143 1661 2197 concurrunt

300 2220 371 2278 ad
425 2223 675 2295 primam
722 2220 977 2294 ejusdem
1023 2221 1226 2294 gratiae
1278 2219 1654 2276 infusionem.

301 2303 714 2375 Consequentia
762 2306 914 2374 patet
966 2319 997 2357 a
1027 2300 1289 2373 paritate,
1334 2300 1470 2372 quia
1517 2316 1662 2375 aug-

304 2388 563 2440 mentum
584 2383 801 2458 gratiae,
832 2387 888 2440 et
917 2382 1106 2454 prima
1133 2381 1253 2455 ejus
1284 2380 1500 2438 infusio
1526 2386 1662 2436 sunt

302 2464 555 2538 ejusdem
599 2465 860 2530 rationiS,
909 2470 965 2520 et
1012 2468 1210 2537 petunt
1253 2464 1662 2536 proportiona-

306 2544 500 2602 biliter
552 2545 780 2604 easdem
825 2561 1037 2601 causas.
1082 2545 1433 2602 Antecedens
1469 2550 1661 2601 autem

309 2625 580 2700 probatur
615 2649 629 2683 x
671 2632 793 2682 tum
816 2627 950 2700 quia
987 2627 1174 2699 justus
1220 2643 1321 2701 per
1349 2627 1664 2700 quemlibet

306 2715 494 2766 actum
522 2709 818 2766 charitatis
846 2714 1010 2784 auget
1034 2710 1282 2784 gratiam
1316 2733 1331 2776 3
1373 2708 1661 2781 siquidem

307 2791 602 2863 perillum
649 2796 905 2849 meretur
933 2791 1004 2849 de
1052 2791 1337 2865 condigno
1380 2793 1663 2866 majorem

302 2874 568 2949 gloriam,
595 2893 720 2948 quae
761 2873 927 2933 dehet
968 2873 1029 2931 in
1053 2874 1260 2950 majori
1288 2874 1496 2949 gratia,
1529 2879 1664 2931 tan-

303 2972 476 3028 quam
524 2957 586 3012 in
641 2954 831 3012 radice
885 2955 1288 3028 praecontineri
1314 2978 1329 3022 ;
1378 2961 1435 3012 et
1468 2961 1664 3011 tamen

306 3044 459 3093 actus
503 3036 776 3092 remissus
817 3051 935 3092 non
962 3042 1045 3093 est
1086 3035 1384 3108 dispositio
1432 3036 1666 3110 physica

304 3116 375 3174 ad
397 3122 768 3192 augmentum
795 3117 1013 3191 gratiae,
1036 3121 1097 3171 ut
1123 3132 1194 3172 ex
1209 3133 1268 3173 se
1284 3116 1463 3189 liquet
1489 3138 1501 3172 ε
1530 3131 1667 3190 ergo

304 3204 459 3255 actus
488 3199 668 3256 nostri
687 3214 803 3255 non
824 3202 1176 3255 concurrunt
1193 3197 1261 3253 ad
1291 3203 1666 3269 augmentum

299 3282 499 3357 gratiae
522 3287 582 3337 ut
610 3281 1015 3354 dispositiones
1045 3279 1320 3354 physicae,
1353 3278 1450 3335 sed
1480 3294 1669 3335 mora-

303 3366 402 3422 les,
435 3366 582 3420 Tum
610 3363 808 3428 etiam,
841 3363 976 3436 quia
1018 3364 1080 3419 in
1102 3361 1480 3418 sacramentis
1508 3376 1670 3418 com-

307 3443 632 3501 municatur
650 3442 815 3499 nobis
831 3444 1017 3517 gratia
1038 3459 1109 3500 ex
1138 3456 1309 3514 opere
1335 3446 1589 3513 operato,
1616 3445 1671 3497 et

307 3529 714 3595 consequenter
730 3539 905 3595 supra
924 3523 1273 3598 exigentiam
1293 3520 1539 3593 propriae
1560 3520 1672 3576 dis-

313 3605 629 3678 positionis,
679 3604 769 3660 cui
823 3606 1166 3677 supponitur
1209 3603 1671 3661 commensurari

310 3686 514 3761 gratia,
540 3702 662 3758 quae
682 3686 851 3742 datur
877 3702 947 3742 ex
967 3702 1137 3758 opere
1163 3683 1458 3757 operantis
1485 3704 1498 3739 z
1537 3698 1674 3757 ergo

314 3774 469 3824 actus
514 3767 696 3823 nostri
746 3783 862 3823 non
895 3772 1244 3825 concurrunt
1293 3771 1353 3822 ut
1376 3764 1674 3838 dispositio

319 3850 546 3923 physica
567 3845 636 3904 ad
667 3848 812 3905 illud
841 3849 1022 3923 magis
1047 3849 1265 3923 gratiae,
1305 3848 1454 3922 quod
1489 3849 1552 3904 in
1579 3863 1676 3903 sa·-

317 3930 627 3987 cramentis
647 3946 718 3987 ex
732 3945 902 4003 opere
930 3936 1161 4002 operato
1188 3930 1670 3987 communicatur.

391 4010 788 4083 Respondetur
810 4009 1088 4085 negando
1114 4009 1472 4076 antecedens,
1508 4012 1678 4081 prout

315 4092 565 4150 excludit
592 4107 825 4149 omnem
870 4090 1303 4164 dispositionem
1356 4090 1672 4164 physicam,

318 4182 435 4232 tarn
464 4175 789 4247 proximam
815 4216 828 4238 ,
872 4188 1045 4246 quam
1084 4179 1387 4231 remotam.
1439 4170 1524 4227 Ad
1553 4172 1681 4243 pri-

317 4273 475 4315 mam
522 4261 713 4313 autem
760 4255 1159 4329 probationem
1207 4255 1269 4311 in
1317 4254 1680 4311 contrarium

319 4340 433 4396 late
472 4338 752 4396 constabit
797 4354 868 4395 ex
895 4335 1152 4393 dicendis
1179 4342 1340 4392 tract.
1380 4352 1489 4412 seq.
1533 4335 1674 4407 disp.

318 4421 375 4488 3,
401 4420 529 4476 dub.
552 4419 783 4477 2.Modo
810 4420 1065 4477 breviter
1094 4415 1489 4491 respondetur,
1532 4414 1683 4489 quod

322 4501 451 4558 licet
465 4502 652 4574 justus
671 4499 923 4575 quolibet
971 4507 1097 4557 actu
1123 4498 1424 4555 charitatis
1455 4514 1685 4555 merea-

319 4589 418 4638 tur
444 4586 817 4656 augmentum
844 4582 1064 4656 gratiae,
1096 4584 1152 4635 et
1188 4579 1388 4654 gloriae
1414 4604 1428 4646 ;
1463 4578 1685 4635 nihilo-

93 4032 281 4083 solutio.

324 4663 519 4720 minus
560 4678 679 4720 non
729 4662 1096 4734 consequitur
1155 4659 1493 4733 praedictum
1542 4676 1686 4734 aug-
1765 4720 1771 4729 ,

325 4751 587 4804 mentum
613 4761 712 4817 per
736 4743 1051 4817 quemlibet
1080 4741 1395 4808 actum,sed
1416 4759 1557 4816 opus
1578 4747 1681 4810 est,
1767 4815 1770 4822 ι

321 4826 473 4901 quod
499 4825 692 4882 eliciat
719 4831 906 4883 actum
934 4841 1066 4881 cum
1095 4823 1424 4880 intensione
1457 4823 1688 4897 physica

325 4908 808 4983 correspondente
834 4907 1154 4965 intensioni
1199 4906 1400 4982 gratiae
1426 4921 1689 4962 commu·
1765 4907 1768 4912 “

328 4990 589 5050 nicandae
613 5014 629 5058 ;
652 4993 708 5048 et
733 4989 963 5065 quando
992 4988 1149 5048 adest
1172 4984 1505 5061 hujusmodi
1538 4990 1693 5043 actus

1787 527 1892 585 per
1912 512 2150 575 modum
2176 512 2570 587 dispositionis
2615 515 2842 569 tantum
2871 511 3144 586 physicae,
3226 502 3231 507 ’

1786 599 1922 652 tunc
1962 595 2292 653 infunditur
2331 595 2479 653 illud
2517 595 2716 671 gratiae
2746 600 3143 669 augmentum,

1785 676 1937 749 quod
1958 677 2226 735 omnibus
2253 678 2470 735 actibus
2525 677 2780 736 remissis
2828 677 3147 736 meritoriis

1786 760 2210 833 correspondet,
2238 761 2471 820 utdocet
2499 763 2561 818 D.
2595 761 2801 818 Thom.
2827 767 3006 834 quaest.
3032 776 3142 836 seq.
3162 774 3215 819 n.
3234 773 3345 818 Tho.

1787 846 1898 896 art.
1942 841 1977 895 8
2017 842 2093 897 ad
2136 842 2190 909 3,
2221 849 2272 897 et
2309 845 2360 910 2,
2388 845 2443 907 2,
2478 848 2663 917 quast.
2704 843 2796 906 24,
2826 847 2936 896 art.
2966 841 3022 897 6.
3053 842 3147 895 An

1789 926 1981 979 autem
2034 924 2363 999 hujusmodi
2408 930 2563 980 actus
2608 923 2923 981 eliciendus
2968 924 3043 978 sit
3084 923 3149 979 in

1787 1007 1938 1059 statu
1960 1004 2171 1072 viae,an
2193 1011 2316 1079 post
2339 1006 2529 1071 illum,
2555 1004 2836 1062 constabit
2855 1021 2926 1061 ex
2946 1004 3150 1060 dicen-

1787 1084 1878 1142 dis
1899 1088 2020 1145 loco
2040 1104 2214 1161 supra
2252 1090 2440 1146 citato.
2465 1088 2551 1144 Ad
2592 1086 2901 1145 secundam
2932 1084 3146 1158 proba-

1789 1166 2007 1224 tionem
2030 1173 2181 1240 patet
2207 1183 2279 1223 ex
2298 1185 2472 1241 supra
2498 1168 2665 1225 dictis
2687 1169 2873 1223 num.l
2892 1167 2999 1241 10,j
3010 1171 3147 1223 uxta

1789 1264 1915 1322 quae
1942 1249 2402 1322 respondendum
2448 1255 2551 1315 est,
2596 1250 2745 1323 quod
2785 1250 2932 1305 sicut
2958 1248 3148 1324 gratia

1790 1326 1948 1385 intra
1973 1334 2396 1386 sacramentum
2425 1330 2718 1387 confertur
2753 1328 3151 1402 independen-

1790 1415 1880 1466 ter
1907 1407 1978 1465 ab
2019 1410 2225 1466 ultima
2252 1408 2625 1481 dispositione
2666 1410 2917 1485 physica,
2950 1414 3007 1466 et
3032 1408 3145 1465 sibi

1791 1491 2032 1549 omnino
2052 1491 2435 1558 connaturali,
2490 1492 2676 1564 qualis
2721 1498 2807 1548 est
2828 1496 2984 1548 actus
3009 1507 3150 1548 con-

1791 1574 2048 1632 tritionis
2073 1594 2088 1630 ε
2134 1574 2216 1630 ita
2242 1579 2615 1647 augmentum
2642 1574 2842 1648 gratiae
2870 1574 3027 1631 intra
3053 1591 3151 1631 sa-

1791 1659 2152 1712 cramentum
2190 1654 2647 1711 communicatur
2683 1654 3144 1728 independenter

1793 1752 1827 1792 a
1854 1733 2121 1808 praedicta
2149 1734 2541 1807 dispositione,
2564 1736 2706 1808 quin
2732 1751 2801 1792 ex
2829 1736 2932 1791 hoc
2952 1751 3150 1809 sequa·

1793 1821 1890 1874 tur
1910 1817 2001 1874 vel
2022 1817 2604 1874 communicationem
2649 1817 2867 1891 gratiae,
2917 1823 2974 1873 et
3008 1833 3154 1892 aug-

1792 1899 1976 1956 menti
2003 1899 2202 1973 gratiae
2228 1915 2348 1957 esse
2371 1900 2433 1956 in
2453 1915 2520 1957 eo
2546 1915 2677 1956 casu
2698 1901 3106 1964 miraculosam
3132 1923 3147 1966 ;

1793 1983 1888 2039 vel
1913 1982 2179 2056 gratiam,
2224 1986 2282 2038 et
2327 1988 2699 2057 augmentum
2741 1983 2862 2057 ejus
2886 1998 3151 2040 commu-

1794 2065 1912 2120 cari
1936 2062 2391 2136 independenter
2417 2061 2487 2119 ab
2510 2064 2669 2119 omni
2695 2064 2928 2138 physica
2957 2063 3152 2135 dispo-

1793 2147 2023 2203 sitione.
2059 2146 2212 2203 Licet
2236 2146 2396 2203 enim
2444 2152 2599 2203 actus
2625 2146 2990 2203 contritionis
3012 2163 3067 2203 v.
3091 2162 3148 2220 g.

1795 2234 1859 2285 ut
1885 2232 2146 2300 quatuor,
2197 2242 2316 2284 non
2361 2226 2435 2282 sit
2475 2225 2772 2300 dispositio
2795 2227 3030 2300 physica
3057 2228 3156 2283 ul-

1796 2311 1958 2375 tima,
1985 2308 2098 2365 nisi
2116 2307 2187 2364 ad
2200 2308 2449 2382 gratiam
2474 2314 2533 2363 ut
2547 2314 2808 2382 quatuor,
2836 2324 2960 2381 quae
2981 2307 3151 2365 datur

1795 2406 1867 2448 ex
1896 2404 2066 2462 opere
2105 2393 2337 2461 operato
2360 2412 2376 2456 ;
2399 2404 2627 2462 semper
2646 2394 2841 2446 tamen
2868 2394 2952 2444 est
2971 2388 3159 2462 dispo-

1795 2469 1930 2526 sitio
1956 2467 2191 2543 physica
2218 2473 2340 2523 tum
2363 2466 2434 2524 ad
2459 2469 2707 2544 gratiam
2734 2466 3050 2527 secundum
3072 2484 3151 2537 se,

1797 2558 1921 2609 tum
1945 2550 2013 2608 ad
2036 2550 2327 2624 quodlibet
2344 2551 2467 2626 ejus
2494 2556 2886 2626 augmentum,
2907 2551 3012 2608 etsi
3037 2567 3157 2609 non

1797 2632 1873 2688 sit
1912 2630 2119 2688 ultimo
2144 2631 2431 2688 sufficiens
2470 2631 2539 2687 ad
2571 2630 2966 2705 quodcumque
3012 2648 3158 2706 aug-

1798 2718 2084 2771 mentum.
2132 2718 2279 2771 Nam
2311 2712 2614 2786 praedictus
2642 2720 2796 2771 actus
2842 2712 3158 2771 secundum

1797 2813 1879 2863 se,
1919 2800 1975 2852 et
2001 2794 2070 2851 ab
2099 2795 2426 2852 intensione
2454 2795 2858 2868 praescindens,
2891 2800 2975 2853 est
2999 2794 3156 2852 ordi·

1800 2879 1892 2935 nis
1912 2879 2391 2950 supernaturalis,
2418 2883 2573 2950 aptat
2588 2876 2657 2934 ad
2680 2876 2997 2934 amicitiam
3025 2892 3156 2934 cum

1802 2962 1935 3026 Deo,
1960 2965 2014 3016 et
2044 2958 2230 3016 reddit
2256 2959 2454 3033 gratiae
2482 2965 2854 3034 augmentum
2884 2961 3159 3017 volunta-

1803 3041 1958 3111 rium
1993 3060 2006 3096 z
2033 3056 2144 3113 quo
2192 3040 2342 3095 nihil
2391 3042 2641 3112 amplius
2684 3039 3063 3106 desideratur,
3097 3045 3160 3094 ut

1771 3122 2009 3202 shabeat
2051 3122 2333 3178 rationem
2372 3121 2767 3193 dispositionis
2796 3121 3043 3196 physicae
3083 3118 3156 3176 ad

1802 3203 2137 3277 praedictum
2167 3207 2540 3276 augmentum
2566 3226 2580 3269 3
2609 3203 2874 3275 quamvis
2904 3200 3049 3257 illud
3088 3215 3161 3257 ex

1804 3292 2013 3343 natura
2038 3301 2141 3341 sua
2158 3300 2287 3358 non
2314 3284 2492 3341 infert
2533 3283 2945 3341 infallibiliter.
2981 3282 3165 3340 Habet

1805 3367 1985 3441 igitur
2029 3364 2331 3438 praedictus
2358 3369 2512 3421 actus
2551 3380 2672 3420 esse
2722 3362 3157 3436 dispositionem

1807 3447 2102 3523 physicam
2142 3445 2212 3503 ad
2239 3445 2485 3520 gratiam
2514 3460 2629 3500 suae
2671 3444 2986 3502 intensioni
3031 3460 3161 3502 cor-

1807 3526 2268 3603 respondentem,
2317 3531 2374 3583 et
2425 3525 2495 3582 ad
2520 3525 2786 3600 gratiam,
2839 3541 2964 3598 quae
2990 3524 3163 3582 datur

1806 3627 1880 3669 ex
1899 3625 2069 3684 opere
2097 3614 2330 3682 operato
2357 3628 2370 3664 ε
2411 3608 2510 3666 sed
2544 3605 2613 3663 ad
2638 3607 2886 3680 primam
2929 3613 3013 3665 est
3040 3606 3163 3664 dis-

1810 3692 2015 3766 positio
2074 3692 2281 3747 ultima
2311 3731 2325 3756 ,
2382 3693 2438 3747 et
2484 3688 2768 3746 sufficiens
2816 3706 2887 3746 ex
2954 3696 3164 3747 natura

1811 3775 1895 3832 rei
1930 3799 1943 3843 ;
1975 3773 2046 3831 ad
2072 3772 2378 3831 secundam
2426 3788 2563 3830 vero
2589 3778 2675 3828 est
2717 3772 3016 3846 dispositio
3068 3787 3166 3829 re·
3254 3807 3257 3810 π

1809 3862 1985 3924 mota,
2015 3860 2073 3914 et
2091 3854 2374 3912 sufficiens
2413 3869 2483 3911 ex
2512 3854 2611 3911 Dei
2645 3853 3028 3923 ordinatione,
3060 3854 3160 3927 qui

1810 3953 1941 3995 cum
1967 3938 2043 3994 sit
2063 3951 2235 4011 agens
2266 3934 2509 3993 infinitae
2530 3934 2781 3997 virtutis.
2816 3940 2998 4007 potest
3025 3934 3172 3991 sicut

1810 4020 2078 4093 gratiam,
2111 4019 2190 4075 ita
2215 4017 2417 4092 gratiae
2445 4022 2817 4091 augmentum
2857 4014 3168 4074 infundere

1811 4101 1940 4158 sine
1965 4116 2032 4158 ea
2059 4098 2431 4173 dispositione
2471 4097 2704 4172 physica
2727 4098 3010 4163 ultimata,
3042 4112 3166 4170 quae

1815 4182 1887 4240 ad
1914 4182 2155 4240 omnino
2189 4181 2624 4238 connaturalem
2668 4178 2868 4253 gratiae
2897 4177 3175 4250 receptio-

1817 4282 1953 4323 nem
1973 4264 2355 4323 desideratur.

2410 4421 2442 4490 ς
2482 4420 2576 4475 1v.

1821 4586 2237 4646 Consectarium
2278 4584 2620 4659 precedentis
2666 4583 2938 4649 doctrinae,
2970 4584 3029 4638 in
3070 4598 3176 4661 quo

1893 4668 2207 4742 explicatur
2230 4667 2361 4723 ordo
2406 4672 2646 4739 repertus
2673 4668 2813 4720 inter
2837 4682 2921 4730 ea,
2953 4680 3066 4741 quoe
3092 4662 3168 4719 ad

1885 4751 2337 4823 justificationem
2376 4750 2537 4818 impii
2563 4752 2912 4804 concurrunt.

1909 4906 2030 4960 125.
2060 4906 2144 4960 Ex
2165 4903 2329 4960 dictis
2369 4903 2433 4961 in
2473 4904 2577 4961 hac
2597 4900 2982 4976 disputatione
3010 4914 3181 4956 cons·
3196 4914 3387 4961 corolla-

1827 4990 1927 5053 tat,
1956 5001 2126 5058 quem
2153 4984 2417 5042 ordinem
2443 4988 2674 5041 servent
2700 4999 2785 5048 ea,
2815 4998 2940 5055 quae
2968 4978 3037 5037 ad
3062 4979 3183 5036 im·
3224 4965 3349 5011 '¹¹¹⁸'-
