3647 5753
1442 341 1626 433 mse.
1665 378 1784 443 v11,
1831 378 1994 433 Dus.
2039 380 2109 433 11.
3112 377 3187 432 23

133 565 265 621 ομ.
304 548 629 622 Augustini
647 552 829 624 epist.
855 555 954 608 107
983 574 995 607 :
1024 555 1279 611 «Gratias
1299 558 1531 629 agentes
1558 557 1690 620 Deo,

131 621 259 710 ᾖξ’·
316 652 344 684 α
384 636 446 687 et
490 634 668 690 Patri
714 634 951 691 idoneos
998 651 1100 692 nos
1146 635 1376 694 facienti
1424 636 1487 691 in
1536 642 1696 709 parte

315 711 493 769 sortis
548 714 906 770 Sanctorum
933 715 996 770 in
1018 715 1262 771 lumine.
1305 736 1332 766 n
1383 715 1548 772 Unde
1576 719 1697 772 Au-

319 799 490 872 gust:
521 817 546 847 u
576 795 937 852 Mendaciter
982 812 1117 870 ergo
1142 839 1155 862 ,
1200 800 1420 873 inquit,
1472 799 1696 874 agimus

330 900 359 931 α
405 877 627 952 gratias
671 878 806 945 Deo,
839 884 1111 951 tanquam
1142 878 1264 950 ipse
1308 880 1495 947 faciat,
1544 880 1694 956 quod

333 983 363 1013 (ι
407 961 528 1033 ipse
556 975 676 1016 non
698 959 866 1026 facit;
896 965 951 1016 et
978 962 1198 1017 erravit
1223 961 1320 1033 qui
1355 961 1520 1029 dixit,
1546 963 1695 1037 quod

338 1065 369 1096 a
419 1042 542 1114 ipse
583 1057 691 1098 nos
730 1041 866 1097 facit
912 1040 1166 1099 idoneos,
1220 1063 1244 1092 n
1299 1045 1457 1100 Hanc
1504 1051 1696 1103 autem

328 1121 734 1187 idoneitatem,
773 1125 831 1178 et
855 1116 1235 1193 aptitudinem
1264 1123 1396 1181 facit
1422 1128 1568 1183 Deus
1595 1141 1698 1199 per

324 1221 503 1262 suam
547 1204 794 1278 gratiam
843 1224 857 1259 ε
904 1219 1039 1277 ergo
1087 1204 1336 1262 liberum
1388 1206 1694 1264 arbitrium

324 1304 461 1345 oese
486 1293 703 1359 aptum,
742 1284 1103 1357 dispositum,
1134 1293 1191 1343 et
1228 1292 1690 1361 attemperatum,

329 1376 400 1427 ut
452 1367 739 1426 vocationi
777 1369 1204 1440 supernaturali
1234 1372 1690 1444 correspondeat,

203 1487 214 1494 .
321 1454 421 1508 ast
447 1446 736 1519 adaequate
762 1445 990 1502 effectus
1012 1448 1234 1521 gratiae.

51 1526 294 1619 ὲξὲῡῦἰ·
413 1530 506 1586 34.
551 1524 809 1583 Secundo
848 1524 1122 1598 probatur
1164 1527 1317 1585 idem
1359 1530 1698 1589 antecedens

113 1608 271 1678 Aug]
320 1629 408 1671 ex
460 1613 526 1665 D.
574 1606 912 1681 Augustino,
944 1608 1041 1680 qui
1070 1607 1215 1664 illud
1241 1611 1564 1669 clarissime
1590 1611 1696 1670 do·-

319 1697 627 1751 cetznam
654 1688 809 1758 epist.
851 1687 981 1753 107,
1016 1688 1256 1755 asserit,
1315 1692 1458 1768 quod
1501 1692 1696 1749 divina

314 1774 524 1848 qratia
563 1769 933 1825 accommodat
980 1770 1451 1844 affectum:quod
1481 1773 1694 1830 falsum

315 1852 557 1919 esset,si
576 1849 879 1907 arbitrium
891 1865 1012 1905 esse
1025 1856 1222 1922 aptum
1245 1850 1315 1907 ad
1341 1852 1696 1926 sequendum

319 1935 438 1992 Dei
480 1930 857 1995 vocationem,
906 1947 1021 1986 non
1063 1931 1210 1988 soret
1252 1932 1481 1990 effectus
1516 1934 1698 2007 ipsius

307 2016 555 2093 gratiae.
587 2015 656 2067 Et
682 2011 837 2068 addit
880 2034 892 2067 :
941 2034 965 2065 α
996 2014 1290 2077 Quomodo
1321 2018 1465 2072 Deus
1491 2032 1696 2089 expec-

321 2122 354 2151 (ι
408 2102 491 2153 tat
537 2094 859 2150 voluntates
901 2092 1225 2160 hominum,
1254 2101 1316 2150 ut
1339 2098 1697 2169 pras-veniant

322 2202 357 2231 a
405 2194 566 2243 eum,
590 2174 796 2248 quibus
823 2174 918 2230 dat
944 2176 1191 2248 gratiam
1207 2201 1220 2243 ;
1251 2193 1379 2233 cum
1405 2179 1620 2252 gratias
1641 2178 1695 2236 ei

321 2282 355 2311 α
405 2274 531 2316 non
554 2255 846 2312 immerito
869 2271 1102 2329 agamus
1124 2255 1194 2313 de
1216 2257 1303 2322 iis,
1328 2258 1536 2330 quibus
1579 2274 1696 2315 non

321 2365 356 2394 a
407 2340 466 2397 ei
502 2338 879 2403 credentibuS,
911 2342 966 2393 et
992 2338 1113 2411 ejus
1150 2337 1472 2396 doctrinam
1516 2341 1697 2414 impia

321 2444 357 2473 α
407 2419 704 2476 voluntate
731 2416 1199 2489 persequentibus
1227 2419 1691 2477 misericordiam

322 2525 357 2555 α
409 2499 767 2573 praerogavit,
814 2513 1022 2570 eosque
1049 2497 1118 2554 ad
1143 2498 1395 2572 seipsum
1425 2502 1697 2573 omnipo-

329 2605 361 2634 «
409 2578 735 2637 tentissima
762 2579 1030 2635 facultate
1068 2581 1368 2646 convertit,
1400 2596 1462 2637 ac
1489 2583 1695 2638 volen—

333 2684 369 2714 «
417 2660 590 2717 tes'ex
617 2657 945 2716 nolentibus
973 2658 1124 2714 fecit.
1157 2680 1182 2710 n
1217 2659 1327 2716 Ubi
1355 2666 1546 2733 aperte
1566 2677 1697 2733 sup·

333 2742 509 2817 ponit
560 2744 734 2796 Deum
789 2740 1080 2795 multoties
1132 2741 1696 2814 omnipotentissima

329 2821 625 2889 facultate,
652 2820 754 2876 hoc
779 2823 883 2886 est,
908 2818 1111 2876 efficaci
1132 2820 1319 2894 gratia
1338 2826 1691 2888 convertere,

327 2908 394 2961 et
424 2903 611 2958 facere
631 2902 887 2957 volentes
907 2904 1139 2965 eosmet,
1165 2900 1263 2972 qui
1288 2901 1470 2973 impia
1490 2902 1697 2958 volun·

327 2985 455 3038 tate
482 2977 799 3047 inidoneos,
826 2983 881 3034 et
912 2979 1380 3051 inattemperatos
1409 2979 1694 3038 vocationi

324 3080 396 3120 se
426 3063 681 3119 fecerant
707 3081 720 3116 :
743 3059 892 3132 quod
921 3059 1166 3116 minime
1192 3060 1488 3130 accideret,
1521 3063 1569 3118 si
1618 3062 1687 3117 li—

327 3145 543 3202 berum
591 3140 899 3197 arbitrium
946 3156 1068 3197 esse
1112 3146 1582 3214 attemperatum,
1635 3147 1698 3199 ut

331 3224 681 3299 respondeat
722 3224 1150 3295 supernaturali
1198 3225 1519 3291 vocationi,
1577 3241 1695 3283 non

321 3311 487 3368 esset
512 3304 799 3377 adaequate
818 3303 1048 3361 effectus
1067 3306 1266 3378 gratias
1293 3327 1306 3361 :
1329 3307 1540 3380 quippe
1565 3323 1695 3363 cum

327 3389 400 3445 in
445 3383 710 3459 praedicto
754 3401 883 3441 casu
929 3383 1180 3441 liberum
1204 3385 1513 3443 arbitrium
1540 3403 1610 3444 ex
1638 3402 1697 3443 se

318 3472 488 3527 esset
516 3482 632 3524 non
658 3467 846 3522 solum
875 3482 993 3523 non
1019 3465 1379 3538 dispositum,
1415 3468 1513 3525 sed
1540 3469 1697 3526 exis-

324 3553 488 3607 teret
503 3547 743 3621 positive
764 3545 1187 3619 indispositum,
1215 3553 1382 3620 atque
1407 3550 1697 3607 contrarie

324 3644 686 3702 repugnans.
713 3627 997 3685 Similiter
1017 3631 1077 3682 in
1103 3629 1195 3684 lib.
1221 3630 1285 3684 de
1301 3630 1547 3702 pradest.
1581 3629 1692 3688 SS.

319 3726 463 3783 cap.
506 3709 564 3774 8,
594 3708 783 3780 inquit
823 3729 835 3763 :
874 3729 899 3760 α
929 3709 1129 3764 Omnis
1156 3710 1254 3782 qui
1283 3709 1503 3766 audivit
1531 3728 1562 3767 a
1585 3712 1698 3766 Pa-

330 3814 363 3844 α
413 3785 524 3853 tre,
580 3793 635 3845 et
676 3787 897 3849 didicit.
948 3790 1106 3845 venit
1147 3789 1217 3845 ad
1259 3806 1369 3847 me.
1416 3791 1562 3856 Quid
1591 3796 1693 3857 est,

329 3895 365 3926 α
414 3870 623 3925 Omnis
671 3870 769 3943 qui
822 3868 1103 3927 audivita
1144 3873 1331 3938 Patre,
1369 3877 1425 3929 et
1473 3871 1694 3938 didicit,

325 3978 361 4008 «
411 3951 581 4009 venit
606 3950 676 4008 ad
699 3967 824 4016 me;
855 3951 969 4007 nisi
1012 3953 1206 4008 nullus
1231 3957 1333 4019 est,
1352 3953 1450 4026 qui
1480 3953 1693 4018 audiat,

329 4059 365 4089 α
411 4038 473 4089 et
492 4031 643 4088 dicat
664 4050 697 4089 a
725 4034 909 4100 Patre,
940 4038 993 4089 et
1021 4048 1137 4090 non
1160 4034 1353 4090 veniat
1381 4033 1450 4090 ad
1479 4050 1572 4091 me
1591 4036 1619 4090 ’ἓ
1639 4033 1697 4089 Si

323 4137 364 4168 (ι
407 4112 580 4170 enim
606 4112 794 4168 omnis
819 4111 918 4183 qui
946 4111 1166 4168 audivit
1189 4129 1221 4169 a
1243 4115 1431 4179 Patre,
1462 4119 1519 4170 et
1543 4112 1700 4168 didi-

323 4219 360 4250 «
407 4192 512 4258 cit,
538 4191 697 4248 venit
717 4192 788 4248 ad
810 4207 935 4259 me;
975 4195 1223 4265 profecto
1242 4195 1433 4250 omnis
1453 4194 1550 4266 qui
1581 4209 1698 4249 non

326 4300 360 4330 a
407 4272 598 4338 venit,
625 4288 741 4331 non
765 4273 984 4329 audivit
1004 4289 1037 4330 a
1061 4276 1249 4342 Patre,
1274 4291 1459 4348 neque
1485 4274 1696 4331 dicicit:

329 4379 362 4410 α
415 4370 560 4411 nam
587 4354 635 4409 si
664 4352 933 4426 audisset,
950 4359 1006 4411 et
1025 4354 1277 4421 didisset,
1310 4355 1555 4412 veniret.
1583 4357 1700 4411 Ne-

323 4461 360 4493 «
404 4451 526 4510 que
552 4434 708 4492 enim
733 4436 884 4490 ullus
907 4433 1143 4501 audivit,
1174 4441 1231 4492 et
1255 4434 1474 4502 didicit,
1504 4440 1561 4493 et
1582 4450 1697 4493 non

317 4542 358 4574 «ε
409 4516 578 4574 venit
604 4513 738 4571 :sed
760 4514 969 4580 omnis,
1002 4520 1064 4570 ut
1090 4516 1170 4572 ait
1198 4516 1439 4584 Veritas,
1473 4516 1567 4589 qui
1594 4532 1700 4572 au-

323 4625 360 4656 «
410 4598 569 4655 divit
590 4614 623 4654 a
648 4599 834 4663 Patre,
866 4601 921 4653 et
946 4594 1163 4666 didicit,
1197 4598 1375 4655 venit.
1405 4617 1430 4649 »
1467 4599 1535 4653 Et
1578 4600 1700 4671 post

314 4699 516 4762 panca
548 4701 562 4737 ε
602 4703 629 4734 α
666 4680 900 4747 Multos,
946 4681 1143 4757 inquit,
1195 4681 1398 4737 venire
1439 4678 1700 4736 videmus

315 4791 350 4819 a
398 4762 476 4821 ad
504 4762 750 4826 Filium,
775 4759 915 4832 quia
942 4760 1150 4816 multos
1186 4759 1420 4818 credere
1440 4758 1701 4816 videmus

318 4870 348 4900 α
394 4847 467 4902 in
490 4841 798 4899 Christum
834 4858 848 4894 t
876 4838 973 4896 sed
996 4839 1109 4903 ubi,
1141 4846 1197 4897 et
1222 4839 1507 4914 quomodo
1533 4856 1566 4896 a
1587 4842 1701 4896 Pa-

314 4950 350 4981 «
394 4932 489 4984 tre
510 4921 822 4982 audierint
836 4919 961 4984 hoc,
980 4926 1034 4976 et
1054 4919 1379 4988 didicerint,
1407 4937 1525 4979 non
1546 4919 1701 4978 vide·

313 5033 344 5064 α
391 5023 552 5065 mus.
604 5002 882 5062 Nimium
928 5001 1111 5074 gratia
1163 5003 1265 5060 illa
1315 5008 1530 5061 secreta
1574 5007 1696 5070 est;

1838 575 1865 607 α
1903 555 2151 629 gratiam
2180 572 2317 613 vero
2336 572 2458 613 esse
2471 557 2598 631 quis
2624 557 2894 632 ambigat.
2924 557 3049 612 Haec
3072 556 3187 613 ita-

1838 655 1863 686 «
1904 650 2015 707 que
2055 636 2260 709 gratia,
2304 653 2428 708 quae
2452 638 2666 694 occulte
2693 636 2964 693 humanis
2997 635 3189 693 cordi-

1837 733 1864 765 α
1906 712 2011 769 bus
2062 712 2262 771 divina
2309 716 2571 790 largitate
2622 714 2931 781 tribuitur,
2963 732 2995 772 a
3023 717 3188 773 nullo

1837 813 1863 845 «
1905 791 2073 850 corde
2113 795 2419 867 respuitur.
2461 798 2589 854 ldeo
2628 796 2839 869 quippe
2882 794 3180 864 tribuitur,

1837 893 1863 925 α
1905 877 1968 927 ut
2011 872 2200 929 cordis
2243 872 2485 931 durities
2537 877 2806 949 primitus
2864 878 3179 936 auferatur.

1838 975 1865 1007 α
1906 952 2143 1018 Quando
2162 970 2296 1029 ergo
2327 958 2494 1013 Pater
2519 958 2676 1013 intus
2703 957 2949 1027 auditur,
2986 966 3041 1017 et
3080 961 3187 1018 do-

1838 1057 1864 1088 «
1905 1041 2025 1101 cet,
2071 1042 2133 1092 ut
2181 1038 2451 1094 veniatur
2491 1038 2561 1095 ad
2608 1040 2843 1108 Filium,
2874 1042 3062 1098 aufert
3087 1061 3191 1101 cor

1839 1137 1864 1169 (ι
1907 1116 2217 1189 lapideum,
2241 1123 2297 1174 et
2317 1116 2411 1175 dat
2432 1135 2529 1175 cor
2549 1136 2838 1188 carneum,
2872 1122 3016 1179 sicut
3043 1125 3191 1183 Pro-

1839 1218 1865 1248 «
1908 1197 2076 1270 pheta
2103 1197 2445 1269 praedicante
2470 1200 2691 1269 (Ezech.
2735 1202 2836 1272 ll),
2885 1204 3187 1274 promisit:

1837 1300 1865 1330 α
1905 1278 1986 1335 sic
2023 1280 2235 1352 quippe
2280 1279 2413 1337 facit
2459 1280 2609 1338 filios
2656 1283 3088 1355 promissionis,
3134 1293 3190 1344 et

1838 1380 1864 1412 α
1906 1376 2041 1417 vasa
2088 1361 2497 1420 misericordias
2522 1405 2535 1427 ,
2585 1379 2710 1436 quae
2739 1367 3081 1437 praeparavit
3123 1368 3187 1424 in

1838 1460 1864 1493 α
1903 1440 2173 1513 gloriam.
2207 1464 2232 1493 »
2267 1441 2483 1507 Quibus
2513 1444 2704 1500 verbis
2732 1444 2991 1501 funditus
3017 1464 3189 1505 ever-

1832 1522 1900 1577 tit
1939 1528 2116 1580 totam
2166 1525 2399 1597 Vasquii
2458 1526 2859 1600 cogitationem
2895 1545 3074 1585 :nam
3125 1531 3189 1587 in

1833 1603 2041 1675 primis
2065 1603 2274 1678 absque
2297 1606 2415 1662 ullo
2446 1622 2672 1663 recursu
2698 1608 2767 1663 ad
2788 1603 3189 1682 dispositiones

1833 1687 2124 1744 naturales
2148 1730 2161 1753 ,
2206 1686 2438 1754 indolis,
2468 1690 2797 1760 passionum
2823 1734 2835 1758 ,
2866 1695 3146 1765 temporis
3172 1738 3185 1760 ,

1832 1765 1960 1831 loci,
1991 1771 2095 1823 etc.
2121 1765 2423 1841 distinguit
2460 1767 2745 1842 duplicem
2789 1772 3144 1831 vocationem
3174 1796 3186 1830 :

1832 1847 2071 1904 alteram
2110 1864 2223 1921 qua
2251 1866 2367 1907 non
2392 1851 2622 1907 venitur
2652 1853 2715 1908 in
2744 1853 3067 1924 Christum;
3098 1858 3188 1913 al-

1830 1934 2016 1986 teram
2038 1948 2148 2004 qua
2169 1932 2419 1996 venitur,
2440 1938 2496 1989 et
2514 1933 2653 1990 adeo
2672 1940 2825 1992 certo
2847 1938 3098 2004 venitur,
3126 1946 3188 1996 ut

1832 2025 1866 2065 a
1912 2012 2072 2068 nullo
2118 2010 2264 2068 duro
2284 2011 2485 2079 corde,
2522 2016 2895 2086 quantumvis
2925 2015 3188 2091 indispo-

1831 2089 1958 2156 sito,
1990 2096 2047 2146 et
2067 2091 2347 2149 inattento
2371 2098 2689 2164 respuatur.
2722 2093 2937 2151 Deinde
2959 2098 3182 2164 asserit,

1833 2168 1980 2225 hanc
1997 2170 2244 2244 gratiam
2272 2173 2415 2244 (quae
2437 2172 2683 2244 profecto
2702 2189 2973 2249 congrua,
2992 2181 3048 2231 et
3073 2177 3189 2233 effi-

1832 2265 1935 2305 cax
1953 2251 2057 2319 est)
2080 2265 2195 2306 non
2225 2250 2434 2308 habere
2466 2268 2586 2308 esse
2613 2254 2786 2308 talem
2813 2296 2825 2319 ,
2875 2255 3012 2327 quia
3039 2255 3189 2314 libe-

1833 2347 1964 2387 rum
1987 2330 2295 2388 arbitrium
2317 2332 2422 2389 sub
2437 2333 2545 2401 his,
2567 2340 2664 2390 aut
2686 2336 2805 2391 illis
2818 2335 3192 2395 circumstan-

1832 2413 1930 2468 tiis
1958 2412 2317 2469 naturalibus
2345 2414 2453 2487 ipsi
2484 2421 2926 2489 attemperetur;
2963 2416 3060 2474 sed
3084 2435 3191 2492 po-

1830 2495 1945 2550 tius
1992 2494 2175 2566 ipsam
2224 2493 2444 2561 facere,
2497 2496 2644 2567 quod
2691 2498 2883 2553 omnis
2928 2497 3144 2558 duritia
3172 2545 3185 2569 ,

1831 2573 2207 2647 indispositio,
2237 2581 2293 2631 et
2320 2575 2643 2648 ineptitudo
2686 2576 2873 2634 cordis
2920 2580 3190 2651 primitus

1830 2655 2146 2712 auferatur.
2197 2655 2453 2713 Tandem
2493 2656 2675 2722 docet,
2725 2656 2875 2729 quod
2902 2661 3048 2715 Deus
3086 2660 3191 2718 hac

1828 2735 2015 2810 gratia
2062 2736 2283 2793 auferat
2320 2753 2418 2794 cor
2458 2736 2770 2809 lapideum,
2810 2738 2913 2796 hoc
2945 2746 3048 2806 est,
3079 2739 3193 2797 du-

1833 2832 1984 2883 rum,
2037 2816 2443 2890 indispositum
2470 2860 2482 2884 ,
2529 2824 2586 2873 et
2637 2818 3189 2892 inattemperatum;

1830 2902 1887 2954 et
1935 2895 2029 2952 dat
2074 2913 2170 2955 cor
2214 2915 2509 2967 carneum,
2541 2899 2648 2956 hoc
2672 2905 2772 2967 est,
2806 2900 2940 2956 facit
2966 2906 3185 2973 aptum,

1831 2976 2170 3050 dispositum
2197 3021 2209 3044 ,
2241 2984 2296 3035 et
2336 2983 2774 3051 attemperatum
2804 3023 2816 3045 ,
2867 2985 2930 3034 ut
2975 2979 3192 3039 divinae

1830 3056 2112 3115 vocationi
2163 3058 2515 3133 respondeat.
2568 3062 2708 3116 Cum
2743 3058 2949 3133 quibus
2972 3065 3034 3117 D.
3067 3065 3189 3117 Au-

1830 3141 1975 3214 gust.
2005 3139 2306 3195 sententiis
2322 3140 2569 3196 minime
2588 3140 2848 3207 cohaeret,
2874 3140 3022 3213 quod
3042 3143 3189 3199 Deus

1831 3223 2150 3282 necessario
2175 3223 2452 3296 exploret,
2483 3227 2540 3278 et
2558 3227 2812 3295 expectet
2836 3223 3063 3295 quando
3090 3241 3189 3282 ar-

1832 3304 2071 3362 bitrium
2112 3304 2186 3360 sit
2231 3309 2669 3378 attemperatum
2709 3306 2929 3379 gratiae,
2964 3311 3026 3362 ut
3068 3307 3189 3364 haec

1833 3387 2008 3458 possit
2034 3383 2273 3440 induere
2303 3384 2585 3440 rationem
2607 3399 2892 3458 congruae,
2918 3389 2974 3441 et
2999 3384 3189 3442 effica-

1831 3466 1930 3532 cis,
1955 3480 2126 3538 quam
2156 3463 2436 3521 rationem
2459 3479 2529 3519 ex
2550 3479 2610 3520 se
2639 3479 2757 3520 non
2779 3463 3000 3521 habeat.
3031 3465 3185 3522 Idem

1831 3544 2007 3602 tradit
2045 3546 2099 3601 S.
2154 3545 2357 3600 Doctor
2404 3542 2667 3616 pluribus
2694 3543 2824 3600 aliis
2852 3545 3007 3609 locis,
3039 3561 3187 3617 quo-

1833 3642 1962 3682 rum
1992 3626 2183 3697 aliqua
2210 3623 2365 3680 infra
2400 3623 2733 3680 referemus

1904 3708 1995 3762 35.
2034 3705 2211 3761 Tertio
2238 3703 2390 3759 idem
2424 3702 2759 3760 antecedens
2797 3707 2991 3775 aperte
3029 3702 3189 3763 docet
3204 3721 3257 3760 D.
3273 3718 3403 3777 pros·

1833 3790 1896 3845 D.
1925 3789 2170 3859 Prosper
2190 3783 2557 3840 fidelissimus
2587 3785 2648 3840 D.
2683 3785 2984 3859 Augustini
3014 3784 3189 3843 disci-
3204 3772 3386 3862 p‘ifln‘ffi'

1833 3870 2018 3943 pulus,
2046 3866 2108 3923 in
2136 3865 2393 3922 carmine
2417 3863 2487 3921 de
2521 3864 2780 3938 Ingratis,
2814 3883 2934 3938 cap.
2976 3867 3058 3934 15,
3091 3865 3186 3923 ubi
3238 3867 3368 3912 nium.

1831 3951 2121 4024 eleganter
2139 3962 2211 4003 ex
2232 3961 2347 4001 una
2370 3949 2528 4020 parte
2557 3944 2933 4016 parvipendet
2954 3963 3189 4005 omnem

1832 4029 2279 4103 dispositionem,
2310 4031 2367 4084 et
2416 4024 2796 4100 aptitudinem
2838 4029 3183 4096 naturalem,

1831 4111 1954 4168 sive
1971 4108 2339 4186 generatione
2368 4107 2721 4180 acquisitam,
2754 4107 2877 4164 sive
2902 4107 3188 4166 industria

1829 4196 2216 4265 comparatam
2234 4193 2393 4256 ;etex
2409 4189 2521 4244 alia
2542 4193 2702 4260 parte
2714 4193 3017 4262 exaggerat
3031 4187 3188 4245 divi-

1832 4288 1969 4329 nam
1996 4268 2493 4343 omnipotentiam,
2519 4284 2643 4340 quae
2679 4283 2925 4340 semper,
2953 4267 3180 4340 ubique,

1831 4361 1886 4413 et
1939 4351 2387 4426 independenter
2422 4366 2455 4407 a
2496 4350 2748 4406 naturali
2790 4348 3017 4406 arbitrii
3065 4350 3187 4407 dis-

1833 4435 2111 4510 positione
2138 4433 2272 4489 facit
2293 4431 2499 4503 ipsum,
2535 4435 2702 4503 prout
2722 4432 2865 4496 vult,
2898 4432 3187 4503 aptumad

1831 4515 2184 4590 sequendum
2209 4515 2308 4570 Dei
2331 4514 2706 4570 vocationem.
2740 4513 2819 4568 Ita
2849 4511 3016 4569 habet
3042 4534 3055 4569 :

1987 4639 2011 4671 (ι
2037 4618 2108 4671 At
2147 4631 2283 4673 vero
2320 4615 2681 4688 omnipotens
2719 4613 3016 4694 hominem
3056 4631 3186 4672 cum

2061 4712 2087 4743 <t
2109 4689 2292 4764 gratia
2314 4690 2516 4755 salvat,

1987 4795 2012 4825 «
2043 4772 2169 4844 Ipsa
2235 4785 2404 4826 suum
2455 4772 2812 4825 consummat
2856 4783 2996 4841 opus
3014 4792 3029 4837 ;
3096 4771 3187 4827 cui

2062 4866 2088 4898 «
2111 4848 2335 4916 tempus
2354 4841 2558 4917 agendi

1988 4947 2013 4978 «
2042 4925 2277 4996 Semper
2303 4921 2477 4987 adest,
2509 4936 2633 4994 quae
2658 4926 2811 4995 gesta
2852 4922 2994 4979 velit
3024 4946 3035 4980 :
3069 4938 3186 4980 non

2063 5020 2089 5052 α
2120 4996 2375 5056 moribus
2403 4995 2513 5052 illi.
