<?xml version="1.0" encoding="UTF-8"?>
<!DOCTYPE html PUBLIC "-//W3C//DTD XHTML 1.0 Transitional//EN"
    "http://www.w3.org/TR/xhtml1/DTD/xhtml1-transitional.dtd">
<html xmlns="http://www.w3.org/1999/xhtml" xml:lang="en" lang="en">
 <head>
  <title>
</title>
<meta http-equiv="Content-Type" content="text/html;charset=utf-8" />
  <meta name='ocr-system' content='tesseract 3.04.00' />
  <meta name='ocr-capabilities' content='ocr_page ocr_carea ocr_par ocr_line ocrx_word'/>
</head>
<body>
  <div class='ocr_page' id='page_1' title='image "./collegiisalmant00carmgoog_0767.png"; bbox 0 0 3647 5753; ppageno 0'>
   <div class='ocr_carea' id='block_1_1' title="bbox 1410 413 3134 481">
    <p class='ocr_par' dir='ltr' id='par_1_1' title="bbox 1410 413 3134 481">
     <span class='ocr_line' id='line_1_1' title="bbox 1410 413 3134 481; baseline 0.003 -10"><span class='ocrx_word' id='word_1_1' title='bbox 1410 415 1588 471; x_wconf 87' lang='lat' dir='ltr'><strong>DISP.</strong></span> <span class='ocrx_word' id='word_1_2' title='bbox 1632 414 1726 481; x_wconf 88' lang='lat' dir='ltr'><strong>IV,</strong></span> <span class='ocrx_word' id='word_1_3' title='bbox 1770 413 1935 470; x_wconf 88' lang='lat' dir='ltr'>DUB.</span> <span class='ocrx_word' id='word_1_4' title='bbox 1980 416 2075 472; x_wconf 93' lang='lat'>111.</span> <span class='ocrx_word' id='word_1_5' title='bbox 3020 420 3134 476; x_wconf 82' lang='lat'><strong>745</strong></span> 
     </span>
    </p>
   </div>
   <div class='ocr_carea' id='block_1_2' title="bbox 33 584 1631 3898">
    <p class='ocr_par' dir='ltr' id='par_1_2' title="bbox 34 584 1631 2372">
     <span class='ocr_line' id='line_1_2' title="bbox 271 584 1631 663; baseline 0.002 -23"><span class='ocrx_word' id='word_1_6' title='bbox 271 584 503 660; x_wconf 83' lang='lat' dir='ltr'>dignior</span> <span class='ocrx_word' id='word_1_7' title='bbox 528 591 612 642; x_wconf 92' lang='lat' dir='ltr'><strong>est</strong></span> <span class='ocrx_word' id='word_1_8' title='bbox 634 594 804 652; x_wconf 88' lang='lat' dir='ltr'><strong>actus,</strong></span> <span class='ocrx_word' id='word_1_9' title='bbox 827 593 887 645; x_wconf 92' lang='lat' dir='ltr'><strong>et</strong></span> <span class='ocrx_word' id='word_1_10' title='bbox 923 604 991 646; x_wconf 92' lang='lat' dir='ltr'><strong>eo</strong></span> <span class='ocrx_word' id='word_1_11' title='bbox 1016 587 1186 646; x_wconf 90' lang='lat' dir='ltr'><strong>habet</strong></span> <span class='ocrx_word' id='word_1_12' title='bbox 1215 588 1496 663; x_wconf 85' lang='lat' dir='ltr'><strong>majorem</strong></span> <span class='ocrx_word' id='word_1_13' title='bbox 1525 601 1631 643; x_wconf 87' lang='lat' dir='ltr'><strong>va-</strong></span> 
     </span>
     <span class='ocr_line' id='line_1_3' title="bbox 270 668 1630 745; baseline 0 -21"><span class='ocrx_word' id='word_1_14' title='bbox 270 668 475 735; x_wconf 89' lang='lat' dir='ltr'><strong>lorem,</strong></span> <span class='ocrx_word' id='word_1_15' title='bbox 506 685 620 742; x_wconf 93' lang='lat' dir='ltr'><strong>quo</strong></span> <span class='ocrx_word' id='word_1_16' title='bbox 646 671 855 728; x_wconf 91' lang='lat' dir='ltr'><strong>melior</strong></span> <span class='ocrx_word' id='word_1_17' title='bbox 880 675 983 737; x_wconf 87' lang='lat' dir='ltr'><strong>est,</strong></span> <span class='ocrx_word' id='word_1_18' title='bbox 1014 677 1072 729; x_wconf 91' lang='lat' dir='ltr'><strong>et</strong></span> <span class='ocrx_word' id='word_1_19' title='bbox 1094 686 1208 742; x_wconf 91' lang='lat' dir='ltr'><strong>quo</strong></span> <span class='ocrx_word' id='word_1_20' title='bbox 1230 673 1423 744; x_wconf 87' lang='lat' dir='ltr'><strong>plures</strong></span> <span class='ocrx_word' id='word_1_21' title='bbox 1446 668 1630 745; x_wconf 88' lang='lat' dir='ltr'><strong>parti-</strong></span> 
     </span>
     <span class='ocr_line' id='line_1_4' title="bbox 266 750 1629 829; baseline 0.001 -22"><span class='ocrx_word' id='word_1_22' title='bbox 266 751 421 824; x_wconf 87' lang='lat' dir='ltr'><strong>cipat</strong></span> <span class='ocrx_word' id='word_1_23' title='bbox 470 750 744 810; x_wconf 84' lang='lat' dir='ltr'><strong>bonit-atis</strong></span> <span class='ocrx_word' id='word_1_24' title='bbox 787 754 1017 829; x_wconf 86' lang='lat' dir='ltr'><strong>gradus,</strong></span> <span class='ocrx_word' id='word_1_25' title='bbox 1063 754 1459 828; x_wconf 81' lang='lat' dir='ltr'><strong>undecumque</strong></span> <span class='ocrx_word' id='word_1_26' title='bbox 1511 752 1629 809; x_wconf 79' lang='lat' dir='ltr'><strong>haec</strong></span> 
     </span>
     <span class='ocr_line' id='line_1_5' title="bbox 267 829 1630 908; baseline 0 -20"><span class='ocrx_word' id='word_1_27' title='bbox 267 829 495 888; x_wconf 86' lang='lat' dir='ltr'><strong>bonitas</strong></span> <span class='ocrx_word' id='word_1_28' title='bbox 523 833 823 906; x_wconf 88' lang='lat' dir='ltr'><strong>proveniat</strong></span> <span class='ocrx_word' id='word_1_29' title='bbox 849 856 862 891; x_wconf 89' lang='lat'>:</span> <span class='ocrx_word' id='word_1_30' title='bbox 892 850 1028 908; x_wconf 92' lang='lat' dir='ltr'><strong>ergo</strong></span> <span class='ocrx_word' id='word_1_31' title='bbox 1051 851 1167 892; x_wconf 92' lang='lat' dir='ltr'><strong>non</strong></span> <span class='ocrx_word' id='word_1_32' title='bbox 1190 840 1413 891; x_wconf 90' lang='lat' dir='ltr'><strong>tantum</strong></span> <span class='ocrx_word' id='word_1_33' title='bbox 1442 833 1630 908; x_wconf 85' lang='lat' dir='ltr'><strong>major</strong></span> 
     </span>
     <span class='ocr_line' id='line_1_6' title="bbox 265 912 1628 990; baseline 0 -22"><span class='ocrx_word' id='word_1_34' title='bbox 265 912 555 981; x_wconf 74' lang='lat' dir='ltr'><strong>charitas,</strong></span> <span class='ocrx_word' id='word_1_35' title='bbox 610 913 711 970; x_wconf 87' lang='lat' dir='ltr'><strong>sed</strong></span> <span class='ocrx_word' id='word_1_36' title='bbox 752 932 1117 989; x_wconf 81' lang='lat' dir='ltr'><strong>quaecumque</strong></span> <span class='ocrx_word' id='word_1_37' title='bbox 1169 917 1357 990; x_wconf 90' lang='lat' dir='ltr'><strong>major</strong></span> <span class='ocrx_word' id='word_1_38' title='bbox 1402 913 1628 970; x_wconf 89' lang='lat' dir='ltr'><strong>bonitas</strong></span> 
     </span>
     <span class='ocr_line' id='line_1_7' title="bbox 266 996 1628 1072; baseline 0.001 -21"><span class='ocrx_word' id='word_1_39' title='bbox 266 1000 447 1067; x_wconf 88' lang='lat' dir='ltr'><strong>potest</strong></span> <span class='ocrx_word' id='word_1_40' title='bbox 493 1012 616 1054; x_wconf 85' lang='lat' dir='ltr'><strong>esse</strong></span> <span class='ocrx_word' id='word_1_41' title='bbox 677 998 821 1054; x_wconf 89' lang='lat' dir='ltr'><strong>ratio</strong></span> <span class='ocrx_word' id='word_1_42' title='bbox 867 998 1130 1055; x_wconf 88' lang='lat' dir='ltr'><strong>formalis</strong></span> <span class='ocrx_word' id='word_1_43' title='bbox 1177 996 1431 1072; x_wconf 80' lang='lat' dir='ltr'><strong>praedicti</strong></span> <span class='ocrx_word' id='word_1_44' title='bbox 1484 1012 1628 1069; x_wconf 89' lang='lat' dir='ltr'><strong>aug-</strong></span> 
     </span>
     <span class='ocr_line' id='line_1_8' title="bbox 264 1078 472 1135; baseline -0.01 0"><span class='ocrx_word' id='word_1_45' title='bbox 264 1078 472 1135; x_wconf 87' lang='lat' dir='ltr'><strong>menti.</strong></span> 
     </span>
     <span class='ocr_line' id='line_1_9' title="bbox 340 1157 1624 1234; baseline -0.001 -21"><span class='ocrx_word' id='word_1_46' title='bbox 340 1157 750 1228; x_wconf 88' lang='lat' dir='ltr'><strong>Confirmatur,</strong></span> <span class='ocrx_word' id='word_1_47' title='bbox 782 1162 918 1234; x_wconf 85' lang='lat' dir='ltr'><strong>quia</strong></span> <span class='ocrx_word' id='word_1_48' title='bbox 963 1161 1070 1218; x_wconf 86' lang='lat' dir='ltr'><strong>etsi</strong></span> <span class='ocrx_word' id='word_1_49' title='bbox 1116 1163 1280 1219; x_wconf 87' lang='lat' dir='ltr'><strong>valor</strong></span> <span class='ocrx_word' id='word_1_50' title='bbox 1324 1157 1624 1217; x_wconf 89' lang='lat' dir='ltr'><strong>charitatis</strong></span> 
     </span>
     <span class='ocr_line' id='line_1_10' title="bbox 263 1241 1624 1319; baseline -0.001 -22"><span class='ocrx_word' id='word_1_51' title='bbox 263 1241 522 1310; x_wconf 82' lang='lat' dir='ltr'><strong>(caeteris</strong></span> <span class='ocrx_word' id='word_1_52' title='bbox 564 1242 830 1314; x_wconf 89' lang='lat' dir='ltr'><strong>paribus)</strong></span> <span class='ocrx_word' id='word_1_53' title='bbox 855 1258 1083 1316; x_wconf 81' lang='lat' dir='ltr'>semper</span> <span class='ocrx_word' id='word_1_54' title='bbox 1108 1244 1185 1300; x_wconf 89' lang='lat' dir='ltr'><strong>sit</strong></span> <span class='ocrx_word' id='word_1_55' title='bbox 1211 1244 1416 1319; x_wconf 89' lang='lat' dir='ltr'><strong>major,</strong></span> <span class='ocrx_word' id='word_1_56' title='bbox 1449 1255 1624 1316; x_wconf 92' lang='lat' dir='ltr'><strong>quam</strong></span> 
     </span>
     <span class='ocr_line' id='line_1_11' title="bbox 264 1323 1623 1395; baseline 0.001 -17"><span class='ocrx_word' id='word_1_57' title='bbox 264 1323 430 1379; x_wconf 83' lang='lat' dir='ltr'><strong>valor</strong></span> <span class='ocrx_word' id='word_1_58' title='bbox 455 1328 793 1381; x_wconf 63' lang='lat' dir='ltr'><strong>caeterarum</strong></span> <span class='ocrx_word' id='word_1_59' title='bbox 840 1326 1124 1382; x_wconf 89' lang='lat' dir='ltr'><strong>virtutum</strong></span> <span class='ocrx_word' id='word_1_60' title='bbox 1148 1350 1162 1393; x_wconf 84' lang='lat'>;</span> <span class='ocrx_word' id='word_1_61' title='bbox 1193 1326 1273 1382; x_wconf 94' lang='lat' dir='ltr'><strong>ita</strong></span> <span class='ocrx_word' id='word_1_62' title='bbox 1296 1332 1491 1382; x_wconf 90' lang='lat' dir='ltr'><strong>tamen</strong></span> <span class='ocrx_word' id='word_1_63' title='bbox 1519 1338 1623 1395; x_wconf 87' lang='lat' dir='ltr'><strong>po-</strong></span> 
     </span>
     <span class='ocr_line' id='line_1_12' title="bbox 260 1405 1624 1482; baseline -0.001 -20"><span class='ocrx_word' id='word_1_64' title='bbox 260 1408 371 1462; x_wconf 81' lang='lat' dir='ltr'><strong>test</strong></span> <span class='ocrx_word' id='word_1_65' title='bbox 408 1406 501 1464; x_wconf 90' lang='lat' dir='ltr'><strong>hic</strong></span> <span class='ocrx_word' id='word_1_66' title='bbox 530 1406 807 1480; x_wconf 78' lang='lat' dir='ltr'><strong>posterior</strong></span> <span class='ocrx_word' id='word_1_67' title='bbox 843 1409 1005 1465; x_wconf 82' lang='lat' dir='ltr'><strong>valor</strong></span> <span class='ocrx_word' id='word_1_68' title='bbox 1034 1407 1246 1482; x_wconf 82' lang='lat' dir='ltr'><strong>augeri,</strong></span> <span class='ocrx_word' id='word_1_69' title='bbox 1281 1413 1342 1463; x_wconf 96' lang='lat' dir='ltr'><strong>ut</strong></span> <span class='ocrx_word' id='word_1_70' title='bbox 1366 1405 1624 1478; x_wconf 82' lang='lat' dir='ltr'><strong>adaequet</strong></span> 
     </span>
     <span class='ocr_line' id='line_1_13' title="bbox 261 1485 1616 1563; baseline -0.001 -22"><span class='ocrx_word' id='word_1_71' title='bbox 261 1485 432 1542; x_wconf 87' lang='lat' dir='ltr'><strong>illum</strong></span> <span class='ocrx_word' id='word_1_72' title='bbox 457 1488 709 1560; x_wconf 88' lang='lat' dir='ltr'><strong>priorem</strong></span> <span class='ocrx_word' id='word_1_73' title='bbox 744 1505 915 1563; x_wconf 90' lang='lat' dir='ltr'><strong>:ergo</strong></span> <span class='ocrx_word' id='word_1_74' title='bbox 945 1489 1078 1544; x_wconf 87' lang='lat' dir='ltr'><strong>licet</strong></span> <span class='ocrx_word' id='word_1_75' title='bbox 1104 1488 1207 1545; x_wconf 91' lang='lat' dir='ltr'><strong>ille</strong></span> <span class='ocrx_word' id='word_1_76' title='bbox 1229 1504 1346 1545; x_wconf 91' lang='lat' dir='ltr'><strong>non</strong></span> <span class='ocrx_word' id='word_1_77' title='bbox 1386 1489 1616 1552; x_wconf 89' lang='lat' dir='ltr'><strong>crescat,</strong></span> 
     </span>
     <span class='ocr_line' id='line_1_14' title="bbox 260 1566 1622 1643; baseline -0.001 -20"><span class='ocrx_word' id='word_1_78' title='bbox 260 1567 470 1639; x_wconf 91' lang='lat' dir='ltr'><strong>poterit</strong></span> <span class='ocrx_word' id='word_1_79' title='bbox 517 1583 618 1641; x_wconf 92' lang='lat' dir='ltr'><strong>per</strong></span> <span class='ocrx_word' id='word_1_80' title='bbox 664 1576 1039 1642; x_wconf 89' lang='lat' dir='ltr'><strong>augmentum</strong></span> <span class='ocrx_word' id='word_1_81' title='bbox 1065 1569 1156 1624; x_wconf 90' lang='lat' dir='ltr'><strong>sui</strong></span> <span class='ocrx_word' id='word_1_82' title='bbox 1185 1584 1393 1643; x_wconf 90' lang='lat' dir='ltr'><strong>augere</strong></span> <span class='ocrx_word' id='word_1_83' title='bbox 1438 1566 1622 1623; x_wconf 89' lang='lat' dir='ltr'><strong>meri-</strong></span> 
     </span>
     <span class='ocr_line' id='line_1_15' title="bbox 256 1647 1623 1724; baseline -0.001 -21"><span class='ocrx_word' id='word_1_84' title='bbox 256 1653 401 1706; x_wconf 89' lang='lat' dir='ltr'><strong>tum.</strong></span> <span class='ocrx_word' id='word_1_85' title='bbox 453 1648 873 1723; x_wconf 84' lang='lat' dir='ltr'><strong>Consequentia</strong></span> <span class='ocrx_word' id='word_1_86' title='bbox 922 1651 1132 1724; x_wconf 91' lang='lat' dir='ltr'><strong>liquet,</strong></span> <span class='ocrx_word' id='word_1_87' title='bbox 1182 1656 1238 1707; x_wconf 91' lang='lat' dir='ltr'><strong>et</strong></span> <span class='ocrx_word' id='word_1_88' title='bbox 1285 1647 1623 1707; x_wconf 85' lang='lat' dir='ltr'><strong>antecedens</strong></span> 
     </span>
     <span class='ocr_line' id='line_1_16' title="bbox 256 1728 1621 1804; baseline -0.001 -19"><span class='ocrx_word' id='word_1_89' title='bbox 256 1728 535 1802; x_wconf 89' lang='lat' dir='ltr'><strong>probatur</strong></span> <span class='ocrx_word' id='word_1_90' title='bbox 561 1755 574 1798; x_wconf 88' lang='lat'>;</span> <span class='ocrx_word' id='word_1_91' title='bbox 604 1731 882 1804; x_wconf 90' lang='lat' dir='ltr'><strong>quoniam</strong></span> <span class='ocrx_word' id='word_1_92' title='bbox 904 1732 1069 1788; x_wconf 82' lang='lat' dir='ltr'><strong>valor</strong></span> <span class='ocrx_word' id='word_1_93' title='bbox 1092 1731 1407 1797; x_wconf 87' lang='lat' dir='ltr'><strong>charitatis,</strong></span> <span class='ocrx_word' id='word_1_94' title='bbox 1434 1743 1621 1803; x_wconf 89' lang='lat' dir='ltr'><strong>quan-</strong></span> 
     </span>
     <span class='ocr_line' id='line_1_17' title="bbox 255 1809 1621 1886; baseline 0.001 -21"><span class='ocrx_word' id='word_1_95' title='bbox 255 1811 475 1866; x_wconf 89' lang='lat' dir='ltr'><strong>tumvis</strong></span> <span class='ocrx_word' id='word_1_96' title='bbox 503 1827 764 1886; x_wconf 88' lang='lat' dir='ltr'><strong>magnus,</strong></span> <span class='ocrx_word' id='word_1_97' title='bbox 798 1819 855 1869; x_wconf 90' lang='lat' dir='ltr'><strong>et</strong></span> <span class='ocrx_word' id='word_1_98' title='bbox 876 1814 1184 1879; x_wconf 78' lang='lat' dir='ltr'><strong>excellenS,</strong></span> <span class='ocrx_word' id='word_1_99' title='bbox 1216 1817 1302 1868; x_wconf 88' lang='lat' dir='ltr'><strong>est</strong></span> <span class='ocrx_word' id='word_1_100' title='bbox 1330 1814 1492 1870; x_wconf 90' lang='lat' dir='ltr'><strong>valor</strong></span> <span class='ocrx_word' id='word_1_101' title='bbox 1517 1809 1621 1866; x_wconf 91' lang='lat' dir='ltr'><strong>de-</strong></span> 
     </span>
     <span class='ocr_line' id='line_1_18' title="bbox 256 1889 1620 1964; baseline -0.001 -17"><span class='ocrx_word' id='word_1_102' title='bbox 256 1890 625 1959; x_wconf 77' lang='lat' dir='ltr'><strong>terminatuS,</strong></span> <span class='ocrx_word' id='word_1_103' title='bbox 649 1898 706 1949; x_wconf 88' lang='lat' dir='ltr'><strong>et</strong></span> <span class='ocrx_word' id='word_1_104' title='bbox 725 1892 924 1948; x_wconf 88' lang='lat' dir='ltr'><strong>finitus</strong></span> <span class='ocrx_word' id='word_1_105' title='bbox 949 1914 963 1949; x_wconf 76' lang='lat' dir='ltr'>z</span> <span class='ocrx_word' id='word_1_106' title='bbox 997 1892 1055 1949; x_wconf 90' lang='lat' dir='ltr'><strong>id</strong></span> <span class='ocrx_word' id='word_1_107' title='bbox 1077 1898 1289 1957; x_wconf 90' lang='lat' dir='ltr'><strong>autem,</strong></span> <span class='ocrx_word' id='word_1_108' title='bbox 1319 1891 1468 1964; x_wconf 90' lang='lat' dir='ltr'><strong>quod</strong></span> <span class='ocrx_word' id='word_1_109' title='bbox 1490 1889 1620 1946; x_wconf 86' lang='lat' dir='ltr'><strong>fini-</strong></span> 
     </span>
     <span class='ocr_line' id='line_1_19' title="bbox 255 1973 1621 2046; baseline -0.001 -21"><span class='ocrx_word' id='word_1_110' title='bbox 255 1975 381 2026; x_wconf 90' lang='lat' dir='ltr'><strong>tum</strong></span> <span class='ocrx_word' id='word_1_111' title='bbox 426 1976 529 2036; x_wconf 89' lang='lat' dir='ltr'><strong>est,</strong></span> <span class='ocrx_word' id='word_1_112' title='bbox 580 1989 682 2045; x_wconf 92' lang='lat' dir='ltr'><strong>per</strong></span> <span class='ocrx_word' id='word_1_113' title='bbox 728 1979 1101 2046; x_wconf 80' lang='lat' dir='ltr'><strong>augmentum</strong></span> <span class='ocrx_word' id='word_1_114' title='bbox 1148 1973 1394 2029; x_wconf 87' lang='lat' dir='ltr'><strong>minoris</strong></span> <span class='ocrx_word' id='word_1_115' title='bbox 1440 1974 1621 2044; x_wconf 90' lang='lat' dir='ltr'><strong>potest</strong></span> 
     </span>
     <span class='ocr_line' id='line_1_20' title="bbox 257 2050 1620 2126; baseline -0.001 -18"><span class='ocrx_word' id='word_1_116' title='bbox 257 2050 565 2125; x_wconf 78' lang='lat' dir='ltr'><strong>adaequari,</strong></span> <span class='ocrx_word' id='word_1_117' title='bbox 615 2059 672 2110; x_wconf 88' lang='lat' dir='ltr'><strong>et</strong></span> <span class='ocrx_word' id='word_1_118' title='bbox 712 2053 978 2126; x_wconf 90' lang='lat' dir='ltr'><strong>superari</strong></span> <span class='ocrx_word' id='word_1_119' title='bbox 1020 2074 1033 2108; x_wconf 76' lang='lat' dir='ltr'><em>z</em></span> <span class='ocrx_word' id='word_1_120' title='bbox 1085 2053 1254 2110; x_wconf 83' lang='lat' dir='ltr'><strong>Omne</strong></span> <span class='ocrx_word' id='word_1_121' title='bbox 1298 2056 1444 2107; x_wconf 83' lang='lat' dir='ltr'><strong>enim</strong></span> <span class='ocrx_word' id='word_1_122' title='bbox 1481 2052 1620 2117; x_wconf 77' lang='lat' dir='ltr'><strong>fini-</strong></span> 
     </span>
     <span class='ocr_line' id='line_1_21' title="bbox 34 2135 1613 2212; baseline 0.006 -32"><span class='ocrx_word' id='word_1_123' title='bbox 34 2138 221 2183; x_wconf 80' lang='lat' dir='ltr'><strong>n.·rbo.</strong></span> <span class='ocrx_word' id='word_1_124' title='bbox 255 2143 374 2191; x_wconf 75' lang='lat' dir='ltr'><strong>tum</strong></span> <span class='ocrx_word' id='word_1_125' title='bbox 414 2135 645 2209; x_wconf 89' lang='lat' dir='ltr'><strong>(arguit</strong></span> <span class='ocrx_word' id='word_1_126' title='bbox 690 2139 756 2193; x_wconf 92' lang='lat' dir='ltr'><strong>D.</strong></span> <span class='ocrx_word' id='word_1_127' title='bbox 799 2137 1023 2194; x_wconf 53' lang='lat' dir='ltr'><strong>Thomf</strong></span> <span class='ocrx_word' id='word_1_128' title='bbox 1058 2137 1094 2192; x_wconf 89' lang='lat'><strong>3</strong></span> <span class='ocrx_word' id='word_1_129' title='bbox 1140 2143 1292 2209; x_wconf 81' lang='lat' dir='ltr'><strong>part.</strong></span> <span class='ocrx_word' id='word_1_130' title='bbox 1341 2142 1522 2212; x_wconf 73' lang='lat' dir='ltr'><strong>quaest.</strong></span> <span class='ocrx_word' id='word_1_131' title='bbox 1556 2137 1613 2201; x_wconf 88' lang='lat'><strong>7,</strong></span> 
     </span>
     <span class='ocr_line' id='line_1_22' title="bbox 254 2216 1617 2288; baseline 0.001 -20"><span class='ocrx_word' id='word_1_132' title='bbox 254 2221 365 2270; x_wconf 82' lang='lat' dir='ltr'><strong>art.</strong></span> <span class='ocrx_word' id='word_1_133' title='bbox 405 2216 491 2284; x_wconf 91' lang='lat' dir='ltr'><strong>ll)</strong></span> <span class='ocrx_word' id='word_1_134' title='bbox 540 2233 635 2288; x_wconf 84' lang='lat' dir='ltr'><strong>per</strong></span> <span class='ocrx_word' id='word_1_135' title='bbox 662 2223 1015 2286; x_wconf 76' lang='lat' dir='ltr'><strong>auymentum</strong></span> <span class='ocrx_word' id='word_1_136' title='bbox 1040 2217 1192 2283; x_wconf 71' lang='lat' dir='ltr'><strong>finiti</strong></span> <span class='ocrx_word' id='word_1_137' title='bbox 1212 2223 1386 2287; x_wconf 80' lang='lat' dir='ltr'><strong>potest</strong></span> <span class='ocrx_word' id='word_1_138' title='bbox 1421 2231 1617 2288; x_wconf 80' lang='lat' dir='ltr'><strong>perve-</strong></span> 
     </span>
     <span class='ocr_line' id='line_1_23' title="bbox 254 2295 1613 2372; baseline 0.003 -25"><span class='ocrx_word' id='word_1_139' title='bbox 254 2295 377 2349; x_wconf 78' lang='lat' dir='ltr'><strong>nire</strong></span> <span class='ocrx_word' id='word_1_140' title='bbox 395 2295 471 2350; x_wconf 81' lang='lat' dir='ltr'><strong>ad</strong></span> <span class='ocrx_word' id='word_1_141' title='bbox 489 2299 858 2372; x_wconf 80' lang='lat' dir='ltr'><strong>quant-itatem</strong></span> <span class='ocrx_word' id='word_1_142' title='bbox 876 2297 1111 2352; x_wconf 75' lang='lat' dir='ltr'><strong>alterius</strong></span> <span class='ocrx_word' id='word_1_143' title='bbox 1130 2298 1280 2367; x_wconf 79' lang='lat' dir='ltr'><strong>finiti</strong></span> <span class='ocrx_word' id='word_1_144' title='bbox 1293 2314 1311 2349; x_wconf 89' lang='lat'><strong>.·</strong></span> <span class='ocrx_word' id='word_1_145' title='bbox 1330 2312 1484 2370; x_wconf 90' lang='lat' dir='ltr'><strong>ergo,</strong></span> <span class='ocrx_word' id='word_1_146' title='bbox 1509 2302 1613 2352; x_wconf 87' lang='lat' dir='ltr'><strong>etc.</strong></span> 
     </span>
    </p>

    <p class='ocr_par' dir='ltr' id='par_1_3' title="bbox 33 2360 1617 2462">
     <span class='ocr_line' id='line_1_24' title="bbox 33 2360 1617 2462; baseline 0.001 -32"><span class='ocrx_word' id='word_1_147' title='bbox 33 2360 238 2462; x_wconf 44' lang='lat' dir='ltr'><strong>{2⁶1⁶}ssss</strong></span> <span class='ocrx_word' id='word_1_148' title='bbox 330 2376 726 2449; x_wconf 85' lang='lat' dir='ltr'><strong>Respondetur</strong></span> <span class='ocrx_word' id='word_1_149' title='bbox 803 2378 873 2435; x_wconf 95' lang='lat' dir='ltr'><strong>ad</strong></span> <span class='ocrx_word' id='word_1_150' title='bbox 938 2383 1345 2451; x_wconf 83' lang='lat' dir='ltr'><strong>argumentum</strong></span> <span class='ocrx_word' id='word_1_151' title='bbox 1405 2376 1617 2432; x_wconf 91' lang='lat' dir='ltr'><strong>distin-</strong></span> 
     </span>
    </p>

    <p class='ocr_par' dir='ltr' id='par_1_4' title="bbox 51 2457 1617 3898">
     <span class='ocr_line' id='line_1_25' title="bbox 51 2457 1617 2533; baseline 0.001 -21"><span class='ocrx_word' id='word_1_152' title='bbox 51 2466 215 2506; x_wconf 79' lang='lat' dir='ltr'><strong>mento·</strong></span> <span class='ocrx_word' id='word_1_153' title='bbox 253 2457 481 2531; x_wconf 91' lang='lat' dir='ltr'><strong>guendo</strong></span> <span class='ocrx_word' id='word_1_154' title='bbox 521 2460 799 2533; x_wconf 88' lang='lat' dir='ltr'><strong>majorem</strong></span> <span class='ocrx_word' id='word_1_155' title='bbox 832 2484 847 2517; x_wconf 77' lang='lat' dir='ltr'><strong>t</strong></span> <span class='ocrx_word' id='word_1_156' title='bbox 894 2459 1046 2517; x_wconf 81' lang='lat' dir='ltr'><em>Illud</em></span> <span class='ocrx_word' id='word_1_157' title='bbox 1095 2460 1408 2532; x_wconf 75' lang='lat' dir='ltr'><strong>formaliter</strong></span> <span class='ocrx_word' id='word_1_158' title='bbox 1456 2465 1617 2529; x_wconf 82' lang='lat' dir='ltr'><strong>au9et</strong></span> 
     </span>
     <span class='ocr_line' id='line_1_26' title="bbox 253 2540 1615 2619; baseline 0.001 -24"><span class='ocrx_word' id='word_1_159' title='bbox 253 2542 532 2607; x_wconf 80' lang='lat' dir='ltr'><strong>meritum,</strong></span> <span class='ocrx_word' id='word_1_160' title='bbox 576 2543 720 2619; x_wconf 83' lang='lat' dir='ltr'><strong>quod</strong></span> <span class='ocrx_word' id='word_1_161' title='bbox 743 2550 902 2612; x_wconf 71' lang='lat' dir='ltr'><strong>auqet</strong></span> <span class='ocrx_word' id='word_1_162' title='bbox 929 2542 1188 2607; x_wconf 83' lang='lat' dir='ltr'><strong>valorem,</strong></span> <span class='ocrx_word' id='word_1_163' title='bbox 1221 2542 1318 2615; x_wconf 90' lang='lat' dir='ltr'><strong>qui</strong></span> <span class='ocrx_word' id='word_1_164' title='bbox 1345 2542 1422 2597; x_wconf 89' lang='lat' dir='ltr'><strong>sit</strong></span> <span class='ocrx_word' id='word_1_165' title='bbox 1460 2540 1615 2614; x_wconf 84' lang='lat' dir='ltr'><strong>ejus-</strong></span> 
     </span>
     <span class='ocr_line' id='line_1_27' title="bbox 253 2619 1612 2698; baseline 0.002 -22"><span class='ocrx_word' id='word_1_166' title='bbox 253 2619 387 2679; x_wconf 91' lang='lat' dir='ltr'><strong>dem</strong></span> <span class='ocrx_word' id='word_1_167' title='bbox 446 2622 689 2690; x_wconf 89' lang='lat' dir='ltr'><strong>ordinis,</strong></span> <span class='ocrx_word' id='word_1_168' title='bbox 746 2630 802 2681; x_wconf 92' lang='lat' dir='ltr'><strong>et</strong></span> <span class='ocrx_word' id='word_1_169' title='bbox 858 2624 1111 2698; x_wconf 88' lang='lat' dir='ltr'><strong>ejusdem</strong></span> <span class='ocrx_word' id='word_1_170' title='bbox 1176 2624 1420 2680; x_wconf 82' lang='lat' dir='ltr'><strong>rationis</strong></span> <span class='ocrx_word' id='word_1_171' title='bbox 1482 2639 1612 2679; x_wconf 89' lang='lat' dir='ltr'><strong>cum</strong></span> 
     </span>
     <span class='ocr_line' id='line_1_28' title="bbox 250 2703 1614 2775; baseline 0.001 -18"><span class='ocrx_word' id='word_1_172' title='bbox 250 2703 512 2775; x_wconf 80' lang='lat' dir='ltr'><strong>praemio,</strong></span> <span class='ocrx_word' id='word_1_173' title='bbox 564 2703 961 2771; x_wconf 69' lang='lat' dir='ltr'><strong>concedimus,</strong></span> <span class='ocrx_word' id='word_1_174' title='bbox 1005 2706 1264 2762; x_wconf 88' lang='lat' dir='ltr'><strong>valorem</strong></span> <span class='ocrx_word' id='word_1_175' title='bbox 1312 2703 1614 2761; x_wconf 84' lang='lat' dir='ltr'><strong>inferioris</strong></span> 
     </span>
     <span class='ocr_line' id='line_1_29' title="bbox 249 2780 1612 2861; baseline 0 -21"><span class='ocrx_word' id='word_1_176' title='bbox 249 2780 494 2849; x_wconf 85' lang='lat' dir='ltr'><strong>ordinis,</strong></span> <span class='ocrx_word' id='word_1_177' title='bbox 549 2799 648 2840; x_wconf 90' lang='lat' dir='ltr'><strong>seu</strong></span> <span class='ocrx_word' id='word_1_178' title='bbox 698 2784 962 2852; x_wconf 89' lang='lat' dir='ltr'><strong>rationis,</strong></span> <span class='ocrx_word' id='word_1_179' title='bbox 1008 2785 1341 2861; x_wconf 86' lang='lat' dir='ltr'><strong>negandum</strong></span> <span class='ocrx_word' id='word_1_180' title='bbox 1394 2789 1496 2842; x_wconf 90' lang='lat' dir='ltr'><strong>est.</strong></span> <span class='ocrx_word' id='word_1_181' title='bbox 1542 2787 1612 2840; x_wconf 93' lang='lat' dir='ltr'><strong>Et</strong></span> 
     </span>
     <span class='ocr_line' id='line_1_30' title="bbox 246 2863 1613 2943; baseline 0.001 -20"><span class='ocrx_word' id='word_1_182' title='bbox 246 2863 447 2923; x_wconf 90' lang='lat' dir='ltr'><strong>eodem</strong></span> <span class='ocrx_word' id='word_1_183' title='bbox 501 2865 687 2924; x_wconf 87' lang='lat' dir='ltr'><strong>modo.</strong></span> <span class='ocrx_word' id='word_1_184' title='bbox 716 2865 1123 2943; x_wconf 88' lang='lat' dir='ltr'><strong>distinguenda</strong></span> <span class='ocrx_word' id='word_1_185' title='bbox 1168 2873 1253 2926; x_wconf 90' lang='lat' dir='ltr'><strong>est</strong></span> <span class='ocrx_word' id='word_1_186' title='bbox 1304 2868 1521 2934; x_wconf 90' lang='lat' dir='ltr'><strong>minor,</strong></span> <span class='ocrx_word' id='word_1_187' title='bbox 1554 2872 1613 2924; x_wconf 92' lang='lat' dir='ltr'><strong>et</strong></span> 
     </span>
     <span class='ocr_line' id='line_1_31' title="bbox 246 2945 1609 3023; baseline 0.002 -22"><span class='ocrx_word' id='word_1_188' title='bbox 246 2945 536 3003; x_wconf 87' lang='lat' dir='ltr'><strong>intellecta</strong></span> <span class='ocrx_word' id='word_1_189' title='bbox 560 2946 632 3004; x_wconf 91' lang='lat' dir='ltr'><strong>de</strong></span> <span class='ocrx_word' id='word_1_190' title='bbox 657 2950 873 3016; x_wconf 86' lang='lat' dir='ltr'><strong>valore,</strong></span> <span class='ocrx_word' id='word_1_191' title='bbox 923 2950 1022 3022; x_wconf 92' lang='lat' dir='ltr'><strong>qui</strong></span> <span class='ocrx_word' id='word_1_192' title='bbox 1061 2951 1136 3006; x_wconf 89' lang='lat' dir='ltr'><strong>sit</strong></span> <span class='ocrx_word' id='word_1_193' title='bbox 1162 2949 1417 3023; x_wconf 86' lang='lat' dir='ltr'><strong>ejusdem</strong></span> <span class='ocrx_word' id='word_1_194' title='bbox 1445 2948 1609 3006; x_wconf 90' lang='lat' dir='ltr'><strong>ordi-</strong></span> 
     </span>
     <span class='ocr_line' id='line_1_32' title="bbox 246 3028 1609 3103; baseline 0.003 -20"><span class='ocrx_word' id='word_1_195' title='bbox 246 3028 420 3094; x_wconf 88' lang='lat' dir='ltr'><strong>nis,et</strong></span> <span class='ocrx_word' id='word_1_196' title='bbox 441 3029 682 3086; x_wconf 90' lang='lat' dir='ltr'><strong>rationis</strong></span> <span class='ocrx_word' id='word_1_197' title='bbox 710 3046 841 3087; x_wconf 90' lang='lat' dir='ltr'><strong>cum</strong></span> <span class='ocrx_word' id='word_1_198' title='bbox 871 3034 1110 3103; x_wconf 82' lang='lat' dir='ltr'><strong>praemio</strong></span> <span class='ocrx_word' id='word_1_199' title='bbox 1136 3032 1459 3089; x_wconf 88' lang='lat' dir='ltr'><strong>essentialis</strong></span> <span class='ocrx_word' id='word_1_200' title='bbox 1479 3030 1609 3087; x_wconf 90' lang='lat' dir='ltr'><strong>bea-</strong></span> 
     </span>
     <span class='ocr_line' id='line_1_33' title="bbox 244 3110 1607 3188; baseline 0.004 -23"><span class='ocrx_word' id='word_1_201' title='bbox 244 3110 526 3181; x_wconf 87' lang='lat' dir='ltr'><strong>titudinis,</strong></span> <span class='ocrx_word' id='word_1_202' title='bbox 559 3112 629 3170; x_wconf 89' lang='lat' dir='ltr'><strong>de</strong></span> <span class='ocrx_word' id='word_1_203' title='bbox 674 3130 787 3186; x_wconf 88' lang='lat' dir='ltr'><strong>quo</strong></span> <span class='ocrx_word' id='word_1_204' title='bbox 833 3114 925 3170; x_wconf 91' lang='lat' dir='ltr'><strong>hic</strong></span> <span class='ocrx_word' id='word_1_205' title='bbox 979 3115 1290 3188; x_wconf 90' lang='lat' dir='ltr'><strong>loquimur,</strong></span> <span class='ocrx_word' id='word_1_206' title='bbox 1341 3113 1607 3187; x_wconf 89' lang='lat' dir='ltr'><strong>neganda</strong></span> 
     </span>
     <span class='ocr_line' id='line_1_34' title="bbox 241 3193 1609 3266; baseline 0.002 -18"><span class='ocrx_word' id='word_1_207' title='bbox 241 3196 359 3260; x_wconf 82' lang='lat' dir='ltr'><strong>est;</strong></span> <span class='ocrx_word' id='word_1_208' title='bbox 387 3194 596 3266; x_wconf 89' lang='lat' dir='ltr'><strong>poterit</strong></span> <span class='ocrx_word' id='word_1_209' title='bbox 634 3199 828 3252; x_wconf 86' lang='lat' dir='ltr'><strong>tamen</strong></span> <span class='ocrx_word' id='word_1_210' title='bbox 850 3195 1080 3252; x_wconf 88' lang='lat' dir='ltr'><strong>concedi</strong></span> <span class='ocrx_word' id='word_1_211' title='bbox 1104 3196 1395 3252; x_wconf 88' lang='lat' dir='ltr'><strong>intellecta</strong></span> <span class='ocrx_word' id='word_1_212' title='bbox 1420 3193 1490 3250; x_wconf 93' lang='lat' dir='ltr'><strong>de</strong></span> <span class='ocrx_word' id='word_1_213' title='bbox 1512 3212 1609 3251; x_wconf 87' lang='lat' dir='ltr'><strong>va-</strong></span> 
     </span>
     <span class='ocr_line' id='line_1_35' title="bbox 244 3273 1608 3348; baseline 0.002 -19"><span class='ocrx_word' id='word_1_214' title='bbox 244 3273 367 3331; x_wconf 91' lang='lat' dir='ltr'><strong>lore</strong></span> <span class='ocrx_word' id='word_1_215' title='bbox 388 3273 690 3331; x_wconf 87' lang='lat' dir='ltr'><strong>inferioris</strong></span> <span class='ocrx_word' id='word_1_216' title='bbox 730 3276 992 3341; x_wconf 88' lang='lat' dir='ltr'><strong>rationis,</strong></span> <span class='ocrx_word' id='word_1_217' title='bbox 1017 3282 1075 3332; x_wconf 92' lang='lat' dir='ltr'><strong>et</strong></span> <span class='ocrx_word' id='word_1_218' title='bbox 1100 3275 1344 3332; x_wconf 87' lang='lat' dir='ltr'><strong>habente</strong></span> <span class='ocrx_word' id='word_1_219' title='bbox 1372 3290 1608 3348; x_wconf 91' lang='lat' dir='ltr'><strong>propor-</strong></span> 
     </span>
     <span class='ocr_line' id='line_1_36' title="bbox 243 3354 1599 3429; baseline 0.001 -19"><span class='ocrx_word' id='word_1_220' title='bbox 243 3354 463 3412; x_wconf 86' lang='lat' dir='ltr'><strong>tionem</strong></span> <span class='ocrx_word' id='word_1_221' title='bbox 512 3357 702 3413; x_wconf 89' lang='lat' dir='ltr'><strong>solum</strong></span> <span class='ocrx_word' id='word_1_222' title='bbox 764 3372 897 3413; x_wconf 89' lang='lat' dir='ltr'><strong>cum</strong></span> <span class='ocrx_word' id='word_1_223' title='bbox 958 3358 1198 3429; x_wconf 83' lang='lat' dir='ltr'><strong>praemio</strong></span> <span class='ocrx_word' id='word_1_224' title='bbox 1241 3357 1599 3414; x_wconf 87' lang='lat' dir='ltr'><strong>accidentali.</strong></span> 
     </span>
     <span class='ocr_line' id='line_1_37' title="bbox 243 3434 1605 3512; baseline 0.004 -23"><span class='ocrx_word' id='word_1_225' title='bbox 243 3434 410 3491; x_wconf 90' lang='lat' dir='ltr'><strong>Solus</strong></span> <span class='ocrx_word' id='word_1_226' title='bbox 434 3437 595 3493; x_wconf 91' lang='lat' dir='ltr'><strong>enim</strong></span> <span class='ocrx_word' id='word_1_227' title='bbox 623 3438 807 3502; x_wconf 89' lang='lat' dir='ltr'><strong>valor,</strong></span> <span class='ocrx_word' id='word_1_228' title='bbox 857 3453 1028 3508; x_wconf 91' lang='lat' dir='ltr'><strong>quem</strong></span> <span class='ocrx_word' id='word_1_229' title='bbox 1054 3437 1242 3512; x_wconf 87' lang='lat' dir='ltr'><strong>gratia</strong></span> <span class='ocrx_word' id='word_1_230' title='bbox 1271 3438 1477 3494; x_wconf 88' lang='lat' dir='ltr'><strong>tribuit</strong></span> <span class='ocrx_word' id='word_1_231' title='bbox 1503 3453 1605 3511; x_wconf 88' lang='lat' dir='ltr'><strong>per</strong></span> 
     </span>
     <span class='ocr_line' id='line_1_38' title="bbox 242 3513 1604 3592; baseline 0.004 -23"><span class='ocrx_word' id='word_1_232' title='bbox 242 3513 601 3580; x_wconf 87' lang='lat' dir='ltr'><strong>charitatem,</strong></span> <span class='ocrx_word' id='word_1_233' title='bbox 639 3522 726 3574; x_wconf 88' lang='lat' dir='ltr'><strong>est</strong></span> <span class='ocrx_word' id='word_1_234' title='bbox 750 3517 1006 3592; x_wconf 88' lang='lat' dir='ltr'><strong>ejusdem</strong></span> <span class='ocrx_word' id='word_1_235' title='bbox 1048 3518 1292 3585; x_wconf 88' lang='lat' dir='ltr'><strong>ordinis,</strong></span> <span class='ocrx_word' id='word_1_236' title='bbox 1326 3517 1604 3591; x_wconf 88' lang='lat' dir='ltr'><strong>ejusdem-</strong></span> 
     </span>
     <span class='ocr_line' id='line_1_39' title="bbox 241 3596 1603 3671; baseline 0.004 -22"><span class='ocrx_word' id='word_1_237' title='bbox 241 3609 352 3666; x_wconf 87' lang='lat' dir='ltr'><strong>que</strong></span> <span class='ocrx_word' id='word_1_238' title='bbox 378 3596 621 3653; x_wconf 88' lang='lat' dir='ltr'><strong>rationis</strong></span> <span class='ocrx_word' id='word_1_239' title='bbox 645 3613 776 3654; x_wconf 90' lang='lat' dir='ltr'><strong>cum</strong></span> <span class='ocrx_word' id='word_1_240' title='bbox 819 3598 938 3655; x_wconf 89' lang='lat' dir='ltr'><strong>vita</strong></span> <span class='ocrx_word' id='word_1_241' title='bbox 988 3605 1224 3668; x_wconf 83' lang='lat' dir='ltr'><strong>aeterna,</strong></span> <span class='ocrx_word' id='word_1_242' title='bbox 1275 3604 1336 3654; x_wconf 94' lang='lat' dir='ltr'><strong>ut</strong></span> <span class='ocrx_word' id='word_1_243' title='bbox 1380 3599 1521 3671; x_wconf 69' lang='lat' dir='ltr'><strong>disp.</strong></span> <span class='ocrx_word' id='word_1_244' title='bbox 1568 3599 1603 3654; x_wconf 90' lang='lat'>3</span> 
     </span>
     <span class='ocr_line' id='line_1_40' title="bbox 242 3675 1602 3745; baseline 0.002 -12"><span class='ocrx_word' id='word_1_245' title='bbox 242 3675 615 3733; x_wconf 78' lang='lat' dir='ltr'><strong>ostendimus,</strong></span> <span class='ocrx_word' id='word_1_246' title='bbox 648 3676 813 3734; x_wconf 91' lang='lat' dir='ltr'><strong>Unde</strong></span> <span class='ocrx_word' id='word_1_247' title='bbox 859 3678 951 3735; x_wconf 91' lang='lat' dir='ltr'><strong>hic</strong></span> <span class='ocrx_word' id='word_1_248' title='bbox 999 3681 1155 3737; x_wconf 88' lang='lat' dir='ltr'><strong>solus</strong></span> <span class='ocrx_word' id='word_1_249' title='bbox 1207 3681 1389 3745; x_wconf 87' lang='lat' dir='ltr'><strong>valor,</strong></span> <span class='ocrx_word' id='word_1_250' title='bbox 1434 3683 1490 3735; x_wconf 91' lang='lat' dir='ltr'><strong>et</strong></span> <span class='ocrx_word' id='word_1_251' title='bbox 1541 3678 1602 3736; x_wconf 92' lang='lat' dir='ltr'><strong>id</strong></span> 
     </span>
     <span class='ocr_line' id='line_1_41' title="bbox 240 3755 1601 3834; baseline 0.004 -22"><span class='ocrx_word' id='word_1_252' title='bbox 240 3755 391 3827; x_wconf 88' lang='lat' dir='ltr'><strong>quod</strong></span> <span class='ocrx_word' id='word_1_253' title='bbox 412 3757 579 3813; x_wconf 91' lang='lat' dir='ltr'><strong>illum</strong></span> <span class='ocrx_word' id='word_1_254' title='bbox 603 3763 787 3832; x_wconf 88' lang='lat' dir='ltr'><strong>auget,</strong></span> <span class='ocrx_word' id='word_1_255' title='bbox 816 3775 1025 3833; x_wconf 89' lang='lat' dir='ltr'><strong>augere</strong></span> <span class='ocrx_word' id='word_1_256' title='bbox 1065 3765 1248 3834; x_wconf 89' lang='lat' dir='ltr'><strong>potest</strong></span> <span class='ocrx_word' id='word_1_257' title='bbox 1274 3760 1601 3818; x_wconf 83' lang='lat' dir='ltr'><strong>formaliter</strong></span> 
     </span>
     <span class='ocr_line' id='line_1_42' title="bbox 240 3839 951 3898; baseline 0.006 -4"><span class='ocrx_word' id='word_1_258' title='bbox 240 3839 516 3895; x_wconf 87' lang='lat' dir='ltr'><strong>meritum</strong></span> <span class='ocrx_word' id='word_1_259' title='bbox 546 3840 677 3895; x_wconf 78' lang='lat' dir='ltr'><strong>vitae</strong></span> <span class='ocrx_word' id='word_1_260' title='bbox 704 3846 951 3898; x_wconf 80' lang='lat' dir='ltr'><strong>aeternae.</strong></span> 
     </span>
    </p>
   </div>
   <div class='ocr_carea' id='block_1_3' title="bbox 17 3918 1600 4895">
    <p class='ocr_par' dir='ltr' id='par_1_5' title="bbox 17 3918 1600 4895">
     <span class='ocr_line' id='line_1_43' title="bbox 27 3918 1599 3997; baseline 0.004 -26"><span class='ocrx_word' id='word_1_261' title='bbox 27 3926 214 3971; x_wconf 73' lang='lat' dir='ltr'><strong>solvitur</strong></span> <span class='ocrx_word' id='word_1_262' title='bbox 313 3920 397 3975; x_wconf 83' lang='lat' dir='ltr'><strong>Ex</strong></span> <span class='ocrx_word' id='word_1_263' title='bbox 462 3935 573 3992; x_wconf 91' lang='lat' dir='ltr'><strong>quo</strong></span> <span class='ocrx_word' id='word_1_264' title='bbox 615 3918 686 3975; x_wconf 91' lang='lat' dir='ltr'><strong>ad</strong></span> <span class='ocrx_word' id='word_1_265' title='bbox 737 3919 1242 3979; x_wconf 87' lang='lat' dir='ltr'><strong>confirmationem</strong></span> <span class='ocrx_word' id='word_1_266' title='bbox 1271 3921 1599 3997; x_wconf 89' lang='lat' dir='ltr'><strong>negandum</strong></span> 
     </span>
     <span class='ocr_line' id='line_1_44' title="bbox 17 3976 1599 4078; baseline 0.004 -21"><span class='ocrx_word' id='word_1_267' title='bbox 17 4023 21 4031; x_wconf 89' lang='lat'><strong>·</strong></span> <span class='ocrx_word' id='word_1_268' title='bbox 50 3976 202 4071; x_wconf 49' lang='lat'><strong>{3¹35}</strong></span> <span class='ocrx_word' id='word_1_269' title='bbox 236 4005 325 4058; x_wconf 88' lang='lat' dir='ltr'><strong>est</strong></span> <span class='ocrx_word' id='word_1_270' title='bbox 342 4002 699 4059; x_wconf 83' lang='lat' dir='ltr'><strong>antecedens.</strong></span> <span class='ocrx_word' id='word_1_271' title='bbox 726 4004 797 4058; x_wconf 89' lang='lat' dir='ltr'><strong>Et</strong></span> <span class='ocrx_word' id='word_1_272' title='bbox 816 4002 887 4059; x_wconf 88' lang='lat' dir='ltr'><strong>ad</strong></span> <span class='ocrx_word' id='word_1_273' title='bbox 910 4003 1308 4076; x_wconf 86' lang='lat' dir='ltr'><strong>probationem</strong></span> <span class='ocrx_word' id='word_1_274' title='bbox 1340 4010 1491 4078; x_wconf 91' lang='lat' dir='ltr'><strong>patet</strong></span> <span class='ocrx_word' id='word_1_275' title='bbox 1527 4022 1599 4063; x_wconf 86' lang='lat' dir='ltr'><strong>ex</strong></span> 
     </span>
     <span class='ocr_line' id='line_1_45' title="bbox 236 4082 1600 4148; baseline 0.004 -8"><span class='ocrx_word' id='word_1_276' title='bbox 236 4082 423 4148; x_wconf 88' lang='lat' dir='ltr'><strong>dictis,</strong></span> <span class='ocrx_word' id='word_1_277' title='bbox 448 4088 505 4139; x_wconf 93' lang='lat' dir='ltr'><strong>et</strong></span> <span class='ocrx_word' id='word_1_278' title='bbox 522 4099 594 4140; x_wconf 85' lang='lat' dir='ltr'><strong>ex</strong></span> <span class='ocrx_word' id='word_1_279' title='bbox 616 4087 679 4141; x_wconf 89' lang='lat' dir='ltr'><strong>D.</strong></span> <span class='ocrx_word' id='word_1_280' title='bbox 713 4085 920 4141; x_wconf 84' lang='lat' dir='ltr'><strong>Thom.</strong></span> <span class='ocrx_word' id='word_1_281' title='bbox 968 4087 1088 4143; x_wconf 94' lang='lat' dir='ltr'><strong>loco</strong></span> <span class='ocrx_word' id='word_1_282' title='bbox 1111 4086 1192 4142; x_wconf 91' lang='lat' dir='ltr'><strong>ibi</strong></span> <span class='ocrx_word' id='word_1_283' title='bbox 1216 4089 1386 4145; x_wconf 88' lang='lat' dir='ltr'><strong>citato</strong></span> <span class='ocrx_word' id='word_1_284' title='bbox 1420 4109 1433 4144; x_wconf 73' lang='grc' dir='ltr'><strong>ι</strong></span> <span class='ocrx_word' id='word_1_285' title='bbox 1466 4092 1600 4146; x_wconf 92' lang='lat' dir='ltr'><strong>tunc</strong></span> 
     </span>
     <span class='ocr_line' id='line_1_46' title="bbox 234 4162 1599 4243; baseline 0.001 -22"><span class='ocrx_word' id='word_1_286' title='bbox 234 4164 396 4222; x_wconf 91' lang='lat' dir='ltr'><strong>enim</strong></span> <span class='ocrx_word' id='word_1_287' title='bbox 424 4162 656 4221; x_wconf 84' lang='lat' dir='ltr'><strong>linitum</strong></span> <span class='ocrx_word' id='word_1_288' title='bbox 678 4170 860 4238; x_wconf 87' lang='lat' dir='ltr'><strong>potest</strong></span> <span class='ocrx_word' id='word_1_289' title='bbox 886 4182 986 4238; x_wconf 90' lang='lat' dir='ltr'><strong>per</strong></span> <span class='ocrx_word' id='word_1_290' title='bbox 1008 4168 1251 4241; x_wconf 83' lang='lat' dir='ltr'><strong>alicujus</strong></span> <span class='ocrx_word' id='word_1_291' title='bbox 1276 4167 1428 4224; x_wconf 83' lang='lat' dir='ltr'><strong>finiti</strong></span> <span class='ocrx_word' id='word_1_292' title='bbox 1456 4185 1599 4243; x_wconf 88' lang='lat' dir='ltr'><strong>aug-</strong></span> 
     </span>
     <span class='ocr_line' id='line_1_47' title="bbox 234 4245 1598 4323; baseline 0.001 -20"><span class='ocrx_word' id='word_1_293' title='bbox 234 4250 496 4303; x_wconf 87' lang='lat' dir='ltr'><strong>mentum</strong></span> <span class='ocrx_word' id='word_1_294' title='bbox 519 4245 1061 4319; x_wconf 83' lang='lat' dir='ltr'><strong>adaequari,quando</strong></span> <span class='ocrx_word' id='word_1_295' title='bbox 1089 4249 1259 4306; x_wconf 90' lang='lat' dir='ltr'><strong>ambo</strong></span> <span class='ocrx_word' id='word_1_296' title='bbox 1285 4255 1418 4306; x_wconf 90' lang='lat' dir='ltr'><strong>sunt</strong></span> <span class='ocrx_word' id='word_1_297' title='bbox 1442 4249 1598 4323; x_wconf 88' lang='lat' dir='ltr'><strong>ejus-</strong></span> 
     </span>
     <span class='ocr_line' id='line_1_48' title="bbox 18 4325 1597 4402; baseline 0.003 -22"><span class='ocrx_word' id='word_1_298' title='bbox 18 4380 35 4395; x_wconf 60' lang='lat'><strong>„</strong></span> <span class='ocrx_word' id='word_1_299' title='bbox 231 4326 366 4383; x_wconf 88' lang='lat' dir='ltr'><strong>dem</strong></span> <span class='ocrx_word' id='word_1_300' title='bbox 392 4325 636 4393; x_wconf 75' lang='lat' dir='ltr'><strong>ordiniS,</strong></span> <span class='ocrx_word' id='word_1_301' title='bbox 668 4333 723 4384; x_wconf 93' lang='lat' dir='ltr'><strong>et</strong></span> <span class='ocrx_word' id='word_1_302' title='bbox 749 4327 966 4385; x_wconf 90' lang='lat' dir='ltr'><strong>habent</strong></span> <span class='ocrx_word' id='word_1_303' title='bbox 1002 4331 1381 4402; x_wconf 85' lang='lat' dir='ltr'><strong>quantitatem</strong></span> <span class='ocrx_word' id='word_1_304' title='bbox 1424 4331 1597 4386; x_wconf 89' lang='lat' dir='ltr'><strong>unius</strong></span> 
     </span>
     <span class='ocr_line' id='line_1_49' title="bbox 18 4408 1597 4475; baseline -0.001 -6"><span class='ocrx_word' id='word_1_305' title='bbox 18 4418 57 4475; x_wconf 69' lang='lat'><strong>15,</strong></span> <span class='ocrx_word' id='word_1_306' title='bbox 232 4408 496 4474; x_wconf 86' lang='lat' dir='ltr'><strong>rationis,</strong></span> <span class='ocrx_word' id='word_1_307' title='bbox 527 4410 676 4465; x_wconf 90' lang='lat' dir='ltr'><strong>sicut</strong></span> <span class='ocrx_word' id='word_1_308' title='bbox 713 4415 870 4467; x_wconf 90' lang='lat' dir='ltr'><strong>actus</strong></span> <span class='ocrx_word' id='word_1_309' title='bbox 910 4412 1210 4469; x_wconf 90' lang='lat' dir='ltr'><strong>charitatis</strong></span> <span class='ocrx_word' id='word_1_310' title='bbox 1251 4414 1514 4470; x_wconf 87' lang='lat' dir='ltr'><strong>intensus</strong></span> <span class='ocrx_word' id='word_1_311' title='bbox 1540 4417 1597 4469; x_wconf 92' lang='lat' dir='ltr'><strong>et</strong></span> 
     </span>
     <span class='ocr_line' id='line_1_50' title="bbox 17 4490 1590 4560; baseline -0.002 -9"><span class='ocrx_word' id='word_1_312' title='bbox 17 4505 54 4556; x_wconf 67' lang='grc' dir='ltr'><strong>ιω</strong></span> <span class='ocrx_word' id='word_1_313' title='bbox 229 4491 543 4557; x_wconf 87' lang='lat' dir='ltr'><strong>remissus;</strong></span> <span class='ocrx_word' id='word_1_314' title='bbox 586 4490 636 4546; x_wconf 89' lang='lat' dir='ltr'><strong>si</strong></span> <span class='ocrx_word' id='word_1_315' title='bbox 659 4497 852 4548; x_wconf 90' lang='lat' dir='ltr'><strong>tamen</strong></span> <span class='ocrx_word' id='word_1_316' title='bbox 887 4491 1129 4551; x_wconf 80' lang='lat' dir='ltr'><strong>diversae</strong></span> <span class='ocrx_word' id='word_1_317' title='bbox 1174 4494 1415 4552; x_wconf 87' lang='lat' dir='ltr'><strong>rationis</strong></span> <span class='ocrx_word' id='word_1_318' title='bbox 1454 4494 1590 4560; x_wconf 87' lang='lat' dir='ltr'><strong>sint,</strong></span> 
     </span>
     <span class='ocr_line' id='line_1_51' title="bbox 17 4573 1589 4648; baseline 0.001 -19"><span class='ocrx_word' id='word_1_319' title='bbox 17 4590 48 4637; x_wconf 66' lang='lat' dir='ltr'><strong>eu</strong></span> <span class='ocrx_word' id='word_1_320' title='bbox 62 4595 117 4642; x_wconf 57' lang='lat' dir='ltr'><em>w</em></span> <span class='ocrx_word' id='word_1_321' title='bbox 223 4578 738 4648; x_wconf 90' lang='lat' dir='ltr'><strong>quantumcunque</strong></span> <span class='ocrx_word' id='word_1_322' title='bbox 766 4573 825 4630; x_wconf 88' lang='lat' dir='ltr'><strong>id</strong></span> <span class='ocrx_word' id='word_1_323' title='bbox 845 4576 995 4648; x_wconf 90' lang='lat' dir='ltr'><strong>quod</strong></span> <span class='ocrx_word' id='word_1_324' title='bbox 1020 4578 1216 4634; x_wconf 90' lang='lat' dir='ltr'><strong>minus</strong></span> <span class='ocrx_word' id='word_1_325' title='bbox 1237 4583 1338 4643; x_wconf 89' lang='lat' dir='ltr'><strong>est,</strong></span> <span class='ocrx_word' id='word_1_326' title='bbox 1360 4581 1589 4643; x_wconf 89' lang='lat' dir='ltr'><strong>crescat,</strong></span> 
     </span>
     <span class='ocr_line' id='line_1_52' title="bbox 17 4640 1597 4733; baseline 0.001 -21"><span class='ocrx_word' id='word_1_327' title='bbox 17 4640 131 4719; x_wconf 50' lang='grc' dir='ltr'><strong>μ’*</strong></span> <span class='ocrx_word' id='word_1_328' title='bbox 220 4670 354 4713; x_wconf 81' lang='lat' dir='ltr'><strong>non</strong></span> <span class='ocrx_word' id='word_1_329' title='bbox 381 4653 704 4728; x_wconf 78' lang='lat' dir='ltr'><strong>adaequabit</strong></span> <span class='ocrx_word' id='word_1_330' title='bbox 725 4655 891 4723; x_wconf 90' lang='lat' dir='ltr'><strong>illud,</strong></span> <span class='ocrx_word' id='word_1_331' title='bbox 938 4658 1086 4731; x_wconf 90' lang='lat' dir='ltr'><strong>quod</strong></span> <span class='ocrx_word' id='word_1_332' title='bbox 1125 4664 1209 4716; x_wconf 90' lang='lat' dir='ltr'><strong>est</strong></span> <span class='ocrx_word' id='word_1_333' title='bbox 1237 4660 1440 4733; x_wconf 77' lang='lat' dir='ltr'><strong>maJ&#39;uS.</strong></span> <span class='ocrx_word' id='word_1_334' title='bbox 1473 4662 1597 4723; x_wconf 89' lang='lat' dir='ltr'><strong>Qua</strong></span> 
     </span>
     <span class='ocr_line' id='line_1_53' title="bbox 17 4736 1595 4813; baseline 0.003 -21"><span class='ocrx_word' id='word_1_335' title='bbox 17 4759 39 4798; x_wconf 68' lang='grc' dir='ltr'><strong>ι·</strong></span> <span class='ocrx_word' id='word_1_336' title='bbox 222 4736 457 4793; x_wconf 81' lang='lat' dir='ltr'><strong>ratione</strong></span> <span class='ocrx_word' id='word_1_337' title='bbox 483 4736 644 4793; x_wconf 88' lang='lat' dir='ltr'><strong>docet</strong></span> <span class='ocrx_word' id='word_1_338' title='bbox 667 4740 815 4813; x_wconf 87' lang='lat' dir='ltr'><strong>Ang.</strong></span> <span class='ocrx_word' id='word_1_339' title='bbox 875 4743 1079 4797; x_wconf 83' lang='lat' dir='ltr'><strong>Doctor</strong></span> <span class='ocrx_word' id='word_1_340' title='bbox 1131 4742 1243 4797; x_wconf 85' lang='lat' dir='ltr'><strong>loco</strong></span> <span class='ocrx_word' id='word_1_341' title='bbox 1296 4743 1388 4798; x_wconf 83' lang='lat' dir='ltr'><strong>cit.</strong></span> <span class='ocrx_word' id='word_1_342' title='bbox 1440 4758 1511 4796; x_wconf 70' lang='lat' dir='ltr'><strong>ea:</strong></span> <span class='ocrx_word' id='word_1_343' title='bbox 1560 4742 1595 4797; x_wconf 90' lang='lat'>3</span> 
     </span>
     <span class='ocr_line' id='line_1_54' title="bbox 220 4819 1597 4895; baseline 0.004 -23"><span class='ocrx_word' id='word_1_344' title='bbox 220 4824 378 4890; x_wconf 81' lang='lat' dir='ltr'><strong>part.</strong></span> <span class='ocrx_word' id='word_1_345' title='bbox 408 4819 657 4892; x_wconf 86' lang='lat' dir='ltr'><strong>gratiam</strong></span> <span class='ocrx_word' id='word_1_346' title='bbox 685 4821 815 4892; x_wconf 91' lang='lat' dir='ltr'><strong>puri</strong></span> <span class='ocrx_word' id='word_1_347' title='bbox 838 4821 1117 4888; x_wconf 76' lang='lat' dir='ltr'><strong>hominis„</strong></span> <span class='ocrx_word' id='word_1_348' title='bbox 1159 4828 1597 4895; x_wconf 89' lang='lat' dir='ltr'><strong>quamtumcun-</strong></span> 
     </span>
    </p>
   </div>
   <div class='ocr_carea' id='block_1_4' title="bbox 17 4837 1592 5149">
    <p class='ocr_par' dir='ltr' id='par_1_6' title="bbox 17 4837 1592 5040">
     <span class='ocr_line' id='line_1_55' title="bbox 17 4837 40 4883; baseline 0 -6"><span class='ocrx_word' id='word_1_349' title='bbox 17 4837 40 4883; x_wconf 61' lang='grc' dir='ltr'><em>κ</em></span> 
     </span>
     <span class='ocr_line' id='line_1_56' title="bbox 17 4902 1592 4977; baseline 0.004 -24"><span class='ocrx_word' id='word_1_350' title='bbox 17 4920 38 4964; x_wconf 70' lang='lat' dir='ltr'><strong>m</strong></span> <span class='ocrx_word' id='word_1_351' title='bbox 230 4914 341 4971; x_wconf 87' lang='lat' dir='ltr'><strong>que</strong></span> <span class='ocrx_word' id='word_1_352' title='bbox 367 4904 598 4969; x_wconf 88' lang='lat' dir='ltr'><strong>crescat,</strong></span> <span class='ocrx_word' id='word_1_353' title='bbox 633 4916 751 4958; x_wconf 93' lang='lat' dir='ltr'><strong>non</strong></span> <span class='ocrx_word' id='word_1_354' title='bbox 799 4917 961 4974; x_wconf 87' lang='lat' dir='ltr'><strong>posse</strong></span> <span class='ocrx_word' id='word_1_355' title='bbox 1002 4902 1302 4976; x_wconf 80' lang='lat' dir='ltr'><strong>adaequare</strong></span> <span class='ocrx_word' id='word_1_356' title='bbox 1345 4903 1592 4977; x_wconf 89' lang='lat' dir='ltr'><strong>gratiam</strong></span> 
     </span>
     <span class='ocr_line' id='line_1_57' title="bbox 17 5001 33 5040; baseline 0 0"><span class='ocrx_word' id='word_1_357' title='bbox 17 5001 33 5040; x_wconf 80' lang='lat' dir='ltr'><strong>n</strong></span> 
     </span>
    </p>

    <p class='ocr_par' dir='ltr' id='par_1_7' title="bbox 17 5074 73 5149">
     <span class='ocr_line' id='line_1_58' title="bbox 17 5074 73 5149; baseline -0.161 -26"><span class='ocrx_word' id='word_1_358' title='bbox 17 5074 36 5122; x_wconf 71' lang='lat' dir='ltr'><strong>f.</strong></span> <span class='ocrx_word' id='word_1_359' title='bbox 62 5142 73 5149; x_wconf 27' lang='grc' dir='ltr'>ι</span> 
     </span>
    </p>
   </div>
   <div class='ocr_carea' id='block_1_5' title="bbox 57 1138 225 1234">
    <p class='ocr_par' dir='ltr' id='par_1_8' title="bbox 57 1138 225 1234">
     <span class='ocr_line' id='line_1_59' title="bbox 57 1138 225 1184; baseline 0.018 -3"><span class='ocrx_word' id='word_1_360' title='bbox 57 1138 225 1184; x_wconf 78' lang='lat' dir='ltr'><strong>Confir-</strong></span> 
     </span>
     <span class='ocr_line' id='line_1_60' title="bbox 58 1189 207 1234; baseline 0.013 -2"><span class='ocrx_word' id='word_1_361' title='bbox 58 1189 207 1234; x_wconf 77' lang='lat' dir='ltr'><strong>matio.</strong></span> 
     </span>
    </p>
   </div>
   <div class='ocr_carea' id='block_1_6' title="bbox 231 4978 1598 5222">
    <p class='ocr_par' dir='ltr' id='par_1_9' title="bbox 231 4978 1598 5222">
     <span class='ocr_line' id='line_1_61' title="bbox 231 4978 1596 5048; baseline 0.003 -13"><span class='ocrx_word' id='word_1_362' title='bbox 231 4978 586 5037; x_wconf 85' lang='lat' dir='ltr'><strong>habitualem</strong></span> <span class='ocrx_word' id='word_1_363' title='bbox 616 4981 827 5038; x_wconf 90' lang='lat' dir='ltr'><strong>Christi</strong></span> <span class='ocrx_word' id='word_1_364' title='bbox 853 4982 1107 5048; x_wconf 90' lang='lat' dir='ltr'><strong>Domini,</strong></span> <span class='ocrx_word' id='word_1_365' title='bbox 1134 4983 1363 5041; x_wconf 88' lang='lat' dir='ltr'><strong>etiamsi</strong></span> <span class='ocrx_word' id='word_1_366' title='bbox 1384 4983 1500 5040; x_wconf 87' lang='lat' dir='ltr'><strong>haec</strong></span> <span class='ocrx_word' id='word_1_367' title='bbox 1520 4982 1596 5039; x_wconf 91' lang='lat' dir='ltr'><strong>sit</strong></span> 
     </span>
     <span class='ocr_line' id='line_1_62' title="bbox 231 5060 1598 5136; baseline 0.001 -18"><span class='ocrx_word' id='word_1_368' title='bbox 231 5061 480 5136; x_wconf 87' lang='lat' dir='ltr'><strong>qualitas</strong></span> <span class='ocrx_word' id='word_1_369' title='bbox 500 5060 666 5118; x_wconf 87' lang='lat' dir='ltr'><strong>finita</strong></span> <span class='ocrx_word' id='word_1_370' title='bbox 681 5084 697 5131; x_wconf 86' lang='lat'>;</span> <span class='ocrx_word' id='word_1_371' title='bbox 743 5064 882 5136; x_wconf 87' lang='lat' dir='ltr'><strong>quia</strong></span> <span class='ocrx_word' id='word_1_372' title='bbox 928 5063 1194 5122; x_wconf 88' lang='lat' dir='ltr'><strong>videlicet</strong></span> <span class='ocrx_word' id='word_1_373' title='bbox 1220 5080 1337 5122; x_wconf 89' lang='lat' dir='ltr'><strong>non</strong></span> <span class='ocrx_word' id='word_1_374' title='bbox 1382 5063 1598 5122; x_wconf 86' lang='lat' dir='ltr'><strong>habent</strong></span> 
     </span>
     <span class='ocr_line' id='line_1_63' title="bbox 379 5141 1436 5222; baseline 0.004 -21"><span class='ocrx_word' id='word_1_375' title='bbox 379 5141 658 5201; x_wconf 80' lang='lat' dir='ltr'><strong>Salmant.</strong></span> <span class='ocrx_word' id='word_1_376' title='bbox 707 5142 874 5222; x_wconf 59' lang='lat' dir='ltr'><strong>pura.</strong></span> <span class='ocrx_word' id='word_1_377' title='bbox 919 5143 1146 5217; x_wconf 74' lang='lat' dir='ltr'><strong>theoloq.</strong></span> <span class='ocrx_word' id='word_1_378' title='bbox 1196 5151 1320 5202; x_wconf 84' lang='lat' dir='ltr'><strong>tom.</strong></span> <span class='ocrx_word' id='word_1_379' title='bbox 1367 5143 1436 5205; x_wconf 80' lang='lat' dir='ltr'><strong>X.</strong></span> 
     </span>
    </p>
   </div>
   <div class='ocr_carea' id='block_1_7' title="bbox 1731 586 3328 5129">
    <p class='ocr_par' dir='ltr' id='par_1_10' title="bbox 1759 586 3132 1391">
     <span class='ocr_line' id='line_1_64' title="bbox 1765 586 3132 657; baseline 0.002 -16"><span class='ocrx_word' id='word_1_380' title='bbox 1765 586 2147 657; x_wconf 83' lang='lat' dir='ltr'><strong>quantitatem</strong></span> <span class='ocrx_word' id='word_1_381' title='bbox 2195 588 2367 645; x_wconf 88' lang='lat' dir='ltr'><strong>unius</strong></span> <span class='ocrx_word' id='word_1_382' title='bbox 2422 589 2693 656; x_wconf 87' lang='lat' dir='ltr'><strong>rationis;</strong></span> <span class='ocrx_word' id='word_1_383' title='bbox 2756 589 2854 645; x_wconf 90' lang='lat' dir='ltr'><strong>sed</strong></span> <span class='ocrx_word' id='word_1_384' title='bbox 2896 589 3000 645; x_wconf 89' lang='lat' dir='ltr'><strong>illa</strong></span> <span class='ocrx_word' id='word_1_385' title='bbox 3045 593 3132 645; x_wconf 89' lang='lat' dir='ltr'><strong>est</strong></span> 
     </span>
     <span class='ocr_line' id='line_1_65' title="bbox 1762 666 3128 743; baseline 0.004 -22"><span class='ocrx_word' id='word_1_386' title='bbox 1762 666 1950 740; x_wconf 88' lang='lat' dir='ltr'><strong>gratia</strong></span> <span class='ocrx_word' id='word_1_387' title='bbox 1972 667 2242 734; x_wconf 88' lang='lat' dir='ltr'><strong>membri,</strong></span> <span class='ocrx_word' id='word_1_388' title='bbox 2275 687 2398 743; x_wconf 63' lang='lat' dir='ltr'><strong>quae</strong></span> <span class='ocrx_word' id='word_1_389' title='bbox 2425 670 2596 728; x_wconf 89' lang='lat' dir='ltr'><strong>habet</strong></span> <span class='ocrx_word' id='word_1_390' title='bbox 2639 686 2700 726; x_wconf 91' lang='lat' dir='ltr'><strong>se</strong></span> <span class='ocrx_word' id='word_1_391' title='bbox 2743 687 2843 743; x_wconf 90' lang='lat' dir='ltr'><strong>per</strong></span> <span class='ocrx_word' id='word_1_392' title='bbox 2889 668 3128 726; x_wconf 88' lang='lat' dir='ltr'><strong>modum</strong></span> 
     </span>
     <span class='ocr_line' id='line_1_66' title="bbox 1764 746 3128 824; baseline 0.003 -22"><span class='ocrx_word' id='word_1_393' title='bbox 1764 746 1997 803; x_wconf 86' lang='lat' dir='ltr'><strong>virtutis</strong></span> <span class='ocrx_word' id='word_1_394' title='bbox 2025 748 2422 821; x_wconf 87' lang='lat' dir='ltr'><strong>particularis;</strong></span> <span class='ocrx_word' id='word_1_395' title='bbox 2469 751 2586 808; x_wconf 75' lang='lat' dir='ltr'><strong>haec</strong></span> <span class='ocrx_word' id='word_1_396' title='bbox 2626 766 2760 808; x_wconf 86' lang='lat' dir='ltr'><strong>vero</strong></span> <span class='ocrx_word' id='word_1_397' title='bbox 2812 756 2898 808; x_wconf 91' lang='lat' dir='ltr'><strong>est</strong></span> <span class='ocrx_word' id='word_1_398' title='bbox 2941 750 3128 824; x_wconf 88' lang='lat' dir='ltr'><strong>gratia</strong></span> 
     </span>
     <span class='ocr_line' id='line_1_67' title="bbox 1761 829 3121 903; baseline 0.004 -18"><span class='ocrx_word' id='word_1_399' title='bbox 1761 829 1981 903; x_wconf 83' lang='lat' dir='ltr'><strong>capitis,</strong></span> <span class='ocrx_word' id='word_1_400' title='bbox 2007 847 2132 903; x_wconf 76' lang='lat' dir='ltr'><strong>quae</strong></span> <span class='ocrx_word' id='word_1_401' title='bbox 2150 849 2212 890; x_wconf 90' lang='lat' dir='ltr'><strong>se</strong></span> <span class='ocrx_word' id='word_1_402' title='bbox 2232 832 2402 891; x_wconf 91' lang='lat' dir='ltr'><strong>habet</strong></span> <span class='ocrx_word' id='word_1_403' title='bbox 2431 839 2492 890; x_wconf 90' lang='lat' dir='ltr'><strong>ut</strong></span> <span class='ocrx_word' id='word_1_404' title='bbox 2517 834 2705 890; x_wconf 87' lang='lat' dir='ltr'><strong>virtus</strong></span> <span class='ocrx_word' id='word_1_405' title='bbox 2752 832 3121 890; x_wconf 85' lang='lat' dir='ltr'><strong>universalis.</strong></span> 
     </span>
     <span class='ocr_line' id='line_1_68' title="bbox 1760 911 3127 988; baseline 0.004 -22"><span class='ocrx_word' id='word_1_406' title='bbox 1760 911 1849 967; x_wconf 89' lang='lat' dir='ltr'><strong>Ad</strong></span> <span class='ocrx_word' id='word_1_407' title='bbox 1873 928 1996 970; x_wconf 90' lang='lat' dir='ltr'><strong>rem</strong></span> <span class='ocrx_word' id='word_1_408' title='bbox 2043 930 2200 988; x_wconf 90' lang='lat' dir='ltr'><strong>ergo.</strong></span> <span class='ocrx_word' id='word_1_409' title='bbox 2244 917 2420 973; x_wconf 90' lang='lat' dir='ltr'><strong>Valor</strong></span> <span class='ocrx_word' id='word_1_410' title='bbox 2464 917 2783 984; x_wconf 90' lang='lat' dir='ltr'><strong>charitatis,</strong></span> <span class='ocrx_word' id='word_1_411' title='bbox 2834 920 2890 972; x_wconf 92' lang='lat' dir='ltr'><strong>et</strong></span> <span class='ocrx_word' id='word_1_412' title='bbox 2926 916 3127 988; x_wconf 74' lang='lat' dir='ltr'><strong>gratiae</strong></span> 
     </span>
     <span class='ocr_line' id='line_1_69' title="bbox 1763 996 3124 1072; baseline 0.004 -24"><span class='ocrx_word' id='word_1_413' title='bbox 1763 1008 1882 1049; x_wconf 90' lang='lat' dir='ltr'><strong>non</strong></span> <span class='ocrx_word' id='word_1_414' title='bbox 1920 999 2006 1050; x_wconf 90' lang='lat' dir='ltr'><strong>est</strong></span> <span class='ocrx_word' id='word_1_415' title='bbox 2050 999 2355 1069; x_wconf 88' lang='lat' dir='ltr'><strong>utcumque</strong></span> <span class='ocrx_word' id='word_1_416' title='bbox 2405 998 2606 1072; x_wconf 84' lang='lat' dir='ltr'><strong>major,</strong></span> <span class='ocrx_word' id='word_1_417' title='bbox 2661 996 2759 1054; x_wconf 89' lang='lat' dir='ltr'><strong>sed</strong></span> <span class='ocrx_word' id='word_1_418' title='bbox 2807 996 3124 1069; x_wconf 87' lang='lat' dir='ltr'><strong>superioris</strong></span> 
     </span>
     <span class='ocr_line' id='line_1_70' title="bbox 1763 1075 3120 1152; baseline 0.001 -22"><span class='ocrx_word' id='word_1_419' title='bbox 1763 1075 2024 1148; x_wconf 63' lang='lat' dir='ltr'><strong>rationis»,</strong></span> <span class='ocrx_word' id='word_1_420' title='bbox 2051 1092 2114 1132; x_wconf 90' lang='lat' dir='ltr'><strong>ac</strong></span> <span class='ocrx_word' id='word_1_421' title='bbox 2137 1078 2298 1134; x_wconf 85' lang='lat' dir='ltr'><strong>valor</strong></span> <span class='ocrx_word' id='word_1_422' title='bbox 2319 1078 2721 1152; x_wconf 86' lang='lat' dir='ltr'><strong>cujuscumque</strong></span> <span class='ocrx_word' id='word_1_423' title='bbox 2745 1077 2985 1134; x_wconf 86' lang='lat' dir='ltr'><strong>alterius</strong></span> <span class='ocrx_word' id='word_1_424' title='bbox 3007 1077 3120 1131; x_wconf 91' lang='lat' dir='ltr'><strong>vir-</strong></span> 
     </span>
     <span class='ocr_line' id='line_1_71' title="bbox 1761 1156 3116 1234; baseline 0.004 -24"><span class='ocrx_word' id='word_1_425' title='bbox 1761 1156 1925 1223; x_wconf 88' lang='lat' dir='ltr'><strong>tutis;</strong></span> <span class='ocrx_word' id='word_1_426' title='bbox 1955 1162 2013 1213; x_wconf 87' lang='lat' dir='ltr'><strong>et</strong></span> <span class='ocrx_word' id='word_1_427' title='bbox 2038 1157 2166 1216; x_wconf 88' lang='lat' dir='ltr'><strong>ideo</strong></span> <span class='ocrx_word' id='word_1_428' title='bbox 2190 1165 2695 1234; x_wconf 89' lang='lat' dir='ltr'><strong>quantumcunque</strong></span> <span class='ocrx_word' id='word_1_429' title='bbox 2744 1159 2837 1216; x_wconf 90' lang='lat' dir='ltr'><strong>hic</strong></span> <span class='ocrx_word' id='word_1_430' title='bbox 2887 1162 3116 1224; x_wconf 88' lang='lat' dir='ltr'><strong>crescat,</strong></span> 
     </span>
     <span class='ocr_line' id='line_1_72' title="bbox 1759 1231 3117 1312; baseline 0.002 -20"><span class='ocrx_word' id='word_1_431' title='bbox 1759 1235 1831 1292; x_wconf 91' lang='lat' dir='ltr'><strong>ad</strong></span> <span class='ocrx_word' id='word_1_432' title='bbox 1860 1237 2019 1293; x_wconf 86' lang='lat' dir='ltr'><strong>illius</strong></span> <span class='ocrx_word' id='word_1_433' title='bbox 2045 1231 2401 1312; x_wconf 83' lang='lat' dir='ltr'><strong>dignitatem,</strong></span> <span class='ocrx_word' id='word_1_434' title='bbox 2434 1246 2489 1297; x_wconf 92' lang='lat' dir='ltr'><strong>et</strong></span> <span class='ocrx_word' id='word_1_435' title='bbox 2510 1241 2784 1299; x_wconf 89' lang='lat' dir='ltr'><strong>meritum</strong></span> <span class='ocrx_word' id='word_1_436' title='bbox 2820 1255 3117 1312; x_wconf 89' lang='lat' dir='ltr'><strong>nunquam</strong></span> 
     </span>
     <span class='ocr_line' id='line_1_73' title="bbox 1760 1315 2061 1391; baseline 0.007 -20"><span class='ocrx_word' id='word_1_437' title='bbox 1760 1315 2061 1391; x_wconf 89' lang='lat' dir='ltr'><strong>pertinget.</strong></span> 
     </span>
    </p>

    <p class='ocr_par' dir='ltr' id='par_1_11' title="bbox 1756 1396 3327 2122">
     <span class='ocr_line' id='line_1_74' title="bbox 1834 1396 3308 1474; baseline 0.002 -23"><span class='ocrx_word' id='word_1_438' title='bbox 1834 1396 1925 1452; x_wconf 90' lang='lat'><strong>53.</strong></span> <span class='ocrx_word' id='word_1_439' title='bbox 1970 1398 2247 1471; x_wconf 86' lang='lat' dir='ltr'><strong>Arguitur</strong></span> <span class='ocrx_word' id='word_1_440' title='bbox 2272 1398 2520 1457; x_wconf 90' lang='lat' dir='ltr'><strong>secundo</strong></span> <span class='ocrx_word' id='word_1_441' title='bbox 2546 1415 2651 1474; x_wconf 94' lang='lat' dir='ltr'><strong>pro</strong></span> <span class='ocrx_word' id='word_1_442' title='bbox 2678 1400 2782 1458; x_wconf 89' lang='lat' dir='ltr'><strong>hac</strong></span> <span class='ocrx_word' id='word_1_443' title='bbox 2808 1399 3112 1468; x_wconf 86' lang='lat' dir='ltr'><strong>sententia,</strong></span> <span class='ocrx_word' id='word_1_444' title='bbox 3157 1411 3308 1454; x_wconf 81' lang='lat' dir='ltr'><strong>secuu-</strong></span> 
     </span>
     <span class='ocr_line' id='line_1_75' title="bbox 1758 1460 3294 1561; baseline 0.005 -28"><span class='ocrx_word' id='word_1_445' title='bbox 1758 1476 1894 1550; x_wconf 89' lang='lat' dir='ltr'><strong>quia</strong></span> <span class='ocrx_word' id='word_1_446' title='bbox 1937 1477 1987 1533; x_wconf 91' lang='lat' dir='ltr'><strong>si</strong></span> <span class='ocrx_word' id='word_1_447' title='bbox 2026 1479 2150 1535; x_wconf 87' lang='lat' dir='ltr'><strong>sola</strong></span> <span class='ocrx_word' id='word_1_448' title='bbox 2187 1478 2436 1536; x_wconf 91' lang='lat' dir='ltr'><strong>charitas</strong></span> <span class='ocrx_word' id='word_1_449' title='bbox 2476 1485 2623 1538; x_wconf 90' lang='lat' dir='ltr'><strong>esset</strong></span> <span class='ocrx_word' id='word_1_450' title='bbox 2661 1481 2808 1539; x_wconf 90' lang='lat' dir='ltr'><strong>ratio</strong></span> <span class='ocrx_word' id='word_1_451' title='bbox 2856 1482 3119 1539; x_wconf 88' lang='lat' dir='ltr'><strong>formalis</strong></span> <span class='ocrx_word' id='word_1_452' title='bbox 3167 1460 3294 1561; x_wconf 42' lang='grc' dir='ltr'><strong>ᾗῇ.</strong></span> 
     </span>
     <span class='ocr_line' id='line_1_76' title="bbox 1758 1559 3327 1637; baseline 0.005 -22"><span class='ocrx_word' id='word_1_453' title='bbox 1758 1559 2127 1615; x_wconf 82' lang='lat' dir='ltr'><strong>constitutiva</strong></span> <span class='ocrx_word' id='word_1_454' title='bbox 2152 1561 2368 1628; x_wconf 90' lang='lat' dir='ltr'><strong>meriti,</strong></span> <span class='ocrx_word' id='word_1_455' title='bbox 2402 1567 2460 1618; x_wconf 92' lang='lat' dir='ltr'><strong>et</strong></span> <span class='ocrx_word' id='word_1_456' title='bbox 2498 1562 2791 1636; x_wconf 89' lang='lat' dir='ltr'><strong>augmenti</strong></span> <span class='ocrx_word' id='word_1_457' title='bbox 2833 1563 2956 1637; x_wconf 86' lang='lat' dir='ltr'><strong>ejus</strong></span> <span class='ocrx_word' id='word_1_458' title='bbox 2997 1579 3118 1620; x_wconf 87' lang='lat' dir='ltr'><strong>res·</strong></span> <span class='ocrx_word' id='word_1_459' title='bbox 3133 1565 3327 1622; x_wconf 66' lang='lat' dir='ltr'><strong>memm-</strong></span> 
     </span>
     <span class='ocr_line' id='line_1_77' title="bbox 1759 1639 3119 1712; baseline 0.003 -17"><span class='ocrx_word' id='word_1_460' title='bbox 1759 1643 1920 1712; x_wconf 90' lang='lat' dir='ltr'><strong>pectu</strong></span> <span class='ocrx_word' id='word_1_461' title='bbox 1951 1639 2177 1712; x_wconf 80' lang='lat' dir='ltr'><strong>praemii</strong></span> <span class='ocrx_word' id='word_1_462' title='bbox 2197 1641 2537 1707; x_wconf 83' lang='lat' dir='ltr'><strong>essentialis,</strong></span> <span class='ocrx_word' id='word_1_463' title='bbox 2562 1642 2777 1699; x_wconf 88' lang='lat' dir='ltr'><strong>frustra</strong></span> <span class='ocrx_word' id='word_1_464' title='bbox 2802 1641 2872 1698; x_wconf 88' lang='lat' dir='ltr'><strong>ad</strong></span> <span class='ocrx_word' id='word_1_465' title='bbox 2894 1658 3119 1699; x_wconf 90' lang='lat' dir='ltr'><strong>meren-</strong></span> 
     </span>
     <span class='ocr_line' id='line_1_78' title="bbox 1757 1718 3117 1780; baseline 0.004 -6"><span class='ocrx_word' id='word_1_466' title='bbox 1757 1718 1897 1775; x_wconf 89' lang='lat' dir='ltr'><strong>dum</strong></span> <span class='ocrx_word' id='word_1_467' title='bbox 1921 1719 2335 1778; x_wconf 88' lang='lat' dir='ltr'><strong>adhiberentur</strong></span> <span class='ocrx_word' id='word_1_468' title='bbox 2371 1728 2525 1779; x_wconf 88' lang='lat' dir='ltr'><strong>actus</strong></span> <span class='ocrx_word' id='word_1_469' title='bbox 2568 1727 2902 1780; x_wconf 86' lang='lat' dir='ltr'><strong>caeterarum</strong></span> <span class='ocrx_word' id='word_1_470' title='bbox 2927 1724 3117 1780; x_wconf 83' lang='lat' dir='ltr'><strong>virtu-</strong></span> 
     </span>
     <span class='ocr_line' id='line_1_79' title="bbox 1758 1800 3118 1874; baseline 0.005 -19"><span class='ocrx_word' id='word_1_471' title='bbox 1758 1805 1902 1869; x_wconf 90' lang='lat' dir='ltr'><strong>tum,</strong></span> <span class='ocrx_word' id='word_1_472' title='bbox 1933 1801 2220 1874; x_wconf 88' lang='lat' dir='ltr'><strong>satiusque</strong></span> <span class='ocrx_word' id='word_1_473' title='bbox 2266 1800 2433 1860; x_wconf 90' lang='lat' dir='ltr'><strong>nobis</strong></span> <span class='ocrx_word' id='word_1_474' title='bbox 2459 1808 2605 1859; x_wconf 91' lang='lat' dir='ltr'><strong>esset</strong></span> <span class='ocrx_word' id='word_1_475' title='bbox 2630 1803 2700 1860; x_wconf 89' lang='lat' dir='ltr'><strong>de</strong></span> <span class='ocrx_word' id='word_1_476' title='bbox 2727 1805 2976 1861; x_wconf 92' lang='lat' dir='ltr'><strong>minimo</strong></span> <span class='ocrx_word' id='word_1_477' title='bbox 2994 1811 3118 1862; x_wconf 85' lang='lat' dir='ltr'><strong>actu</strong></span> 
     </span>
     <span class='ocr_line' id='line_1_80' title="bbox 1756 1880 3130 1961; baseline 0.004 -24"><span class='ocrx_word' id='word_1_478' title='bbox 1756 1880 2051 1939; x_wconf 88' lang='lat' dir='ltr'><strong>charitatis</strong></span> <span class='ocrx_word' id='word_1_479' title='bbox 2078 1899 2297 1949; x_wconf 89' lang='lat' dir='ltr'><strong>curare,</strong></span> <span class='ocrx_word' id='word_1_480' title='bbox 2318 1900 2490 1958; x_wconf 90' lang='lat' dir='ltr'><strong>quam</strong></span> <span class='ocrx_word' id='word_1_481' title='bbox 2513 1884 2582 1941; x_wconf 95' lang='lat' dir='ltr'><strong>de</strong></span> <span class='ocrx_word' id='word_1_482' title='bbox 2599 1886 2843 1961; x_wconf 88' lang='lat' dir='ltr'><strong>egregiis</strong></span> <span class='ocrx_word' id='word_1_483' title='bbox 2865 1885 3130 1943; x_wconf 89' lang='lat' dir='ltr'><strong>aliarum·</strong></span> 
     </span>
     <span class='ocr_line' id='line_1_81' title="bbox 1757 1959 3117 2037; baseline 0.004 -20"><span class='ocrx_word' id='word_1_484' title='bbox 1757 1959 2040 2018; x_wconf 80' lang='lat' dir='ltr'><strong>virtutum</strong></span> <span class='ocrx_word' id='word_1_485' title='bbox 2082 1963 2350 2037; x_wconf 87' lang='lat' dir='ltr'><strong>operibus</strong></span> <span class='ocrx_word' id='word_1_486' title='bbox 2395 1966 2760 2033; x_wconf 76' lang='lat' dir='ltr'><strong>exercendis,</strong></span> <span class='ocrx_word' id='word_1_487' title='bbox 2795 1967 2902 2023; x_wconf 89' lang='lat' dir='ltr'><strong>hoc</strong></span> <span class='ocrx_word' id='word_1_488' title='bbox 2928 1972 3117 2024; x_wconf 91' lang='lat' dir='ltr'><strong>autem</strong></span> 
     </span>
     <span class='ocr_line' id='line_1_82' title="bbox 1756 2044 2342 2122; baseline 0.005 -20"><span class='ocrx_word' id='word_1_489' title='bbox 1756 2046 1954 2102; x_wconf 87' lang='lat' dir='ltr'><strong>nullus</strong></span> <span class='ocrx_word' id='word_1_490' title='bbox 1974 2044 2121 2102; x_wconf 89' lang='lat' dir='ltr'><strong>dicet</strong></span> <span class='ocrx_word' id='word_1_491' title='bbox 2153 2068 2165 2102; x_wconf 91' lang='lat'>:</span> <span class='ocrx_word' id='word_1_492' title='bbox 2189 2062 2342 2122; x_wconf 89' lang='lat' dir='ltr'><strong>ergo.</strong></span> 
     </span>
    </p>

    <p class='ocr_par' dir='ltr' id='par_1_12' title="bbox 1750 2126 3311 2776">
     <span class='ocr_line' id='line_1_83' title="bbox 1829 2126 3311 2201; baseline 0.007 -18"><span class='ocrx_word' id='word_1_493' title='bbox 1829 2126 2237 2194; x_wconf 82' lang='lat' dir='ltr'><strong>confirmatur,</strong></span> <span class='ocrx_word' id='word_1_494' title='bbox 2302 2128 2437 2201; x_wconf 89' lang='lat' dir='ltr'><strong>quia</strong></span> <span class='ocrx_word' id='word_1_495' title='bbox 2502 2130 2815 2187; x_wconf 87' lang='lat' dir='ltr'><strong>absurdum</strong></span> <span class='ocrx_word' id='word_1_496' title='bbox 2866 2131 3113 2198; x_wconf 83' lang='lat' dir='ltr'><strong>videtur,</strong></span> <span class='ocrx_word' id='word_1_497' title='bbox 3147 2149 3311 2193; x_wconf 81' lang='lat' dir='ltr'><strong>counr-</strong></span> 
     </span>
     <span class='ocr_line' id='line_1_84' title="bbox 1756 2199 3300 2286; baseline 0.005 -21"><span class='ocrx_word' id='word_1_498' title='bbox 1756 2224 1874 2265; x_wconf 88' lang='lat' dir='ltr'><strong>non</strong></span> <span class='ocrx_word' id='word_1_499' title='bbox 1921 2209 2049 2282; x_wconf 92' lang='lat' dir='ltr'><strong>plus</strong></span> <span class='ocrx_word' id='word_1_500' title='bbox 2090 2211 2305 2268; x_wconf 90' lang='lat' dir='ltr'><strong>mereri</strong></span> <span class='ocrx_word' id='word_1_501' title='bbox 2357 2213 2676 2286; x_wconf 83' lang='lat' dir='ltr'><strong>Martyrem</strong></span> <span class='ocrx_word' id='word_1_502' title='bbox 2742 2211 2839 2285; x_wconf 90' lang='lat' dir='ltr'><strong>qui</strong></span> <span class='ocrx_word' id='word_1_503' title='bbox 2896 2220 3120 2272; x_wconf 87' lang='lat' dir='ltr'><strong>exercet</strong></span> <span class='ocrx_word' id='word_1_504' title='bbox 3156 2199 3300 2243; x_wconf 53' lang='grc' dir='ltr'><strong>Μῃο-</strong></span> 
     </span>
     <span class='ocr_line' id='line_1_85' title="bbox 1752 2292 3117 2367; baseline 0.003 -18"><span class='ocrx_word' id='word_1_505' title='bbox 1752 2292 2050 2366; x_wconf 90' lang='lat' dir='ltr'><strong>egregium</strong></span> <span class='ocrx_word' id='word_1_506' title='bbox 2072 2297 2259 2348; x_wconf 88' lang='lat' dir='ltr'><strong>actum</strong></span> <span class='ocrx_word' id='word_1_507' title='bbox 2284 2293 2659 2362; x_wconf 77' lang='lat' dir='ltr'><strong>fortitudiniS,</strong></span> <span class='ocrx_word' id='word_1_508' title='bbox 2688 2309 2906 2367; x_wconf 89' lang='lat' dir='ltr'><strong>ponens</strong></span> <span class='ocrx_word' id='word_1_509' title='bbox 2934 2297 3117 2354; x_wconf 82' lang='lat' dir='ltr'><strong>vitam</strong></span> 
     </span>
     <span class='ocr_line' id='line_1_86' title="bbox 1756 2377 3116 2453; baseline 0.006 -24"><span class='ocrx_word' id='word_1_510' title='bbox 1756 2379 1988 2448; x_wconf 90' lang='lat' dir='ltr'><strong>propter</strong></span> <span class='ocrx_word' id='word_1_511' title='bbox 2028 2377 2227 2441; x_wconf 91' lang='lat' dir='ltr'><strong>Deum,</strong></span> <span class='ocrx_word' id='word_1_512' title='bbox 2281 2393 2454 2448; x_wconf 90' lang='lat' dir='ltr'><strong>quam</strong></span> <span class='ocrx_word' id='word_1_513' title='bbox 2503 2383 2793 2435; x_wconf 88' lang='lat' dir='ltr'><strong>mereatur</strong></span> <span class='ocrx_word' id='word_1_514' title='bbox 2821 2380 2986 2446; x_wconf 91' lang='lat' dir='ltr'><strong>alter,</strong></span> <span class='ocrx_word' id='word_1_515' title='bbox 3019 2380 3116 2453; x_wconf 92' lang='lat' dir='ltr'><strong>qui</strong></span> 
     </span>
     <span class='ocr_line' id='line_1_87' title="bbox 1753 2456 3112 2531; baseline 0.004 -21"><span class='ocrx_word' id='word_1_516' title='bbox 1753 2456 2070 2512; x_wconf 90' lang='lat' dir='ltr'><strong>minimum</strong></span> <span class='ocrx_word' id='word_1_517' title='bbox 2137 2457 2550 2514; x_wconf 81' lang='lat' dir='ltr'><strong>misericordiae</strong></span> <span class='ocrx_word' id='word_1_518' title='bbox 2614 2474 2754 2531; x_wconf 88' lang='lat' dir='ltr'><strong>opus</strong></span> <span class='ocrx_word' id='word_1_519' title='bbox 2825 2466 3112 2530; x_wconf 82' lang='lat' dir='ltr'><strong>exerceat,</strong></span> 
     </span>
     <span class='ocr_line' id='line_1_88' title="bbox 1752 2537 3118 2611; baseline 0.004 -18"><span class='ocrx_word' id='word_1_520' title='bbox 1752 2537 1980 2594; x_wconf 87' lang='lat' dir='ltr'><strong>etiamsi</strong></span> <span class='ocrx_word' id='word_1_521' title='bbox 2030 2544 2267 2611; x_wconf 91' lang='lat' dir='ltr'><strong>uterque</strong></span> <span class='ocrx_word' id='word_1_522' title='bbox 2312 2539 2589 2611; x_wconf 82' lang='lat' dir='ltr'><strong>aequalem</strong></span> <span class='ocrx_word' id='word_1_523' title='bbox 2631 2539 2968 2598; x_wconf 89' lang='lat' dir='ltr'><strong>charitatem</strong></span> <span class='ocrx_word' id='word_1_524' title='bbox 3011 2542 3118 2599; x_wconf 89' lang='lat' dir='ltr'><strong>ha-</strong></span> 
     </span>
     <span class='ocr_line' id='line_1_89' title="bbox 1751 2616 3115 2693; baseline 0.003 -20"><span class='ocrx_word' id='word_1_525' title='bbox 1751 2616 1921 2676; x_wconf 87' lang='lat' dir='ltr'><strong>beat:</strong></span> <span class='ocrx_word' id='word_1_526' title='bbox 1954 2634 2091 2693; x_wconf 89' lang='lat' dir='ltr'><strong>ergo</strong></span> <span class='ocrx_word' id='word_1_527' title='bbox 2121 2635 2237 2677; x_wconf 91' lang='lat' dir='ltr'><strong>non</strong></span> <span class='ocrx_word' id='word_1_528' title='bbox 2283 2620 2472 2675; x_wconf 85' lang='lat' dir='ltr'><strong>solum</strong></span> <span class='ocrx_word' id='word_1_529' title='bbox 2515 2620 2782 2689; x_wconf 87' lang='lat' dir='ltr'><strong>charitas,</strong></span> <span class='ocrx_word' id='word_1_530' title='bbox 2816 2622 2915 2679; x_wconf 91' lang='lat' dir='ltr'><strong>sed</strong></span> <span class='ocrx_word' id='word_1_531' title='bbox 2938 2623 3115 2680; x_wconf 90' lang='lat' dir='ltr'><strong>etiam</strong></span> 
     </span>
     <span class='ocr_line' id='line_1_90' title="bbox 1750 2701 2880 2776; baseline 0.002 -17"><span class='ocrx_word' id='word_1_532' title='bbox 1750 2701 1975 2759; x_wconf 86' lang='lat' dir='ltr'><strong>bonitas</strong></span> <span class='ocrx_word' id='word_1_533' title='bbox 2003 2701 2362 2759; x_wconf 88' lang='lat' dir='ltr'><strong>fortitudinis</strong></span> <span class='ocrx_word' id='word_1_534' title='bbox 2389 2706 2556 2776; x_wconf 91' lang='lat' dir='ltr'><strong>auget</strong></span> <span class='ocrx_word' id='word_1_535' title='bbox 2584 2703 2880 2761; x_wconf 89' lang='lat' dir='ltr'><strong>meritum.</strong></span> 
     </span>
    </p>

    <p class='ocr_par' dir='ltr' id='par_1_13' title="bbox 1745 2784 3328 3108">
     <span class='ocr_line' id='line_1_91' title="bbox 1822 2784 3308 2861; baseline 0.005 -20"><span class='ocrx_word' id='word_1_536' title='bbox 1822 2785 2220 2859; x_wconf 84' lang='lat' dir='ltr'><strong>Respondetur</strong></span> <span class='ocrx_word' id='word_1_537' title='bbox 2272 2784 2534 2860; x_wconf 90' lang='lat' dir='ltr'><strong>negando</strong></span> <span class='ocrx_word' id='word_1_538' title='bbox 2590 2786 2869 2861; x_wconf 84' lang='lat' dir='ltr'><strong>majorem</strong></span> <span class='ocrx_word' id='word_1_539' title='bbox 2888 2810 2903 2855; x_wconf 89' lang='lat'>;</span> <span class='ocrx_word' id='word_1_540' title='bbox 2956 2792 3111 2844; x_wconf 89' lang='lat' dir='ltr'><strong>actus</strong></span> <span class='ocrx_word' id='word_1_541' title='bbox 3147 2803 3308 2849; x_wconf 71' lang='lat' dir='ltr'><strong>satisfit</strong></span> 
     </span>
     <span class='ocr_line' id='line_1_92' title="bbox 1746 2864 3328 2949; baseline 0.003 -23"><span class='ocrx_word' id='word_1_542' title='bbox 1746 2870 1908 2927; x_wconf 91' lang='lat' dir='ltr'><strong>enim</strong></span> <span class='ocrx_word' id='word_1_543' title='bbox 1967 2874 2304 2927; x_wconf 83' lang='lat' dir='ltr'><strong>caeterarum</strong></span> <span class='ocrx_word' id='word_1_544' title='bbox 2364 2868 2670 2937; x_wconf 88' lang='lat' dir='ltr'><strong>virtutum,</strong></span> <span class='ocrx_word' id='word_1_545' title='bbox 2729 2871 2835 2927; x_wconf 86' lang='lat' dir='ltr'><strong>etsi</strong></span> <span class='ocrx_word' id='word_1_546' title='bbox 2884 2872 3111 2930; x_wconf 89' lang='lat' dir='ltr'><strong>ratione</strong></span> <span class='ocrx_word' id='word_1_547' title='bbox 3138 2864 3328 2949; x_wconf 49' lang='lat' dir='ltr'><strong>mgen-</strong></span> 
     </span>
     <span class='ocr_line' id='line_1_93' title="bbox 1749 2951 3111 3027; baseline 0.003 -19"><span class='ocrx_word' id='word_1_548' title='bbox 1749 2952 1995 3025; x_wconf 84' lang='lat' dir='ltr'><strong>propriae</strong></span> <span class='ocrx_word' id='word_1_549' title='bbox 2040 2951 2314 3009; x_wconf 89' lang='lat' dir='ltr'><strong>bonitatis</strong></span> <span class='ocrx_word' id='word_1_550' title='bbox 2354 2967 2473 3009; x_wconf 92' lang='lat' dir='ltr'><strong>non</strong></span> <span class='ocrx_word' id='word_1_551' title='bbox 2524 2951 2894 3018; x_wconf 87' lang='lat' dir='ltr'><strong>constituant,</strong></span> <span class='ocrx_word' id='word_1_552' title='bbox 2924 2969 3111 3027; x_wconf 89' lang='lat' dir='ltr'><strong>neque</strong></span> 
     </span>
     <span class='ocr_line' id='line_1_94' title="bbox 1745 3034 3112 3108; baseline 0.003 -19"><span class='ocrx_word' id='word_1_553' title='bbox 1745 3040 1992 3108; x_wconf 87' lang='lat' dir='ltr'><strong>augeant</strong></span> <span class='ocrx_word' id='word_1_554' title='bbox 2011 3034 2338 3091; x_wconf 84' lang='lat' dir='ltr'><strong>formaliter</strong></span> <span class='ocrx_word' id='word_1_555' title='bbox 2373 3034 2649 3090; x_wconf 90' lang='lat' dir='ltr'><strong>meritum</strong></span> <span class='ocrx_word' id='word_1_556' title='bbox 2677 3039 2933 3106; x_wconf 88' lang='lat' dir='ltr'><strong>respectu</strong></span> <span class='ocrx_word' id='word_1_557' title='bbox 2963 3052 3112 3108; x_wconf 81' lang='lat' dir='ltr'><strong>prae-</strong></span> 
     </span>
    </p>

    <p class='ocr_par' dir='ltr' id='par_1_14' title="bbox 1731 3113 3114 5129">
     <span class='ocr_line' id='line_1_95' title="bbox 1743 3113 3114 3189; baseline 0.002 -19"><span class='ocrx_word' id='word_1_558' title='bbox 1743 3116 1852 3170; x_wconf 91' lang='lat' dir='ltr'><strong>mii</strong></span> <span class='ocrx_word' id='word_1_559' title='bbox 1867 3114 2426 3187; x_wconf 87' lang='lat' dir='ltr'><strong>essentialis,augent</strong></span> <span class='ocrx_word' id='word_1_560' title='bbox 2447 3117 2640 3170; x_wconf 88' lang='lat' dir='ltr'><strong>tamen</strong></span> <span class='ocrx_word' id='word_1_561' title='bbox 2663 3113 2808 3169; x_wconf 92' lang='lat' dir='ltr'><strong>illud</strong></span> <span class='ocrx_word' id='word_1_562' title='bbox 2827 3114 2890 3170; x_wconf 92' lang='lat' dir='ltr'><strong>in</strong></span> <span class='ocrx_word' id='word_1_563' title='bbox 2903 3132 3114 3189; x_wconf 89' lang='lat' dir='ltr'><strong>genere</strong></span> 
     </span>
     <span class='ocr_line' id='line_1_96' title="bbox 1743 3191 3112 3260; baseline 0.002 -10"><span class='ocrx_word' id='word_1_564' title='bbox 1743 3210 1925 3250; x_wconf 82' lang='lat' dir='ltr'><strong>causae</strong></span> <span class='ocrx_word' id='word_1_565' title='bbox 1947 3194 2296 3260; x_wconf 88' lang='lat' dir='ltr'><strong>materialis;</strong></span> <span class='ocrx_word' id='word_1_566' title='bbox 2329 3207 2468 3248; x_wconf 87' lang='lat' dir='ltr'><strong>nam</strong></span> <span class='ocrx_word' id='word_1_567' title='bbox 2507 3191 2745 3248; x_wconf 85' lang='lat' dir='ltr'><strong>cuilibet</strong></span> <span class='ocrx_word' id='word_1_568' title='bbox 2771 3207 2843 3248; x_wconf 87' lang='lat' dir='ltr'><strong>ex</strong></span> <span class='ocrx_word' id='word_1_569' title='bbox 2866 3192 2993 3251; x_wconf 87' lang='lat' dir='ltr'><strong>istis</strong></span> <span class='ocrx_word' id='word_1_570' title='bbox 3017 3212 3112 3252; x_wconf 89' lang='lat' dir='ltr'><strong>ac-</strong></span> 
     </span>
     <span class='ocr_line' id='line_1_97' title="bbox 1744 3274 3112 3349; baseline 0.002 -17"><span class='ocrx_word' id='word_1_571' title='bbox 1744 3276 1917 3344; x_wconf 84' lang='lat' dir='ltr'><strong>tibus,</strong></span> <span class='ocrx_word' id='word_1_572' title='bbox 1942 3276 2162 3349; x_wconf 89' lang='lat' dir='ltr'><strong>quoties</strong></span> <span class='ocrx_word' id='word_1_573' title='bbox 2188 3292 2221 3331; x_wconf 90' lang='lat' dir='ltr'><strong>a</strong></span> <span class='ocrx_word' id='word_1_574' title='bbox 2249 3274 2528 3332; x_wconf 89' lang='lat' dir='ltr'><strong>charitate</strong></span> <span class='ocrx_word' id='word_1_575' title='bbox 2574 3275 2959 3348; x_wconf 91' lang='lat' dir='ltr'><strong>imperantur,</strong></span> <span class='ocrx_word' id='word_1_576' title='bbox 2994 3278 3112 3335; x_wconf 92' lang='lat' dir='ltr'><strong>im-</strong></span> 
     </span>
     <span class='ocr_line' id='line_1_98' title="bbox 1743 3354 3110 3430; baseline 0.003 -18"><span class='ocrx_word' id='word_1_577' title='bbox 1743 3357 2018 3429; x_wconf 86' lang='lat' dir='ltr'><strong>primitur</strong></span> <span class='ocrx_word' id='word_1_578' title='bbox 2045 3354 2115 3411; x_wconf 90' lang='lat' dir='ltr'><strong>ab</strong></span> <span class='ocrx_word' id='word_1_579' title='bbox 2142 3354 2343 3412; x_wconf 88' lang='lat' dir='ltr'><strong>eadem</strong></span> <span class='ocrx_word' id='word_1_580' title='bbox 2396 3354 2679 3411; x_wconf 87' lang='lat' dir='ltr'><strong>charitate</strong></span> <span class='ocrx_word' id='word_1_581' title='bbox 2718 3357 3006 3430; x_wconf 86' lang='lat' dir='ltr'><strong>proprius,</strong></span> <span class='ocrx_word' id='word_1_582' title='bbox 3055 3366 3110 3416; x_wconf 92' lang='lat' dir='ltr'><strong>et</strong></span> 
     </span>
     <span class='ocr_line' id='line_1_99' title="bbox 1740 3434 3110 3510; baseline 0.003 -17"><span class='ocrx_word' id='word_1_583' title='bbox 1740 3436 2043 3495; x_wconf 85' lang='lat' dir='ltr'><strong>distinctus</strong></span> <span class='ocrx_word' id='word_1_584' title='bbox 2057 3435 2263 3493; x_wconf 90' lang='lat' dir='ltr'><strong>modus</strong></span> <span class='ocrx_word' id='word_1_585' title='bbox 2279 3436 2481 3510; x_wconf 77' lang='lat' dir='ltr'><strong>magiS,</strong></span> <span class='ocrx_word' id='word_1_586' title='bbox 2497 3435 2591 3492; x_wconf 84' lang='lat' dir='ltr'><strong>vel</strong></span> <span class='ocrx_word' id='word_1_587' title='bbox 2614 3434 2810 3492; x_wconf 90' lang='lat' dir='ltr'><strong>minus</strong></span> <span class='ocrx_word' id='word_1_588' title='bbox 2825 3439 3110 3510; x_wconf 84' lang='lat' dir='ltr'><strong>perfectus</strong></span> 
     </span>
     <span class='ocr_line' id='line_1_100' title="bbox 1741 3514 3102 3598; baseline 0.001 -25"><span class='ocrx_word' id='word_1_589' title='bbox 1741 3518 1898 3574; x_wconf 91' lang='lat' dir='ltr'><strong>intra</strong></span> <span class='ocrx_word' id='word_1_590' title='bbox 1928 3517 2143 3573; x_wconf 89' lang='lat' dir='ltr'><strong>lineam</strong></span> <span class='ocrx_word' id='word_1_591' title='bbox 2173 3514 2354 3589; x_wconf 89' lang='lat' dir='ltr'><strong>ipsius</strong></span> <span class='ocrx_word' id='word_1_592' title='bbox 2381 3515 2697 3581; x_wconf 74' lang='lat' dir='ltr'><strong>charitatiS,</strong></span> <span class='ocrx_word' id='word_1_593' title='bbox 2728 3532 2832 3590; x_wconf 91' lang='lat' dir='ltr'><strong>pro</strong></span> <span class='ocrx_word' id='word_1_594' title='bbox 2873 3520 3102 3598; x_wconf 83' lang='lat' dir='ltr'><strong>majori,</strong></span> 
     </span>
     <span class='ocr_line' id='line_1_101' title="bbox 1740 3594 3104 3673; baseline 0.002 -18"><span class='ocrx_word' id='word_1_595' title='bbox 1740 3600 1832 3655; x_wconf 84' lang='lat' dir='ltr'><strong>vel</strong></span> <span class='ocrx_word' id='word_1_596' title='bbox 1853 3596 2071 3654; x_wconf 90' lang='lat' dir='ltr'><strong>minori</strong></span> <span class='ocrx_word' id='word_1_597' title='bbox 2096 3595 2460 3670; x_wconf 79' lang='lat' dir='ltr'><strong>perfectione,</strong></span> <span class='ocrx_word' id='word_1_598' title='bbox 2487 3600 2542 3653; x_wconf 92' lang='lat' dir='ltr'><strong>et</strong></span> <span class='ocrx_word' id='word_1_599' title='bbox 2563 3594 2818 3655; x_wconf 90' lang='lat' dir='ltr'><strong>bonitate</strong></span> <span class='ocrx_word' id='word_1_600' title='bbox 2850 3600 3104 3673; x_wconf 84' lang='lat' dir='ltr'><strong>ejusdem</strong></span> 
     </span>
     <span class='ocr_line' id='line_1_102' title="bbox 1738 3675 3100 3746; baseline 0.003 -11"><span class='ocrx_word' id='word_1_601' title='bbox 1738 3683 1928 3746; x_wconf 87' lang='lat' dir='ltr'><strong>actus;</strong></span> <span class='ocrx_word' id='word_1_602' title='bbox 1970 3683 2026 3735; x_wconf 92' lang='lat' dir='ltr'><strong>et</strong></span> <span class='ocrx_word' id='word_1_603' title='bbox 2049 3678 2271 3734; x_wconf 88' lang='lat' dir='ltr'><strong>ratione</strong></span> <span class='ocrx_word' id='word_1_604' title='bbox 2293 3675 2458 3731; x_wconf 90' lang='lat' dir='ltr'><strong>istius</strong></span> <span class='ocrx_word' id='word_1_605' title='bbox 2479 3675 2635 3734; x_wconf 91' lang='lat' dir='ltr'><strong>modi</strong></span> <span class='ocrx_word' id='word_1_606' title='bbox 2665 3677 2988 3738; x_wconf 89' lang='lat' dir='ltr'><strong>redduntur</strong></span> <span class='ocrx_word' id='word_1_607' title='bbox 3015 3698 3100 3739; x_wconf 88' lang='lat' dir='ltr'><strong>ac·</strong></span> 
     </span>
     <span class='ocr_line' id='line_1_103' title="bbox 1739 3755 3105 3832; baseline 0.004 -18"><span class='ocrx_word' id='word_1_608' title='bbox 1739 3764 1829 3815; x_wconf 91' lang='lat' dir='ltr'><strong>tus</strong></span> <span class='ocrx_word' id='word_1_609' title='bbox 1877 3758 2128 3831; x_wconf 75' lang='lat' dir='ltr'><strong>praedicti</strong></span> <span class='ocrx_word' id='word_1_610' title='bbox 2170 3755 2495 3813; x_wconf 81' lang='lat' dir='ltr'><strong>formaliter</strong></span> <span class='ocrx_word' id='word_1_611' title='bbox 2542 3758 2744 3832; x_wconf 87' lang='lat' dir='ltr'><strong>magis,</strong></span> <span class='ocrx_word' id='word_1_612' title='bbox 2782 3760 3105 3819; x_wconf 90' lang='lat' dir='ltr'><strong>autminus</strong></span> 
     </span>
     <span class='ocr_line' id='line_1_104' title="bbox 1738 3836 3103 3915; baseline 0.003 -21"><span class='ocrx_word' id='word_1_613' title='bbox 1738 3837 2111 3896; x_wconf 89' lang='lat' dir='ltr'><strong>beatitudinis</strong></span> <span class='ocrx_word' id='word_1_614' title='bbox 2132 3836 2417 3894; x_wconf 89' lang='lat' dir='ltr'><strong>meritorii</strong></span> <span class='ocrx_word' id='word_1_615' title='bbox 2437 3857 2451 3892; x_wconf 74' lang='grc' dir='ltr'><strong><em>ε</em></strong></span> <span class='ocrx_word' id='word_1_616' title='bbox 2471 3836 2621 3895; x_wconf 90' lang='lat' dir='ltr'><strong>unde</strong></span> <span class='ocrx_word' id='word_1_617' title='bbox 2641 3839 2777 3911; x_wconf 89' lang='lat' dir='ltr'><strong>quia</strong></span> <span class='ocrx_word' id='word_1_618' title='bbox 2800 3841 3103 3915; x_wconf 67' lang='lat' dir='ltr'><strong>praedictus</strong></span> 
     </span>
     <span class='ocr_line' id='line_1_105' title="bbox 1737 3920 3102 3993; baseline 0.004 -18"><span class='ocrx_word' id='word_1_619' title='bbox 1737 3920 1940 3977; x_wconf 87' lang='lat' dir='ltr'><strong>modus</strong></span> <span class='ocrx_word' id='word_1_620' title='bbox 1957 3934 2316 3993; x_wconf 88' lang='lat' dir='ltr'><strong>nequaquam</strong></span> <span class='ocrx_word' id='word_1_621' title='bbox 2339 3922 2666 3990; x_wconf 89' lang='lat' dir='ltr'><strong>poneretur,</strong></span> <span class='ocrx_word' id='word_1_622' title='bbox 2689 3921 2802 3977; x_wconf 91' lang='lat' dir='ltr'><strong>nisi</strong></span> <span class='ocrx_word' id='word_1_623' title='bbox 2824 3922 3102 3981; x_wconf 87' lang='lat' dir='ltr'><strong>darentur</strong></span> 
     </span>
     <span class='ocr_line' id='line_1_106' title="bbox 1735 3998 3100 4074; baseline 0.004 -17"><span class='ocrx_word' id='word_1_624' title='bbox 1735 4004 1877 4059; x_wconf 89' lang='lat' dir='ltr'><strong>tales</strong></span> <span class='ocrx_word' id='word_1_625' title='bbox 1906 4008 2078 4072; x_wconf 76' lang='lat' dir='ltr'><strong>actuS,</strong></span> <span class='ocrx_word' id='word_1_626' title='bbox 2113 4018 2227 4059; x_wconf 90' lang='lat' dir='ltr'><strong>non</strong></span> <span class='ocrx_word' id='word_1_627' title='bbox 2251 4005 2434 4074; x_wconf 87' lang='lat' dir='ltr'><strong>potest</strong></span> <span class='ocrx_word' id='word_1_628' title='bbox 2471 3998 2603 4067; x_wconf 88' lang='lat' dir='ltr'><strong>dici,</strong></span> <span class='ocrx_word' id='word_1_629' title='bbox 2634 4003 2782 4074; x_wconf 89' lang='lat' dir='ltr'><strong>quod</strong></span> <span class='ocrx_word' id='word_1_630' title='bbox 2811 4003 2853 4059; x_wconf 91' lang='lat' dir='ltr'><strong>ii</strong></span> <span class='ocrx_word' id='word_1_631' title='bbox 2884 4005 3100 4063; x_wconf 82' lang='lat' dir='ltr'><strong>frustra</strong></span> 
     </span>
     <span class='ocr_line' id='line_1_107' title="bbox 1736 4082 3096 4148; baseline 0.003 -7"><span class='ocrx_word' id='word_1_632' title='bbox 1736 4084 1806 4141; x_wconf 92' lang='lat' dir='ltr'><strong>ad</strong></span> <span class='ocrx_word' id='word_1_633' title='bbox 1836 4087 2111 4142; x_wconf 87' lang='lat' dir='ltr'><strong>meritum</strong></span> <span class='ocrx_word' id='word_1_634' title='bbox 2140 4102 2200 4140; x_wconf 90' lang='lat' dir='ltr'><strong>se</strong></span> <span class='ocrx_word' id='word_1_635' title='bbox 2221 4083 2487 4148; x_wconf 87' lang='lat' dir='ltr'><strong>habeant,</strong></span> <span class='ocrx_word' id='word_1_636' title='bbox 2513 4082 2612 4139; x_wconf 87' lang='lat' dir='ltr'><strong>sed</strong></span> <span class='ocrx_word' id='word_1_637' title='bbox 2635 4083 2705 4140; x_wconf 89' lang='lat' dir='ltr'><strong>ad</strong></span> <span class='ocrx_word' id='word_1_638' title='bbox 2727 4086 2874 4143; x_wconf 85' lang='lat' dir='ltr'><strong>illud</strong></span> <span class='ocrx_word' id='word_1_639' title='bbox 2903 4089 3096 4145; x_wconf 86' lang='lat' dir='ltr'><strong>maxi-</strong></span> 
     </span>
     <span class='ocr_line' id='line_1_108' title="bbox 1735 4164 3095 4237; baseline 0.001 -11"><span class='ocrx_word' id='word_1_640' title='bbox 1735 4184 1828 4226; x_wconf 90' lang='lat' dir='ltr'><strong>me</strong></span> <span class='ocrx_word' id='word_1_641' title='bbox 1850 4165 2189 4224; x_wconf 83' lang='lat' dir='ltr'><strong>conducunt.</strong></span> <span class='ocrx_word' id='word_1_642' title='bbox 2224 4167 2303 4221; x_wconf 88' lang='lat' dir='ltr'><strong>Eo</strong></span> <span class='ocrx_word' id='word_1_643' title='bbox 2327 4164 2649 4236; x_wconf 73' lang='lat' dir='ltr'><strong>praesertim</strong></span> <span class='ocrx_word' id='word_1_644' title='bbox 2684 4166 2834 4237; x_wconf 91' lang='lat' dir='ltr'><strong>quod</strong></span> <span class='ocrx_word' id='word_1_645' title='bbox 2862 4169 2954 4225; x_wconf 88' lang='lat' dir='ltr'><strong>hic</strong></span> <span class='ocrx_word' id='word_1_646' title='bbox 2976 4186 3095 4227; x_wconf 84' lang='lat' dir='ltr'><strong>mo-</strong></span> 
     </span>
     <span class='ocr_line' id='line_1_109' title="bbox 1734 4244 3096 4319; baseline 0.001 -13"><span class='ocrx_word' id='word_1_647' title='bbox 1734 4250 1840 4307; x_wconf 91' lang='lat' dir='ltr'><strong>dus</strong></span> <span class='ocrx_word' id='word_1_648' title='bbox 1862 4264 1978 4305; x_wconf 92' lang='lat' dir='ltr'><strong>non</strong></span> <span class='ocrx_word' id='word_1_649' title='bbox 1998 4252 2082 4304; x_wconf 91' lang='lat' dir='ltr'><strong>est</strong></span> <span class='ocrx_word' id='word_1_650' title='bbox 2111 4248 2298 4319; x_wconf 88' lang='lat' dir='ltr'><strong>ipsum</strong></span> <span class='ocrx_word' id='word_1_651' title='bbox 2322 4244 2619 4310; x_wconf 87' lang='lat' dir='ltr'><strong>meritum,</strong></span> <span class='ocrx_word' id='word_1_652' title='bbox 2648 4247 2738 4302; x_wconf 84' lang='lat' dir='ltr'><strong>vel</strong></span> <span class='ocrx_word' id='word_1_653' title='bbox 2762 4250 3096 4307; x_wconf 90' lang='lat' dir='ltr'><strong>meritorius</strong></span> 
     </span>
     <span class='ocr_line' id='line_1_110' title="bbox 1734 4326 3100 4409; baseline 0.001 -21"><span class='ocrx_word' id='word_1_654' title='bbox 1734 4338 1795 4388; x_wconf 91' lang='lat' dir='ltr'><strong>ut</strong></span> <span class='ocrx_word' id='word_1_655' title='bbox 1839 4331 1999 4409; x_wconf 76' lang='lat' dir='ltr'><strong>quod,</strong></span> <span class='ocrx_word' id='word_1_656' title='bbox 2055 4328 2153 4386; x_wconf 88' lang='lat' dir='ltr'><strong>sed</strong></span> <span class='ocrx_word' id='word_1_657' title='bbox 2192 4329 2379 4384; x_wconf 87' lang='lat' dir='ltr'><strong>solum</strong></span> <span class='ocrx_word' id='word_1_658' title='bbox 2421 4343 2481 4383; x_wconf 90' lang='lat' dir='ltr'><strong>se</strong></span> <span class='ocrx_word' id='word_1_659' title='bbox 2524 4326 2695 4384; x_wconf 89' lang='lat' dir='ltr'><strong>habet</strong></span> <span class='ocrx_word' id='word_1_660' title='bbox 2718 4334 2778 4384; x_wconf 92' lang='lat' dir='ltr'><strong>ut</strong></span> <span class='ocrx_word' id='word_1_661' title='bbox 2798 4347 2928 4403; x_wconf 90' lang='lat' dir='ltr'><strong>quo,</strong></span> <span class='ocrx_word' id='word_1_662' title='bbox 2961 4338 3016 4389; x_wconf 91' lang='lat' dir='ltr'><strong>et</strong></span> <span class='ocrx_word' id='word_1_663' title='bbox 3038 4339 3100 4389; x_wconf 92' lang='lat' dir='ltr'><strong>ut</strong></span> 
     </span>
     <span class='ocr_line' id='line_1_111' title="bbox 1735 4409 3099 4479; baseline -0.001 -7"><span class='ocrx_word' id='word_1_664' title='bbox 1735 4415 1901 4479; x_wconf 88' lang='lat' dir='ltr'><strong>ratio,</strong></span> <span class='ocrx_word' id='word_1_665' title='bbox 1934 4418 1988 4470; x_wconf 90' lang='lat' dir='ltr'><strong>et</strong></span> <span class='ocrx_word' id='word_1_666' title='bbox 2011 4413 2198 4469; x_wconf 85' lang='lat' dir='ltr'><strong>forma</strong></span> <span class='ocrx_word' id='word_1_667' title='bbox 2224 4409 2594 4467; x_wconf 86' lang='lat' dir='ltr'><strong>constitutiva</strong></span> <span class='ocrx_word' id='word_1_668' title='bbox 2641 4410 2881 4466; x_wconf 87' lang='lat' dir='ltr'><strong>alterius</strong></span> <span class='ocrx_word' id='word_1_669' title='bbox 2908 4413 2972 4469; x_wconf 90' lang='lat' dir='ltr'><strong>in</strong></span> <span class='ocrx_word' id='word_1_670' title='bbox 3001 4431 3099 4472; x_wconf 87' lang='lat' dir='ltr'><strong>ra-</strong></span> 
     </span>
     <span class='ocr_line' id='line_1_112' title="bbox 1734 4488 3098 4553; baseline -0.001 0"><span class='ocrx_word' id='word_1_671' title='bbox 1734 4496 1889 4553; x_wconf 87' lang='lat' dir='ltr'><strong>tione</strong></span> <span class='ocrx_word' id='word_1_672' title='bbox 1917 4493 2133 4549; x_wconf 89' lang='lat' dir='ltr'><strong>meriti.</strong></span> <span class='ocrx_word' id='word_1_673' title='bbox 2164 4490 2328 4547; x_wconf 91' lang='lat' dir='ltr'><strong>Unde</strong></span> <span class='ocrx_word' id='word_1_674' title='bbox 2357 4490 2471 4545; x_wconf 85' lang='lat' dir='ltr'><strong>nisi</strong></span> <span class='ocrx_word' id='word_1_675' title='bbox 2519 4488 2729 4547; x_wconf 89' lang='lat' dir='ltr'><strong>dentur</strong></span> <span class='ocrx_word' id='word_1_676' title='bbox 2767 4497 2921 4548; x_wconf 88' lang='lat' dir='ltr'><strong>actus</strong></span> <span class='ocrx_word' id='word_1_677' title='bbox 2950 4495 3098 4553; x_wconf 86' lang='lat' dir='ltr'><strong>alia-</strong></span> 
     </span>
     <span class='ocr_line' id='line_1_113' title="bbox 1734 4571 3096 4644; baseline -0.001 -11"><span class='ocrx_word' id='word_1_678' title='bbox 1734 4593 1867 4633; x_wconf 91' lang='lat' dir='ltr'><strong>rum</strong></span> <span class='ocrx_word' id='word_1_679' title='bbox 1921 4575 2222 4638; x_wconf 89' lang='lat' dir='ltr'><strong>virtutum,</strong></span> <span class='ocrx_word' id='word_1_680' title='bbox 2284 4571 2381 4644; x_wconf 90' lang='lat' dir='ltr'><strong>qui</strong></span> <span class='ocrx_word' id='word_1_681' title='bbox 2424 4572 2528 4628; x_wconf 89' lang='lat' dir='ltr'><strong>illo</strong></span> <span class='ocrx_word' id='word_1_682' title='bbox 2572 4571 2984 4641; x_wconf 79' lang='lat' dir='ltr'><strong>informentur,</strong></span> <span class='ocrx_word' id='word_1_683' title='bbox 3040 4581 3096 4632; x_wconf 92' lang='lat' dir='ltr'><strong>et</strong></span> 
     </span>
     <span class='ocr_line' id='line_1_114' title="bbox 1733 4652 3097 4714; baseline -0.001 0"><span class='ocrx_word' id='word_1_684' title='bbox 1733 4657 1981 4714; x_wconf 88' lang='lat' dir='ltr'><strong>habeant</strong></span> <span class='ocrx_word' id='word_1_685' title='bbox 2006 4670 2066 4710; x_wconf 88' lang='lat' dir='ltr'><strong>se</strong></span> <span class='ocrx_word' id='word_1_686' title='bbox 2107 4652 2175 4709; x_wconf 88' lang='lat' dir='ltr'><strong>ad</strong></span> <span class='ocrx_word' id='word_1_687' title='bbox 2212 4652 2380 4707; x_wconf 91' lang='lat' dir='ltr'><strong>illum</strong></span> <span class='ocrx_word' id='word_1_688' title='bbox 2403 4652 2550 4707; x_wconf 88' lang='lat' dir='ltr'><strong>sicut</strong></span> <span class='ocrx_word' id='word_1_689' title='bbox 2588 4653 2834 4710; x_wconf 89' lang='lat' dir='ltr'><strong>materia</strong></span> <span class='ocrx_word' id='word_1_690' title='bbox 2876 4653 2946 4709; x_wconf 90' lang='lat' dir='ltr'><strong>ad</strong></span> <span class='ocrx_word' id='word_1_691' title='bbox 2974 4656 3097 4713; x_wconf 85' lang='lat' dir='ltr'><strong>for-</strong></span> 
     </span>
     <span class='ocr_line' id='line_1_115' title="bbox 1732 4733 3095 4808; baseline -0.001 -14"><span class='ocrx_word' id='word_1_692' title='bbox 1732 4754 1911 4803; x_wconf 88' lang='lat' dir='ltr'><strong>mam,</strong></span> <span class='ocrx_word' id='word_1_693' title='bbox 1939 4736 2059 4808; x_wconf 92' lang='lat' dir='ltr'><strong>ipse</strong></span> <span class='ocrx_word' id='word_1_694' title='bbox 2089 4749 2188 4806; x_wconf 87' lang='lat' dir='ltr'><strong>per</strong></span> <span class='ocrx_word' id='word_1_695' title='bbox 2215 4748 2274 4787; x_wconf 91' lang='lat' dir='ltr'><strong>se</strong></span> <span class='ocrx_word' id='word_1_696' title='bbox 2295 4733 2483 4788; x_wconf 90' lang='lat' dir='ltr'><strong>solum</strong></span> <span class='ocrx_word' id='word_1_697' title='bbox 2538 4733 2768 4789; x_wconf 87' lang='lat' dir='ltr'><strong>nullum</strong></span> <span class='ocrx_word' id='word_1_698' title='bbox 2819 4736 3095 4794; x_wconf 85' lang='lat' dir='ltr'><strong>meritum</strong></span> 
     </span>
     <span class='ocr_line' id='line_1_116' title="bbox 1731 4814 3098 4877; baseline -0.001 0"><span class='ocrx_word' id='word_1_699' title='bbox 1731 4821 2056 4877; x_wconf 90' lang='lat' dir='ltr'><strong>constituet.</strong></span> <span class='ocrx_word' id='word_1_700' title='bbox 2084 4814 2264 4871; x_wconf 88' lang='lat' dir='ltr'><strong>Habet</strong></span> <span class='ocrx_word' id='word_1_701' title='bbox 2287 4816 2447 4871; x_wconf 91' lang='lat' dir='ltr'><strong>enim</strong></span> <span class='ocrx_word' id='word_1_702' title='bbox 2475 4831 2535 4871; x_wconf 91' lang='lat' dir='ltr'><strong>se</strong></span> <span class='ocrx_word' id='word_1_703' title='bbox 2561 4816 2654 4871; x_wconf 88' lang='lat' dir='ltr'><strong>hic</strong></span> <span class='ocrx_word' id='word_1_704' title='bbox 2681 4816 2883 4873; x_wconf 90' lang='lat' dir='ltr'><strong>modus</strong></span> <span class='ocrx_word' id='word_1_705' title='bbox 2912 4819 3098 4876; x_wconf 89' lang='lat' dir='ltr'><strong>chari-</strong></span> 
     </span>
     <span class='ocr_line' id='line_1_117' title="bbox 1732 4894 3100 4961; baseline 0.001 -6"><span class='ocrx_word' id='word_1_706' title='bbox 1732 4901 1864 4957; x_wconf 86' lang='lat' dir='ltr'><strong>tatis</strong></span> <span class='ocrx_word' id='word_1_707' title='bbox 1887 4897 1958 4955; x_wconf 90' lang='lat' dir='ltr'><strong>ad</strong></span> <span class='ocrx_word' id='word_1_708' title='bbox 1980 4894 2446 4953; x_wconf 88' lang='lat' dir='ltr'><strong>constitutionem</strong></span> <span class='ocrx_word' id='word_1_709' title='bbox 2470 4895 2686 4961; x_wconf 90' lang='lat' dir='ltr'><strong>meriti,</strong></span> <span class='ocrx_word' id='word_1_710' title='bbox 2712 4895 2857 4952; x_wconf 89' lang='lat' dir='ltr'><strong>sicut</strong></span> <span class='ocrx_word' id='word_1_711' title='bbox 2899 4899 3100 4957; x_wconf 89' lang='lat' dir='ltr'><strong>anima</strong></span> 
     </span>
     <span class='ocr_line' id='line_1_118' title="bbox 1734 4976 3096 5040; baseline -0.001 -2"><span class='ocrx_word' id='word_1_712' title='bbox 1734 4979 2038 5038; x_wconf 89' lang='lat' dir='ltr'><strong>rationalis</strong></span> <span class='ocrx_word' id='word_1_713' title='bbox 2065 4976 2136 5033; x_wconf 91' lang='lat' dir='ltr'><strong>ad</strong></span> <span class='ocrx_word' id='word_1_714' title='bbox 2175 4976 2493 5040; x_wconf 91' lang='lat' dir='ltr'><strong>hominem,</strong></span> <span class='ocrx_word' id='word_1_715' title='bbox 2545 4982 2603 5032; x_wconf 92' lang='lat' dir='ltr'><strong>et</strong></span> <span class='ocrx_word' id='word_1_716' title='bbox 2650 4980 2803 5032; x_wconf 90' lang='lat' dir='ltr'><strong>actus</strong></span> <span class='ocrx_word' id='word_1_717' title='bbox 2845 4978 3096 5036; x_wconf 88' lang='lat' dir='ltr'><strong>aliarum</strong></span> 
     </span>
     <span class='ocr_line' id='line_1_119' title="bbox 1737 5056 3093 5129; baseline -0.003 -9"><span class='ocrx_word' id='word_1_718' title='bbox 1737 5063 2023 5120; x_wconf 81' lang='lat' dir='ltr'><strong>virtutum</strong></span> <span class='ocrx_word' id='word_1_719' title='bbox 2045 5073 2174 5115; x_wconf 90' lang='lat' dir='ltr'><strong>cum</strong></span> <span class='ocrx_word' id='word_1_720' title='bbox 2201 5073 2305 5113; x_wconf 90' lang='lat' dir='ltr'><strong>sua</strong></span> <span class='ocrx_word' id='word_1_721' title='bbox 2330 5056 2605 5124; x_wconf 87' lang='lat' dir='ltr'><strong>bonitate,</strong></span> <span class='ocrx_word' id='word_1_722' title='bbox 2658 5056 2802 5112; x_wconf 90' lang='lat' dir='ltr'><strong>sicut</strong></span> <span class='ocrx_word' id='word_1_723' title='bbox 2830 5061 3093 5129; x_wconf 89' lang='lat' dir='ltr'><strong>materia,</strong></span> 
     </span>
    </p>
   </div>
  </div>
 </body>
</html>
