3647 5753
297 1903 350 1943 D.
371 1900 475 1943 Tho.

296 2015 405 2059 Nota
424 2016 465 2058 2.

321 4606 427 4650 Nota
445 4607 486 4653 8.

323 4911 482 4956 1).·1ho.

503 451 614 504 442
1294 392 1297 395 ¹
1449 427 1538 482 DE
1576 415 2157 479 JUSTIFICATIONE
2197 412 2398 468 men.

504 618 802 672 moveatur
825 626 856 665 a
876 625 935 665 se
964 630 975 664 :
1002 612 1122 662 tum
1144 603 1278 677 quia
1300 597 1570 672 supponit
1591 591 1858 651 essentia·

507 697 639 751 liter
661 689 1065 764 cognitionem,
1098 700 1269 758 quam
1299 696 1469 738 nemo
1499 679 1858 734 instrumen-

504 775 697 832 taliter
737 771 943 827 elicere
984 768 1150 822 valet.
1186 770 1246 819 ut
1274 761 1441 821 modo
1480 754 1859 829 supponimus

503 872 574 913 ex
595 851 888 910 communi
914 845 1394 917 Philosophorum
1417 837 1717 897 sententia.
1746 836 1860 889 Hu-

500 932 752 1008 jusmodi
796 946 931 986 vero
973 925 1323 1001 principium
1355 919 1671 994 principale
1696 913 1861 971 debet

505 1032 626 1074 esse
649 1012 888 1071 necdum
911 1009 1259 1081 proximum,
1281 1002 1377 1059 sed
1394 1004 1568 1058 etiam
1589 996 1854 1059 radicale,

504 1098 577 1155 ob
608 1093 867 1167 proxime
893 1089 1074 1153 dicta;
1105 1086 1240 1159 quia
1260 1083 1356 1139 ubi
1381 1098 1497 1138 non
1514 1078 1670 1135 adest
1694 1078 1861 1149 prin-

504 1176 720 1248 cipium
753 1168 1070 1244 principale
1100 1164 1346 1221 radicale
1376 1160 1615 1231 alicujus
1655 1171 1861 1228 opera-

509 1255 699 1317 tionis,
727 1250 820 1307 vel
849 1249 1011 1303 nullo
1035 1244 1204 1302 modo
1232 1240 1488 1315 operatio
1511 1238 1625 1305 fiet,
1652 1236 1743 1291 vel
1767 1233 1863 1291 fiet

509 1330 1030 1394 instrumentaliter
1048 1345 1079 1383 a
1095 1322 1858 1398 suppositO.Constatautem,

508 1413 860 1490 principium
893 1407 1139 1465 radicale
1167 1402 1518 1478 operationis
1537 1415 1659 1455 esse
1691 1401 1863 1454 natu-

509 1514 655 1560 ram,
703 1500 762 1550 ut
809 1494 985 1564 liquet
1029 1504 1101 1545 ex
1137 1487 1259 1559 ejus
1297 1483 1652 1541 definitione.
1700 1476 1863 1534 Unde

509 1595 672 1637 amor
698 1573 1015 1642 ,charitatis
1068 1570 1265 1642 nequit
1316 1581 1433 1623 non
1484 1562 1863 1621 essentialiter

507 1672 828 1731 supponere
850 1654 1104 1726 aliquam
1129 1657 1417 1711 naturam,
1444 1645 1506 1699 in
1527 1660 1636 1716 qua
1667 1639 1865 1698 funde·

510 1744 623 1803 tur,
654 1743 710 1794 et
745 1752 777 1792 a
804 1751 913 1807 qua
951 1729 1352 1805 principaliter
1400 1724 1726 1781 radicaliter
1751 1721 1864 1777 eli-

510 1819 710 1876 ciatur.
757 1820 937 1880 Quam
980 1811 1301 1868 doctrinam
1330 1804 1505 1862 tradit
1544 1806 1608 1858 D.
1653 1802 1861 1858 Thom.

509 1901 564 1966 2,
595 1900 649 1954 2.
683 1902 864 1975 quaest.
897 1894 987 1959 23,
1019 1900 1133 1948 art.
1162 1893 1216 1946 2.

584 1974 840 2034 Secundo
884 1973 1150 2038 observa,
1210 1965 1561 2042 principium
1616 1961 1868 2018 radicale

510 2058 859 2133 operationis
890 2061 1158 2130 praestare
1187 2052 1249 2107 in
1277 2063 1488 2124 genere
1525 2061 1707 2103 causae
1742 2042 1865 2100 effi-

510 2140 731 2205 cientis,
755 2137 903 2211 quod
931 2138 1052 2210 ejus
1076 2133 1209 2188 finis
1239 2133 1467 2204 praestat
1495 2144 1594 2201 per
1622 2121 1864 2182 eandem

508 2220 901 2293 operationem
946 2217 1007 2272 in
1034 2227 1243 2289 genere
1263 2224 1447 2267 causae
1474 2205 1685 2262 finaliS.
1718 2206 1865 2259 Nam

507 2317 637 2356 cum
664 2299 798 2355 finis
823 2315 893 2355 ex
920 2312 1036 2352 una
1058 2298 1218 2366 parte
1239 2293 1464 2347 moveat
1485 2303 1586 2360 per
1607 2299 1865 2341 amorem

506 2382 615 2446 sui,
632 2387 687 2436 et
701 2396 770 2435 ex
786 2379 901 2435 alia
920 2381 1078 2449 parte
1094 2387 1350 2429 amorem
1367 2368 1586 2427 efficere
1602 2370 1862 2438 nequeat,

508 2459 767 2532 alioquin
808 2460 930 2531 jam
974 2471 1092 2511 non
1119 2458 1263 2510 esset
1309 2466 1478 2508 causa
1506 2447 1719 2511 finaliS,
1771 2444 1868 2502 sed

502 2540 800 2606 effectiva3
844 2543 1066 2610 oportet
1111 2532 1260 2607 quod
1297 2531 1401 2588 fini
1431 2526 1870 2600 correspondeat

511 2620 864 2695 principium
908 2617 1159 2674 radicale
1197 2613 1431 2676 amoris„
1466 2609 1614 2682 quod
1645 2613 1870 2680 praestet

510 2700 804 2760 efficiendo
831 2699 890 2754 id
920 2700 1128 2770 ipsum,
1175 2693 1322 2768 quod
1363 2692 1498 2748 finis
1538 2688 1864 2755 alliciendo,

510 2789 568 2839 et
588 2778 928 2836 attrahendo
949 2781 1158 2833 causat.
1188 2777 1265 2830 De
1289 2788 1401 2844 quo
1422 2769 1609 2827 videri
1635 2774 1872 2842 possunt

512 2866 579 2918 N.
615 2862 896 2933 Complut.
933 2861 993 2914 in
1017 2857 1108 2914 lib.
1138 2856 1355 2928 Physic.
1386 2855 1527 2926 disp.
1568 2855 1652 2920 14,
1683 2861 1865 2930 qua’st.

510 2947 564 3002 5.
601 2943 765 2999 L'nde
792 2941 1036 2998 ulterius
1056 2940 1137 3006 fit,
1163 2936 1311 3012 quod
1334 2936 1686 3009 principium
1711 2934 1872 2992 radi-

509 3026 633 3081 cale
673 3022 889 3080 amoris
935 3018 1134 3076 debeat
1176 3018 1387 3075 habere
1412 3017 1656 3074 eandem
1683 3016 1873 3073 effica-

512 3107 679 3174 ciam,
705 3112 761 3163 et
790 3103 1287 3161 universalitatem
1312 3101 1375 3157 in
1396 3098 1680 3156 movendo
1702 3097 1872 3155 ellec-

511 3188 647 3252 tive,
673 3203 846 3260 quam
868 3184 1036 3240 habet
1055 3182 1190 3238 finis
1211 3182 1394 3254 ipsius
1421 3180 1655 3248 amoris,
1675 3194 1873 3235 secun-

511 3267 650 3324 dum
679 3267 825 3341 quod
867 3283 967 3339 per
1009 3263 1343 3339 praedictum
1384 3277 1641 3320 amorem
1680 3265 1875 3316 movet

512 3346 785 3405 finaliter.
819 3345 1206 3412 Quamobrem
1228 3344 1279 3399 si
1301 3342 1454 3410 finis,
1477 3348 1540 3398 ut
1561 3345 1749 3398 movet
1772 3355 1873 3411 per

514 3445 791 3494 amorem,
854 3427 1045 3485 taliter
1092 3430 1303 3491 movet,
1352 3423 1500 3497 quod
1556 3422 1619 3478 in
1662 3436 1874 3496 genere

515 3528 694 3568 causae
741 3509 933 3566 finalis
974 3508 1182 3566 habeat
1228 3507 1350 3563 vim
1390 3503 1735 3579 subjiciendi
1760 3502 1873 3558 sihi

515 3592 811 3649 efficaciter
826 3605 1026 3647 omnes
1044 3587 1301 3645 hominis
1317 3587 1678 3658 potentias‚et
1697 3587 1869 3648 actus,

515 3680 572 3730 et
597 3675 795 3730 omnia
818 3689 942 3745 quae
968 3678 1102 3727 sunt
1133 3671 1196 3726 in
1240 3669 1431 3741 aliquo
1456 3667 1746 3740 supposito
1785 3670 1877 3721 at-

518 3755 725 3820 trahat,
769 3759 825 3808 et
862 3754 1157 3808 convertat
1184 3747 1254 3805 ad
1290 3764 1383 3814 se3
1427 3764 1567 3820 opus
1592 3752 1695 3813 est,
1725 3742 1874 3817 quod

519 3832 870 3906 principium
897 3829 1144 3887 radicale
1164 3828 1489 3886 effectivum
1513 3827 1644 3883 talis
1661 3824 1877 3882 amoris

518 3914 723 3970 habeat
751 3914 814 3969 in
840 3927 1049 3986 genere
1069 3926 1249 3967 causae
1269 3909 1563 3966 efficientis
1588 3909 1711 3963 vim
1739 3905 1875 3962 sub-

516 3992 752 4067 jiciendi
775 3992 1073 4048 efficaciter
1101 4005 1301 4046 omnes
1330 3989 1583 4044 hominis
1611 3988 1872 4050 virtutes,

520 4080 577 4131 et
603 4071 981 4145 operationeS,
1001 4075 1056 4127 et
1076 4067 1447 4126 convertendi
1474 4073 1657 4126 totum
1686 4066 1880 4123 homi-

519 4171 654 4211 nem
700 4152 771 4210 ad
798 4152 995 4217 finem,
1027 4166 1197 4224 quem
1225 4151 1327 4207 tali
1356 4166 1553 4207 amore
1581 4149 1880 4223 prosequi-

520 4243 633 4293 tur.
678 4236 864 4291 Aliter
901 4233 1060 4291 enim
1100 4233 1214 4290 erit
1252 4234 1448 4288 minus
1487 4232 1552 4288 in
1593 4229 1880 4288 movendo

520 4318 705 4374 active
730 4331 904 4388 quam
932 4313 1067 4370 finis
1094 4315 1158 4369 in
1193 4312 1480 4370 movendo
1519 4312 1793 4378 finaliter,
1825 4316 1881 4368 et

519 4396 625 4453 sub
665 4412 733 4452 ea
772 4396 992 4452 ratione
1032 4396 1262 4451 nullum
1303 4409 1475 4468 agens
1512 4392 1616 4450 fini
1657 4409 1880 4450 corres-

527 4476 816 4552 pondebit,
847 4477 995 4550 quod
1017 4481 1101 4533 est
1128 4475 1507 4547 impossibile.

596 4559 815 4615 Ultimo
842 4556 1263 4616 observandum
1293 4562 1394 4626 est,
1439 4558 1721 4632 objectum
1745 4573 1881 4630 pro-

519 4641 712 4713 prium
759 4640 975 4696 amoris
1030 4637 1324 4694 charitatis
1362 4637 1675 4695 secundum
1715 4652 1879 4693 suam

519 4721 806 4777 rationem
856 4717 1177 4791 specificam
1218 4719 1300 4788 (a
1343 4735 1455 4792 qua
1504 4717 1882 4792 praescindere

517 4803 737 4874 nequit)
777 4817 899 4858 esse
926 4803 1106 4857 Deum
1153 4799 1331 4857 finem
1377 4800 1881 4872 supernaturalem

517 4899 690 4955 super
728 4881 928 4939 omnia
972 4881 1264 4947 dilectum,
1298 4886 1360 4937 ut
1381 4881 1540 4939 docet
1580 4881 1876 4942 D.,Thom.

514 4965 574 5054 2,
595 4965 651 5028 2,
683 4968 864 5039 quast.
895 4963 988 5029 25,
1031 4969 1140 5017 art.
1200 4962 1246 5028 l,
1270 4966 1481 5018 etcum
1527 4977 1594 5018 eo
1620 4977 1882 5019 commu-

516 5049 673 5100 niter
701 5041 973 5118 Theologi
1013 5064 1026 5100 z
1057 5042 1137 5101 ita
1163 5042 1313 5117 quod
1343 5043 1490 5104 ratio
1518 5044 1710 5101 ultimi
1738 5042 1883 5101 finis

1987 585 2325 659 simpliciter
2365 583 2427 638 in
2473 577 2676 636 ordine
2719 579 2835 629 tam
2866 567 3138 631 naturali,
3170 580 3346 637 quam

1988 663 2435 740 supernaturali,
2460 676 2584 733 quae
2617 673 2677 713 se
2697 654 2867 712 habet
2892 652 3049 708 velut
3077 646 3342 711 mediate,

1987 754 2045 806 et
2074 751 2287 804 remote
2326 742 2396 799 ad
2439 745 2595 797 actus
2644 736 2890 794 aliarum
2942 731 3242 795 virtutum,
3274 727 3349 784 sit

1992 829 2243 904 propria,
2270 833 2325 883 et
2347 823 2611 898 proxima
2631 818 2775 875 ratio
2801 812 3179 889 specificativa
3194 815 3352 867 actus

1992 912 2205 970 amoris
2232 906 2545 970 charitatls,
2573 918 2742 976 quam
2763 899 2810 955 si
2840 914 3004 954 amor
3026 911 3143 952 non
3170 895 3348 952 attin-

1990 999 2102 1068 gat,
2135 1009 2201 1049 eo
2230 991 2351 1063 ipso
2398 1005 2515 1044 non
2560 984 2671 1042 erit
2703 979 3003 1038 charitatis
3052 993 3237 1034 amor.
3271 976 3347 1032 De

1994 1074 2217 1131 ratione
2265 1077 2455 1128 autem
2487 1064 2678 1123 ultimi
2726 1062 2860 1118 finis
2898 1058 3241 1132 simpliciter
3266 1059 3350 1111 est

1991 1156 2270 1230 subjicere
2295 1152 2406 1208 sibi
2431 1164 2631 1208 omnes
2659 1144 2957 1219 potentia5‚
3008 1142 3268 1207 virtuteS,
3298 1144 3354 1196 et

1993 1238 2352 1312 operationes
2376 1230 2673 1306 suppositi,
2707 1245 2740 1284 a
2786 1242 2897 1300 quo
2918 1225 3184 1298 diligitur
3215 1246 3230 1290 ;
3274 1222 3352 1277 ita

1992 1320 2141 1395 quod
2183 1320 2332 1376 nihil
2364 1315 2684 1390 reperiatur
2707 1312 2768 1367 in
2792 1310 2933 1382 ipso,
2964 1306 3114 1381 quod
3159 1309 3352 1360 actua-

1994 1405 2145 1467 liter,
2172 1403 2263 1458 vel
2278 1400 2480 1455 saltem
2505 1389 2989 1451 habitualiterfini
3010 1403 3127 1444 non
3143 1385 3351 1442 subor-

1994 1485 2225 1541 dinetur
2259 1507 2272 1550 ;
2306 1482 2452 1537 hanc
2477 1478 2686 1552 quippe
2709 1470 3205 1530 universalitatem
3237 1469 3352 1524 im-

1997 1573 2182 1642 portat
2210 1567 2266 1639 ly
2289 1565 2473 1620 amari
2511 1578 2672 1633 super
2709 1557 2916 1619 omnia,
2945 1551 3095 1625 quod
3119 1551 3353 1624 ponitur

1997 1652 2059 1707 in
2084 1650 2305 1706 ratione
2334 1645 2526 1702 ultimi
2553 1642 2686 1698 finis
2706 1636 3068 1711 simpliciter,
3094 1639 3155 1691 ut
3182 1634 3357 1690 latius

1995 1730 2377 1803 explicuimus
2422 1731 2583 1780 tract.
2630 1724 2684 1789 8,
2718 1721 2859 1790 disp.
2894 1718 2947 1782 3,
2998 1716 3123 1771 dub.
3163 1716 3263 1770 let
3300 1715 3354 1770 2.

1997 1813 2162 1869 Unde
2191 1815 2334 1867 Deus
2362 1814 2422 1864 ut
2450 1806 2724 1864 terminat
2752 1815 3010 1857 amorem
3039 1796 3356 1861 charitatis,

1995 1892 2222 1967 subjicit
2244 1889 2356 1946 sibi
2394 1888 2456 1943 in
2503 1898 2713 1961 genere
2738 1896 2919 1937 causae
2942 1876 3136 1933 finalis
3159 1891 3363 1933 omnes

1999 1973 2294 2047 potentias,
2319 1976 2375 2027 et
2402 1968 2629 2025 affectus
2652 1960 2931 2035 suppositi
2953 1958 3239 2016 elicientis
3272 1963 3360 2012 ta-

1999 2059 2114 2114 lem
2161 2068 2458 2118 amorem;
2501 2055 2558 2106 et
2609 2052 2790 2104 totum
2830 2042 3165 2116 diligentem
3196 2038 3270 2095 ad
3301 2054 3362 2093 se

1999 2136 2296 2200 convertit,
2329 2139 2446 2188 tam
2469 2131 2531 2186 in
2555 2124 2934 2190 naturalibuS,
2962 2138 3133 2196 quam
3164 2120 3232 2176 in
3257 2122 3360 2175 su'-

2001 2214 2489 2291 pernaturalibuS.

2073 2293 2204 2348 206.
2254 2291 2336 2345 Ex
2382 2287 2473 2342 his
2500 2286 2854 2340 instauratur
2901 2277 3049 2334 ratio
3093 2274 3552 2369 superiusssffiffffl
3587 2338 3596 2349 ι

2002 2372 2165 2437 facta,
2193 2376 2248 2427 et
2274 2366 2615 2441 expenditur
2643 2365 2707 2419 in
2729 2362 2880 2417 hunc
2912 2356 3147 2414 modum
3176 2371 3366 2428 :quo-
3412 2374 3536 2425 „1202

3409 2426 3536 2469 νεοίη·
3592 2436 3602 2446 ·

2004 2455 2163 2511 niam
2211 2452 2486 2524 primum,
2519 2454 2576 2505 et
2614 2445 2861 2503 radicale
2884 2438 3235 2515 principium
3267 2437 3519 2518 in-l'ditur

2002 2535 2315 2590 trinsecum
2381 2529 2595 2587 amoris
2658 2523 2952 2583 charitatis
3017 2518 3181 2576 debet
3239 2533 3367 2574 esse
3396 2525 3534 2569 ovatio.

2004 2617 2196 2689 aliqua
2241 2615 2447 2680 forma,
2473 2627 2597 2683 qum
2625 2611 2813 2682 ipsum
2856 2619 3112 2663 amorem
3139 2600 3369 2674 princi-

2006 2700 2211 2773 paliter
2250 2695 2557 2761 contineat,
2607 2697 2662 2748 et
2691 2689 2867 2762 possit
2899 2684 3158 2744 effective
3180 2698 3369 2755 praes-

2006 2785 2126 2837 tare
2176 2775 2451 2851 quidquid
2516 2772 2796 2849 objectum
2844 2765 3098 2843 praedicti
3148 2763 3372 2821 amoris

2007 2865 2233 2935 praestat
2279 2858 2340 2913 in
2380 2870 2587 2932 genere
2638 2868 2817 2910 causae
2861 2848 3092 2906 finalis:
3124 2844 3225 2902 sed
3246 2845 3372 2902 sola

2003 2941 2187 3016 gratia
2218 2945 2395 3013 potest
2423 2935 2630 2993 habere
2670 2934 2772 2990 has
2798 2930 3155 2989 conditiones
3183 2951 3196 2983 ι
3228 2941 3370 2999 ergo

2004 3023 2125 3078 sola
2149 3020 2335 3094 gratia
2359 3015 2720 3074 sanctificans
2748 3016 2926 3086 potest
2939 3023 3062 3067 esse
3083 3007 3371 3080 primum,

2005 3107 2062 3159 et
2088 3102 2334 3158 radicale
2357 3097 2706 3173 principium
2742 3093 3122 3149 intrinsecum
3153 3086 3376 3143 amoris

2006 3182 2302 3240 charitatis
2329 3201 2341 3235 ε
2384 3195 2517 3253 ergo
2540 3173 2868 3249 hujusmodi
2898 3186 3061 3228 amor
3088 3165 3375 3240 dependet

2005 3263 2386 3321 essentialiter
2440 3276 2474 3315 a
2499 3257 2684 3332 gratia
2710 3250 3119 3316 sanctificante,
3158 3253 3215 3305 et
3242 3245 3372 3304 fieri

2009 3360 2127 3402 non
2156 3344 2365 3417 poterit
2387 3357 2486 3414 per
2508 3340 2689 3395 solam
2706 3335 3020 3392 motionem
3043 3331 3373 3387 elevantem

2009 3427 2377 3481 transeunter
2402 3465 2414 3478 .
2467 3422 2595 3475 Haec
2651 3414 2898 3473 secunda
2965 3407 3376 3481 consequentia

2010 3509 2161 3579 patet
2186 3520 2255 3561 ex
2285 3503 2493 3577 prima,
2524 3506 2579 3557 et
2627 3500 2815 3572 prima
2844 3493 3099 3569 legitime
3119 3488 3377 3545 infertur

2008 3602 2078 3643 ex
2109 3584 2435 3658 praemissis.
2487 3581 2671 3655 Maj0r
2693 3582 2886 3634 autem
2913 3576 3131 3630 constat
3156 3586 3229 3627 ex
3251 3568 3366 3632 his,

2010 3682 2132 3739 quae
2155 3663 2599 3739 praenotavimus
2624 3684 2638 3727 ;
2670 3674 2806 3715 nam
2855 3670 3019 3712 amor
3045 3649 3368 3713 charitatis,

2009 3762 2121 3819 qua
2144 3749 2302 3818 parte
2328 3747 2413 3800 est
2433 3740 2687 3815 operatio
2713 3734 3064 3801 voluntaria,
3089 3727 3376 3802 dependet

2011 3844 2045 3884 a
2091 3826 2375 3901 principio
2420 3824 2748 3886 intrinseco,
2804 3823 2861 3875 et
2914 3813 3150 3873 radicali
3188 3811 3374 3884 ipsam

2014 3907 2410 3980 principaliter
2437 3903 2782 3969 continente,
2815 3902 2878 3954 ut
2919 3900 3070 3970 patet
3093 3910 3165 3951 ex
3204 3895 3376 3948 nota-

2013 3986 2116 4043 bili
2142 3987 2331 4059 primo
2364 4006 2377 4040 ε
2406 3988 2462 4040 et
2500 3998 2610 4055 qua
2639 3985 2797 4054 parte
2824 3982 2908 4034 est
2933 3974 3109 4032 simul
3154 3968 3376 4026 indivi-

2012 4067 2261 4125 sibiliter
2291 4064 2590 4122 causalitas
2629 4059 2781 4126 finis,
2824 4061 2881 4115 et
2907 4052 3211 4112 causalitas
3251 4048 3378 4107 effi-

2013 4150 2234 4214 cientiS,
2288 4146 2452 4203 debet
2504 4139 2806 4215 procedere
2858 4153 2889 4193 a
2918 4136 3018 4192 tali
3064 4131 3369 4208 principie,

2013 4225 2163 4305 quod
2192 4230 2253 4286 in
2279 4243 2489 4303 genere
2532 4239 2712 4282 causae
2736 4217 3031 4278 efficientis
3060 4219 3291 4289 praestat
3315 4211 3373 4270 id

2014 4316 2226 4386 ipsum,
2251 4311 2400 4384 quod
2428 4310 2551 4383 ejus
2575 4305 2880 4369 terminus,
2903 4316 3002 4356 seu
3026 4297 3161 4354 finis
3188 4313 3367 4370 praes-

2016 4397 2097 4449 tat
2118 4393 2182 4449 in
2208 4406 2418 4466 genere
2462 4402 2642 4445 causae
2668 4382 2883 4448 finaliS,
2926 4385 2991 4437 ut
3021 4380 3085 4436 in
3125 4374 3374 4434 secundo

2016 4473 2257 4531 notabili
2287 4467 2762 4529 observavimus„
2782 4463 2979 4518 Minor
3004 4458 3255 4531 denique
3280 4472 3376 4514 os-

2016 4554 2290 4621 tenditur,
2330 4551 2464 4626 quia
2503 4548 2638 4605 finis
2683 4560 2922 4603 movens
2967 4556 3069 4616 per
3116 4553 3374 4596 amorem

2015 4634 2314 4692 charitatis
2358 4634 2589 4703 (nempe
2634 4630 2781 4683 Deus
2805 4638 2977 4696 super
3003 4619 3221 4684 omnia,
3256 4624 3373 4674 tam

2017 4718 2326 4783 naturalia,
2370 4729 2542 4787 quam
2583 4705 3048 4783 supernaturalia
3093 4702 3370 4771 dilectus),

2015 4798 2243 4872 subjicit
2263 4796 2374 4853 sibi
2416 4795 2479 4849 in
2505 4806 2713 4867 genere
2738 4803 2918 4844 causae
2958 4783 3151 4840 finalis
3176 4794 3377 4839 omnes

2019 4881 2317 4955 potentias,
2344 4876 2720 4951 operationes,
2740 4875 2797 4927 et
2812 4869 3042 4926 affectus
3058 4865 3370 4932 naturales,

2015 4968 2073 5020 et
2097 4958 2565 5035 supernaturales
2592 4950 2867 5015 hominis,
2917 4947 3078 5022 cujus
3116 4959 3374 5002 amorem

2017 5042 2293 5100 terminat
2322 5063 2338 5108 3
2365 5036 2622 5111 alioquin
2638 5048 2755 5091 non
2776 5029 3117 5105 diligeretur
3141 5023 3376 5160 simptlg-

3229 5121 3281 5161 ci
3345 5119 3373 5159 r
