3647 5753
455 407 566 464 292
1333 407 1425 461 DE
1466 404 1905 463 CERTITUDIN
1911 406 1953 460 E
1994 405 2308 461 GRAT1AE.

457 576 642 651 majus
684 593 884 634 eorum
923 578 1216 645 solatium,
1249 593 1466 651 pacem,
1495 582 1552 634 et
1593 576 1817 650 profec-

455 663 580 713 tum
630 658 933 726 conducit,
977 657 1293 715 dummodo
1332 659 1656 732 oppositum
1699 674 1818 715 non

452 741 672 795 constet
698 754 768 795 ex
797 739 1111 812 Scriptura,
1142 745 1201 796 et
1236 739 1529 805 Conciliis,
1563 743 1661 796 aut
1708 740 1820 795 Pa-

454 823 613 874 trum
659 819 1006 876 authoritate
1053 840 1066 875 z
1108 819 1205 877 sed
1239 818 1390 892 quod
1433 819 1572 893 justi
1603 818 1822 892 possint

457 900 710 973 aliquam
732 901 1013 958 moralem
1035 918 1151 959 suae
1160 902 1396 977 justitias
1415 899 1819 958 certitudinem

456 978 687 1049 habere,
731 996 801 1036 ex
830 997 947 1038 una
975 988 1135 1053 parte
1164 997 1281 1038 non
1311 985 1591 1055 repugnat
1628 981 1822 1054 Scrip-

454 1065 620 1127 turae,
652 1061 941 1129 Conciliis,
969 1067 1066 1119 aut
1094 1064 1331 1118 Patrum
1360 1061 1695 1119 authoritati
1720 1105 1733 1127 ,
1764 1066 1822 1119 et

446 1160 527 1202 ex
565 1145 684 1201 alia
723 1148 883 1217 parte
911 1160 1028 1201 non
1068 1162 1274 1217 parum
1299 1146 1521 1202 confert
1541 1142 1611 1200 ad
1632 1144 1822 1218 justo-

456 1242 591 1282 rum
635 1226 935 1292 solatium,
983 1226 1319 1298 profectum,
1346 1230 1403 1283 et
1430 1241 1624 1299 pacem
1651 1242 1823 1300 :ergo

459 1305 831 1362 asserendum
859 1310 943 1363 est
968 1307 1115 1379 quod
1139 1307 1278 1381 justi
1324 1305 1637 1363 secundum
1662 1322 1822 1363 com-

459 1401 699 1441 munem
746 1386 1173 1458 providentiam
1203 1387 1422 1461 possint
1461 1386 1672 1445 habere
1712 1385 1823 1443 ali-

450 1484 631 1541 «quam
669 1484 784 1525 suas
817 1468 1056 1542 justitiae
1083 1471 1365 1526 moralem
1392 1470 1817 1536 certitudinem,

449 1550 688 1621 *qualem
727 1548 995 1607 videlicet
1042 1550 1105 1606 in
1154 1549 1468 1607 assertione
1518 1549 1825 1622 descripsi-

460 1643 608 1683 mus,
655 1630 857 1703 Major,
883 1634 941 1686 et
965 1630 1372 1702 consequentia
1396 1634 1676 1688 constant.
1709 1628 1825 1684 Mi-

462 1724 572 1767 nor
593 1716 783 1767 autem
804 1710 988 1784 quoad
1011 1712 1260 1784 primam
1286 1718 1507 1784 partem
1528 1711 1819 1778 suadetur-3

463 1806 600 1846 nam
628 1791 812 1863 potius
838 1792 1147 1864 Scriptura,
1178 1798 1237 1850 et
1264 1795 1474 1850 Patres
1499 1791 1827 1867 significant

457 1870 638 1944 J‘ustos
674 1886 834 1942 posse
885 1871 1096 1928 habere
1147 1873 1400 1945 aliquam
1427 1889 1545 1930 suae
1584 1871 1823 1946 justitias

460 1951 887 2020 certitudinem,
914 1958 977 2008 ut
999 1954 1261 2026 proxime
1284 1953 1556 2011 vidimus.
1580 1953 1690 2011 Ubi
1719 1970 1826 2010 au·

462 2037 577 2090 tem
600 2033 1002 2091 certitudinem
1029 2035 1360 2104 excludunt,
1393 2037 1706 2111 loquuntur
1734 2038 1822 2094 vel

463 2113 533 2171 de
558 2114 901 2171 certitudine
933 2115 1093 2185 fidei,
1125 2117 1214 2173 cui
1244 2132 1362 2173 non
1390 2121 1571 2189 potest
1596 2115 1826 2174 subesse

463 2197 674 2253 falsum
704 2220 717 2263 ;
766 2198 860 2253 vel
912 2197 981 2254 de
1027 2197 1371 2255 certitudine
1425 2198 1636 2255 morali
1684 2197 1826 2255 adeo

463 2292 689 2351 magna,
718 2283 777 2332 ut
804 2276 1068 2334 excludat
1091 2282 1422 2350 potestatem
1447 2277 1818 2346 formidandi,

463 2364 525 2415 ut
570 2358 888 2414 Concilium
930 2357 1192 2414 Trident.
1237 2374 1309 2415 ex
1347 2359 1433 2415 eis
1472 2360 1708 2435 colligit,
1765 2364 1825 2417 et

460 2438 669 2495 docuit.
701 2439 851 2512 Ergo
872 2454 1144 2504 asserere,
1170 2437 1318 2511 quod
1340 2439 1478 2513 justi
1503 2440 1701 2497 valent
1727 2441 1825 2496 ha-

460 2518 596 2575 bere
622 2532 749 2573 eam
778 2518 1058 2573 moralem
1099 2534 1216 2573 suae
1247 2518 1483 2593 justitias
1523 2519 1826 2576 certitudi-

461 2615 617 2667 nem,
668 2602 734 2653 ut
778 2598 906 2654 licet
955 2597 1268 2670 potentiam
1315 2598 1671 2658 formidandi
1706 2616 1825 2659 non

446 2679 727 2750 expellat,
761 2678 1007 2732 actuales
1050 2683 1263 2744 tamen,
1293 2682 1350 2733 et
1386 2680 1689 2737 continuas
1717 2697 1828 2737 an-

460 2760 700 2816 xietates
719 2755 1001 2823 excludat,
1022 2757 1330 2830 afferatque
1346 2761 1625 2817 actualem
1649 2777 1827 2834 quan-

462 2840 594 2897 dam
621 2838 986 2898 securitatem
1013 2881 1027 2905 ,
1059 2842 1114 2895 et
1137 2853 1329 2911 pacem
1355 2881 1368 2905 ,
1411 2840 1661 2900 minime
1684 2859 1826 2900 con·

461 2920 692 2978 tradicit
729 2920 1037 2992 Scripturas
1060 2962 1073 2987 ,
1106 2919 1494 2977 Conciliorum
1522 2965 1535 2988 ,
1567 2929 1622 2979 et
1648 2925 1826 2981 Sanc-

453 3008 654 3061 torum
706 3004 944 3058 Patrum
995 3001 1269 3059 doctrinae
1294 3045 1307 3059 .
1351 3004 1607 3061 Secunda
1649 3007 1823 3064 etiam

463 3082 711 3140 minoris
763 3097 896 3154 pars
939 3082 1078 3137 satis
1126 3082 1340 3154 liquet,
1373 3098 1511 3140 nam
1540 3083 1680 3141 dum
1709 3087 1823 3143 viri

453 3163 643 3219 sancti
690 3167 1033 3237 cognoscunt
1059 3177 1119 3218 se
1154 3178 1187 3217 a
1215 3165 1329 3220 Deo
1367 3162 1573 3239 diligi,
1616 3166 1678 3222 in
1704 3167 1827 3241 ejus

462 3243 647 3319 gratia
678 3258 1053 3316 permanere,
1085 3248 1141 3299 et
1168 3259 1201 3299 a
1226 3244 1429 3300 salutis
1469 3245 1681 3303 itinere
1707 3263 1827 3305 non

454 3323 809 3390 exorbitare,
827 3324 1083 3381 maxime
1102 3324 1425 3382 excitantur
1453 3325 1525 3383 ad
1546 3328 1826 3401 majorem

465 3403 646 3477 ipsius
673 3403 770 3460 Dei
799 3420 1077 3469 amorem,
1104 3410 1160 3460 et
1181 3403 1251 3461 ad
1272 3404 1594 3462 ferventius
1615 3406 1679 3464 in
1701 3408 1826 3482 ejus

463 3483 752 3541 mandatis
799 3484 1196 3554 observandis,
1227 3490 1285 3542 et
1308 3486 1495 3560 gloria
1520 3488 1828 3560 quaerenda

450 3562 736 3620 studium.
767 3566 913 3621 Nam
935 3564 984 3619 si
1007 3564 1341 3637 imperfecta
1367 3566 1630 3639 quaedam
1654 3568 1750 3642 huj
1763 3586 1827 3625 us

459 3650 640 3702 status
668 3645 889 3712 notitia,
923 3652 1020 3702 aut
1047 3645 1422 3718 probabilitas
1448 3646 1519 3704 ad
1542 3664 1822 3716 amorem,

453 3732 519 3784 et
542 3725 955 3801 gratitudinem
987 3731 1271 3799 provocat,
1303 3729 1664 3802 urgentiores
1693 3746 1828 3803 pro-

464 3807 608 3864 fecto
635 3807 850 3864 amoris
873 3849 886 3872 ,
934 3812 991 3862 et
1024 3805 1399 3880 gratitudinis
1438 3807 1704 3867 flammas
1732 3826 1829 3867 ac-

462 3886 666 3944 cendet
690 3887 928 3944 moralis
956 3887 1060 3943 illa
1087 3886 1387 3958 certitudo,
1413 3894 1470 3946 et
1495 3891 1655 3947 velut
1691 3906 1829 3948 sen-

462 3967 691 4036 sibilis,
741 3973 803 4023 ut
839 3970 1037 4024 Patres
1089 3968 1440 4039 loquuntur,
1497 3968 1711 4026 divinas
1738 3971 1828 4027 fa-

465 4048 822 4106 miliaritatis
871 4048 1238 4106 contrectatio
1264 4092 1278 4106 .
1334 4051 1448 4106 Nec
1505 4049 1829 4107 inflationis

464 4129 782 4203 periculum
831 4127 969 4184 adeo
999 4127 1272 4185 imminet
1307 4149 1321 4185 ε
1366 4134 1488 4184 tum
1515 4129 1653 4202 quia
1695 4146 1828 4187 cum

460 4210 566 4267 hac
610 4209 911 4266 ordinaria
957 4209 1295 4264 Sanctorum
1343 4225 1496 4282 pace,
1527 4216 1583 4267 et
1607 4212 1829 4268 securi-

459 4293 573 4347 tate
617 4294 728 4345 stat
771 4289 947 4345 simul
1000 4292 1242 4361 potestas
1277 4286 1649 4357 formidandi,
1678 4290 1728 4346 si
1756 4290 1828 4347 ad

461 4372 756 4444 propriam
783 4370 1275 4428 defectibilitatem
1303 4413 1316 4437 ,
1347 4377 1405 4427 et
1431 4371 1668 4444 antiqua
1695 4388 1830 4444 pec-

455 4457 586 4510 cata
630 4451 944 4511 attendant.
995 4454 1143 4508 Tum
1184 4452 1320 4525 quia
1348 4455 1496 4510 Deus
1523 4454 1822 4525 permittit,

463 4539 526 4591 ut
551 4550 972 4607 nonnunquam
1002 4534 1302 4591 actualiter
1329 4532 1611 4602 dubitent,
1638 4539 1694 4592 et
1714 4534 1830 4592 for-

464 4615 706 4684 mident,
762 4622 825 4672 ut
869 4633 1022 4673 num.
1078 4618 1114 4671 9
1159 4615 1442 4674 videmus.
1491 4617 1640 4671 'rum
1691 4616 1827 4688 quia

459 4699 677 4756 similis
696 4698 993 4766 certitudo,
1018 4704 1074 4755 et
1093 4700 1369 4756 securitas
1396 4713 1515 4756 non
1539 4699 1830 4771 reperitur

465 4780 578 4839 nisi
608 4781 670 4837 in
698 4780 1039 4847 humilibus,
1065 4798 1195 4838 cum
1220 4780 1590 4855 praesumptio
1615 4797 1733 4840 non
1752 4781 1831 4837 sit

458 4867 869 4936 argumentum
915 4862 1251 4930 sanctitatis,
1305 4877 1410 4919 nec
1453 4861 1826 4919 serenitatem

463 4944 755 5017 importet,
784 4942 882 5000 sed
908 4945 1241 5019 caliginem.

2550 578 2581 645 g
2621 575 2715 629 111.

2027 729 2371 802 Arynmenta
2397 730 2660 785 adversus
2686 734 2906 783 nostras
2931 726 3246 780 assertiones

2432 808 2832 864 dissolvuntur.

2036 971 2120 1025 13.
2162 969 2527 1027 Contrarium
2564 966 2768 1040 primae
2807 965 3155 1024 conclusioni
3177 980 3305 1021 sen-
3326 964 3468 1057 ⁸232th

1955 1050 2197 1107 tentiam
2237 1050 2554 1107 docuerunt
2601 1047 2878 1114 haeretici,
2922 1047 3153 1103 Luther.
3197 1052 3465 1105 arufiam.

1963 1134 2045 1202 10,
2092 1133 2316 1189 Calvin.
2366 1134 2428 1187 in
2470 1132 2704 1188 antidot.
2740 1130 2953 1191 Concil.
2996 1129 3072 1184 ad
3096 1144 3222 1184 sess.
3251 1128 3302 1193 6,
3320 1111 3467 1205 ἐξὲξ

1955 1215 2203 1270 Bucerus
2224 1220 2333 1269 art.
2360 1214 2424 1268 de
2441 1214 2732 1286 justificat.
2757 1210 3087 1267 Kemnitius
3110 1211 3168 1264 in
3186 1210 3461 1263 ezra—calida⁴

1954 1299 2103 1350 mine
2124 1292 2340 1351 Concil.
2371 1294 2447 1348 ad
2471 1311 2597 1349 seSS.
2622 1295 2678 1358 6,
2708 1291 3079 1348 Melancthon
3106 1293 3166 1345 in
3187 1289 3309 1345 locis
3320 1263 3491 1353 fflffiffi‘

1954 1392 2228 1430 commun.
2260 1376 2347 1430 tit.
2377 1374 2440 1428 de
2471 1373 2622 1440 Fide,
2655 1377 2710 1430 et
2738 1371 2840 1428 alii
2882 1370 3119 1429 Sectarii
3160 1368 3309 1426 affir-
3323 1360 3491 1403 flmm-

1956 1460 2216 1519 mantes,
2262 1453 2558 1511 hominem
2615 1469 2732 1511 non
2773 1453 2961 1509 solum
3004 1467 3181 1524 posse,
3217 1449 3309 1506 sed

1955 1535 2128 1591 etiam
2157 1533 2366 1590 debere
2390 1534 2621 1590 credere
2648 1532 2759 1589 fide
2804 1531 3007 1588 divina
3032 1575 3045 1600 ,
3098 1534 3311 1605 peccata

1955 1613 2068 1670 sibi
2117 1629 2236 1670 non
2285 1613 2607 1686 imputari,
2651 1611 2748 1669 sed
2786 1613 3005 1687 justum
3046 1626 3167 1668 esse
3220 1624 3312 1682 per

1958 1695 2270 1751 Christum.
2322 1693 2525 1752 Eidem
2577 1694 2752 1750 etiam
2783 1691 3086 1750 assertioni
3115 1690 3313 1749 adver·

1956 1782 2116 1833 satur
2136 1775 2474 1832 Ambrosius
2502 1774 2850 1831 Catharinus
2883 1775 2946 1829 in
2974 1773 3213 1846 opuscul.
3255 1772 3314 1827 de
3340 1767 3485 1810 ⁰²⁰²*
3544 1778 3546 1857 l

1956 1859 2207 1915 certitud.
2234 1861 2444 1929 qratiae,
2472 1865 2524 1913 et
2549 1859 2609 1912 in
2632 1857 2883 1930 apoloyia
2897 1862 3090 1911 contra
3105 1853 3308 1920 Solum,

1958 1938 2054 1995 ubi
2083 1938 2359 2005 defendit,
2392 1938 2540 2012 quod
2587 1939 2717 1994 licet
2764 1938 2939 1994 homo
2982 1952 3099 1993 non
3125 1943 3313 1993 tenea-

1958 2025 2051 2075 tur
2077 2019 2308 2077 credere
2333 2035 2394 2076 se
2419 2035 2540 2076 esse
2568 2019 2631 2074 in
2658 2019 2845 2093 gratia
2870 2060 2882 2081 ,
2919 2023 3101 2090 potest
3126 2021 3312 2074 tamen

1957 2099 2016 2155 id
2041 2098 2273 2157 credere
2298 2099 2642 2157 certitudine
2681 2097 2812 2156 fidei
2849 2096 3086 2161 divinae,
3117 2099 3312 2154 saltem

1959 2182 2347 2249 mediatae,aut
2369 2182 2752 2255 particularis
2778 2180 2939 2246 Quod
2962 2180 3131 2236 multi
3147 2179 3312 2236 etiarn

1957 2262 2267 2320 tuebantur
2312 2268 2444 2319 ante
2489 2262 3036 2319 determinationem
3082 2260 3323 2319 Concilii‘
3350 2243 3464 2334 effi,

1958 2344 2285 2407 Tridentini
2313 2362 2465 2400 num.
2488 2347 2525 2399 7
2550 2344 2816 2406 relatam,
2863 2349 2926 2399 ut
2951 2343 3127 2400 refert
3147 2344 3312 2414 Vega.
3342 2340 3480 2394 opinio.

1959 2428 2302 2499 Primusque
2348 2426 2496 2482 hanc
2539 2424 2885 2481 sententiam
2934 2422 3164 2480 videtur
3213 2422 3314 2478 do-

1956 2512 2137 2567 cuisse
2159 2512 2228 2566 N.
2257 2512 2507 2566 Joannes
2528 2510 2735 2572 Bacon,
2781 2513 2844 2562 ut
2886 2505 3314 2582 significatSoto
3351 2524 3479 2563 nacon.

1959 2592 2054 2648 lib.
2084 2593 2119 2648 3
2138 2592 2201 2647 dc
2229 2599 2456 2667 natura,
2486 2598 2533 2645 el
2558 2592 2767 2660 qratia,
2816 2607 2945 2661 cap.
2980 2590 3063 2644 12.
3096 2587 3314 2644 Adver—
3341 2570 3473 2614 Bm'd·

1956 2690 2053 2729 sus
2071 2672 2378 2729 secundam
2406 2671 2834 2728 conclusionem
2860 2671 3122 2727 sentiunt
3144 2671 3313 2724 Ruar-
3363 2688 3459 2729 sou).

1958 2754 2063 2810 dus
2091 2755 2263 2820 art.9,
2297 2756 2427 2810 Soto
2444 2757 2504 2809 in
2518 2753 2791 2825 apoloyia,
2810 2770 2934 2825 cap.
2956 2754 3055 2808 Set
3080 2754 3134 2817 4,
3168 2753 3313 2825 Vega
3348 2739 3458 2787 vega.

1960 2834 2052 2892 lib.
2086 2836 2140 2902 9,
2166 2837 2227 2890 in
2261 2833 2307 2892 T
2305 2835 2502 2892 rident.
2533 2851 2654 2908 cap.
2692 2836 2765 2890 46
2792 2841 2840 2890 ct
2881 2835 2957 2890 47
2982 2878 2996 2902 ,
3038 2832 3135 2907 qui
3163 2830 3314 2888 affir—

1959 2922 2121 2973 mant
2149 2932 2309 2989 posse
2356 2916 2653 2973 hominem
2683 2958 2694 2981 ,
2744 2915 2922 2971 etiam
2949 2914 3165 2972 seclusa
3189 2928 3314 2985 spe-

1958 2998 2090 3055 ciali
2120 2998 2473 3055 revelatione
2495 3041 2509 3064 ,
2561 2997 2772 3055 habere
2810 3003 3033 3054 tantam
3062 3011 3175 3051 suae
3194 2993 3315 3068 jus-

1959 3081 2100 3137 titiae
2126 3080 2530 3137 certitudinem
2558 3123 2570 3146 ,
2610 3083 2883 3151 quantam
2915 3078 3088 3135 habet
3112 3076 3181 3134 de
3206 3079 3316 3133 Ro-

1959 3177 2068 3218 mae
2110 3161 2433 3218 existentia.
2485 3164 2743 3226 Quorum
2789 3160 3140 3217 sententiam
3185 3156 3316 3214 dicit

1959 3259 2080 3299 esse
2107 3241 2461 3315 probabilem
2485 3244 2722 3316 Gregor.
2754 3240 3038 3298 Martinez
3068 3242 3128 3295 in
3162 3255 3309 3312 prais.

1958 3323 2085 3379 dub.
2126 3325 2170 3391 l,
2205 3324 2354 3379 concl
2377 3365 2390 3378 .
2422 3323 2480 3377 6.
2531 3324 2599 3377 Et
2623 3321 2759 3395 quia
2786 3336 2991 3378 omnes
3027 3317 3315 3377 sententia}

1958 3407 2159 3459 mutuo
2205 3419 2265 3458 se
2307 3403 2550 3477 juvant,
2600 3408 2656 3457 et
2694 3400 2913 3457 eisdem
2945 3401 3065 3457 fere
3092 3395 3314 3454 motivis

1960 3490 2202 3541 utuntur
2226 3527 2239 3552 ,
2291 3500 2409 3541 non
2450 3488 2670 3556 oportet
2714 3499 2918 3540 earum
2950 3481 3314 3538 fundamenta

1958 3568 2201 3626 seorsim
2232 3581 2553 3639 proponere
2577 3609 2590 3630 ,
2643 3565 2740 3621 sed
2780 3564 3191 3639 congruentius
3212 3565 3308 3625 est,

1959 3654 2021 3705 ut
2047 3648 2168 3703 illis
2203 3648 2377 3703 simul
2405 3662 2792 3703 occurramus,
2988 3667 2994 3673 ·

2035 3727 2311 3803 Arguitur
2325 3742 2459 3801 ergo
2476 3726 2664 3798 primo
2679 3724 3125 3782 authoritatibus
3146 3738 3311 3781 sacrae
3323 3734 3478 3779 Primum

1960 3810 2287 3882 Scripturae,
2317 3824 2457 3880 quas
2483 3824 2636 3864 num.
2689 3810 2746 3862 11
2787 3806 3190 3879 proposuimus
3208 3828 3224 3871 ;
3254 3803 3312 3858 in
3327 3793 3490 3878 nffgffim.

1958 3890 2043 3947 eis
2068 3891 2225 3946 enim
2255 3890 2393 3944 satis
2419 3885 2723 3943 manifeste
2748 3882 3314 3966 significatur,homi·

1960 3987 2096 4029 nem
2113 3986 2274 4043 posse
2287 3974 2441 4026 certo
2455 3984 2790 4042 cognoscere
2802 3984 2863 4024 se
2877 3984 2999 4025 esse
3016 3967 3078 4024 in
3093 3965 3277 4041 gratia
3294 3986 3307 4021 :

1960 4067 2202 4125 cumque
2215 4049 2493 4108 certitudo
2513 4050 2771 4107 innitens
2791 4048 3120 4106 testimonio
3135 4046 3313 4118 Scrip-

1960 4142 2104 4192 turae
2142 4132 2345 4189 debeat
2369 4131 2439 4188 ad
2466 4131 2637 4189 fidem
2666 4130 3022 4197 immediate,
3057 4134 3152 4186 aut
3193 4141 3313 4184 me·

1961 4214 2112 4271 diate
2132 4214 2335 4270 saltem
2358 4213 2667 4285 pertinere,
2692 4211 2949 4283 sequitur
2969 4208 3119 4282 quod
3146 4209 3313 4265 horno

1961 4295 2137 4370 possit
2162 4292 2275 4351 fide
2301 4292 2503 4350 divina
2527 4291 2759 4350 credere
2779 4308 2838 4349 se
2859 4307 2980 4350 esse
3010 4290 3073 4346 in
3099 4288 3306 4365 gratia3

1959 4382 2017 4433 et
2042 4392 2076 4432 a
2102 4374 2327 4432 fortiori
2352 4375 2561 4447 poterit
2581 4372 2792 4430 habere
2814 4377 3033 4429 tantam
3054 4387 3171 4426 suaa
3190 4384 3310 4443 gra·

1960 4456 2055 4512 tiae
2092 4456 2375 4513 moralem
2424 4452 2850 4518 certitudinem,
2890 4457 2952 4507 ut
2997 4466 3170 4508 omne
3207 4448 3311 4504 du-

1963 4536 2143 4603 bium,
2174 4541 2231 4593 et
2270 4532 2645 4592 formidinem
2671 4532 2950 4590 excludat.
2983 4529 3312 4604 specialiter

1961 4621 2142 4691 potest
2168 4631 2372 4690 urgere
2401 4614 2547 4671 illud
2574 4618 2768 4688 Apost.
2798 4612 2868 4669 ad
2898 4615 3066 4668 Rom.
3092 4613 3126 4666 8
3155 4632 3169 4666 ε
3195 4609 3379 4684 Ipse&
3392 4637 3489 4678 m,

1958 4699 2190 4771 spiritus
2229 4698 2600 4752 testimonium
2636 4695 2812 4750 reddit
2852 4694 3082 4766 spiritui
3109 4697 3303 4755 nostre,

1962 4778 2104 4856 quod
2128 4795 2318 4833 sumus
2341 4777 2449 4848 filii
2474 4776 2577 4833 Dei
2607 4793 2626 4829 .·
2661 4792 2797 4832 narn
2827 4772 3157 4830 testimonio
3183 4770 3309 4844 Spi-

1963 4858 2108 4915 ritus
2132 4858 2314 4914 sancti
2343 4856 2580 4913 debetur
2604 4855 2746 4913 fides
2774 4853 3126 4911 infallibilis,

2036 4936 2426 4996 confirmatur
2445 4953 2516 4994 ex
2540 4934 2824 5000 PatribuS,
2843 4933 2940 5008 qui
2962 4935 3309 5006 Scripturam
3343 4930 3480 5023 ⁰⁰2¹}ss

1962 5020 2164 5088 edocti,
2185 5020 2384 5079 eodem
2414 5019 2583 5077 modo
2603 5021 2937 5093 loquuntur,
2967 5022 3028 5073 ut
3055 5031 3217 5151 naim.
3253 5014 3304 5067 11
3346 4993 3401 5027 ¹¹³²
3465 5012 3475 5020 “

3044 5114 3100 5152 vi
3146 5108 3308 5151 imus.
