3647 5753
1439 411 1615 466 DISP.
1660 410 1808 476 VIII,
1852 413 2016 471 DUB.
2061 415 2107 473 1.
3054 421 3165 476 273

23 581 26 594 '
91 593 275 648 Respon-
307 598 426 639 non
445 582 677 656 quidem
704 584 976 650 effective,
1010 583 1371 658 producendo
1399 583 1668 641 videlicet

140 650 222 683 ⁵¹⁰·
307 664 559 722 formam
604 666 1075 732 sanctificantem,
1123 671 1185 721 ut
1210 666 1349 723 satis
1389 666 1571 740 liquet
1595 681 1667 722 ex

305 746 439 802 aliis
489 747 796 821 Scripturae
844 747 1208 814 testimoniis,
1256 763 1385 821 quae
1429 765 1588 818 num.
1639 749 1658 803 l

302 826 687 898 expendimus
717 852 730 896 ;
779 827 879 885 sed
922 828 1110 886 solum
1136 826 1490 900 dispositive,
1521 841 1667 901 qua-

300 913 470 964 tenus
497 910 661 982 ponit
686 916 859 977 actim,
909 909 1116 984 quibus
1165 907 1234 966 ad
1278 909 1664 982 receptionem

298 988 503 1062 gratiae
528 988 872 1063 disponitur,
905 995 969 1045 ut
1015 979 1209 1063 supra'
1235 988 1491 1046 diximus
1516 990 1661 1062 disp.

300 1071 357 1136 3,
386 1069 515 1125 dub.
547 1071 598 1136 5,
630 1074 687 1127 et
713 1071 885 1127 latius
910 1071 1331 1128 declarabimus
1357 1076 1520 1126 tract.
1551 1086 1658 1142 seq.

298 1151 441 1225 disp.
468 1151 523 1218 3,
547 1168 652 1223 per
696 1158 893 1208 totam.
935 1154 1004 1207 Et
1047 1152 1111 1207 in
1139 1151 1243 1208 hoc
1285 1165 1456 1206 sensu
1484 1165 1664 1223 expo-

300 1230 493 1289 nenda
517 1235 654 1287 sunt
678 1232 1030 1299 testimonia,
1060 1246 1187 1304 quae
1213 1230 1277 1286 in
1302 1230 1661 1288 contrarium

301 1311 654 1369 referuntur.

373 1393 745 1451 Sedinstabis
789 1415 802 1450 :
852 1411 989 1452 nam
1040 1394 1140 1467 qui
1188 1394 1351 1467 ponit
1394 1393 1660 1450 ultimam

297 1474 734 1555 dispositionem
786 1475 858 1532 ad
901 1477 1172 1541 formam,
1206 1475 1367 1548 ponit
1405 1474 1661 1534 effective

297 1556 483 1630 ipsam
511 1557 782 1623 formam,
810 1564 870 1614 ut
890 1562 976 1614 est
1014 1556 1250 1631 vulgare
1277 1555 1656 1630 Philosopho-

297 1654 430 1695 rum
459 1640 822 1713 proloquium
857 1661 870 1695 :
898 1638 998 1696 sed
1047 1640 1219 1695 homo
1246 1639 1408 1711 ponit
1448 1640 1660 1711 princi·

297 1719 507 1793 paliter
554 1725 731 1787 actus,
780 1719 986 1793 quibus
1030 1718 1100 1775 ad
1151 1719 1400 1794 gratiam
1449 1721 1658 1778 ultimo

294 1801 624 1875 disponitur
658 1822 671 1857 :
697 1817 834 1875 ergo
853 1801 1015 1874 ponit
1034 1800 1291 1858 effective
1315 1800 1657 1874 principali-

293 1887 383 1938 ter
409 1883 594 1955 ipsam
615 1882 886 1956 gratiam.

92 1979 279 2023 nuunur.
370 1961 792 2035 Respondetur,
825 1961 1101 2035 majorem
1147 1962 1336 2017 solum
1367 1959 1653 2019 verificari

295 2043 367 2102 de
394 2044 599 2101 ultima
625 2043 1015 2116 dispositione,
1049 2042 1118 2099 ad
1145 2060 1317 2116 quam
1348 2043 1536 2100 forma
1562 2060 1655 2101 se-

293 2125 490 2197 quitur
515 2124 791 2187 effective,
841 2124 964 2180 sive
1005 2123 1066 2179 in
1087 2139 1299 2198 genere
1324 2140 1505 2180 causae
1531 2124 1655 2180 effi·-

293 2206 514 2271 cientiS,
558 2210 838 2277 quatenus
891 2206 1072 2277 posita
1116 2205 1218 2260 tali
1254 2204 1648 2277 dispositione,

291 2287 483 2342 statim
537 2284 724 2342 forma
765 2285 1015 2341 naturali
1067 2286 1297 2357 sequela
1346 2286 1585 2341 resultat
1636 2306 1650 2342 ε

293 2373 426 2422 tunc
450 2365 660 2439 quippe
680 2363 1185 2436 verificatur,quod
1207 2364 1461 2422 influxus
1483 2381 1653 2439 agen·

293 2446 370 2501 tis
395 2446 459 2501 in
485 2445 918 2518 dispositionem
948 2445 1235 2518 pertingat
1261 2460 1437 2517 usque
1464 2444 1535 2501 ad
1557 2446 1652 2518 ip-

295 2542 420 2582 sam
449 2526 714 2591 formam,
744 2531 801 2582 et
840 2527 919 2582 ita
962 2525 1242 2599 contingit
1269 2526 1331 2581 in
1362 2526 1650 2582 naturali-

297 2605 420 2662 bus.
447 2604 507 2660 ld
538 2621 672 2662 vero
718 2622 833 2662 non
875 2605 1073 2662 accidit
1120 2605 1183 2661 in
1225 2611 1422 2662 nostro
1467 2622 1598 2662 casu
1632 2630 1645 2673 3

82 1405 274 1459 Replicn.

295 2702 432 2742 nam
453 2686 634 2760 gratia
663 2702 776 2743 non
820 2688 1057 2743 resultat
1085 2684 1315 2759 physice
1344 2684 1414 2741 ab
1455 2687 1650 2759 aliqua
1691 2718 1698 2727 ·

291 2768 496 2824 ultima
522 2767 897 2840 dispositione
928 2788 941 2823 ι
969 2766 1068 2824 sed
1097 2767 1284 2840 potius
1305 2767 1425 2823 haec
1450 2766 1638 2840 dispo·

283 2850 418 2908 sitio
443 2850 714 2924 supponit
733 2850 1071 2924 simpliciter
1097 2849 1366 2926 gratiam,
1398 2854 1455 2908 et
1481 2849 1551 2908 ab
1580 2866 1649 2908 ea

284 2932 349 2987 in
374 2947 586 3006 genere
625 2948 808 2989 causae
835 2931 1128 2988 efficientis
1149 2930 1447 3004 dependet.
1483 2932 1647 2989 Unde

282 3027 402 3068 non
436 3012 715 3085 sequitur,
759 3010 907 3084 quod
947 3012 1120 3069 homo
1147 3011 1437 3069 mediante
1458 3010 1645 3084 dispo—

277 3091 494 3150 sitione
520 3093 728 3149 ultima
767 3092 968 3149 efficiat
997 3091 1255 3168 ‘gratiam
1290 3115 1303 3159 ;
1332 3091 1430 3147 sed
1458 3093 1646 3164 potius

277 3186 312 3229 e
339 3188 637 3239 converso,
688 3172 837 3246 quod
877 3189 977 3245 per
1014 3172 1261 3247 gratiam
1308 3172 1565 3230 elevetur
1590 3178 1646 3230 et

278 3254 592 3328 adjuvetur
610 3254 681 3311 ad
707 3254 1063 3311 efficiendum
1094 3254 1359 3310 ultimam
1393 3252 1644 3327 disposi-

275 3336 655 3409 tionem‚quae
681 3336 751 3393 ad
778 3336 1208 3393 connaturalem
1234 3335 1434 3409 gratiae
1456 3351 1645 3409 recep-

273 3418 502 3476 tionem
537 3417 915 3484 desideratur,
948 3423 1008 3473 ut
1048 3417 1184 3475 locis
1228 3433 1403 3489 supra
1455 3419 1643 3475 citatis

271 3497 467 3554 fusius
485 3497 874 3570 exposuimus.
907 3497 1048 3553 Aliae
1083 3496 1482 3568 responsiones
1509 3514 1642 3569 pos-

269 3585 413 3634 sunt
464 3577 653 3635 videri
713 3576 860 3650 apud
920 3576 1131 3644 Curiel,
1194 3580 1251 3633 et
1300 3578 1533 3635 Arauxo
1579 3578 1641 3634 in

269 3659 573 3732 praesenti.

338 3741 396 3797 9.
454 3742 568 3795 Nec
613 3738 787 3796 refert
821 3738 868 3794 si
908 3737 1079 3803 dicas,
1137 3737 1566 3810 responsionem
1607 3755 1642 3796 a

269 3819 453 3877 nobis
490 3818 680 3875 datam
723 3834 839 3876 non
886 3834 1046 3891 posse
1091 3818 1301 3875 habere
1346 3818 1534 3887 locum
1575 3818 1639 3875 in

264 3905 394 3957 actu
431 3899 818 3972 poenitentiae;
851 3898 941 3954 hic
965 3898 1126 3955 enim
1155 3896 1324 3953 habet
1347 3890 1640 3970 expellere

58 3984 232 4027 D·'1'h0·
261 3979 536 4037 effective
581 3984 886 4050 peccatum,
940 3984 1001 4033 ut
1026 3977 1185 4034 docet
1225 3979 1289 4033 D.
1339 3979 1545 4034 Thom.
1603 3980 1639 4034 3

97 4044 198 4078 ‘¹¹²³‘
256 4069 418 4133 part.
457 4066 642 4134 quast.
668 4060 759 4123 85,
787 4066 896 4114 art.
921 4060 957 4113 2
976 4059 1051 4113 ad
1071 4059 1126 4120 3.
1145 4074 1208 4114 ac
1233 4056 1478 4115 subinde
1497 4074 1637 4114 con-

260 4139 458 4196 currit
484 4137 743 4196 effective
773 4137 840 4194 ad
867 4138 1135 4212 gratiam,
1164 4153 1290 4211 quae
1312 4137 1638 4195 formaliter

51 3771 253 3825 objectio.

261 4227 568 4293 peccatum
590 4219 845 4292 expellit.
880 4218 1044 4276 Unde
1075 4235 1205 4276 cum
1235 4219 1406 4275 homo
1432 4218 1637 4276 efficiat
1661 4250 1678 4265 ·

259 4317 366 4375 per
395 4299 644 4358 modum
672 4316 851 4356 causae
873 4300 1209 4373 principalis
1229 4305 1417 4356 actum
1446 4300 1637 4372 poeni-

257 4381 482 4447 tentiae,
541 4396 642 4453 per
678 4379 926 4436 eundem
968 4381 1209 4454 attinget
1236 4380 1637 4453 principaliter

328 4462 545 4517 atiam.

35 4478 479 4607 ῡῑερειιῑ-ΒΪΗοο,
509 4540 769 4613 inquam,
797 4557 913 4597 non
936 4541 1115 4598 refert
1138 4564 1154 4609 ς
1178 4556 1314 4597 nam
1345 4547 1634 4613 peccatum

86 4605 167 4643 ω’·
251 4627 447 4697 potest
472 4619 833 4677 considerari
864 4625 925 4676 ut
968 4626 1052 4678 est
1080 4622 1303 4678 malum
1349 4621 1629 4690 hominis,

123 4748 128 4753 .
175 4762 186 4765 ,
249 4709 309 4762 et
336 4701 566 4759 dicitur
606 4699 827 4755 macula
856 4722 869 4766 ;
900 4705 956 4755 et
981 4704 1043 4756 ut
1066 4705 1152 4756 est
1177 4702 1398 4757 malum
1431 4701 1551 4767 Dei,
1580 4707 1636 4759 et

247 4783 475 4841 dicitur
505 4778 747 4837 offensa.
781 4779 979 4836 Primo
1005 4778 1176 4837 modo
1201 4779 1511 4852 expellitur
1534 4797 1636 4854 per

246 4864 515 4943 gratiam
538 4882 551 4916 :
575 4876 706 4917 secu
717 4858 829 4916 ndo
851 4876 952 4933 per
970 4861 1440 4919 satisfactionem.
1464 4864 1634 4920 Actus

246 4950 453 5004 autem
492 4940 854 5014 poenitentiae
905 4956 1023 4998 non
1064 4940 1355 4999 concurrit
1379 4939 1633 4999 effective

243 5027 320 5088 ad
348 5021 816 5082 destructionem
845 5022 1073 5095 peccati,
1107 5027 1168 5078 ut
1193 5027 1280 5079 est
1304 5022 1547 5091 macula,
1572 5029 1631 5081 et

1800 586 2019 644 malum
2048 588 2303 647 hominis
2328 614 2342 659 ;
2370 591 2466 649 sed
2492 597 2553 647 ut
2575 596 2658 648 est
2682 590 2921 657 offensa,
2954 595 3010 648 et
3032 607 3164 647 ma-

1800 668 1922 723 lum
1952 670 2072 726 Dei.
2107 672 2272 729 Unde
2293 688 2410 730 non
2422 673 2682 746 sequitur
2702 673 2849 746 quod
2873 677 3029 730 actus
3052 688 3164 744 poe-

1798 747 2058 807 nitentiae
2078 753 2319 828 attingat
2334 752 2589 811 effective
2607 754 2875 828 gratiam,
2894 753 2993 811 sed
3011 752 3160 825 quod

1794 827 2002 887 efficiat
2047 833 2510 892 satisfactionem.
2557 837 2631 890 Et
2671 835 2775 893 hoc
2801 840 3026 892 tantum
3050 834 3155 890 in-

1797 909 2066 968 tenditD.
2103 913 2309 970 Thom.
2338 919 2400 969 ut
2424 922 2586 971 tract.
2610 932 2721 992 seq.
2755 915 2895 988 disp.
2923 916 2975 982 3,
3001 931 3156 970 num.

1804 990 1924 1056 104,
1957 993 2141 1066 magis
2167 994 2466 1051 constabit.

1876 1071 1961 1126 10.
2004 1072 2264 1130 Secundo
2285 1074 2547 1149 arguitur
2572 1099 2587 1141 ς
2612 1091 2749 1131 nam
2771 1073 2937 1131 Joan.
2991 1074 3038 1140 l,
3063 1073 3159 1130 di-
3188 1084 3349 1127 Secun-

1791 1151 1944 1207 citur
1973 1172 1987 1207 ε
2011 1151 2213 1209 Gratia
2233 1162 2283 1210 et
2303 1158 2511 1211 veritas
2526 1173 2624 1228 per
2651 1155 2842 1212 lesum
2869 1155 3157 1212 Christum
3196 1133 3319 1234 2233!

1790 1231 1945 1302 facta
1964 1238 2041 1286 est
2070 1232 2289 1290 :sedin
2311 1234 2551 1290 nomine
2576 1236 2706 1291 Jesu
2732 1235 2943 1291 Christi
2975 1234 3365 1324 intel-ffiw‘f·

1794 1313 1995 1386 ligitur
2023 1330 2140 1372 non
2166 1316 2353 1373 solum
2401 1315 2697 1382 divinitas,
2744 1315 2843 1372 sed
2872 1316 3152 1373 humani-
3284 1314 3294 1325 ’
3341 1314 3350 1322 ’

1791 1397 1915 1449 tas:
1947 1393 2065 1450 haec
2102 1395 2281 1470 igitur
2305 1402 2390 1453 est
2414 1403 2587 1453 causa¹
2621 1397 2961 1470 principalis
3004 1396 3156 1472 phy-

1789 1472 1906 1529 sica
1924 1474 2127 1548 gratiae
2154 1481 2384 1532 nostrae.

1858 1556 1928 1609 Et
1946 1554 2340 1622 confirmatur,
2389 1557 2526 1630 quia
2567 1558 2755 1632 gratia
2798 1557 3036 1614 unionis
3067 1565 3153 1615 est
3190 1574 3350 1618 counr-

1789 1634 1960 1708 longe
1988 1636 2306 1708 perfectior,
2350 1654 2522 1710 quam
2551 1639 2736 1712 gratia
2760 1643 2951 1695 nostra
2981 1654 3153 1713 :ergo
3198 1629 3345 1669 ⁰⁴²²u‘·

1789 1716 2049 1772 Christus
2107 1717 2324 1775 habens
2373 1720 2620 1794 gratiam
2683 1719 2919 1777 unionis
2971 1725 3151 1792 potest

1789 1800 2044 1851 nostram
2066 1797 2311 1871 gratiam
2337 1798 2737 1870 principaliter
2757 1797 2997 1856 efficere.
3092 1815 3099 1822 ·

1864 1882 2282 1947 Argumentum
2323 1878 2498 1935 diluit
2540 1883 2608 1936 D.
2649 1881 2834 1937 Thom
2887 1901 2912 1934 α
2944 1882 3004 1938 in
3047 1882 3353 1940 hocsssstwss-

1786 1962 1895 2013 art.
1948 1957 2011 2014 in
2067 1973 2323 2031 respons,
2372 1958 2443 2015 ad
2484 1962 2528 2026 l,
2574 1959 2664 2015 his
2716 1961 2907 2017 verbis
2935 1982 2947 2017 :
2994 1983 3018 2014 α
3049 1964 3150 2018 Di-
3213 1941 3295 1973 ⁵¹⁰¹

1792 2062 1818 2092 t(
1847 2039 2114 2107 cendum,
2139 2041 2287 2113 quod
2310 2042 2642 2100 humanitas
2663 2044 2874 2101 Christi
2896 2051 2980 2102 est
3003 2046 3151 2102 sicut

1792 2142 1816 2173 α
1845 2119 2130 2192 quoddam
2182 2138 2464 2196 organum
2512 2122 2838 2179 divinitatis
2889 2126 3032 2199 eJus,
3091 2132 3150 2180 ut

1793 2221 1820 2253 «
1851 2203 2235 2259 Damascenus
2268 2202 2406 2259 dicit
2458 2204 2519 2259 in
2560 2204 2595 2258 3
2636 2202 2738 2259 lib.
2781 2206 3147 2261 Instrumen-

1790 2304 1816 2336 α
1845 2288 1969 2338 tum
2016 2288 2206 2341 autem
2266 2300 2385 2342 non
2428 2287 2544 2359 agit
2588 2285 2873 2342 actionem
2927 2289 3150 2361 agentis

1789 2385 1816 2416 α
1846 2362 2183 2436 principalis
2234 2367 2471 2438 propria
2517 2366 2749 2432 virtute,
2795 2366 2894 2423 sed
2933 2368 3149 2425 virtute

1786 2464 1812 2495 α
1847 2444 2186 2517 principalis
2243 2447 2481 2520 agentis.
2527 2447 2598 2502 Et
2636 2446 2767 2504 ideo
2812 2448 3143 2505 humanitas

1785 2545 1813 2576 α
1846 2525 2057 2582 Christi
2082 2542 2200 2583 non
2239 2532 2429 2583 causat
2466 2528 2713 2603 gratiam
2745 2530 2973 2602 propria
3017 2530 3145 2586 vir-

1787 2626 1814 2657 «
1844 2608 1980 2672 tute,
2012 2604 2111 2661 sed
2140 2605 2360 2662 virtute
2393 2605 2718 2663 divinitatis
2747 2607 3041 2682 adjunctae,
3070 2625 3145 2666 ex

1786 2708 1812 2740 α
1841 2702 1952 2759 qua
1974 2687 2222 2745 actiones
2243 2689 2620 2745 humanitatis
2641 2690 2851 2746 Christi
2888 2696 3023 2746 sunt
3047 2708 3144 2748 sa·
3203 2751 3219 2776 ⁴

1785 2788 1810 2819 «
1846 2769 2081 2824 lutares.
2118 2789 2143 2819 n
2413 2779 2418 2783 ·

1845 2846 1931 2904 Ad
1951 2846 2451 2907 confirmationem
2472 2855 2691 2907 constat
2716 2867 2787 2908 ex
2812 2867 2987 2925 supra
3015 2851 3141 2910 dic-

1779 2930 1854 2985 tis
1877 2948 2030 2986 num.
2061 2933 2116 2998 2,
2149 2931 2299 3004 quod
2327 2933 2460 2990 licet
2509 2933 2646 2989 unio
2686 2933 3039 3007 hypostatica
3063 2935 3140 2991 sit

1779 3012 2100 3084 perfectior,
2146 3029 2318 3085 quam
2363 3015 2550 3088 gratia
2587 3013 2994 3081 sanctificans;
3040 3017 3138 3071 ni-

1778 3092 2098 3149 hilominus
2119 3108 2222 3149 nec
2239 3094 2503 3168 gratiam,
2538 3110 2640 3152 nec
2661 3094 2844 3151 alium
2871 3095 3134 3152 effectum

1778 3171 2089 3244 producere
2115 3175 2290 3241 valet,
2324 3174 2437 3230 nisi
2462 3176 2525 3230 in
2566 3175 2924 3233 humanitate
2969 3175 3137 3232 detur

1776 3252 1962 3309 virtus
1985 3256 2448 3326 praecontentiva,
2489 3259 2545 3310 et
2582 3256 2879 3328 operativa
2926 3256 3133 3313 talium

1773 3332 2096 3390 effectuum.
2123 3337 2265 3390 Cum
2288 3339 2476 3392 autem
2507 3334 2569 3390 in
2614 3335 2974 3393 humanitate
3017 3353 3135 3394 non

1775 3416 1950 3488 possit
1978 3415 2232 3473 inveniri
2263 3416 2465 3482 virtus,
2508 3432 2634 3488 quae
2661 3419 2850 3474 valeat
2882 3420 3131 3490 gratiam

1776 3497 2174 3569 principaliter
2190 3495 2519 3568 producere,
2546 3494 2611 3551 fit
2628 3496 2777 3568 quod
2801 3498 3132 3555 humanitas

1774 3591 1807 3631 a
1829 3574 2016 3633 Verbo
2041 3580 2329 3648 assumpta
2358 3590 2475 3631 non
2502 3574 2705 3631 efficiat
2733 3577 3132 3649 principaliter

1773 3660 2031 3713 nostram
2056 3656 2322 3730 gratiam,
2345 3654 2445 3712 sed
2465 3656 2650 3711 solum
2676 3656 3132 3714 instrumentali—

1772 3741 1879 3802 ter,
1924 3736 2404 3804 ministerialiter,
2448 3741 2505 3792 et
2554 3743 2617 3792 ut
2653 3753 2935 3812 organum
2972 3738 3131 3796 divi-

1773 3816 1862 3872 nit
1900 3817 1994 3872 t‘s.
2086 3864 2087 3867 ,

1844 3833 1952 3947 Saetl
1998 3891 2260 3965 insurges
2307 3912 2321 3946 ε
2373 3905 2507 3947 nam
2554 3891 2812 3948 Christus
2848 3894 3330 3958 Dominusaeplica.

1771 3971 1965 4029 influit
1991 3972 2055 4029 in
2078 3973 2325 4047 gratiam
2349 3971 2518 4029 modo
2549 3950 2795 4045 qffodam
2836 3976 3130 4033 excellen-

1770 4054 2012 4120 tissimo,
2040 4053 2139 4126 qui
2170 4069 2286 4110 non
2326 4053 2595 4110 convenit
2623 4054 2754 4111 aliis
2794 4055 3124 4113 ministris<

1769 4134 1964 4192 influit
1981 4135 2143 4192 enim
2172 4151 2273 4207 per
2301 4134 2536 4192 modum
2556 4136 2775 4209 capitis,
2826 4137 2976 4208 quod
3022 4139 3125 4195 alii

1769 4215 2028 4273 ministri
2071 4231 2190 4272 non
2230 4215 2485 4273 habent:
2521 4215 2620 4272 sed
2656 4215 2876 4273 efficere
2915 4218 3131 4275 instru-

1766 4296 2100 4354 mentaliter
2149 4294 2381 4369 physice
2413 4295 2660 4369 gratiam
2695 4311 3002 4354 commune
3045 4306 3133 4356 est

1767 4377 1900 4434 aliis
1922 4375 2228 4442 ministris,
2262 4381 2323 4431 ut
2343 4381 2497 4448 patet
2532 4374 2596 4429 in
2629 4374 2918 4433 sacerdote
2938 4375 3129 4435 absol-

1767 4463 1937 4514 vente
1976 4473 2010 4513 a
2037 4455 2273 4529 peccatis
2304 4476 2318 4510 z
2366 4470 2502 4529 ergo
2543 4454 2800 4511 Christus
2839 4455 3036 4514 influit
3060 4458 3124 4515 in

1763 4538 2013 4611 gratiam
2038 4540 2310 4605 nostram,
2338 4551 2454 4592 non
2469 4535 3013 4605 instrumentaliter,
3027 4539 3125 4596 sed

1768 4618 2190 4693 principaliter.
2454 4670 2463 4679 .

1841 4696 2235 4770 Respondetur
2280 4711 2409 4751 cum
2441 4697 2505 4751 D.
2547 4695 2751 4752 Thom.
2784 4696 2896 4751 loco
2938 4700 3029 4754 cit.
3054 4717 3335 4763 eoesfflvuur.

1763 4786 1949 4858 quast.
1996 4779 2059 4834 dc
2121 4780 2370 4843 feritate,
2426 4779 2488 4833 in
2534 4794 2776 4850 respons,
2816 4779 2892 4833 ad
2934 4781 2989 4846 6,
3023 4779 3120 4837 ubi
3165 4769 3322 4813 D·'¹'¹²⁰·

1763 4861 1891 4919 ait:
1943 4860 2270 4924 Dicendum,
2306 4859 2449 4936 quod
2487 4857 2604 4915 ideo
2651 4858 2907 4916 Christus
2924 4878 3120 4918 sccun-

1762 4942 1897 4997 dum
1922 4940 2226 4997 humanam
2264 4946 2530 4995 naturam
2553 4956 2664 5011 prs}
2687 4940 2822 4996 aliis
2850 4942 3121 5000 ministris

1761 5030 1926 5096 caput
1954 5020 2006 5078 E
2009 5021 2204 5077 cclesias
2222 5019 2446 5087 dicitur,
2478 5021 2611 5096 quia
2626 5038 2741 5094 μὴν
2764 5025 2965 5079 ceteris
2990 5025 3123 5081 aliis
