3647 5753
417 579 604 626 Tertium
616 574 625 613 Γ

422 641 613 725 ..ma

440 1798 597 1842 conflr-

449 1847 591 1894 matio.

429 2697 620 2742 occurri-

432 2753 498 2791 tur
510 2757 634 2800 smu-

454 2802 603 2841 mento.

440 4730 626 4776 Solvitur

466 4782 617 4840 condr-

469 4836 609 4876 matio.

626 386 741 452 862
1602 419 1616 429 -
1672 388 1767 443 DE
1805 384 2112 441 PRAEMIO
2149 383 2430 440 MERITI.

628 565 843 625 mereri
872 564 942 622 de
980 564 1265 640 condigno
1291 562 1507 621 donum
1535 557 1993 619 confirmationis

630 649 694 705 in
719 647 904 722 gratia
937 668 950 703 :
980 663 1116 721 ergo
1159 653 1218 704 et
1254 644 1471 702 donum
1526 640 1986 715 perseverantiae.
2037 643 2050 655 '

630 731 1046 802 Consequentia
1068 735 1252 801 patet3
1283 744 1419 785 nam
1445 727 1543 798 qui
1568 725 1631 780 in
1657 724 1844 800 gratia
1862 739 1993 780 con-

629 809 918 876 firmatur,
938 826 1006 868 eo
1028 811 1151 883 ipso
1173 811 1236 866 in
1256 810 1443 885 gratia
1466 811 1793 880 perseverat
1819 826 1833 860 z
1855 820 1993 879 ergo

629 892 728 966 qui
768 896 1025 949 meretur
1052 891 1115 947 in
1141 888 1326 966 gratia
1351 886 1710 956 confirmari,
1736 890 1993 943 meretur

631 972 1120 1046 perseverantiam
1163 971 1225 1027 in
1254 970 1376 1026 illa.
1410 966 1761 1025 Antecedens
1800 971 1992 1023 autem

631 1054 923 1128 probatur,
952 1054 1087 1126 quia
1122 1052 1337 1110 donum
1374 1048 1834 1107 confirmationis
1874 1062 1993 1104 non

633 1136 952 1209 requiritur
973 1135 1043 1193 ad
1067 1134 1342 1191 meritum
1364 1130 1732 1196 eliciendum,
1749 1129 1843 1185 vel
1864 1143 1994 1185 con-

630 1219 981 1277 servandum
1008 1263 1023 1287 ,
1079 1221 1315 1290 possunt
1363 1214 1522 1272 enim
1574 1213 1850 1270 meritum
1871 1253 1884 1276 ,
1938 1216 1994 1267 et

632 1301 937 1373 praemium
965 1298 1181 1357 salvari
1208 1294 1663 1369 independenter
1690 1291 1761 1349 ab
1783 1293 1907 1357 illo,
1934 1296 1996 1346 ut

630 1387 781 1456 patet
808 1384 871 1440 in
891 1382 1278 1439 communiter
1300 1377 1733 1452 praedestinatis,
1757 1376 1857 1448 qui
1880 1390 1996 1432 me·

633 1468 855 1529 rentur,
879 1469 935 1520 et
963 1460 1267 1535 praemium
1308 1458 1588 1523 obtinent,
1616 1457 1746 1513 licet
1775 1456 1994 1513 donum

631 1542 1087 1601 confirmationis
1126 1556 1242 1598 non
1290 1539 1600 1597 habuerint
1640 1558 1653 1594 ε
1699 1554 1836 1614 ergo
1877 1552 1995 1594 non

635 1629 931 1699 repugnat,
963 1623 1112 1697 quod
1147 1624 1332 1698 justus
1367 1626 1658 1678 mereatur
1683 1618 1996 1679 confirma-

634 1705 850 1763 tionem
880 1706 943 1761 in
968 1706 1175 1779 gratia.

708 1787 1133 1845 confirmatur:
1169 1800 1306 1842 nam
1334 1785 1416 1842 ita
1454 1801 1513 1842 se
1541 1781 1712 1841 habet
1737 1781 1998 1840 obstina-

635 1869 735 1935 tio,
780 1874 837 1926 et
882 1867 1312 1942 perseverantia
1356 1868 1420 1927 in
1467 1872 1689 1940 peccato
1729 1862 1800 1920 ad
1843 1868 1998 1920 actus

635 1949 836 2015 malos,
857 1950 1000 2007 sicut
1017 1948 1443 2023 perseverantia
1462 1948 1522 2003 in
1544 1948 1730 2022 gratia
1750 1944 1821 2001 ad
1845 1952 1999 2001 actus

634 2026 815 2086 bonos
849 2028 983 2086 :sed
1026 2029 1195 2085 multi
1224 2032 1539 2102 peccatores
1565 2025 1846 2100 condigne
1873 2040 2001 2081 me-

637 2114 840 2165 rentur
867 2108 1334 2174 obstinationem,
1366 2123 1464 2164 seu
1506 2106 1998 2181 perseverantiam

636 2190 701 2247 in
754 2198 976 2264 peccato
994 2216 1009 2261 ;
1051 2190 1336 2264 siquidem
1382 2190 1676 2248 multoties
1730 2190 1877 2246 Deus
1928 2186 2001 2244 ob

637 2272 1015 2344 praecedentia
1042 2272 1300 2330 hominis
1322 2276 1542 2344 peccata
1572 2271 1741 2326 illum
1763 2267 1994 2334 deserit,

636 2356 693 2407 et
721 2352 783 2408 in
813 2357 1033 2425 peccato
1072 2350 1347 2409 obdurari
1377 2349 1659 2422 permittit
1691 2371 1703 2404 ε
1733 2364 1870 2424 ergo
1897 2363 2001 2422 pa-

641 2434 784 2490 riter
806 2436 992 2509 justus
1015 2438 1199 2508 potest
1227 2449 1327 2506 per
1355 2438 1509 2489 actus
1537 2430 1715 2489 bonos
1752 2430 1823 2488 de
1862 2448 2002 2489 con-

640 2512 815 2589 digno
841 2514 1074 2581 mereri,
1109 2519 1169 2570 ut
1195 2530 1326 2571 eum
1357 2515 1501 2570 Deus
1532 2512 1593 2569 in
1629 2517 1776 2569 statu
1803 2513 2005 2590 gratias

640 2601 959 2654 conservet.

717 2674 1113 2748 Respondetur
1133 2681 1472 2751 argumento
1498 2674 1813 2733 omittendo
1840 2680 2005 2732 ante-

644 2757 865 2822 cedens,
892 2762 947 2814 et
967 2756 1227 2831 negando
1254 2759 1737 2831 consequentiam.
1767 2758 1836 2811 Et
1859 2757 2004 2814 ratio

643 2837 994 2912 disparitatis
1046 2837 1282 2895 affertur
1330 2840 1392 2895 in
1446 2840 1569 2913 ipso
1621 2843 1960 2912 argumento
1985 2863 2000 2907 ;

648 2938 783 2980 nam
806 2920 1023 2978 donum
1049 2919 1507 2979 confirmationis
1538 2939 1655 2980 non
1687 2922 2005 2996 requiritur

646 3003 719 3061 ad
770 3003 1047 3060 meritum
1092 3001 1459 3071 eliciendum,
1511 3004 1601 3062 vel
1650 3019 2004 3062 conservan-

646 3087 787 3145 dum
821 3108 834 3143 ε
863 3085 1125 3160 quocirca
1150 3089 1330 3158 potest
1353 3088 1678 3160 comparari
1722 3086 1793 3146 ad
1833 3088 2005 3146 meri·

648 3177 772 3227 tum
800 3186 901 3243 per
921 3168 1157 3226 modum
1181 3169 1437 3236 termini,
1463 3176 1520 3228 et
1540 3172 1848 3246 suppositis
1875 3171 2007 3228 aliis

650 3249 1072 3309 conditionibus
1096 3248 1202 3306 sub
1228 3251 1350 3324 ejus
1371 3250 1591 3310 influxu
1620 3254 1840 3311 cadere.
1873 3255 2007 3311 Per-

649 3333 973 3391 severantia
1000 3348 1135 3389 vero
1172 3332 1487 3404 requiritur
1526 3335 1595 3391 ad
1632 3337 1828 3393 meriti
1868 3351 2007 3394 con-

650 3414 1055 3478 servationem,
1074 3411 1129 3470 et
1149 3417 1211 3467 ut
1231 3429 1461 3471 merens
1481 3416 1745 3487 persistat
1771 3417 1835 3473 in
1856 3420 2004 3472 statu

652 3493 1043 3569 praemiabilis,
1076 3501 1139 3550 ut
1161 3510 1335 3568 supra
1359 3496 1759 3570 explicuimus.
1792 3502 2004 3556 Conse·

646 3577 895 3649 quentiae
939 3581 1129 3634 autem
1178 3576 1436 3649 probatio
1482 3594 1599 3635 non
1641 3585 1821 3655 urget,
1872 3580 2009 3654 quia

647 3657 865 3714 donum
917 3654 1377 3714 confirmationis
1427 3659 1508 3715 ita
1556 3661 1859 3732 supponit,
1910 3665 2009 3717 aut

650 3738 908 3811 implicat
945 3737 1160 3793 donum
1208 3741 1668 3810 perseverantiae,
1701 3741 1851 3814 quod
1892 3744 2009 3803 haec

647 3818 849 3876 debeat
877 3820 1237 3893 praesupponi
1287 3835 1404 3876 non
1441 3822 1630 3878 solum
1678 3821 1748 3879 ad
1787 3823 2006 3883 donum

649 3899 1128 3966 confirmationiS,
1159 3900 1256 3958 sed
1290 3902 1464 3959 etiam
1504 3902 1574 3959 ad
1616 3904 1805 3978 ipsum
1836 3909 2008 3965 meri·

651 3987 793 4049 tum,
809 3982 1010 4038 saltem
1027 3982 1483 4039 conservandum
1501 4000 1677 4057 usque
1691 3985 1762 4043 ad
1780 3991 2006 4060 praemii

651 4064 1016 4123 collationem
1039 4086 1052 4128 ;
1075 4068 1131 4120 et
1151 4063 1231 4120 ita
1251 4065 1449 4137 nequit
1468 4064 1667 4125 cadere
1686 4067 1791 4124 sub
1812 4072 2008 4128 meriti

650 4144 894 4210 influxu,
925 4143 1029 4200 sub
1067 4160 1179 4216 quo
1219 4145 1624 4217 praemittimus
1661 4150 1866 4209 cadere
1902 4152 2007 4211 do-

650 4243 794 4284 num
818 4224 1274 4283 confirmationis
1304 4248 1317 4284 :
1349 4229 1494 4284 sicut
1518 4227 1590 4286 ob
1617 4230 1859 4290 eandem
1883 4251 2011 4308 pro·

649 4310 1112 4385 portionabiliter
1133 4309 1415 4367 rationem
1439 4310 1569 4369 licet
1593 4314 1779 4388 gloria
1805 4333 2010 4391 suppo-

649 4395 750 4448 nat
790 4389 1040 4464 primam
1080 4389 1347 4465 gratiam,
1379 4395 1436 4449 et
1472 4394 1594 4466 ejus
1628 4409 2008 4467 perseveran-

651 4472 792 4529 tiam
811 4512 825 4537 ,
890 4487 1007 4529 non
1071 4471 1321 4527 infertur
1384 4473 1534 4546 quod
1590 4474 1688 4548 qui
1754 4483 2010 4537 meretur

652 4551 919 4626 gloriam,
951 4550 1151 4609 debeat
1190 4552 1442 4625 primam
1481 4555 1745 4629 gratiam,
1777 4560 2010 4634 ejusque

655 4632 1140 4706 perseverantiam
1170 4635 1403 4700 mereri,
1437 4641 1498 4691 ut
1530 4652 1704 4710 supra
1731 4638 2004 4698 vidimus.

726 4713 814 4770 Ad
851 4714 1348 4773 confirmationem
1390 4733 1664 4793 negamus
1690 4723 2005 4798 majorem;

655 4812 791 4853 nam
818 4795 867 4852 si
908 4796 1211 4868 loquamur
1248 4797 1318 4855 de
1358 4797 1758 4869 obstinatione,
1791 4809 1854 4860 ut
1892 4820 2009 4863 non

652 4880 842 4936 solum
881 4877 1018 4936 dicit
1055 4884 1266 4937 statum
1309 4882 1534 4955 peccati,
1562 4884 1662 4941 sed
1689 4885 1863 4944 etiam
1903 4886 2011 4945 fir·-

656 4978 831 5031 mam,
853 4969 910 5022 et
931 4965 1089 5021 velut
1111 4963 1470 5022 immobilem
1512 4967 1897 5029 adhaesionem
1938 4970 2009 5028 ad

661 5047 901 5113 malum,
935 5045 1321 5119 comparanda
1359 5064 1478 5105 non
1497 5056 1584 5107 est
1608 5051 1860 5126 simplici
1891 5071 2025 5129 per-

2121 553 2464 614 severantia)
2489 554 2553 611 in
2573 553 2778 629 gratia,
2804 553 2904 611 sed
2925 553 3083 611 dono
3108 551 3503 610 confirmatio-

2123 639 2235 705 nis,
2269 645 2331 695 ut
2368 637 2757 695 consideranti
2798 636 3128 711 apparebit.
3165 636 3346 693 Unde
3372 637 3502 692 sicut

2123 737 2194 778 ex
2214 737 2298 788 eo,
2317 720 2466 794 quod
2485 722 2670 794 iustus
2687 722 2861 795 possit
2881 720 2954 776 de
2967 720 3275 793 condigno
3298 720 3500 776 mereri

2124 799 2646 868 confirmationem,
2680 816 2795 858 non
2822 803 3107 875 sequitur,
3144 801 3312 873 quod
3344 800 3501 873 possit

2125 884 2340 942 mereri
2388 885 2923 957 perseverantiam:
2975 886 3060 940 ita
3105 900 3184 939 ex
3228 899 3326 949 e0,
3370 882 3502 954 quod

2127 971 2382 1039 peccator
2428 966 2604 1038 possit
2651 965 2867 1023 mereri
2920 963 3397 1020 obstinationem
3450 963 3502 1018 ia

2126 1048 2299 1113 malo,
2330 1046 2578 1104 minime
2604 1047 2893 1121 colligitur
2914 1046 3142 1120 justum
3190 1060 3369 1117 posse
3395 1060 3502 1100 me-

2127 1130 2249 1187 reri
2267 1128 2338 1187 de
2357 1128 2640 1204 condigno
2662 1130 3168 1201 perseverantiam
3199 1130 3272 1185 in
3303 1129 3497 1202 gratia„

2128 1214 2198 1268 Et
2218 1212 2364 1270 ratio
2384 1217 2469 1269 est
2493 1211 2694 1269 eadem
2719 1211 3039 1285 utrobique,
3065 1211 3215 1284 quia
3241 1210 3500 1267 videlicet

2128 1311 2231 1352 nec
2251 1294 2613 1353 confirmatio
2633 1293 2993 1352 desideratur
3023 1294 3094 1350 ad
3119 1293 3496 1351 eliciendum.

2127 1379 2220 1437 vel
2241 1376 2699 1436 conservandum
2728 1378 2936 1434 merita
2963 1402 2978 1444 ;
3022 1392 3220 1449 neque
3247 1374 3497 1433 obstina-

2128 1461 2208 1517 tio
2236 1460 2551 1534 requiritur
2579 1458 2649 1516 ad
2687 1474 2827 1526 esse,
2862 1460 2953 1516 vel
2993 1458 3497 1515 conservationem

2128 1542 2544 1599 demeritorum
2572 1561 2585 1596 ε
2615 1546 2781 1614 atque
2824 1540 2951 1597 ideo
3000 1546 3276 1612 possunt,
3309 1541 3496 1596 saltem

2128 1642 2200 1683 ex
2229 1624 2287 1682 vi
2323 1623 2510 1697 hujus»,
2540 1623 2647 1679 sub
2682 1623 2911 1689 merito,
2944 1624 3036 1680 vel
3077 1621 3386 1679 demerito
3422 1639 3498 1677 αι-

2129 1707 2312 1764 dere:
2358 1702 2790 1778 perseverantia
2829 1710 3023 1760 autem
3071 1703 3142 1758 in
3187 1702 3393 1776 gratia
3432 1708 3498 1757 est

2130 1787 2372 1846 omnino
2399 1785 2736 1850 necessaria,
2764 1790 2823 1840 ut
2847 1785 3057 1841 merita
3083 1791 3497 1841 conserventur

2131 1870 2193 1925 in
2221 1884 2344 1925 esse
2376 1867 2581 1924 talium
2629 1880 2803 1938 usque
2850 1864 2919 1920 ad
2965 1865 3199 1937 praemii
3244 1865 3497 1922 collatio-

2132 1968 2286 2016 nem,
2331 1956 2387 2007 et
2422 1954 2831 2022 consequenter
2873 1962 2992 2003 non
3035 1948 3194 2004 valet
3237 1947 3378 2005 dari
3419 1963 3497 2019 pci-

2131 2030 2369 2091 modum
2399 2029 2648 2104 praemii.

2206 2114 2265 2168 Si
2293 2128 2430 2169 vero
2458 2113 2764 2184 loquamur
2789 2106 2862 2164 de
2906 2106 3321 2167 obstinatione
3351 2117 3498 2183 prout

2132 2197 2320 2253 solum
2365 2193 2504 2251 dicit
2540 2192 2864 2264 simplicem
2915 2193 3411 2260 permanentiam
3453 2193 3499 2245 in

2132 2284 2281 2335 statu
2330 2276 2559 2351 peccati,
2590 2281 2643 2332 et
2687 2274 2978 2347 passivam
3021 2276 3363 2334 carentiam
3401 2280 3501 2350 pri-

2134 2361 2389 2416 vativam
2419 2356 2634 2435 gratiae,
2663 2370 2778 2411 non
2813 2358 3219 2428 praesupponit
3253 2375 3496 2417 necessa·
3539 2418 3540 2423 η

2136 2442 2226 2498 rio
2255 2448 2542 2514 peccatum
2579 2436 2888 2500 habituale,
2924 2436 3023 2492 sed
3067 2444 3265 2510 potest
3310 2443 3500 2499 imme-
3539 2472 3540 2497 l

2136 2524 2288 2581 diate
2328 2521 2522 2579 induci
2570 2537 2670 2594 per
2711 2526 2897 2577 actum
2930 2523 3433 2593 peccaminosum,
3457 2536 3500 2581 ut
3539 2540 3540 2543 ¹

2135 2605 2520 2679 explicuimus
2545 2609 2705 2659 tract.
2721 2601 2946 2675 praeced.
2972 2600 3188 2673 disput.
3217 2607 3281 2670 2,
3314 2607 3439 2662 dub.
3456 2612 3498 2661 3.

2138 2686 2303 2744 Unde
2329 2686 2550 2742 mirum
2579 2700 2696 2741 non
2723 2686 2827 2749 est,
2859 2681 3012 2755 quod
3053 2685 3242 2754 possit
3274 2686 3384 2743 sub
3419 2686 3499 2743 de-

2138 2771 2347 2828 merito
2375 2774 2532 2824 actus
2552 2765 2939 2839 *peccaminosi
2968 2764 3201 2831 cadere,
3230 2762 3499 2840 siquidem

2139 2868 2240 2926 per
2261 2851 2433 2908 illum
2458 2846 2767 2905 inducitur.
2794 2849 3077 2903 Caeterum
3104 2853 3273 2905 actus
3297 2850 3368 2908 de
3392 2867 3500 2908 coa·

2137 2934 2311 3008 digno
2339 2930 2694 2995 meritorius,
2725 2929 2870 2984 sicut
2900 2930 3235 2987 necessario
3260 2948 3496 3004 praesup-
3539 2965 3540 2982 ;

2138 3015 2300 3090 ponit
2345 3011 2612 3088 gratiam,
2646 3012 2727 3067 ita
2773 3010 2842 3067 ad
2881 3010 2974 3065 sui
3004 3017 3496 3071 conversationem
3539 2991 3540 3056 i

2140 3093 2502 3170 praerequirit
2549 3094 2681 3149 talis
2727 3093 2930 3167 gratiae
2984 3098 3495 3163 perseverantiam.

2139 3183 2304 3250 atque
2350 3174 2475 3232 ideo
2527 3189 2644 3230 non
2672 3175 2822 3231 valet
2847 3177 3182 3250 comparari
3212 3175 3284 3230 ad
3331 3177 3498 3231 illam
3539 3209 3540 3248 ἢ

2138 3263 2413 3331 tanquam
2443 3253 2512 3310 ad
2542 3255 2867 3326 praemium.
3539 3257 3540 3304 l

2221 3340 2341 3396 106.
2366 3337 2644 3412 Arguitur
2668 3342 2871 3409 quarto
2918 3360 2930 3395 :
2959 3339 3096 3412 quia
3119 3338 3306 3409 justus
3323 3311 3541 3428 potestffii

2139 3419 2354 3476 mereri
2396 3417 2465 3475 de
2490 3416 2772 3491 condigno
2800 3419 2918 3489 pati
2952 3434 3057 3489 pro
3085 3418 3320 3473 Christo
3348 3434 3541 3476 mar-n

2139 3500 2356 3575 tyrium
2406 3522 2420 3557 :
2470 3515 2605 3573 ergo
2655 3504 2712 3555 et
2755 3498 2972 3556 donum
3029 3501 3490 3573 perseverantiae.
3539 3523 3540 3562 ;

2140 3581 2555 3653 Consequentia
2582 3580 2786 3652 liquet;
2830 3597 2967 3637 nam
2997 3582 3365 3655 martyrium
3415 3583 3493 3638 in-

2141 3662 2467 3720 fallibiliter
2493 3662 2659 3720 affert
2686 3663 3176 3734 perseverantiam
3210 3661 3450 3720 finalem
3479 3685 3488 3716 :
3539 3709 3540 3724 ,

2140 3742 2477 3802 antecedens
2517 3750 2707 3800 autem
2746 3743 3020 3816 probatur
3046 3759 3121 3800 ex
3151 3745 3218 3800 D.
3255 3745 3494 3800 Ambro-
3539 3747 3540 3808 ἶ

2122 3828 2223 3890 ,sio
2271 3827 2366 3882 lib.
2395 3826 2458 3881 de
2488 3826 2910 3892 Resurrectione,
2941 3845 3061 3899 cap.
3103 3828 3160 3888 8.
3192 3833 3258 3884 et
3297 3830 3362 3883 D.
3394 3833 3496 3881 Aa-

2139 3912 2285 3981 gust.
2309 3924 2470 3975 serm,
2497 3909 2551 3973 3,
2577 3908 2641 3963 dc
2665 3914 2851 3962 sancto
2884 3905 3148 3963 Laui-ent.
3181 3907 3291 3963 ubi
3319 3909 3491 3982 signi·

2140 3988 2312 4046 ficant
2321 3989 2539 4062 justum
2557 4004 2717 4062 posse
2732 4004 2830 4062 per
2844 3988 3187 4044 excellentia
3203 3989 3496 4045 charitati-³

2141 4087 2313 4143 opera
2354 4073 2587 4137 mereri,
2619 4070 2767 4143 quod
2797 4087 2898 4144 pro
2927 4071 3154 4127 Christo
3188 4072 3497 4130 moriatur.

2214 4150 2607 4224 Respondetur
2636 4152 2826 4223 primo
2848 4150 3108 4224 negando
3136 4147 3541 4211 antecedere&

2141 4232 2274 4306 quia
2300 4249 2458 4291 mors
2499 4249 2602 4305 pro
2629 4233 2853 4290 Christo
2891 4238 2976 4288 est
3022 4233 3148 4304 ipsa
3175 4236 3504 4308 conjunctio

2140 4315 2340 4390 gratiae
2386 4331 2516 4373 cum
2552 4315 2756 4390 gloria,
2787 4320 2844 4373 et
2883 4316 2963 4372 ita
2990 4314 3231 4372 videtur
3259 4317 3418 4390 quod
3461 4333 3506 4371 ss

2143 4401 2331 4454 teneat
2355 4412 2427 4452 ex
2467 4403 2626 4471 parte
2669 4396 3126 4453 conservationis
3171 4400 3390 4470 gratias
3420 4413 3508 4471 pro

2142 4479 2246 4537 illo
2292 4479 2564 4546 instanti;
2594 4485 2762 4552 atque
2800 4478 2929 4536 ideo
2968 4494 3086 4535 non
3117 4479 3304 4536 habet
3330 4481 3507 4536 ratio-

2143 4579 2277 4621 nem
2318 4563 2544 4637 praemii
2567 4604 2581 4628 ,
2636 4562 2733 4620 sed
2779 4561 2850 4619 ad
2905 4561 3051 4618 illud
3105 4564 3513 4636 praesupponi·

2140 4649 2256 4702 tur.
2310 4645 2469 4711 Quod
2510 4643 2711 4703 docere
2750 4643 2977 4701 videtur
3023 4644 3090 4698 D.
3131 4646 3391 4718 August.
3428 4646 3508 4701 lib.

2141 4726 2206 4782 de
2248 4726 2383 4782 bono
2446 4728 2877 4801 perseverantias,
2929 4742 3053 4797 cap.
3105 4726 3164 4790 2,
3215 4726 3325 4784 ubi
3376 4728 3460 4784 ait
3501 4747 3512 4780 x

2147 4831 2173 4864 α
2204 4809 2363 4876 Quod
2403 4811 2453 4867 si
2501 4826 2620 4868 non
2664 4809 2758 4877 sit,
2809 4806 3095 4880 quomodo
3147 4824 3373 4866 verum
3423 4815 3514 4866 est.

2147 4915 2174 4947 κ
2203 4893 2354 4968 quod
2375 4894 2677 4968 Apostolus
2698 4893 2779 4948 ait
2800 4890 2869 4949 ad
2899 4891 3120 4963 Philip.
3146 4894 3198 4947 1:
3224 4891 3418 4951 Vobis
3438 4893 3516 4949 do

2150 4996 2175 5030 α
2204 4980 2405 5033 natum
2426 4980 2512 5034 est
2533 4991 2634 5049 pro
2662 4974 2904 5036 Christo,
2939 4989 3062 5029 non
3082 4974 3290 5031 solum
3319 4980 3384 5031 ut
3407 4989 3516 5031 cre·-

2165 5081 2191 5111 «
2226 5059 2375 5118 datis
2415 5061 2479 5117 in
2507 5072 2871 5123 eum‚verum
2901 5056 3084 5112 etiam
3118 5061 3183 5113 ut
3206 5055 3511 5131 patiamini

3429 5155 3518 5210 pru
