3647 5753
1443 327 1621 383 DISP.
1666 328 1736 394 ΙΙ,
1779 329 1944 387 DUB.
1989 332 2057 389 V.

261 509 425 580 ponit
445 506 515 564 ad
544 508 792 564 sormam
817 503 1343 579 incompossibilem
1366 519 1495 560 eum
1518 502 1625 558 ha-

264 588 426 645 bitu:
480 603 652 660 quam
681 586 731 643 si
782 585 1043 653 efficeret,
1092 600 1163 642 eo
1209 584 1334 658 ipso
1360 582 1624 639 habitum

177 727 180 730 .
262 670 600 727 destrueret.
632 669 800 727 Unde
841 669 890 725 si
915 667 1187 742 impediri
1209 665 1495 723 divinitus
1521 681 1627 721 va-

266 752 345 808 let
388 750 617 808 habitus
657 750 822 808 actui.
858 747 1331 822 correspondens,
1362 746 1626 819 componi

263 832 437 890 etiam
484 831 767 889 divinitus
820 830 1030 906 poterit
1056 833 1211 886 actus
1253 844 1384 885 cum
1426 826 1627 884 habitu

264 912 375 969 sibi
424 912 674 969 mediate
717 917 941 968 tantum
970 909 1227 984 opposito
1258 931 1272 976 ;
1323 923 1441 965 non
1467 908 1628 966 enim

269 998 546 1069 repugnat
587 992 741 1049 idem
768 991 1085 1065 subjectum
1115 991 1396 1064 attingere
1435 994 1631 1046 actua-

269 1076 402 1132 liter
448 1073 687 1149 aliquid,
727 1078 786 1131 et
810 1073 881 1130 ad
908 1073 1231 1146 oppositum
1260 1070 1632 1128 habitualiter

272 1156 564 1218 inclinari,
600 1154 914 1229 praesertim
955 1170 1086 1210 cum
1110 1170 1264 1211 mera
1291 1153 1632 1228 attingentia

274 1236 511 1292 actualis
544 1234 614 1291 ab
636 1234 918 1292 habituali
949 1233 1185 1309 praec'isa
1206 1250 1323 1290 non
1364 1233 1632 1291 domine-

273 1323 367 1373 tur
393 1317 634 1389 perfecte
664 1315 932 1390 subjecto,
958 1316 1056 1373 sed
1084 1321 1310 1373 tantum
1339 1315 1486 1371 illud
1509 1314 1633 1372 affi-

270 1399 385 1454 ciat
414 1415 513 1471 per
534 1396 766 1454 modum
791 1399 1259 1455 transeuntiS.Sic
1282 1401 1471 1454 autem
1496 1397 1634 1454 acci-

268 1482 358 1537 dit
399 1482 463 1537 in
491 1481 892 1555 conjunctione
918 1479 1150 1536 habitus
1197 1478 1354 1545 fidei,
1385 1484 1442 1538 et
1479 1483 1634 1536 actus

269 1563 522 1619 scientiae
546 1562 699 1619 circa
745 1559 899 1617 idem
942 1559 1225 1636 objectum
1259 1584 1273 1628 ;
1305 1577 1443 1617 nam
1480 1564 1636 1616 actus

272 1643 523 1700 scientiae
549 1659 654 1700 nec
681 1641 940 1714 producit
968 1641 1501 1720 indispensabiliter
1528 1641 1636 1698 ha-

276 1723 456 1780 bitum
477 1723 745 1788 scientiae,
780 1738 884 1778 nec
914 1723 1085 1779 illum
1113 1722 1226 1778 sibi
1251 1721 1636 1779 essentialiter

275 1806 525 1863 annectit
550 1830 563 1872 ;
593 1805 689 1862 sed
716 1810 897 1878 potest
937 1803 1009 1861 ab
1037 1803 1236 1860 habitu
1264 1804 1376 1860 sibi
1411 1819 1636 1861 corres—

279 1886 556 1958 pondente
583 1886 868 1943 divinitus
888 1884 1148 1958 separari
1161 1887 1313 1955 (cum
1330 1885 1638 1958 praedictus

278 1967 503 2024 habitus
546 1966 748 2025 debeat
788 1981 821 2022 a
847 1969 960 2023 Deo
1002 1965 1258 2037 produci)
1294 1971 1461 2038 atque
1510 1965 1639 2023 ideo

278 2055 428 2105 actus
465 2049 717 2106 scientiae
755 2055 840 2105 est
883 2047 1167 2103 divinitus
1227 2046 1637 2122 conjungibilis

279 2145 408 2185 cum
434 2129 631 2186 habitu
660 2128 795 2186 fidei
842 2128 994 2186 circa
1039 2127 1283 2184 eandem
1309 2128 1633 2185 veritatem.

283 2214 447 2267 Actus
474 2217 663 2268 autem
694 2209 904 2283 peccati
949 2214 1034 2266 est
1068 2209 1311 2266 omnino
1339 2207 1639 2281 insepara-

281 2292 417 2349 bilis
436 2310 467 2350 a
489 2298 710 2365 peccato
754 2290 1056 2356 habituali,
1081 2306 1150 2348 eo
1169 2289 1320 2363 quod
1348 2289 1640 2347 habituale

283 2381 570 2446 peccatum
612 2375 807 2447 nequit
834 2390 865 2430 a
913 2375 1027 2430 Deo
1080 2371 1334 2446 produci,
1385 2378 1447 2428 ut
1471 2389 1543 2429 ex
1581 2387 1640 2429 se

283 2454 469 2526 liquet
497 2479 511 2522 3
542 2471 644 2512 nec
670 2454 741 2511 ab
766 2454 1002 2512 homine
1028 2456 1197 2512 aliter
1224 2453 1307 2520 fit,
1336 2469 1509 2526 quam
1539 2469 1641 2527 per

289 2539 574 2605 peccatum
621 2536 855 2600 actuale,
885 2551 1008 2608 quae
1052 2539 1137 2592 est
1167 2534 1374 2590 ultima
1401 2533 1641 2589 causali-

287 2621 376 2671 tas
397 2615 469 2673 ad
513 2618 907 2674 resultantiam
930 2618 1092 2673 illius
1125 2636 1138 2672 ε
1168 2620 1332 2688 atque
1361 2614 1488 2673 ideo
1510 2631 1641 2688 pec-

285 2700 411 2753 cato
433 2698 634 2755 actuali
656 2698 855 2770 posito,
882 2696 1240 2770 impossibile
1251 2701 1333 2753 est
1356 2695 1641 2769 impedire

285 2778 684 2835 resultantiam
725 2776 1054 2834 habitualis,
1086 2775 1470 2842 Quamobrem
1496 2776 1644 2833 sicut

282 2866 571 2934 peccatum
598 2860 888 2919 habituale
914 2860 1224 2933 opponitur
1244 2859 1442 2933 gratiae
1461 2875 1642 2932 oppo-

276 2943 491 3001 sitione
528 2940 863 2999 immediata
896 2940 1177 2997 divinitus
1219 2940 1594 3013 insuperabili
1626 2961 1639 2996 ε

276 3025 359 3081 ita
387 3029 673 3098 peccatum
699 3025 917 3081 actuale
937 3021 1458 3097 opponiturgratiae
1485 3026 1644 3079 tanta

271 3106 635 3179 oppositione
679 3105 946 3171 mediata,
980 3111 1041 3159 ut
1068 3120 1171 3161 nec
1217 3102 1501 3160 divinitus
1541 3104 1643 3160 de—

272 3186 430 3243 vinci
459 3189 645 3259 queat.

347 3260 516 3318 Adde
545 3262 838 3333 peccatum
888 3257 1108 3315 actuale
1133 3273 1255 3314 esse
1281 3257 1638 3325 immediate,

267 3347 327 3399 et
380 3359 488 3416 per
545 3342 919 3414 semetipsum
973 3339 1454 3412 impedimentum
1475 3384 1488 3409 ,
1533 3356 1644 3413 quo

263 3428 461 3481 stante
490 3424 700 3496 nequit
724 3421 913 3496 gratia
928 3421 1154 3478 homini
1182 3421 1434 3490 infundi,
1467 3422 1560 3478 vel
1582 3422 1645 3476 in

265 3504 377 3562 illo
402 3503 746 3562 conservari
761 3525 793 3571 .;
833 3518 971 3558 nam
1000 3500 1333 3573 praedictum
1357 3506 1645 3574 peccatum

266 3603 372 3660 per
417 3586 805 3658 semetipsum
850 3584 1148 3641 constituit
1193 3584 1492 3641 hominem
1533 3584 1645 3641 Deo

265 3670 630 3743 simpliciter
643 3666 906 3724 odiosum
934 3670 990 3723 et
1011 3665 1463 3723 abominabilem
1485 3683 1646 3734 ;cum

262 3768 381 3825 quo
410 3751 591 3807 nullo
619 3748 789 3806 modo
840 3748 1107 3820 componi
1137 3751 1335 3821 potest,
1384 3753 1445 3802 ut
1474 3748 1648 3805 homo

263 3834 562 3890 terminet
609 3830 977 3887 dilectionem
1004 3829 1102 3886 Dei
1132 3829 1491 3903 simpliciter,
1523 3829 1649 3887 sine

258 3930 378 3986 qua
421 3911 640 3986 nequit
691 3913 837 3966 Deus
874 3910 1121 3983 gratiam
1161 3909 1402 3975 efficere,
1449 3915 1546 3966 aut
1584 3910 1649 3966 in

260 3994 515 4052 homine
563 4006 931 4060 conservare,
984 3996 1244 4063 utsupra
1270 3989 1651 4063 expendimus

256 4095 296 4133 a
322 4093 492 4132 num.
548 4075 681 4131 123.
713 4074 881 4129 Actus
908 4087 1046 4129 vero
1068 4071 1301 4128 unionis
1323 4088 1441 4129 non
1463 4072 1650 4144 impe-

3006 340 3119 397 395

1758 520 1892 573 cum
1928 511 2149 579 peccato
2193 509 2485 586 conjungi,
2519 529 2637 570 non
2659 514 2936 588 sequitur,
2967 514 3123 587 quod

1762 585 1908 642 illud
1947 586 2272 648 formaliter
2310 594 2590 666 expellat,
2640 594 2738 652 sed
2776 594 2925 669 quod
2972 594 3118 651 illud

1761 682 1864 739 per
1890 669 2155 741 gratiam,
2199 675 2472 745 tanquam
2520 691 2621 749 per
2640 692 2869 733 causam
2899 677 3121 734 sorma-

1761 748 1897 816 lem,
1922 756 2206 823 supponat
2243 755 2559 812 exclusum.
2592 758 2741 813 Tum
2761 758 2956 826 etiam,
2983 757 3121 830 quia

1761 832 1882 885 esto
1901 832 2056 885 actus
2080 831 2377 889 charitatis
2403 836 2535 892 'non
2576 834 2903 908 procederet
2936 852 2968 892 a
2993 852 3121 910 gra-

1762 906 1862 973 tia,
1908 907 2091 965 adhuc
2116 915 2311 969 tamen
2352 928 2470 970 non
2499 914 2765 981 infertur,
2798 915 2989 987 ipsum
3017 930 3123 972 ex-

1764 991 1980 1062 pellere
2009 998 2293 1063 peccatum
2312 1011 2419 1067 per
2440 995 2676 1054 modum
2698 1011 2879 1053 oausae
2898 995 3123 1054 forma-

1764 1071 1852 1140 lis,
1882 1071 1980 1129 sed
2006 1075 2196 1131 solum
2243 1092 2345 1148 per
2365 1078 2602 1137 modum
2623 1096 2804 1137 causae
2826 1079 3124 1151 dispositi-

1765 1171 1873 1220 vae,
1905 1159 1967 1210 ut
1991 1161 2191 1214 contra
2228 1159 2483 1233 Vasquez
2521 1161 2880 1219 ostendimus
2903 1163 3036 1219 dub.
3063 1166 3119 1219 2.

1719 1282 1723 1290 .
1764 1235 1943 1304 Adde,
1974 1238 2125 1310 quod
2151 1240 2295 1297 sicut
2319 1257 2391 1298 ex
2417 1259 2503 1310 eo,
2526 1243 2676 1316 quod
2705 1250 2859 1302 actus
2882 1244 3127 1301 charita-

1765 1317 1840 1373 tis
1879 1317 1955 1373 sit
1978 1320 2291 1377 secundum
2321 1329 2660 1395 praesentem
2702 1325 3127 1399 providentiam

1768 1397 2243 1474 inconjungibilis
2269 1419 2399 1459 cum
2447 1408 2688 1476 peccato,
2733 1422 2850 1464 non
2870 1405 3149 1482 sequitur·

1765 1494 1889 1535 esse
1927 1478 2002 1536 de
2051 1481 2196 1538 sacto
2248 1482 2498 1540 formam
2552 1485 2981 1558 justificantem,
3037 1487 3132 1544 vel

1769 1559 2140 1617 remissivam
2186 1564 2416 1635 peccati,
2450 1570 2513 1620 ut
2558 1582 2759 1623 omnes
2797 1566 3133 1625 Adversarii

1769 1637 2085 1697 admittunt
2114 1663 2126 1699 :
2173 1643 2252 1699 ita
2277 1659 2348 1700 ex
2387 1660 2473 1709 eo,
2524 1646 2674 1719 quod
2701 1646 2982 1704 divinitus
3001 1664 3131 1706 cum

1771 1724 1994 1792 peccato
2014 1722 2283 1796 conjungi
2308 1739 2426 1780 non
2450 1725 2656 1791 valeat,
2682 1726 2928 1783 minime
2956 1732 3135 1799 potest

1770 1798 2002 1866 inferri,
2035 1802 2184 1874 quod
2207 1802 2277 1860 de
2318 1803 2484 1871 facto,
2542 1805 2634 1861 vel
2661 1805 2730 1861 de
2770 1806 3027 1879 possibili
3061 1807 3134 1864 sit

1771 1880 1962 1938 forma
2008 1881 2328 1955 iustificans
2359 1926 2374 1951 ,
2421 1890 2485 1940 ut
2530 1884 2678 1942 bene
2715 1885 3136 1944 declaravimus

1772 1959 1894 2017 loco
1915 1962 2179 2034 proxime
2199 1961 2390 2019 citato.

2257 2197 2541 2252 DUBIUM
2582 2199 2649 2253 V.

1785 2365 1987 2423 Utrum
2025 2373 2304 2437 peccatum
2351 2366 2590 2422 hominis·
2633 2367 2831 2422 elevati
2875 2369 2949 2423 ad
2973 2370 3135 2440 finem

1847 2446 2327 2519 supernaturalem
2378 2452 2550 2519 possit
2595 2450 2867 2505 divinitus
2921 2452 3141 2524 auferri

1847 2529 2047 2606 absque
2070 2531 2377 2585 mutatione
2398 2532 2696 2586 intrinseca
2719 2535 3043 2605 peccatori&

1851 2696 1935 2751 Ex
2001 2694 2291 2767 hucusque
2357 2694 2523 2751 dictis
2574 2701 2791 2754 constat
2823 2739 2836 2762 ,
2893 2690 3139 2772 gratiam

1774 2774 2241 2834 sanctificantem.
2265 2791 2387 2833 esse
2416 2778 2799 2835 necessariam
2825 2779 3140 2837 secundum

1776 2859 2117 2928 praesentem
2166 2854 2590 2929 providentiam
2640 2856 2710 2914 ad
2736 2857 3139 2918 remissionem

1777 2935 1988 3008 peccati
2019 2934 2324 3002 mortaliS,
2377 2941 2713 3009 tantamque
2758 2938 2971 2995 habere
3009 2956 3142 2997 cum

1776 3018 1880 3075 illo
1900 3017 2338 3090 oppositionem,
2373 3023 2434 3073 ut
2464 3034 2566 3075 nec
2591 3018 2875 3076 divinitus
2904 3023 3139 3080 valeant

1777 3100 1841 3155 in
1879 3099 2081 3156 eodem
2130 3099 2384 3175 subjecto
2432 3101 2721 3175 conjungi.
2754 3101 3025 3169 Succedit,
3083 3110 3147 3160 ut

1777 3179 2209 3254 investigemus,
2256 3197 2329 3236 an
2383 3180 2651 3252 praedicta
2674 3183 2859 3256 gratia
2899 3182 2975 3238 sit
3002 3183 3143 3242 adeo

1778 3262 2055 3333 requisita
2081 3261 2151 3318 ad
2190 3261 2606 3318 destruendum
2638 3268 2946 3335 peccatum,
2990 3265 3139 3339 quod

1778 3342 1950 3415 hujus
1977 3342 2246 3398 remissio
2266 3342 2340 3396 sit
2358 3342 2735 3414 impossibilis
2753 3342 2959 3416 absque
2981 3345 3143 3401 illius

1777 3423 2319 3480 communicatione.
2346 3425 2516 3497 CuJ'us
2543 3424 2890 3481 difficultatis
2927 3427 3143 3482 enoda-

1778 3503 1926 3561 tioni
1947 3502 2231 3559 deserviet
2254 3519 2502 3574 praesens
2522 3503 2763 3560 dubium
2780 3521 2908 3561 cum
2926 3504 3144 3563 duobus

1779 3583 2165 3657 sequentibus
2220 3582 2329 3640 Sed
2357 3588 2415 3639 ut
2442 3586 2725 3642 terminos
2753 3586 2907 3641 tituli
2955 3588 3146 3660 expli-

1779 3681 1990 3733 cemus,
2021 3669 2077 3721 et
2096 3665 2273 3720 simul
2306 3680 2662 3736 exponamus
2699 3672 2971 3738 punctum
2992 3667 3146 3723 diffi-

1781 3746 2008 3802 cultatis
2038 3747 2101 3802 in
2130 3746 2233 3803 hoc
2258 3744 2452 3812 dubio,
2480 3751 2537 3803 et
2563 3747 2930 3819 sequentibus
2951 3751 3145 3805 venti-

1781 3826 1987 3893 landas,
2020 3830 2241 3900 oportet
2281 3825 2474 3899 aliqua
2524 3825 2781 3885 brevitor
2822 3828 3144 3900 praelibare.

2409 4003 2527 4071 §1-

258 4158 349 4214 dit
372 4161 594 4222 Deum,
628 4159 693 4211 ut
720 4151 982 4211 habitum
1007 4150 1140 4208 fidei
1166 4152 1492 4225 specialiter
1512 4167 1652 4209 con-

260 4244 484 4298 servet.

56 4321 234 4369 punitur
337 4315 432 4371 Ad
445 4310 961 4372 confirmationem
976 4306 1337 4367 concedimus
1349 4309 1647 4382 majorem,

75 4375 221 4468 ffiffligss
258 4412 444 4470 quam
469 4399 633 4452 recte
652 4391 869 4448 evincit
896 4390 1156 4464 probatio
1180 4389 1289 4462 ipsi
1322 4389 1559 4455 inserta,
1594 4391 1664 4441 ut

256 4476 677 4551 expendimus
699 4477 813 4529 toto
834 4475 866 4542 ς
887 4472 941 4539 3,
966 4475 1022 4527 et
1043 4484 1319 4544 negamus
1341 4469 1649 4525 minorem.

258 4559 350 4614 Ad
372 4558 467 4631 cuj
478 4573 546 4611 ns
573 4552 978 4628 probationem
1015 4548 1376 4605 admittimus
1405 4549 1656 4622 primam

259 4640 580 4715 sequelam
611 4678 623 4701 ‚
683 4639 740 4691 et
781 4648 1058 4707 negamus
1117 4630 1448 4688 secundam.
1509 4632 1657 4686 Tum

225 4764 228 4765 ν
256 4725 405 4798 quia
428 4725 603 4778 actus
641 4715 940 4772 charitatis
965 4712 1250 4786 dependet
1275 4713 1660 4769 essentialiter

260 4821 296 4861 a
323 4802 529 4878 gratia
551 4796 974 4862 sanctificante,
1000 4800 1278 4868 tanquam
1308 4810 1342 4850 a
1365 4794 1573 4858 forma,
1605 4797 1663 4848 et

261 4879 579 4959 principio
602 4876 886 4956 effectivo,
913 4881 978 4931 ut
999 4875 1156 4931 infra
1181 4875 1306 4931 dub.
1339 4876 1376 4930 6
1402 4874 1662 4930 declara-

261 4965 469 5022 bimus
499 4985 514 5020 :
550 4960 715 5018 unde
760 4958 893 5015 licet
915 4955 1216 5031 praedictus
1246 4960 1400 5013 actus
1424 4958 1665 5028 nequeat

1922 4149 2344 4207 Praemittuntur
2370 4149 2567 4229 aliqum
2601 4151 3012 4207 observationes

1870 4307 1991 4364 139.
2037 4309 2354 4373 Peccatum,
2402 4322 2505 4381 pro
2549 4308 2708 4381 cujus
2747 4308 3147 4377 destructione,
3185 4344 3357 4387 Nolu-

1788 4392 1845 4443 et
1871 4385 2274 4442 destructionis
2301 4386 2483 4443 causis
2523 4385 2882 4443 elucidandis
2905 4404 3158 4460 praesens

1788 4463 2033 4520 dubium
2078 4464 2370 4534 ordimur,
2422 4465 2588 4522 debet
2631 4482 2751 4523 osse
2796 4483 3005 4542 grave,
3058 4487 3159 4530 seu

1790 4547 2037 4603 mortale
2067 4590 2080 4614 ,
2146 4547 2295 4620 quod
2341 4547 2607 4604 videlicet
2670 4552 2925 4623 graviter
2976 4554 3161 4627 legem

1791 4627 1990 4694 violat,
2023 4633 2077 4684 et
2109 4627 2322 4684 rationi
2363 4628 2673 4699 opponitur
2708 4651 2720 4684 :
2762 4630 2914 4686 istud
2955 4634 3167 4707 quippe

1791 4713 1895 4775 est,
1947 4707 2097 4781 quod
2143 4707 2441 4764 hominem
2488 4709 2784 4766 constituit
2822 4712 3170 4785 simpliciter

1794 4790 2064 4863 impium,
2096 4793 2153 4845 et
2196 4787 2517 4860 injustum;
2568 4795 2623 4846 et
2661 4791 2821 4865 qu‘us
2861 4793 3193 4854 destructio-
3245 4837 3251 4843 -

1796 4869 2008 4926 dicitur
2019 4867 2435 4941 justificatio,et
2454 4874 2540 4925 est
2560 4872 2804 4928 materia
2825 4873 2973 4931 circa
2996 4892 3169 4948 quam

1796 4951 1966 5025 hujus
1987 4952 2283 5006 Tractatus
2308 4973 2323 5017 ;
2352 4950 2606 5009 venialia
2627 4953 2785 5033 enim
2818 4970 2932 5012 non
2957 4955 3176 5014 faciunt
