3647 5753
51 4572 185 4620 conflr-

43 4628 207 4718 ‘tif-'31²⁶
219 4648 700 4721 consequentiam
720 4646 976 4718 praedicti
997 4649 1302 4716 Authoris;
1326 4665 1460 4707 nam
1480 4666 1602 4723 pec-

65 4732 156 4768 uem.
217 4734 406 4787 catum
433 4728 742 4787 habituale
769 4727 940 4785 habet
967 4729 1389 4801 oppositionem
1410 4747 1481 4787 ex
1503 4746 1601 4787 na-

1450 430 1627 486 DISP.
1673 432 1767 498 111,
1812 434 1975 512 DUB.
2011 437 2102 493 111.

253 601 356 656 per
408 588 727 647 minimum
757 592 982 651 instans
1017 598 1328 656 coexistere
1353 642 1366 664 ,
1410 600 1623 672 quippe

250 684 384 723 cum
413 668 566 727 inter
592 688 659 729 ea
686 682 950 747 agnoscat
977 679 1395 752 oppositionem
1418 697 1491 739 ex
1514 697 1624 738 na-

253 751 384 805 tura
400 750 484 806 rei
509 752 790 811 :minime
814 772 952 813 vero
980 758 1285 830 procedere
1305 760 1378 818 de
1400 767 1623 835 peccato

252 831 484 898 actuali,
512 832 665 905 quod
691 840 777 891 est
818 836 913 893 via
941 837 1014 894 ad
1038 845 1252 896 statum
1283 842 1494 915 peccati
1521 886 1535 911 ,
1566 848 1624 900 et

255 926 374 969 non
400 912 571 972 habet
590 931 663 973 ex
690 923 901 975 natura
920 936 1025 977 sua
1045 923 1466 995 oppositionem
1488 941 1620 981 cum

251 992 438 1064 gratia
470 1015 483 1051 ε
513 997 664 1068 quod
694 998 938 1072 proinde
971 1003 1176 1058 asserit
1204 1003 1307 1060 ille
1333 1004 1621 1062 cohaerere

252 1071 324 1130 de
346 1073 492 1131 facto
513 1092 615 1147 per
639 1078 876 1151 aliquod
905 1079 1131 1138 instans
1155 1100 1287 1140 cum
1315 1084 1501 1158 gratia
1523 1085 1621 1142 ha-

255 1155 480 1226 bituali,
494 1174 621 1230 quae
644 1159 978 1219 immediate
998 1169 1123 1235 post
1142 1164 1499 1222 excludenda
1511 1171 1616 1224 est.

257 1238 426 1296 Unde
446 1239 674 1298 videtur
698 1242 820 1316 ejus
840 1243 1388 1316 opinionem-citatis
1407 1248 1622 1306 Autho-

257 1320 421 1378 ribus
448 1337 565 1379 non
594 1323 905 1383 adversari.

61 1409 248 1502 ⁰⁰gf¹f¹³·
330 1406 481 1496 N⁰¹.¹’
515 1404 768 1477 inquam,
812 1408 918 1499 hoc
954 1410 1252 1477 satisfacit,
1302 1412 1401 1469 sed
1454 1413 1621 1471 facile

258 1483 565 1542 refellitur.
615 1488 763 1543 Tum
791 1505 933 1561 quia
961 1491 1142 1548 relata
1167 1491 1497 1550 testimonia
1523 1493 1620 1550 in-

253 1564 490 1624 definite
534 1568 863 1641 procedunt,
907 1577 964 1628 et
1008 1572 1311 1630 indefinite
1331 1579 1613 1641 asserunt,

253 1651 541 1717 peccatum
582 1651 847 1717 mortale,
878 1654 936 1706 et
974 1652 1221 1724 gratiam
1249 1652 1618 1711 sanctifican-

251 1730 366 1783 tem
387 1743 505 1785 non
527 1728 707 1785 simul
727 1730 1065 1789 coexistere:
1086 1732 1184 1789 sed
1209 1734 1438 1790 nullum
1462 1733 1619 1791 adest

254 1823 482 1882 urgens,
515 1811 608 1868 vel
630 1827 915 1885 apparens
957 1813 1422 1883 fundamentum,
1458 1822 1519 1872 ut
1545 1815 1618 1873 ab

253 1888 357 1946 hac
392 1891 712 1949 universali
748 1892 1012 1952 doctrina
1036 1896 1392 1969 excipiamus
1421 1913 1616 1969 pecca-

254 1977 377 2027 tum
398 1975 649 2042 actuale;
681 1990 785 2031 nec
824 1976 1036 2050 aliquis
1062 1977 1384 2051 Theologus
1412 1986 1618 2053 praeter

257 2053 488 2110 Lorcam
541 2054 601 2110 id
640 2056 913 2112 hactenus
954 2059 1197 2114 asseruit
1242 2079 1256 2114 t
1305 2075 1441 2133 ergo
1479 2059 1616 2117 doc-

257 2131 406 2189 trina
434 2133 496 2190 in
527 2134 809 2208 praedictis
833 2137 1179 2193 testimoniis
1199 2143 1466 2196 contenta
1487 2142 1615 2198 uni·

258 2214 493 2270 versalis
542 2221 670 2281 est,
712 2222 770 2272 et
808 2232 981 2273 omne
1040 2223 1329 2290 peccatum
1371 2223 1615 2278 mortale

255 2297 703 2368 comprehendit.
730 2299 878 2353 Tum
905 2299 1101 2364 etiam,
1132 2300 1266 2374 quia
1292 2302 1469 2358 relata
1497 2307 1613 2359 tes-

259 2376 496 2433 timonia
524 2376 825 2434 includunt
854 2379 1124 2445 rationeS,
1156 2397 1282 2454 quae
1327 2398 1483 2455 aeque
1508 2399 1612 2438 ur-

254 2460 392 2530 gent
428 2457 490 2513 in
521 2464 740 2530 peccato
774 2459 1002 2525 actuali,
1035 2462 1187 2517 acin
1215 2462 1516 2528 habituali,
1551 2468 1612 2519 ut

259 2552 326 2592 ea
354 2536 721 2608 expendendo
748 2538 1194 2611 ponderavimus
1233 2562 1246 2596 :
1289 2541 1608 2614 cujusmodi

261 2615 511 2672 estnihil
539 2616 921 2675 damnationis
948 2635 1071 2676 esse
1093 2620 1155 2676 in
1180 2622 1429 2677 renatis:
1459 2622 1608 2678 nihil

265 2701 443 2757 Deum
469 2699 651 2757 odisse
675 2701 737 2757 in
758 2701 1081 2775 justificatis
1116 2724 1129 2759 :
1161 2719 1278 2759 non
1315 2720 1476 2776 posse
1503 2706 1609 2762 ho-

260 2780 477 2837 minem
512 2779 729 2839 duobus
778 2781 1034 2839 dominis
1071 2784 1294 2841 servire
1324 2806 1337 2840 :
1382 2786 1607 2843 nullam

251 2874 375 2916 esse
399 2862 856 2919 convenientiam
886 2863 1038 2921 inter
1068 2860 1378 2936 peccatum,
1408 2868 1466 2923 et
1483 2882 1609 2940 gra-

250 2942 412 3007 tiam,
443 2948 498 2999 et
523 2942 637 2999 alia
665 2944 989 3017 hujusmodi
1034 2965 1047 3000 :
1095 2960 1232 3018 ergo
1260 2946 1351 3001 vel
1405 2945 1608 3020 hujus-

249 3021 406 3079 modi
437 3023 684 3080 rationes
711 3025 931 3080 nullius
955 3024 1177 3082 roboris
1202 3030 1356 3091 sunt,
1382 3027 1474 3083 vel
1502 3043 1608 3085 ex—

244 3102 482 3159 cludunt
500 3105 704 3161 saltem
726 3104 796 3161 de
825 3105 991 3172 facto,
1020 3111 1076 3163 et
1103 3106 1336 3163 attentis
1380 3110 1606 3165 naturis

246 3201 463 3253 rerum,
486 3187 949 3262 conjunctionem
970 3188 1170 3261 gratiae
1207 3204 1337 3245 cum
1380 3196 1605 3262 peccato

243 3267 496 3332 mortali,
526 3272 645 3323 tam
672 3268 901 3333 actuali,
932 3283 1104 3340 quam
1127 3267 1429 3326 habituali.
1456 3273 1603 3327 Tum

242 3354 539 3422 praeterea,
585 3364 723 3405 nam
784 3348 913 3406 ideo
966 3355 1255 3421 peccatum
1310 3349 1606 3409 habituale

239 3445 356 3487 non
384 3429 650 3487 coexistit
675 3429 850 3485 simul
878 3445 1007 3485 cum
1036 3431 1239 3503 gratia,
1271 3429 1407 3503 quia
1435 3432 1607 3490 homo

236 3527 306 3567 ex
333 3512 390 3567 vi
415 3509 675 3584 praedicti
713 3510 920 3583 peccati
948 3510 1159 3567 dicitur
1203 3527 1327 3570 esse
1368 3512 1431 3569 in
1475 3528 1607 3585 pec-

232 3598 374 3660 cat0,
406 3594 538 3650 sive
562 3592 813 3650 existens
853 3594 917 3649 in
964 3598 1111 3649 statu
1143 3595 1350 3667 peccati
1379 3595 1513 3651 :sed
1542 3596 1604 3653 in

231 3677 430 3734 eodem
459 3677 727 3741 instanti,
747 3678 807 3732 in
824 3693 935 3749 quo
956 3678 1127 3733 homo
1152 3678 1462 3734 committit
1485 3693 1605 3750 pec·

231 3763 418 3813 catum
449 3758 722 3821 mortale,
753 3758 922 3813 estin
952 3762 1191 3830 peccato,
1221 3762 1278 3814 et
1303 3758 1496 3815 existit
1539 3759 1603 3815 in

228 3842 372 3894 statu
419 3838 639 3910 peccati
688 3839 949 3893 mortalis
979 3860 991 3893 :
1022 3853 1157 3910 ergo
1194 3842 1328 3894 tunc
1362 3837 1432 3895 de
1460 3838 1605 3896 facto

230 3933 345 3974 non
373 3924 460 3976 est
489 3919 562 3974 in
582 3917 785 3991 gratia,
808 3933 910 3973 nec
937 3918 1101 3974 illam
1123 3922 1247 3974 actu
1274 3924 1599 3975 conservat.

227 3997 515 4055 Probatur
576 3998 791 4062 minor,
825 3998 960 4069 quia
1002 3998 1063 4053 in
1115 3998 1515 4063 instantaneis,
1546 4003 1605 4055 et

225 4079 444 4136 actibus
489 4079 752 4135 internis
799 4079 1139 4146 intellectuS,
1188 4084 1243 4137 et
1287 4080 1603 4136 voluntatis

220 4162 399 4217 simul
427 4168 515 4218 est
547 4158 693 4225 fieri,
720 4165 776 4216 et
804 4160 1014 4216 factum
1037 4175 1194 4227 esse3
1226 4160 1378 4216 unde
1406 4176 1601 4232 pecca-

224 4247 346 4297 tum
370 4241 627 4299 mortale
650 4240 711 4296 in
741 4257 856 4297 uno
879 4239 1119 4296 instanti
1143 4245 1596 4298 consummatur:

223 4337 360 4397 ergo
396 4323 463 4379 in
500 4320 709 4379 eodem
749 4321 1009 4385 instanti,
1043 4321 1106 4376 in
1131 4337 1244 4394 quo
1270 4322 1443 4379 homo
1471 4338 1602 4395 pec-

223 4410 309 4460 cat
339 4403 704 4467 mortaliter,
743 4406 845 4467 est,
884 4408 939 4459 et
963 4402 1178 4460 elicitur
1205 4410 1478 4476 peccator,
1510 4410 1601 4461 at·-

221 4499 328 4555 que
353 4484 641 4541 existitin
663 4488 810 4539 statu
836 4484 1066 4555 peccati.

294 4565 702 4623 confirmatur
725 4562 793 4620 ad
820 4564 1117 4621 hominem
1139 4566 1493 4624 ostendendo
1513 4567 1601 4623 in·

216 4819 346 4869 tura
372 4828 482 4869 sua
502 4826 640 4868 cum
666 4811 853 4883 gratia
879 4810 1307 4880 sanctificante;
1338 4814 1602 4885 quocirca

217 4908 334 4950 non
359 4891 635 4951 coexistit
661 4890 734 4946 de
772 4889 918 4947 facto
960 4891 1139 4948 simul
1187 4908 1320 4949 cum
1347 4894 1469 4959 illa,
1500 4892 1600 4950 secl

216 4977 306 5032 vel
331 4991 465 5034 eam
494 4971 775 5037 excludit,
802 4975 892 5029 vel
917 4973 987 5030 ab
1010 4990 1076 5031 ea
1096 4976 1447 5048 expellitur:
1465 4991 1600 5050 ergo

217 5055 371 5114 idem
420 5054 1007 5129 proportionabiliter
1051 5055 1357 5113 dicendum
1420 5062 1505 5115 est
1530 5056 1600 5113 de

3009 437 3117 492 353

1755 611 1977 676 peccato
1999 611 2228 667 actuali.
2260 609 2615 667 Antecedcns
2642 604 2900 665 concedit
2920 606 3113 664 Lorca‚

1752 690 1809 741 et
1827 687 2059 759 quidem
2081 692 2289 749 merito
2309 716 2323 760 ;
2354 708 2489 749 nam
2515 693 2801 764 peccatum
2825 685 3118 744 habituale

1752 770 1838 822 est
1877 769 2126 840 privatio
2174 772 2503 830 voluntaria
2541 771 2739 846 gratiae
2767 765 3116 829 habitualis;

1754 847 2006 920 privatio
2043 857 2234 911 autem
2281 870 2355 911 ex
2400 857 2608 910 natura
2660 867 2764 907 sua
2808 847 3119 922 opponitur

1754 929 1957 989 formae
1978 950 2090 1006 qua
2120 936 2330 1008 privat,
2355 941 2413 993 et
2434 935 2650 1008 nequit,
2676 933 2880 989 saltem
2902 929 2972 986 de
2998 931 3119 1002 lege

1751 1008 2068 1079 ordinaria,
2100 1014 2276 1070 simul
2304 1031 2433 1071 cum
2463 1013 2567 1069 illa
2595 1012 2923 1070 consistere.
2966 1009 3119 1064 Con-
3218 1050 3224 1056 .
3252 999 3256 1003 ⁴

1749 1093 2046 1163 sequentia
2086 1110 2225 1152 vero
2255 1093 2563 1152 suadetur:
2593 1108 2728 1148 nam
2757 1089 2977 1163 quoties
3005 1087 3118 1144 ali-

1750 1185 1863 1246 qua
1907 1171 2158 1244 privatio
2201 1175 2512 1247 opponitur
2540 1187 2611 1229 ex
2632 1177 2843 1228 natura
2863 1184 2967 1225 sua
2994 1167 3116 1223 for-

1750 1250 2003 1318 maliter,
2028 1258 2085 1309 et
2114 1254 2452 1311 immediate
2478 1252 2651 1310 alicui
2695 1252 2918 1314 formae,
2951 1247 3116 1304 toties

1750 1331 1897 1388 actio
1957 1333 2165 1391 ultimo
2205 1334 2481 1392 inducens
2532 1332 2917 1407 privationem
2947 1329 3113 1384 illam

1750 1414 2063 1486 opponitur
2087 1417 2262 1474 etiam
2290 1434 2361 1474 ex
2396 1422 2606 1473 natura
2644 1431 2748 1471 sua
2780 1411 3111 1476 efficienter,
3173 1469 3181 1477 κ

1748 1499 1806 1552 et
1844 1495 2092 1555 mediate
2139 1498 2420 1572 praedictae
2466 1498 2688 1565 formae,
2721 1510 2961 1567 eamque
2993 1491 3117 1549 effi-

1748 1576 2004 1645 cienter,
2036 1583 2091 1635 et
2117 1580 2365 1637 mediate
2402 1578 2672 1637 excludit.
2713 1581 2834 1642 Qua
2870 1575 3112 1641 ratione,

1749 1656 1883 1728 quia
1925 1658 2132 1716 umbra
2160 1652 2471 1733 opponitur
2499 1656 2870 1721 immediate,
2900 1660 2957 1712 et
2997 1654 3119 1711 for-

1748 1738 1982 1795 maliter
2001 1740 2130 1803 luci.
2150 1742 2296 1797 actio
2312 1742 2517 1798 ultimo
2533 1739 2811 1796 inducens
2822 1735 3112 1800 umbram,

1748 1833 1957 1892 nempe
1985 1820 2349 1894 interpositio
2375 1820 2629 1893 corporis
2663 1818 2842 1892 opaci,
2868 1816 3116 1889 opponi-

1749 1904 1845 1954 tur
1874 1899 1986 1956 luci
2013 1900 2342 1966 efficienter,
2367 1906 2424 1957 et
2444 1899 2691 1956 mediate
2720 1920 2733 1955 ε
2759 1897 2910 1954 unde
2928 1897 2992 1951 in
3013 1911 3115 1953 eo-

1746 1979 1879 2039 dem
1909 1982 2171 2049 instanti,
2207 1983 2271 2039 in
2297 1999 2409 2054 quo
2437 1981 2643 2038 ultimo
2678 1979 2983 2037 adhibetur
3011 1978 3114 2034 illa

1746 2062 2131 2137 interpositio,
2162 2065 2420 2138 sequitur
2440 2079 2512 2120 ex
2541 2069 2750 2119 natura
2792 2061 2877 2117 rei
2908 2059 3114 2116 umbra

1747 2144 2094 2211 formaliter,
2133 2150 2306 2218 'atque
2333 2142 2670 2200 immediate
2694 2141 2989 2215 expellens
3018 2141 3114 2194 lu-

1723 2240 1889 2293 cem,
1914 2230 1972 2282 et
1996 2226 2121 2298 ipsa
2142 2225 2451 2283 destructio
2473 2225 2633 2280 lucis.
2680 2221 2787 2280 Sed
2826 2226 3112 2294 peccatum

1744 2306 1991 2363 mortale
2013 2307 2232 2362 actuale
2252 2310 2336 2363 est
2358 2305 2523 2371 actio,
2555 2304 2645 2360 vel
2668 2302 2831 2375 quasi
2852 2300 2998 2357 actio
3021 2301 3116 2355 ul-

1744 2385 1889 2443 timo
1942 2386 2219 2444 inducens
2273 2385 2659 2459 privationem
2700 2383 2899 2457 gratiae
2922 2424 2935 2448 ,
2986 2396 3112 2453 quae

1743 2466 1928 2539 ipsam
1949 2468 2199 2541 gratiam
2222 2467 2564 2535 formaliter,
2592 2469 2757 2537 atque
2780 2461 3111 2519 immediate

1740 2547 2016 2619 expellit;
2049 2563 2151 2604 nec
2177 2548 2336 2605 enim
2366 2551 2618 2620 apparet,
2644 2542 2779 2618 quid
2829 2545 2982 2599 ultra
3008 2542 3110 2598 de-

1737 2626 2026 2685 sideretur
2044 2671 2056 2694 ,
2104 2634 2166 2683 ut
2222 2627 2490 2701 praedicta
2544 2625 2792 2697 privatio
2840 2622 3089 2680 resultet.

1740 2711 1891 2784 Ergo
1917 2715 2207 2781 peccatum
2231 2709 2449 2766 actuale
2469 2708 2777 2781 opponitur
2798 2721 2869 2762 ex
2892 2710 3098 2761 natura

1738 2808 1840 2848 sua
1868 2790 2198 2860 efficienter,
2229 2797 2286 2847 et
2324 2789 2572 2847 mediate
2610 2789 2809 2864 gratiae
2847 2785 3102 2843 sanctifi-

1739 2871 1913 2936 canti,
1945 2878 2001 2930 et
2026 2871 2204 2928 simul
2233 2889 2361 2928 cum
2388 2871 2496 2928 ¹illa
2527 2887 2642 2927 non
2669 2867 2947 2926 consistit.

1811 2954 1899 3009 Ad
1946 2955 2081 3020 haec,
2133 2959 2421 3027 peccatum
2451 2952 2741 3008 habituale
2780 2966 2852 3007 ex
2892 2956 3099 3005 natura

1738 3051 1841 3091 sua
1867 3035 2178 3108 opponitur
2222 3036 2422 3109 gratiae
2469 3031 2870 3096 sanctificanti,
2897 3036 2951 3086 et
2976 3046 3106 3086 eam

1738 3115 2081 3183 formaliter,
2112 3121 2170 3172 et
2207 3114 2545 3171 immediate
2570 3110 2821 3169 excludit
2851 3110 2864 3166 ε’
2894 3109 2993 3167 sed
3036 3108 3105 3166 ad

1739 3199 2027 3266 peccatum
2060 3196 2278 3252 actuale
2299 3194 2557 3268 sequitur
2582 3210 2651 3249 ex
2681 3196 2890 3248 natura
2932 3190 3015 3247 rei
3044 3189 3108 3245 in

1735 3273 1939 3332 eodem
1990 3275 2228 3331 instanti
2281 3279 2569 3347 peccatum
2617 3270 2908 3328 habituale
2937 3291 2949 3325 :
2974 3285 3110 3344 ergo

1739 3358 2030 3424 peccatum
2060 3355 2280 3410 actuale
2307 3353 2617 3425 opponitur
2652 3351 2850 3424 gratiae
2894 3348 3110 3404 sancti-

1735 3431 1953 3500 ficanti,
1985 3435 2190 3489 saltem
2215 3432 2484 3499 mediate,
2510 3437 2566 3488 et
2589 3431 2864 3487 effective.
2895 3432 3109 3486 Conse-

1735 3512 1974 3585 quentia
2002 3518 2171 3585 patet,
2216 3517 2272 3569 et
2314 3512 2500 3585 major
2525 3510 2856 3568 conceditur
2891 3509 2961 3564 ab
2989 3509 3108 3565 Ad-

1739 3593 2020 3651 versario.
2038 3594 2233 3650 Minor
2255 3597 2445 3649 autem
2462 3589 2783 3648 ostenditur
2801 3611 2813 3646 :
2831 3588 3106 3662 quoniam

1738 3680 2030 3749 peccatum
2079 3674 2372 3730 habituale
2421 3672 2806 3744 nequitaDeo
2844 3671 3104 3735 causari,

1735 3755 1834 3812 sed
1860 3760 2085 3816 tantum
2111 3754 2182 3812 ab
2198 3755 2454 3820 homine;
2475 3753 2735 3825 implicat
2756 3752 2935 3817 enim,
2957 3753 3105 3825 quod

1736 3836 1959 3908 aliquid
1986 3835 2207 3892 habens
2237 3834 2521 3891 rationem
2565 3833 2773 3906 peccati
2805 3832 3108 3889 reducatur

1735 3916 1806 3974 ad
1835 3921 2016 3973 Deum
2039 3921 2317 3987 tanquam
2347 3912 2416 3970 ad
2458 3929 2687 3970 causam
2736 3934 2749 3970 ε
2791 3912 2887 3971 sed
2936 3913 3108 3970 homo

1734 3998 1937 4071 nequit
1963 3996 2132 4054 aliter
2158 3995 2406 4059 efficere,
2429 3993 2700 4067 autquasi
2728 3994 2946 4050 efficere
2975 4009 3107 4066 pec-

1733 4082 1924 4134 catum
1952 4075 2263 4143 habituale,
2300 4074 2417 4131 nisi
2455 4074 2753 4131 actualiter
2781 4073 3061 4147 peccando
3093 4098 3106 4130 :

1732 4165 1789 4217 et
1803 4160 1915 4217 hoc
1941 4160 2085 4232 ipso,
2116 4157 2265 4232 quod
2290 4158 2594 4214 actualiter
2622 4163 2825 4229 peccet,
2856 4157 3017 4229 ponit
3037 4171 3105 4213 ex

1734 4246 1896 4314 parte
1921 4257 2024 4297 sua
2049 4238 2326 4313 quidquid
2360 4238 2696 4311 requiritur,
2731 4243 2792 4292 ut
2835 4242 2969 4292 tunc
3010 4253 3107 4293 re-

1732 4324 1906 4381 sultet
1953 4329 2242 4396 peccatum
2272 4320 2566 4378 habituale
2594 4335 2767 4392 :ergo
2813 4318 3107 4376 habituale
3189 4373 3193 4377 .

1734 4407 2027 4476 peccatum
2052 4404 2310 4467 resultat,
2336 4406 2394 4458 et
2412 4402 2674 4473 sequitur
2695 4416 2765 4456 ex
2791 4406 2996 4456 natura
3019 4401 3103 4457 rei

1732 4484 1797 4540 in
1826 4484 2026 4541 eodem
2049 4486 2345 4540 momento
2371 4480 2443 4538 ad
2472 4487 2762 4554 peccatum
2788 4482 3025 4536 actuale.

1804 4566 1896 4621 79.
1931 4567 2044 4620 Nec
2077 4564 2288 4620 iterum
2316 4563 2509 4627 refert,
2541 4562 2589 4616 si
2619 4577 2748 4617 cum
2770 4560 2968 4618 eodem
2991 4565 3104 4615 Au-

1731 4646 1900 4702 thore
1930 4643 2284 4717 respondeas
2304 4640 2574 4707 secundo,
2607 4641 2669 4697 in
2690 4641 2977 4714 praedictis
3000 4648 3103 4700 tes·

1731 4724 1995 4782 timoniis
2043 4730 2267 4780 tantum
2317 4721 2543 4780 intendi
2569 4765 2582 4788 ,
2626 4722 2775 4794 quod
2817 4728 3102 4795 peccatum

1730 4809 1997 4875 mortale,
2016 4813 2073 4864 et
2090 4808 2279 4880 gratia
2303 4822 2421 4864 non
2446 4807 2761 4863 coexistant
2783 4807 2845 4863 in
2867 4806 3103 4863 homine

1733 4907 1839 4965 pro
1898 4891 2094 4963 aliqua
2145 4891 2419 4963 temporis
2464 4889 2771 4947 duratione
2802 4914 2814 4956 ;
2859 4890 3104 4947 minime

1731 4990 1873 5031 vero
1893 4971 2223 5039 excludunt,
2251 4972 2400 5046 quod
2423 4972 2738 5030 coexistant
2756 4972 2854 5029 via
2872 4989 3102 5046 corrup·

1731 5057 1907 5116 tionis
1935 5073 2038 5128 pro
2066 5055 2236 5113 unico
2265 5054 2614 5112 indivisibili
2659 5055 2919 5122 instanti,
2953 5055 3097 5111 sicut

3160 4581 3285 4624 Ahnd

3165 4631 3265 4674 cnu-

3142 4679 3267 4727 Rluuh
