3647 5753
1498 406 1677 463 DISP.
1721 404 1791 470 11,
1835 403 2000 460 DUB.
2047 401 2117 458 11.
2467 416 2499 433 ·
3062 392 3173 449 333

320 598 471 652 tatus
495 592 589 651 hic
614 589 824 666 majori
854 606 925 647 ex
952 592 1111 662 parte
1136 584 1435 651 deserviet,
1464 585 1520 639 et
1538 595 1679 654 quas

321 677 477 735 infra
491 676 612 733 suis
634 674 773 732 locis
793 671 1139 727 decidemus.
1159 666 1479 725 videantur
1501 663 1678 720 etiam

315 773 444 831 quas
470 755 731 813 diximus
768 757 932 808 tract.
958 747 1182 823 praeced.
1225 747 1367 819 disp.
1400 746 1453 810 4,
1484 740 1611 798 dub.
1651 743 1670 797 1

316 845 367 894 et
386 840 441 903 2,
464 836 563 893 ubi
587 835 703 893 alia
731 836 1070 906 argumenta
1090 827 1388 891 diluimus,
1407 839 1533 896 quae
1558 838 1680 895 pos-

311 923 446 976 sent
492 918 557 975 in
603 912 876 989 praesenti
921 909 1154 984 opponi,
1202 911 1261 965 et
1293 903 1678 979 explicuimus

313 1015 428 1073 quo
453 1014 625 1056 sensu
666 994 796 1053 fieri
841 993 1034 1066 possit,
1067 994 1130 1046 ut
1165 987 1458 1063 supposita
1489 983 1679 1058 gratia

315 1079 725 1144 sanctificante,
758 1076 930 1133 homo
956 1077 1081 1130 actu
1109 1087 1227 1128 non
1260 1072 1578 1142 acceptetur
1606 1064 1677 1122 ad

307 1161 583 1233 gloriam.

809 1378 1092 1436 DUBIUM
1134 1377 1203 1432 11.

322 1553 518 1610 Utrum
536 1538 731 1627 aliqua
757 1546 996 1603 hominis
1015 1542 1257 1616 operatio
1281 1541 1374 1605 sit,
1401 1540 1485 1595 vel
1500 1541 1675 1614 possit

653 1646 764 1685 esse
783 1628 968 1699 forma
985 1624 1321 1695 justificans.

387 1781 478 1836 47.
531 1780 615 1834 Ex
643 1776 917 1833 hactenus
943 1770 1109 1828 dictis
1147 1772 1364 1826 constat
1402 1768 1670 1843 gratiam,

307 1876 413 1918 seu
436 1860 684 1918 formam
708 1852 1113 1930 justificantem
1136 1848 1277 1906 duos
1297 1849 1528 1906 effectus
1554 1848 1676 1905 for-

321 1940 499 1997 males
525 1936 750 1995 homini
779 1931 1070 2006 impertiri
1104 1950 1117 1986 :
1160 1931 1408 1987 alterum
1449 1929 1673 2002 prima-

322 2023 495 2087 rium,
518 2026 575 2077 et
602 2018 933 2093 positivum,
958 2013 1057 2087 qui
1084 2017 1168 2069 est
1192 2011 1540 2069 constituere
1567 2012 1675 2069 ho-

319 2103 536 2160 minem
561 2103 674 2156 Deo
699 2103 950 2173 gratum,
975 2098 1031 2151 et
1056 2097 1338 2159 sanctum,
1370 2108 1434 2148 ac
1455 2091 1673 2165 justum

307 2198 506 2240 coram
529 2182 631 2237 illo
657 2201 671 2236 ε
696 2177 878 2235 alium
900 2189 1038 2231 vero
1063 2172 1224 2245 quasi
1246 2170 1669 2237 secundarium,

308 2268 372 2318 et
401 2261 770 2334 privativum,
800 2256 897 2329 qui
924 2259 1009 2312 est
1049 2253 1333 2309 mundare
1371 2251 1674 2308 hominem

320 2358 353 2398 a
379 2346 619 2414 peccato.
647 2342 794 2395 Nam
821 2332 1171 2410 generaliter
1199 2329 1482 2404 loquendo
1508 2332 1589 2387 sic
1614 2347 1676 2388 se

321 2420 531 2478 habent
573 2419 799 2477 effectus
851 2414 1147 2489 positivus,
1196 2416 1255 2468 et
1310 2411 1631 2484 privativus
1656 2456 1670 2480 ,

312 2502 540 2576 quoties
574 2499 644 2556 ab
667 2497 864 2556 eadem
910 2495 1100 2552 forma
1124 2491 1631 2550 communicantur
1657 2515 1671 2558 ς

325 2582 642 2656 privativus
680 2578 835 2635 enim
865 2575 1176 2649 positivum
1213 2572 1502 2645 supponit,
1528 2577 1584 2628 et
1608 2587 1674 2628 eo

320 2663 610 2720 mediante
629 2657 1029 2717 introducitur.
1056 2658 1104 2710 N
1112 2669 1220 2710 unc
1234 2651 1549 2709 videndum
1566 2657 1669 2719 est,

317 2758 577 2817 quasnam
623 2741 696 2796 sit
743 2739 929 2795 forma
971 2736 1074 2794 hos
1113 2733 1344 2791 effectus
1373 2738 1668 2807 praestans,

319 2824 407 2883 vel
437 2827 704 2898 praestare
748 2819 983 2885 valens;
1013 2821 1281 2872 actus-ne
1320 2812 1392 2870 ab
1434 2812 1672 2869 homine

310 2908 551 2972 elicituS,
572 2921 646 2962 an
667 2900 914 2964 habitus,
939 2900 1027 2956 vel
1050 2897 1299 2971 qualitas
1328 2910 1673 2968 permanens

312 3006 344 3046 a
375 2990 484 3046 Deo
531 2985 762 3043 infusa?
790 2984 858 3036 Et
900 2979 1165 3051 quamvis
1211 2976 1461 3033 haeretici
1502 2975 1672 3050 hujus

312 3068 584 3142 temporis
609 3061 997 3122 communiter
1016 3063 1292 3126 asserant,
1321 3061 1509 3113 actum
1536 3054 1670 3111 fidei

310 3149 561 3206 sufficere
601 3144 672 3203 ad
717 3141 973 3200 hominis
1016 3137 1562 3203 sanctificationem3
1606 3133 1671 3190 in

309 3232 392 3289 eis
430 3238 622 3288 tamen
663 3223 997 3283 refellendis
1038 3237 1156 3279 non
1195 3218 1666 3285 immorabimur,

307 3314 441 3386 quia
466 3309 848 3385 supponimus
889 3310 951 3362 ut
975 3304 1218 3362 omnino
1256 3308 1475 3359 certum
1519 3299 1669 3374 apud

308 3395 644 3460 catholicos,
684 3390 856 3456 fidem
896 3404 1013 3444 non
1040 3402 1161 3443 esse
1183 3385 1432 3442 formam
1454 3383 1669 3440 sancti-

307 3477 593 3542 ficantem,
623 3472 744 3529 imo
779 3486 884 3527 nec
913 3467 1345 3542 dispositionem
1375 3465 1664 3532 ultimam,

307 3563 362 3614 et
380 3556 622 3614 omnino
641 3551 1015 3609 sufficientem
1037 3547 1109 3605 ad
1128 3544 1635 3604 sanctificationem
1654 3564 1667 3600 ε

307 3637 649 3710 compatitur
670 3634 829 3691 enim
859 3648 929 3688 cx
958 3636 1166 3687 natura
1191 3634 1319 3694 sua,
1344 3631 1400 3683 et
1426 3625 1496 3683 de
1524 3625 1669 3682 facto

309 3718 599 3776 multoties
624 3715 886 3774 coexistit
908 3712 1085 3769 simul
1113 3726 1242 3767 cum
1264 3714 1486 3781 peccato
1507 3724 1669 3765 mor-

309 3799 432 3856 tali.
475 3801 550 3856 De
569 3813 681 3870 quo
709 3793 898 3852 videri
929 3794 1080 3849 inter
1110 3792 1253 3848 alios
1281 3794 1516 3863 possunt
1535 3788 1666 3845 Bel-

80 3878 675 3936 1³e¹¹arm.1armin.·lib.
711 3879 728 3932 1
756 3877 819 3930 de
836 3875 1126 3947 justificat.
1158 3888 1280 3943 cap.
1325 3871 1408 3936 12,
1439 3887 1562 3925 cum
1581 3887 1669 3924 se-

115 3937 273 3979 Bet-an,
308 3959 611 4037 quentibus,
636 3961 693 4014 et
713 3958 1115 4013 Becanustom.
1141 3954 1177 4008 2
1216 3950 1474 4016 samm,
1501 3957 1662 4007 tract.

307 4044 363 4107 4,
406 4057 528 4113 cap,
552 4041 608 4104 2,
649 4045 830 4115 quaest.
855 4038 910 4093 6.
945 4038 1015 4089 Et
1038 4033 1110 4091 ob
1136 4032 1378 4090 eandem
1410 4029 1528 4088 fere
1569 4046 1669 4088 ra-

83 4147 279 4190 punctus
309 4120 528 4177 tionem
550 4119 754 4175 missos
778 4117 1016 4173 facimus
1043 4115 1186 4171 alios
1209 4120 1365 4171 actus
1384 4127 1667 4184 superna-

83 4194 268 4289 dfflffl·
311 4201 541 4268 turaleS,
571 4216 712 4273 quos
738 4200 910 4256 homo
934 4198 1123 4254 viator
1149 4196 1325 4264 elicit,
1359 4199 1483 4251 actu
1513 4210 1669 4252 amo·

313 4282 396 4338 ris
441 4281 540 4337 Dei
583 4295 753 4352 super
792 4277 1009 4342 omnia,
1040 4282 1096 4334 et
1143 4282 1266 4333 actu
1301 4273 1667 4332 contritionis

311 4361 574 4433 exceptiS,
592 4376 730 4433 quos
750 4358 982 4432 quidam
1006 4360 1266 4414 asserunt
1277 4369 1399 4412 esse
1413 4353 1665 4412 formam

300 4442 728 4517 justificantem,
761 4442 852 4498 vel
881 4439 950 4496 ad
988 4439 1183 4495 minus
1222 4436 1433 4494 habere
1459 4451 1529 4493 ex
1558 4453 1666 4494 na-

303 4533 433 4583 tura
458 4541 563 4581 sua
589 4523 714 4578 vim
733 4518 1103 4597 justificandi,
1130 4533 1402 4594 posseque
1424 4517 1667 4591 proinde

298 4604 733 4665 communicare
782 4602 1119 4676 praedictum
1166 4601 1450 4659 effectum.
1507 4600 1664 4664 Quod

298 4704 376 4745 an
399 4701 604 4744 verum
626 4683 721 4749 sit,
753 4684 844 4741 hic
870 4680 1294 4740 discutiendum
1321 4688 1407 4739 est
1434 4705 1447 4740 ε
1471 4688 1528 4740 et
1545 4683 1666 4739 cla-

300 4766 491 4824 ritatis
503 4764 691 4841 gratia
714 4763 955 4819 dubium
981 4778 1082 4835 per
1105 4767 1291 4836 partes
1311 4761 1660 4828 decidemus,

293 4855 354 4906 et
386 4864 420 4905 a
462 4844 840 4912 facilioribus,
874 4861 939 4901 ac
981 4843 1319 4901 certioribus
1363 4844 1664 4903 inchoabi-

298 4938 447 4979 mus.
731 4925 752 4944 ·

2430 576 2544 644 §1-

1873 739 2068 797 Prima
2094 739 2367 796 conclusio
2391 737 2694 810 aplicans,
2718 734 2852 813 quid
2877 733 2940 789 de
2967 734 3115 805 sacto

2340 820 2619 906 contingat
2635 860 2647 873 .

1882 982 1973 1037 48.
1998 980 2312 1038 Dicendum
2340 984 2424 1036 est
2453 977 2661 1051 primo,
2693 982 2883 1034 actum
2911 975 3171 1032 charita·
3208 966 3362 1059 prinnin-

1809 1061 1901 1126 tis,
1946 1061 2036 1118 vel
2063 1059 2425 1118 contritionis
2451 1058 2521 1115 de
2549 1057 2696 1114 facto
2739 1071 2855 1112 non
2882 1070 3004 1112 esse
3047 1054 3172 1112 for-
3198 1026 3345 1109 “iffi‘'

1806 1157 1966 1198 mam
2013 1139 2437 1214 justificantem.
2495 1138 2586 1194 Sic
2642 1137 2802 1194 docet
2854 1141 3047 1208 aperte
3099 1136 3164 1191 D.
3198 1117 3344 1159 ΠΜ

1807 1221 2015 1278 Thom.
2044 1221 2108 1277 in
2142 1220 2410 1293 praesenti
2439 1217 2772 1291 quaestione,
2806 1215 2926 1273 fere
2953 1231 3055 1288 per
3081 1218 3171 1271 to-

1806 1309 1945 1370 tam,
1975 1308 2033 1361 et
2052 1310 2236 1382 quaest.
2258 1304 2350 1369 28,
2380 1303 2444 1357 de
2478 1300 2643 1359 Verit.
2675 1299 2856 1363 art.8,
2883 1302 2940 1355 et
2959 1299 2994 1353 3
3012 1303 3166 1369 part.

1807 1393 1989 1464 quast.
2040 1385 2112 1441 86
2154 1392 2206 1441 et
2246 1391 2427 1463 quaest.
2478 1384 2570 1448 89,
2613 1387 2668 1438 et
2705 1382 2769 1436 in
2807 1381 2860 1446 3,
2890 1379 3020 1436 dist.
3080 1379 3165 1444 19,

1806 1473 1992 1542 quast.
2030 1467 2075 1532 1,
2123 1473 2232 1523 art.
2274 1467 2321 1531 1,
2352 1466 2667 1542 quaestiunc.
2705 1463 2723 1517 l
2757 1465 2811 1518 et
2838 1462 2897 1516 in
2937 1461 2992 1526 4,
3037 1460 3163 1516 dist.

1814 1547 1898 1611 17,
1923 1553 2038 1601 tota
2063 1550 2245 1623 quast.
2280 1547 2323 1611 1,
2356 1545 2419 1600 in
2447 1542 2656 1617 quibus
2695 1541 2833 1599 locis
2860 1540 3167 1598 manifeste

1804 1626 2096 1701 supponit,
2122 1631 2179 1682 et
2197 1626 2377 1691 docet,
2400 1631 2554 1682 actus
2566 1621 2951 1687 contritionis,
2969 1627 3025 1680 et
3037 1622 3168 1680 cba-

1807 1706 1994 1764 ritatis
2038 1705 2315 1781 distingui
2363 1721 2397 1761 a
2445 1704 2632 1762 forma
2671 1700 3046 1777 justificante,
3098 1702 3170 1760 ad

1804 1803 2045 1861 eamque
2069 1787 2393 1862 comparari
2424 1802 2523 1859 per
2572 1785 2809 1853 modum
2837 1783 3171 1858 dispositio-

1806 1868 1917 1925 nis.
1944 1867 2109 1924 Unde
2128 1868 2210 1924 sic
2231 1866 2434 1924 docent
2463 1865 2820 1923 unanimiter
2847 1865 2969 1939 ejus
2993 1864 3172 1922 disci-

1806 1947 1930 2020 puli
1957 1947 2021 2002 in
2044 1947 2312 2020 praesenti
2344 1945 2584 2019 :quibus
2604 1946 2780 2003 etiam
2801 1945 3171 2001 consentiunt

1806 2029 1961 2105 Vega
2001 2028 2095 2085 lib.
2140 2031 2196 2093 7,
2228 2030 2290 2083 in
2328 2026 2570 2085 Trident.
2609 2043 2730 2098 cap.
2763 2027 2855 2091 24,
2888 2026 3162 2083 Bellarm.
3207 2015 3337 2105 {⁰⁸²-

1808 2110 1902 2166 tib.
1933 2110 1988 2176 2,
2018 2110 2083 2166 de
2122 2109 2420 2183 Justificat.
2452 2127 2576 2182 cap.
2614 2110 2698 2174 15,
2729 2108 2939 2164 Suarez
2979 2107 3075 2164 lib.
3104 2110 3161 2174 7,
3181 2075 3375 2158 Beffli'm.

1804 2189 2088 2260 dem-alia,
2121 2207 2244 2262 cap.
2287 2190 2322 2244 8
2347 2194 2402 2245 et
2422 2195 2552 2245 tom.
2586 2189 2632 2252 1,
2664 2188 2724 2243 in
2751 2188 2786 2243 3
2829 2194 2982 2260 part.
3020 2187 3162 2259 disp.

1804 2270 1861 2335 4,
1891 2276 2017 2326 sect.
2047 2270 2081 2324 8
2107 2274 2164 2325 et
2188 2277 2319 2325 tom.
2347 2270 2402 2334 4,
2432 2269 2574 2341 disp.
2606 2269 2662 2332 4,
2692 2273 2817 2323 sect.
2851 2268 2906 2332 3,
2937 2269 3165 2324 Grana-
3180 2260 3361 2304 ‘mmd-

1805 2347 2350 2421 doseract.s,‹12·sp.
2387 2347 2442 2412 3,
2476 2349 2652 2404 Lorca
2683 2348 2825 2420 disp.
2857 2348 2950 2413 35,
2991 2349 3167 2405 Beca-
3195 2312 3354 2403 ᾮὲἓῖῐ.

1806 2448 1916 2488 nus
1942 2431 2037 2488 ubi
2059 2450 2249 2505 supra,
2282 2449 2403 2505 cap.
2435 2431 2489 2497 3,
2521 2437 2702 2508 quvst.
2734 2431 2790 2496 5,
2838 2432 3059 2487 Aversa
3104 2409 3354 2487 inum*

1800 2515 2051 2588 prasenti
2096 2520 2221 2569 sect.
2264 2513 2321 2580 3,
2351 2512 2820 2570 etcommuniter
2847 2511 2949 2568 alii
2978 2512 3169 2570 Theo-

1806 2597 1940 2671 logi,
1970 2610 2044 2652 ex
2067 2594 2276 2667 quibus
2301 2594 2480 2667 aliqui
2509 2599 2771 2651 asserunt
2800 2593 2947 2650 hanc
2976 2610 3166 2653 asser-

1804 2675 2021 2733 tionem
2047 2689 2169 2731 esse
2196 2673 2435 2732 omnino
2476 2678 2712 2739 certam,
2758 2680 2812 2729 et
2839 2689 2957 2731 non
3004 2690 3166 2748 posse

1804 2756 2124 2829 oppositam
2152 2753 2363 2828 absque
2390 2754 2710 2817 temeritate
2735 2752 2990 2811 defendi.

1880 2837 2157 2903 Primum,
2189 2841 2246 2894 et
2280 2836 2627 2910 praecipuum
2654 2837 2776 2913 ejus
2804 2837 3157 2896 fundamen·
3192 2852 3351 2896 Praeci-

1804 2923 1926 2974 tum
1954 2918 2197 2975 habetur
2210 2933 2282 2975 ex
2310 2918 2563 2976 Concilio
2589 2918 2952 2986 Tridentin0,
2979 2925 3037 2976 et
3063 2935 3156 2992 po·
3205 2913 3349 2996 fflffl

1803 3002 1909 3055 test
1948 2998 2020 3056 ad
2042 3000 2188 3056 hanc
2210 2999 2455 3056 formam
2484 2998 2676 3057 reduci
2704 3020 2717 3055 ε
2740 2999 3015 3073 quoniam
3036 2999 3158 3056 dis·
3174 3007 3371 3060 ⁰¹²an-

1804 3079 2009 3153 positio
2024 3080 2094 3137 ad
2117 3080 2372 3154 aliquam
2394 3080 2663 3147 formam,
2690 3083 2782 3138 vel
2804 3080 2875 3138 ad
2895 3081 3156 3139 ellectum
3172 3051 3365 3146 ‘frigffli

1802 3159 2130 3227 formalem,
2163 3177 2280 3218 non
2321 3160 2490 3218 habet
2516 3161 2800 3219 rationem
2826 3178 3006 3219 causae
3031 3162 3157 3220 for-

1801 3242 1975 3298 malis
2007 3243 2139 3299 :sed
2163 3248 2317 3299 actus
2338 3241 2653 3308 charitatis,
2684 3244 2775 3299 vel
2790 3242 3155 3301 contritionis

1765 3389 1776 3396 ι
1800 3326 1884 3377 est
1925 3321 2221 3394 dispositio
2248 3320 2317 3377 ad
2339 3320 2803 3388 justificationem
2831 3347 2844 3382 ι
2874 3339 3009 3397 ergo
3036 3338 3154 3380 non

1798 3405 1886 3457 est
1912 3417 2080 3457 causa
2108 3401 2370 3458 formalis
2398 3401 2574 3457 illius.
2609 3403 3025 3475 Consequentia
3052 3419 3159 3475 pa-

1801 3486 1899 3539 tet.
1929 3482 2112 3555 Major
2136 3481 2314 3538 etiam
2336 3485 2570 3546 constat,
2596 3487 2717 3537 tum
2742 3482 3072 3540 inductione
3094 3483 3158 3540 in

1799 3561 1932 3617 aliis
1959 3559 2447 3634 dispositionibus,
2478 3567 2533 3619 et
2555 3560 2758 3618 formis
2778 3585 2791 3630 ;
2815 3563 2968 3619 nihil
2994 3564 3156 3619 enim

1801 3643 2176 3716 reperiemus,
2226 3641 2374 3714 quod
2422 3641 2627 3700 habeat
2671 3643 2956 3701 rationem
3002 3659 3154 3702 veras

1799 3721 2192 3796 dispositionis
2219 3721 2288 3778 ad
2317 3721 2566 3794 aliquem
2587 3722 2870 3790 effectum,
2894 3730 2952 3781 et
2976 3724 3155 3782 simul

1798 3805 1872 3862 sit
1898 3821 2065 3861 causa
2091 3804 2353 3862 formalis
2386 3803 2565 3871 illius,
2600 3810 2660 3861 ut
2680 3803 3025 3864 discurrenti
3054 3824 3157 3880 per

1799 3886 2037 3954 formas,
2086 3890 2144 3944 et
2168 3884 2569 3958 dispositiones
2613 3887 2836 3945 ordinis
2872 3891 3157 3948 naturalis

1799 3969 2018 4042 liquido
2044 3968 2361 4042 apparebit.
2386 3971 2532 4024 Tum
2554 3969 2729 4027 etiam
2754 3971 2995 4039 ratione,
3020 3973 3157 4046 quia

1798 4050 1954 4107 inter
1992 4048 2449 4124 dispositionem,
2480 4055 2537 4105 et
2574 4049 2822 4107 formam
2851 4051 3149 4110 invenitur

1798 4136 2001 4187 mutua
2042 4130 2443 4204 dependentia,
2483 4136 2541 4188 et
2582 4133 2916 4200 causalitas;
2965 4133 3153 4192 forma

1797 4212 1957 4269 enim
2008 4210 2289 4286 dependet
2333 4228 2367 4269 a
2416 4209 2788 4285 dispositione
2837 4214 2901 4269 in
2945 4230 3155 4289 genere

1795 4310 1977 4351 causae
2031 4294 2353 4351 materialis
2415 4292 2762 4368 dispositivae
2793 4319 2806 4363 ;
2860 4295 3155 4370 dispositio

1797 4390 1935 4432 vero
1962 4373 2244 4447 dependet
2271 4391 2304 4431 a
2325 4373 2510 4432 forma
2534 4375 2596 4431 in
2622 4391 2830 4450 genere
2854 4392 3035 4434 causae
3060 4380 3154 4435 vel

1797 4453 2081 4521 formalis,
2107 4454 2201 4511 vel
2228 4451 2438 4520 finaliS,
2466 4459 2527 4511 ut
2553 4454 2722 4512 modo
2746 4471 2817 4512 ex
2844 4472 2983 4514 vera
3012 4458 3157 4513 Phi-

1796 4534 2055 4608 losophia
2082 4535 2461 4608 supponimus
2494 4557 2506 4592 :
2550 4536 2705 4609 atqui
2738 4537 2910 4594 realis
2936 4538 3155 4611 depen-

1795 4616 2011 4680 dentia,
2042 4621 2098 4671 et
2142 4616 2442 4672 causalitas
2480 4616 2730 4688 exposcit
2774 4618 2989 4674 realem
3030 4618 3155 4676 dis-

1797 4691 2132 4754 tinctionem
2163 4698 2316 4753 inter
2339 4703 2615 4764 extrema,
2643 4703 2702 4753 ut
2730 4714 2802 4756 ex
2833 4716 2894 4757 se
2929 4700 3107 4774 liquet
3137 4725 3149 4758 :

1794 4793 1931 4852 ergo
1952 4777 2247 4851 dispositio
2270 4777 2339 4834 ad
2356 4778 2624 4847 formam,
2647 4781 2735 4836 vel
2759 4781 2828 4837 ad
2849 4782 2971 4854 ejus
2992 4783 3155 4842 effec-

1796 4862 1920 4913 tum
1959 4858 2282 4922 formalem,
2314 4874 2431 4915 non
2458 4858 2628 4916 habet
2656 4861 2938 4918 rationem
2972 4879 3153 4920 causae

1796 4937 2079 5004 formalis,
2111 4937 2208 4996 sed
2230 4937 2420 4995 differt
2450 4939 2680 4997 realiter
2702 4940 2772 4997 ab
2801 4941 2927 4998 illa.
2956 4944 3151 5002 Minor

1796 5034 1936 5076 vero
1963 5019 2202 5076 habetur
2224 5018 2486 5094 pluribus
2507 5020 2572 5077 in
2597 5022 2733 5078 locis
2762 5022 3002 5080 Concilii
3025 5025 3154 5083 Tri·
