3647 5753
32 989 266 1081 ³32⁹&

38 2225 248 2320 aar

56 3920 243 3964 Aristot.

1495 406 1677 463 DISP.
1719 407 1815 475 IV,
1861 409 2026 466 DUB.
2069 411 2116 466 1.

297 578 424 636 duae
447 579 658 652 quippe
684 578 1033 652 negationes»,
1058 582 1120 634 ut
1147 578 1321 652 vulgo
1346 576 1459 634 dici
1490 577 1655 643 solet,

297 660 609 719 affirmant.
659 657 825 716 Unde
866 676 977 714 non
1022 676 1130 716 esse
1178 659 1404 733 peccati,
1451 664 1507 716 et
1557 675 1664 719 esse

293 739 495 816 gratiae
518 743 806 813 nequeunt
835 737 1072 795 differre
1102 740 1354 805 realiter,
1385 743 1441 795 et
1461 754 1664 796 conse-

294 829 537 896 quenter
565 838 670 879 nec
690 821 1056 890 mutationes,
1084 838 1209 895 quae
1230 821 1509 879 terminos
1531 821 1663 879 illos

297 904 608 977 attingunt.

375 984 518 1040 Huic
573 981 878 1058 objectioni
952 979 1256 1056 respondet
1300 982 1555 1054 vasquez
1599 983 1661 1037 in

296 1069 527 1141 exposit.
559 1076 671 1122 art.
710 1067 729 1121 l
768 1064 935 1137 hujus
968 1066 1291 1143 quastionis,
1329 1062 1481 1138 quod
1529 1064 1661 1122 licet

296 1155 586 1223 peccatum
641 1146 932 1204 habituate
971 1146 1046 1201 sit
1096 1145 1355 1220 quaedam
1386 1146 1653 1220 privatio,

292 1228 652 1305 significatur
673 1235 869 1285 tamen
911 1227 1255 1284 affirmative
1286 1244 1300 1279 ε
1331 1225 1479 1300 quod
1507 1227 1660 1283 suffi-

293 1312 389 1378 cit,
423 1311 610 1384 inquit
639 1310 758 1376 ille,
785 1308 855 1366 ad
879 1324 1082 1365 verum
1120 1314 1374 1365 motum.
1406 1324 1542 1365 nam
1565 1308 1658 1365 hic

292 1394 483 1451 solum
514 1391 764 1464 exposcit
792 1389 1015 1447 versari
1061 1389 1215 1446 inter
1255 1388 1539 1446 terminos
1562 1391 1658 1446 vel

291 1474 584 1548 positivoS,
617 1472 709 1529 vel
757 1470 996 1544 positive
1042 1467 1414 1545 significatos.
1472 1471 1655 1534 Quam

294 1554 726 1627 responsionem
753 1549 1058 1607 confirmat
1084 1550 1433 1607 authoritate
1464 1549 1657 1607 Philo·

290 1634 457 1707 sophi
514 1635 570 1690 ll
598 1628 846 1706 Metapa.
874 1632 991 1687 lect.
1027 1633 1111 1697 ll,
1139 1629 1238 1685 ubi
1261 1629 1342 1685 ait
1376 1651 1389 1684 :
1431 1628 1656 1686 Necesse

290 1733 363 1773 σω
404 1718 638 1789 subjecto
678 1718 739 1770 in
765 1714 1067 1787 subjectum
1095 1716 1454 1769 mutationem
1479 1712 1655 1769 solam

290 1806 498 1854 motum
541 1815 679 1865 esse;
715 1796 954 1871 subjecta
1005 1812 1131 1851 vero
1177 1801 1275 1849 aut
1326 1795 1610 1849 contraria
1634 1836 1650 1861 ,

287 1888 388 1936 aut
415 1880 594 1936 media
621 1898 640 1933 .·
667 1896 799 1934 nam
819 1886 867 1934 et
885 1881 1130 1951 privatio
1169 1877 1515 1933 contrarium
1546 1892 1655 1931 esse

280 1969 546 2035 ponatur,
591 1959 1030 2038 quandoquidem
1068 1966 1120 2015 et
1162 1959 1533 2033 affirmatione
1556 1958 1653 2014 de-

284 2039 556 2107 clar-atur,
601 2039 774 2095 vetuti
820 2039 1051 2106 nudum,
1081 2055 1289 2107 verum,
1319 2043 1369 2093 et
1409 2038 1647 2107 niyrum,

286 2129 384 2179 etc.

363 2203 493 2258 Haec
529 2206 726 2257 tamen
752 2199 1016 2256 doctrina
1043 2197 1188 2255 falsa
1210 2201 1313 2263 est,
1345 2202 1401 2252 et
1426 2197 1653 2254 insuffi-

287 2281 444 2339 ciens
476 2302 490 2337 :
522 2297 658 2336 nam
686 2296 758 2337 ex
794 2296 881 2346 e0,
909 2278 1061 2354 quod
1112 2277 1364 2352 privatio
1410 2278 1652 2350 positive

288 2359 662 2436 significetur,
694 2376 813 2417 non
833 2361 1108 2434 sequitur,
1132 2357 1282 2433 quod
1312 2359 1591 2415 transitus
1619 2375 1652 2416 a

291 2442 559 2517 praedicta
611 2443 934 2517 privatione
974 2443 1051 2498 sit
1094 2447 1283 2497 motus
1332 2440 1651 2498 secundum

286 2539 428 2591 esse,
470 2522 568 2580 sed
608 2525 796 2581 solum
821 2521 1134 2580 secundum
1162 2521 1294 2589 dici,
1337 2528 1393 2579 et
1421 2522 1652 2597 praecise

285 2603 469 2676 quoad
515 2602 753 2660 modum
778 2601 1161 2678 significandi.
1210 2602 1320 2657 Ubi
1342 2602 1503 2659 enim
1532 2619 1649 2660 non

278 2683 490 2742 dantur
516 2685 629 2743 duo
652 2684 891 2742 termini
921 2684 1174 2758 positivi,
1206 2701 1455 2757 quorum
1498 2702 1649 2741 unus

277 2765 580 2840 adjiciatur
604 2811 617 2834 ,
650 2772 706 2824 et
746 2767 891 2824 alter
919 2765 1232 2834 adveniat,
1287 2766 1649 2839 impossibile

275 2850 379 2914 est,
434 2846 583 2922 quod
629 2847 839 2905 dentur
887 2846 1016 2904 duaa
1062 2845 1412 2903 mutationes
1440 2847 1642 2915 reales,

276 2944 394 2987 una
432 2945 567 2986 vere
594 2929 943 2987 destructiva
972 2928 1272 2985 terminia
1294 2946 1418 3006 que,
1444 2934 1500 2986 et
1529 2928 1648 2984 alia

277 3010 617 3082 acquisitiva
647 3009 886 3067 termini
913 3010 988 3064 ad
1015 3026 1174 3086 quem
1198 3009 1335 3066 :sed
1362 3009 1510 3066 sicut
1548 3024 1645 3064 ca-

282 3091 469 3147 rentia
516 3091 862 3164 privationis
887 3096 973 3146 est
1001 3090 1236 3147 realiter
1288 3091 1479 3147 forma
1506 3132 1519 3156 ,
1566 3089 1647 3146 ita

282 3171 590 3230 destructio
636 3172 983 3246 privationis
1024 3177 1109 3228 est
1157 3172 1393 3229 realiter
1440 3172 1645 3230 formae

280 3253 594 3325 productio,
627 3257 696 3309 Et
717 3271 788 3311 ex
807 3253 1066 3328 opposito
1094 3251 1279 3318 fieret,
1330 3253 1644 3309 transitum

279 3349 312 3390 a
340 3336 665 3407 privatione
706 3333 775 3391 ad
823 3335 1076 3392 formam
1103 3349 1226 3391 esse
1256 3333 1646 3391 communiter

278 3413 562 3488 loquendo
589 3431 792 3471 verum
822 3422 1043 3472 motum
1081 3414 1474 3472 includentem
1505 3414 1647 3471 duas

280 3494 626 3549 mutationes
673 3494 853 3550 reales
878 3517 892 3560 ;
940 3511 1076 3551 nam
1122 3495 1509 3551 communiter
1557 3494 1646 3550 lo-

278 3571 532 3644 quend0‚
552 3572 905 3645 privationes
950 3573 1350 3649 significantur
1388 3573 1647 3632 nomini-

280 3651 385 3709 bus
422 3654 712 3727 positiviS,
763 3661 821 3711 ut
863 3655 1123 3722 tenebra,
1166 3657 1410 3723 caecitas,
1444 3661 1500 3714 et
1528 3656 1646 3713 alia

279 3736 644 3810 hujusmodi:
690 3737 840 3810 quod
885 3744 1080 3794 tamen
1107 3746 1190 3796 est
1220 3739 1555 3804 absurdum,
1588 3743 1645 3796 et

278 3821 477 3873 contra
497 3832 864 3874 communem
892 3819 1377 3892 Philosophorum
1407 3824 1646 3876 senten-

281 3896 442 3954 tiam.
474 3898 804 3955 Aristoteles
828 3905 1018 3956 autem
1049 3902 1159 3957 loco
1199 3904 1293 3956 cit.
1343 3918 1463 3958 non
1493 3900 1644 3957 favet

281 3978 546 4050 Vasquio,
603 3979 700 4037 sed
747 3979 915 4038 habet
959 3997 1192 4038 sensum
1246 3983 1416 4057 longe
1442 3981 1643 4038 diver-

279 4076 407 4116 sum
423 4060 620 4124 ;docet
668 4062 830 4118 enim
885 4069 1110 4120 motum
1163 4065 1386 4120 versari
1434 4060 1643 4121 debere

280 4139 432 4198 inter
454 4142 735 4199 terminos
754 4144 1098 4210 contrariOS,
1127 4145 1219 4200 vel
1246 4145 1503 4201 maxime
1530 4142 1642 4199 dis-

278 4229 479 4289 tanteS,
501 4230 561 4280 ut
581 4230 715 4282 sunt
743 4224 962 4293 album,
995 4231 1051 4282 et
1073 4227 1306 4301 nigrum
1329 4251 1343 4294 ;
1371 4227 1463 4283 vel
1489 4226 1641 4282 inter

278 4305 584 4370 medios,ut
597 4314 732 4364 sunt
750 4308 1079 4378 rubrum,et
1098 4309 1402 4384 pallidum;
1415 4314 1471 4366 et
1489 4315 1641 4366 utro-

279 4388 446 4460 bique
469 4391 691 4457 asserit‚
724 4407 923 4448 veram
965 4394 1250 4450 rationem
1272 4385 1480 4449 'motus
1519 4391 1640 4447 sal-

277 4469 423 4527 vari.
440 4472 510 4525 Et
531 4471 727 4527 statim
745 4473 1042 4550 subjungit
1064 4489 1166 4547 per
1188 4473 1633 4540 adversativam,

276 4552 428 4611 Nam
455 4560 503 4607 et
535 4555 786 4625 privatio
814 4565 913 4614 etc.
967 4554 1302 4630 significans
1355 4556 1638 4629 privatio-

278 4648 410 4690 nem
452 4633 831 4692 nonhabere
885 4636 1167 4693 rationem
1214 4637 1513 4702 contrarii,
1547 4636 1639 4693 vel

276 4713 528 4768 maxime
555 4712 842 4783 distantis,
875 4718 965 4773 vel
1003 4716 1361 4784 intermedii,
1394 4717 1526 4773 licet
1549 4717 1639 4773 af-

275 4793 581 4861 firmative,
612 4802 669 4852 et
691 4797 936 4869 positive
975 4796 1372 4872 significetur;
1401 4805 1459 4854 et
1498 4814 1637 4854 con-

274 4881 577 4949 sequenter
641 4893 758 4934 non
826 4896 989 4953 posse
1042 4879 1360 4937 terminare
1415 4885 1637 4936 motum

275 4955 589 5014 secundum
640 4974 761 5015 rem
790 4960 1100 5035 asimplici
1148 4961 1467 5016 mutatione
1514 4958 1636 5014 dis-

276 5035 539 5094 tinctum.
598 5037 758 5103 Quod
803 5040 963 5096 enim
1005 5039 1256 5114 privatio
1281 5037 1636 5116 significetur

3054 413 3158 469 631

1798 577 2164 649 affirmative,
2196 582 2385 641 solum
2405 582 2637 649 evincit,
2664 581 2812 656 quod
2839 583 2914 639 sit
2931 590 3164 641 contra-

1798 659 1955 716 rium
1985 661 2293 730 reductive,
2324 670 2379 721 et
2405 662 2719 722 secundum
2768 662 2916 732 dici;
2946 670 3003 722 et
3022 681 3163 723 con-

1794 747 2118 813 sequenter,
2145 744 2295 817 quod
2318 746 2493 818 possit
2519 759 2641 801 esse
2663 743 2953 800 terminus
2973 752 3161 804 motus

1796 818 2102 888 reductive,
2132 828 2189 879 et
2228 823 2544 880 secundum
2586 822 2720 879 dici.
2764 825 2834 878 Et
2861 824 2965 881 hoc
2991 825 3162 884 modo

1794 898 2210 975 interpretatur
2253 920 2322 961 ea
2366 905 2541 962 verba
2587 906 2652 960 D.
2691 904 3355 964 Thom.ibidem¹‘·'1'h0-

1793 978 1955 1037 litera
1989 981 2058 1040 G.
2090 982 2189 1039 ubi
2218 984 2300 1040 ait
2328 1004 2342 1037 ε
2381 1006 2407 1037 α
2438 983 2809 1058 Relinquitur
2831 1001 2985 1060 ergO,
3010 985 3160 1060 quod

1799 1081 1827 1112 α
1867 1062 1988 1119 sola
2015 1063 2274 1130 mutatio,
2300 1066 2515 1122 scilicet
2544 1063 2614 1120 de
2642 1064 2892 1138 subjecto
2928 1066 2991 1122 in
3018 1065 3160 1121 sub-

1798 1161 1826 1194 «
1862 1140 2095 1215 jectum,
2120 1143 2197 1199 sit
2224 1150 2433 1202 motus,
2466 1145 2535 1199 Et
2575 1160 2706 1200 cum
2747 1144 2997 1220 subjecta
3025 1145 3154 1214 ista,

1796 1242 1823 1273 α
1867 1222 2021 1279 inter
2041 1239 2166 1296 quaa
2185 1230 2269 1282 est
2289 1230 2500 1290 motus,
2528 1230 2788 1296 oporteat
2833 1240 2954 1283 esse
2980 1241 3162 1299 oppo-

1797 1324 1825 1356 α
1866 1304 1994 1372 sita,
2022 1321 2248 1364 necesse
2273 1313 2376 1375 est,
2402 1306 2550 1381 quod
2578 1307 2697 1363 sint
2720 1307 3033 1377 contraria,
3068 1309 3160 1365 vel

1796 1405 1822 1437 κ
1867 1384 2247 1455 intermedia;
2277 1387 2413 1460 quia
2440 1389 2693 1460 privatio
2733 1388 2864 1445 licet
2902 1388 3160 1445 affirma-

1795 1484 1821 1516 «
1866 1463 1983 1522 tive
2022 1471 2395 1535 monstretur,
2438 1467 2584 1523 sicut
2613 1469 2869 1542 nigrum,
2901 1473 2957 1525 et
2976 1466 3157 1526 eden-

1794 1566 1820 1599 «
1866 1547 2083 1615 tulum;
2107 1553 2304 1605 tamen
2325 1547 2396 1605 ad
2413 1550 2772 1607 contrarium
2792 1549 3107 1608 reducitur.
3124 1571 3149 1602 n

1862 1629 1919 1685 6.
1962 1631 2149 1687 Aliter
2193 1646 2329 1706 ergo
2375 1630 2447 1687 ad
2497 1631 2875 1707 objectionem
2914 1647 3353 1711 respon-oxum,

1788 1707 2040 1766 dendum
2067 1716 2188 1779 est,
2234 1712 2400 1785 juxta
2426 1728 2493 1770 ea
2537 1729 2665 1786 quae
2708 1714 2771 1770 in
2813 1719 3154 1788 argumento
3162 1716 3341 1818 jgffllffi

1788 1791 2238 1852 insinuavimus.
2269 1795 2435 1852 Unde
2479 1796 2728 1854 dicimus
2773 1799 3094 1854 terminum
3116 1816 3153 1854 a
3343 1798 3357 1811 ’

1825 1893 1893 1930 uo
1922 1877 2279 1935 remissionis
2307 1879 2517 1951 peccati
2549 1895 2668 1937 non
2708 1896 2831 1938 esse
2861 1885 3153 1954 peccatum

1831 1954 2080 2012 abituale
2109 1959 2406 2029 praecisive
2433 1965 2723 2033 acceptum
2739 1960 3055 2018 secundum
3073 1962 3152 2029 id,

1785 2034 1936 2106 quod
1958 2036 2300 2104 formaliter,
2332 2044 2387 2095 et
2415 2039 2479 2095 in
2507 2045 2657 2096 recto
2683 2039 2970 2115 significat
2996 2061 3009 2097 ε
3045 2057 3157 2114 quo

1788 2121 1950 2189 pacto
1970 2118 2155 2175 solum
2181 2119 2457 2191 importat
2503 2122 2887 2193 privationem
2914 2122 3154 2196 gratiae3

1784 2196 1867 2252 sic
1912 2197 2072 2254 enim
2114 2198 2539 2257 consideratum
2585 2203 2776 2257 solum
2822 2207 3007 2274 posset
3032 2217 3156 2260 esse

1785 2278 2070 2334 terminus
2108 2298 2144 2335 a
2191 2297 2295 2356 quo
2335 2282 2617 2356 simplicis
2641 2282 2998 2345 mutationis,
3030 2299 3154 2355 quae

1785 2356 1934 2416 foret
1963 2360 2197 2418 realiter
2222 2363 2423 2436 gratiae
2450 2363 2686 2420 infusio.
2712 2362 2819 2419 Sed
2851 2363 3153 2437 praedictus

1787 2440 2075 2496 terminus
2099 2447 2184 2497 est
2207 2450 2493 2516 peccatum
2517 2443 2808 2500 habituale
2835 2445 3149 2501 secundum

1783 2535 1870 2588 ea,
1901 2536 2025 2593 quae
2045 2524 2432 2581 essentialiter
2459 2525 2524 2581 in
2548 2525 2782 2598 proprio
2808 2530 2956 2581 statu
2989 2541 3151 2582 com-

1783 2602 2071 2674 plectitur.
2105 2604 2174 2657 Et
2215 2603 2341 2661 ideo
2381 2605 2704 2661 Concilium
2732 2605 2994 2662 Trident.
3027 2606 3151 2663 loco
3183 2630 3342 2677 concii.

1783 2683 1952 2738 citato
1980 2698 2099 2740 non
2128 2681 2292 2752 dixit,
2320 2684 2791 2760 justificationem
2819 2702 2941 2743 esse
2962 2692 3148 2743 trans·
3165 2680 3342 2726 'rridem

1783 2762 2061 2820 lationem
2084 2780 2117 2820 a
2146 2771 2429 2841 pecccato;
2456 2766 2554 2822 sed
2576 2765 2725 2822 dixit
2743 2782 2864 2824 esse
2892 2768 3146 2825 transla-

1782 2842 2002 2901 tionem
2044 2860 2078 2902 a
2124 2851 2272 2903 statu
2320 2847 2549 2921 peccati.
2593 2846 2678 2903 Ad
2717 2847 2924 2922 peccati
2953 2853 3147 2906 autem

1779 2931 1993 2983 statum
2022 2925 2135 2985 duo
2165 2929 2427 3002 positiva,
2461 2935 2522 2985 ut
2548 2935 2749 2987 caetera
2790 2932 3145 2998 omittamuS,

1780 3013 2055 3080 spectant,
2090 3025 2298 3082 nempe
2320 3014 2477 3066 actus
2498 3011 2706 3082 peccati
2737 3012 2969 3085 physice
2999 3025 3150 3082 prae-

1780 3089 2004 3155 teritus,
2030 3094 2086 3145 et
2108 3090 2412 3145 moraliter
2435 3105 2811 3163 permanens;
2836 3096 2892 3147 et
2911 3090 3151 3162 insuper

1779 3170 2081 3226 conversio
2107 3169 2426 3226 habitualis
2467 3170 2538 3226 ad
2580 3171 2796 3228 bonum
2818 3171 3144 3244 proprium.

1782 3248 1946 3305 Unde
1972 3248 2036 3304 in
2052 3249 2462 3323 justificatione
2489 3250 2658 3323 impii
2685 3294 2697 3316 ,
2742 3266 2866 3322 quae
2894 3252 3149 3307 transla-

1781 3331 1998 3387 tionem
2024 3347 2056 3386 a
2088 3331 2356 3405 praedicto
2375 3336 2524 3388 statu
2548 3333 2837 3404 importat,
2866 3333 3148 3391 essentia-

1779 3412 1915 3467 liter
1940 3410 2228 3468 clauditur
2255 3411 2563 3468 destructio
2604 3411 2846 3485 alicujus
2888 3413 3142 3485 positivi,

1780 3507 1988 3565 nempe
2033 3493 2216 3565 ipsius
2262 3497 2441 3548 status
2490 3494 2719 3564 peccati,
2750 3493 2873 3550 sive
2918 3492 3141 3561 desiti0,

1777 3591 1877 3632 seu
1904 3576 2229 3631 retractatio
2258 3580 2414 3631 actus
2443 3576 2652 3648 peccati
2680 3576 2983 3632 moraliter
3011 3592 3143 3649 per-

1776 3655 2088 3722 manentis,
2115 3661 2171 3711 et
2191 3655 2431 3712 cessatio
2454 3655 2848 3711 conversionis
2875 3654 3143 3713 habitua-

1779 3737 1852 3793 lis
1873 3736 1944 3792 ab
1970 3735 2186 3793 bonum
2233 3736 2556 3811 proprium,
2599 3741 2871 3809 tanquam
2903 3735 2972 3792 ad
3002 3737 3145 3793 ulti-

1777 3835 1943 3875 mum
1970 3816 2147 3875 finem
2165 3860 2177 3872 .
2789 3852 2793 3856 ·

1853 3903 1987 3965 Quae
2037 3897 2295 3956 doctrina
2344 3896 2666 3954 desumitur
2700 3913 2770 3954 ex
2816 3900 2884 3952 D.
2933 3898 3206 3958 Thom.1>.
3226 3911 3331 3962 Tho.

1776 3996 1915 4037 nam
1939 3979 2007 4037 de
2031 3986 2155 4036 actu
2180 3979 2574 4052 peccaminoso
2602 3977 2792 4050 inquit
2818 3983 2927 4033 art.
2945 3978 3038 4034 cit.
3070 3994 3142 4035 ex

1774 4066 1966 4135 quaest.
1997 4063 2089 4128 28,
2115 4060 2186 4117 de
2213 4061 2469 4117 Veritate
2496 4079 2510 4115 :
2539 4080 2561 4111 α
2597 4054 2775 4131 Culpa
2796 4057 3014 4131 aliquid
3037 4074 3142 4132 po-

1782 4166 1808 4198 «
1852 4144 2019 4209 nit,et
2035 4158 2149 4200 non
2165 4144 2353 4199 solum
2370 4141 2688 4198 absentiam
2703 4140 3145 4216 gratiae.Absen-

1779 4247 1805 4279 α
1852 4227 1933 4282 tia
1961 4225 2120 4282 enim
2147 4225 2347 4298 gratiae
2368 4222 2685 4281 secundum
2702 4238 2761 4278 se
2782 4221 3146 4280 considerata

1779 4329 1805 4359 α
1850 4306 2019 4363 habet
2041 4310 2267 4362 tantum
2294 4306 2582 4362 rationem
2602 4319 2802 4376 poenae,
2821 4319 2940 4361 non
2954 4310 3145 4361 autem

1778 4411 1804 4441 α
1852 4389 2138 4447 rationem
2167 4389 2363 4462 culpae,
2401 4388 2514 4444 nisi
2543 4386 2858 4443 secundum
2888 4386 3038 4459 quod
3061 4402 3147 4444 re-

1777 4492 1804 4524 «
1852 4470 2135 4542 linquitur
2150 4485 2221 4526 ex
2249 4476 2371 4526 actu
2396 4469 2726 4531 voluntario
2750 4467 3099 4541 praecedente
3128 4490 3140 4524 :

1778 4571 1805 4605 α
1847 4552 1992 4607 sicut
2011 4550 2249 4609 tenebra
2265 4567 2382 4607 non
2398 4549 2566 4606 habet
2589 4549 2872 4606 rationem
2897 4547 3134 4616 umbrae,

1776 4653 1802 4686 α
1849 4632 1961 4688 nisi
1982 4630 2295 4688 secundum
2318 4629 2465 4704 quod
2497 4630 2845 4702 relinquitur
2872 4645 2944 4686 ex
2965 4629 3143 4686 inter-

1778 4736 1804 4767 α
1848 4713 2130 4787 positione
2158 4713 2415 4786 corporis
2442 4712 2621 4784 opaci.
2649 4713 2804 4767 Sicut
2827 4726 2963 4784 ergo
2985 4710 3140 4767 abla-

1776 4817 1800 4848 α
1847 4797 1927 4853 tio
1957 4795 2176 4851 umbrae
2215 4796 2491 4868 importat
2522 4810 2638 4851 non
2666 4794 2855 4850 solum
2889 4792 3133 4851 ablatio-

1778 4899 1803 4931 «
1848 4888 1982 4934 nem
2007 4876 2275 4943 tenebrae,
2320 4875 2417 4932 sed
2464 4877 2844 4934 remotionem
2885 4876 3141 4948 corporis

1777 4978 1803 5010 α
1847 4958 2214 5031 impedientis
2242 4979 2254 5012 ε
2281 4958 2360 5014 ita
2390 4958 2651 5015 remissio
2678 4957 2857 5029 culpas
2906 4972 3024 5012 non
3042 4972 3139 5014 so-

1774 5057 1800 5090 «
1846 5037 1969 5093 lum
1998 5038 2271 5111 importat
2316 5037 2674 5095 ablationem
2705 5037 2976 5095 absentiae
3000 5051 3139 5109 gra-
