3647 5753
331 1318 485 1379 Ultima

320 1378 477 1414 evasio.

288 3288 488 3335 consuta·

340 3342 422 3383 tur.

527 411 641 468 802

525 582 986 650 continuaretur,
1017 582 1116 640 sed
1139 583 1331 656 primo
1352 581 1516 640 fieret
1542 582 1606 638 in
1633 582 1737 639 illo
1764 581 1890 639 ins-

523 662 669 719 tanti
701 687 716 731 ;
762 669 818 721 et
846 663 1232 721 nihilominus
1257 664 1446 736 gratia
1474 669 1535 720 ut
1560 663 1892 720 continuata

521 758 702 816 usque
729 743 801 800 ad
820 743 976 814 ,illud
1003 745 1226 805 instans
1250 745 1552 810 inclusive,
1580 745 1776 818 nequit
1796 760 1889 801 ca-

521 824 659 881 dere
684 824 790 881 sub
817 827 1028 885 merito
1066 831 1224 883 actus
1264 831 1399 882 tunc
1438 824 1775 893 existentis;
1805 824 1891 882 si-

521 905 755 979 quidem
809 907 889 964 ita
936 913 1158 982 accepta
1211 908 1382 964 illum
1439 906 1776 981 principiat,
1835 912 1891 963 et

519 989 748 1047 valorat
781 1012 793 1047 :
825 1007 960 1065 ergo
1004 1006 1079 1049 ex
1120 1007 1188 1050 eo
1232 989 1382 1065 quod
1429 989 1643 1047 accidat
1681 989 1890 1048 merito

520 1086 845 1144 supponere
895 1073 1144 1147 gratiam
1209 1077 1467 1146 tempore
1531 1070 1887 1129 antecedenti

521 1153 874 1227 productam,
907 1154 1155 1213 minime
1185 1155 1453 1223 infertur,
1478 1153 1627 1228 quod
1654 1168 1781 1211 eam
1807 1152 1889 1209 ita

519 1236 942 1294 consideratam
971 1237 1187 1295 mereri
1217 1237 1410 1311 possit.

602 1318 684 1373 15.
716 1317 910 1373 Aliam
931 1317 1280 1375 solutionem
1302 1316 1535 1375 adhibet
1558 1315 1761 1372 citatus
1780 1314 1888 1370 Ju-

518 1397 670 1462 nior,
702 1403 766 1454 ut
789 1399 1072 1455 rationem
1096 1401 1163 1455 D.
1187 1398 1393 1455 Thom.
1418 1397 1735 1471 infringat;
1761 1409 1882 1451 res-

518 1475 731 1549 pondet
772 1477 931 1534 enim
985 1492 1053 1534 ea
1105 1482 1332 1535 tantum
1383 1476 1680 1545 convinci,
1734 1475 1885 1549 quod

517 1572 692 1629 opera
717 1557 1118 1632 subsequentia
1159 1559 1479 1631 promereri
1508 1574 1626 1615 non
1652 1558 1885 1614 valeant

515 1638 769 1711 primam
784 1640 1031 1714 gratiam
1047 1638 1401 1698 habitualem
1423 1640 1607 1714 quoad
1629 1639 1884 1696 existen-

514 1718 655 1774 tiam
685 1719 1025 1788 absolutam,
1057 1735 1216 1776 secus
1244 1737 1384 1779 vero
1410 1719 1596 1793 quoad
1628 1719 1881 1776 existen·

513 1798 657 1855 tiam
697 1802 1169 1875 comparativam.
1203 1803 1353 1859 Nam
1384 1807 1566 1875 potest
1605 1804 1754 1858 Deus
1778 1799 1883 1857 de-

512 1896 748 1940 cernere
802 1882 1011 1939 merita
1062 1881 1259 1941 futura
1313 1898 1431 1940 non
1481 1879 1841 1940 decernendo
1864 1922 1877 1948 ,

511 1960 662 2033 quod
705 1961 1012 2035 procedant
1052 1962 1122 2019 ab
1152 1964 1275 2031 hac,
1307 1969 1405 2021 aut
1435 1964 1540 2020 illa
1567 1963 1753 2037 gratia
1778 1960 1883 2017 de-

512 2042 842 2110 terminata,
873 2043 972 2101 sed
1019 2047 1208 2104 solum
1243 2063 1275 2103 a
1301 2045 1484 2121 gratia
1530 2060 1691 2120 vaga,
1723 2049 1779 2101 et
1818 2044 1881 2099 in

511 2125 807 2180 communi
830 2132 1057 2199 sumpta
1078 2151 1092 2194 3
1119 2126 1189 2184 ab
1212 2127 1317 2184 hac
1335 2126 1495 2183 enim
1516 2125 1598 2182 ita
1617 2123 1882 2182 conside-

513 2208 639 2261 rata
659 2210 860 2279 petunt
885 2208 1096 2264 merita
1136 2206 1524 2264 essentialiter
1553 2203 1875 2279 procedere,

507 2291 563 2343 et
608 2301 713 2359 per
766 2288 930 2346 illam
979 2290 1252 2347 valorari.
1305 2287 1514 2347 Merita
1561 2292 1753 2344 autem
1798 2287 1880 2343 sic

508 2369 752 2441 praevisa
803 2375 1041 2443 possunt
1090 2373 1271 2429 Deum
1322 2386 1576 2435 movere,
1624 2375 1687 2426 ut
1731 2369 1881 2426 hanc

506 2448 754 2522 gratiam
776 2449 1158 2510 determinate
1181 2452 1466 2510 decernat.
1490 2451 1655 2509 Unde
1676 2448 1877 2509 eadem

505 2531 692 2603 gratia
719 2532 831 2587 erit
852 2533 1049 2590 meriti
1073 2535 1447 2609 principium,
1475 2541 1531 2593 et
1552 2532 1875 2592 terminus:

507 2610 860 2683 principium
887 2613 1120 2686 quidem
1155 2616 1516 2673 considerata
1561 2612 1876 2672 secundum

503 2697 838 2764 conceptum
881 2695 1081 2768 gratias
1126 2696 1438 2753 habitualis
1477 2695 1608 2762 sibi,
1639 2702 1697 2753 et
1744 2696 1877 2752 aliis

500 2772 704 2846 gratiis
732 2789 978 2831 numero
1015 2774 1263 2833 diversis
1308 2792 1676 2835 communem
1708 2798 1722 2832 z
1754 2781 1876 2833 te‘r-

503 2851 701 2910 minus
728 2860 921 2913 autem
959 2858 1275 2916 secundum
1316 2858 1464 2933 quod
1491 2863 1576 2916 est
1603 2858 1720 2916 haec
1761 2873 1876 2916 nu-

503 2952 667 2994 mero
702 2940 889 3014 gratia
933 2939 1337 2999 determinate.
1367 2944 1550 3014 Atque
1598 2940 1727 2999 ideo
1755 2957 1875 2999 non

504 3018 844 3091 implicabit,
877 3020 1025 3095 quod
1048 3022 1248 3080 eadem
1279 3038 1522 3080 numero
1548 3022 1737 3096 gratia
1765 3023 1875 3079 ha-

502 3099 737 3158 bitualis
775 3102 937 3159 cadat
980 3103 1087 3160 sub
1114 3105 1324 3162 merito
1351 3121 1614 3178 operum,
1648 3121 1773 3178 quae
1801 3104 1873 3162 ab

500 3180 626 3253 ipsa
654 3183 987 3254 procedunt.

576 3265 859 3324 caeterum
882 3269 1000 3326 haec
1020 3269 1320 3341 responsio
1341 3266 1590 3326 debilior
1617 3274 1702 3325 est
1722 3284 1872 3341 prae-

499 3341 847 3415 cedentibus,
900 3355 1191 3424 potestque
1238 3349 1427 3406 refelli
1480 3347 1697 3406 eisdem
1752 3349 1871 3405 im-

498 3429 967 3501 pugnationibus,
1000 3438 1056 3489 et
1091 3432 1223 3490 aliis
1253 3432 1536 3505 pluribus.
1568 3435 1714 3488 Nam
1744 3448 1871 3489 me-
1904 3492 1907 3494 ,

499 3508 679 3564 ritum
709 3525 826 3568 non
848 3518 1060 3581 movet,
1089 3528 1191 3570 nec
1212 3514 1277 3570 in
1297 3530 1401 3570 suo
1421 3529 1632 3604 genere
1651 3517 1863 3577 causat,

499 3588 614 3644 nisi
642 3584 706 3644 ut
742 3592 1070 3650 terminans
1108 3594 1410 3651 scientiam
1452 3593 1739 3650 visionis:
1767 3591 1868 3649 sed

495 3668 773 3726 meritum
820 3677 884 3727 ut
933 3674 1212 3730 terminat
1250 3674 1548 3731 scientiam
1595 3673 1861 3739 visionis,

495 3749 771 3822 importat
796 3754 1181 3812 essentialiter
1208 3753 1652 3828 dependentium
1675 3770 1708 3810 a
1728 3769 1866 3828 gra-

494 3831 573 3887 tia
614 3831 998 3894 determinate
1045 3844 1285 3912 accepta,
1319 3854 1351 3895 a
1379 3854 1490 3910 qua
1517 3838 1581 3894 in
1608 3852 1865 3910 exequu-

494 3911 651 3970 tione
698 3917 948 3988 procedit
1005 3942 1019 3975 ι
1066 3935 1202 3993 ergo
1254 3919 1418 3976 nullo
1464 3916 1634 3975 modo
1683 3923 1865 3991 potest

492 3996 829 4066 praedictam
841 4001 1090 4069 gratiam
1114 4001 1414 4059 meritorie
1426 4017 1680 4058 causare.
1701 4003 1865 4058 Patet

491 4081 930 4153 consequentia,
961 4099 1098 4141 nam
1140 4083 1267 4144 ideo
1307 4079 1609 4157 praedictus
1652 4083 1863 4141 Junior

490 4162 764 4230 concedit,
821 4162 969 4236 quod
1022 4165 1232 4222 merita
1289 4163 1696 4239 subsequentia
1754 4180 1860 4221 ne-

489 4249 703 4313 queunt
728 4260 962 4301 causare
987 4246 1235 4319 gratiam
1264 4246 1449 4320 quoad
1489 4245 1859 4303 existentiam

489 4321 829 4395 absolutam,
860 4330 916 4382 et
942 4342 1083 4400 vage
1117 4326 1557 4392 consideratam,
1589 4326 1725 4400 quia
1764 4342 1859 4383 es·

485 4407 809 4465 sentialiter
854 4406 1179 4481 dependent
1204 4426 1237 4467 a
1273 4409 1460 4484 gratia
1506 4409 1586 4466 sic
1632 4412 1859 4480 accepta

487 4493 762 4562 tanquam
783 4506 816 4546 a
838 4491 1124 4564 principio
1144 4491 1418 4560 effectivO,
1439 4496 1495 4548 et
1517 4492 1817 4548 valorante
1840 4510 1853 4545 :

485 4583 620 4644 ergo
663 4571 713 4627 si
752 4571 955 4629 eodem
1001 4572 1170 4631 modo
1216 4572 1542 4647 dependent
1588 4589 1622 4630 a
1664 4571 1855 4646 gratia

484 4649 667 4723 quoad
688 4652 1056 4710 existentiam
1092 4655 1543 4727 comparativam
1571 4651 1854 4711 determi-

484 4737 616 4790 nate
662 4738 966 4807 acceptam,
1024 4734 1384 4808 impossibile
1432 4741 1535 4802 est,
1581 4732 1731 4808 quod
1780 4731 1852 4788 ad

480 4813 895 4872 conferendum
969 4815 1219 4887 gratiam
1283 4817 1363 4872 ita
1426 4815 1850 4873 consideratam

480 4901 753 4954 moveant
780 4896 1199 4971 praemiantem,
1230 4896 1510 4970 illamque
1545 4895 1850 4954 moraliter

478 4983 748 5035 causent.
803 4977 990 5052 Major
1037 4979 1213 5036 etiam
1266 4984 1485 5037 constat
1547 4994 1622 5035 ex
1671 4993 1849 5049 supra

479 5055 646 5114 dictis
685 5077 841 5115 num.
879 5061 964 5127 11,
995 5059 1094 5117 ubi
1122 5061 1525 5135 proposuimus
1568 5060 1848 5118 differen-

1575 408 1670 465 DE
1710 407 2015 464 PRAEMIO
2053 407 2330 464 MERITI.

2024 582 2166 637 tiam
2195 580 2349 638 inter
2374 597 2604 638 causam
2635 580 2891 649 finalem,
2916 587 2973 639 et
2992 581 3370 640 meritoriam
3385 607 3404 650 ;

2022 663 2128 719 illa
2154 662 2316 720 enim
2341 669 2534 721 movet
2557 671 2620 720 ut
2639 667 2731 731 sit,
2757 669 2924 738 atque
2945 663 3078 722 ideo
3100 670 3164 721 ut
3192 664 3406 722 influat

2023 744 2088 801 in
2127 760 2232 801 suo
2267 760 2498 820 genere,
2539 762 2658 803 non
2708 746 2956 819 postulat
2998 745 3397 813 existentiam,

2024 840 2127 884 nec
2155 827 2435 884 terminat
2460 827 2761 884 scientiam
2789 827 3066 896 visionis3
3096 828 3218 886 haec
3255 843 3400 886 vero

2021 912 2234 973 movet,
2266 910 2399 986 quia
2426 914 2504 963 est
2529 925 2548 961 .·
2573 908 2836 981 quocirca
2872 905 3042 966 debet
3069 923 3397 981 repraesen-

2022 988 2134 1044 tari
2159 994 2220 1046 ut
2246 990 2514 1057 existens,
2541 994 2598 1047 et
2625 988 2893 1046 notitiam
2918 989 3010 1046 sui
3050 989 3394 1046 intuitivam

2019 1070 2358 1127 terminare.
2389 1069 2585 1127 Minor
2610 1069 2859 1143 denique
2878 1070 3223 1137 ostenditur,
3250 1087 3397 1145 quo-

2020 1151 2182 1208 niam
2225 1151 2484 1225 implicat
2521 1150 2740 1225 aliquid
2783 1151 3194 1225 repraesentari
3237 1153 3398 1210 exis-

2018 1236 2163 1302 tens,
2187 1238 2244 1291 et
2264 1234 2550 1292 visionem
2572 1236 2662 1291 sui
2685 1235 3023 1292 intuitivam
3044 1235 3394 1301 terminare,

2019 1316 2132 1373 nisi
2175 1323 2621 1389 repraesentetur
2666 1324 2830 1375 extra
2856 1334 3061 1375 omnes
3085 1334 3310 1387 causas,
3341 1323 3398 1375 et

2017 1399 2368 1456 causalitatis
2394 1399 2614 1467 modos,
2644 1415 2679 1455 a
2704 1398 2913 1473 quibus
2942 1401 3135 1474 reipsa
3159 1399 3229 1456 in
3254 1415 3398 1457 ext.b

2016 1479 2294 1551 quutione
2333 1478 2647 1553 dependet;
2698 1479 3005 1538 existentia
3031 1482 3248 1555 quippe
3274 1481 3400 1538 im·-

2018 1564 2205 1631 portat
2245 1559 2576 1636 hujusmodi
2615 1560 2940 1618 sistentiam
2983 1566 3149 1618 extra
3186 1568 3398 1619 cuncta

2018 1641 2100 1698 rei
2127 1641 2417 1715 principia
2438 1641 2567 1699 :sed
2589 1643 2866 1701 meritum
2894 1640 3176 1716 dependet
3201 1644 3399 1717 reipsa

2017 1721 2079 1777 in
2107 1723 2491 1795 exequutione
2518 1739 2549 1779 a
2575 1724 2767 1798 gratia
2807 1738 2924 1781 non
2961 1739 3104 1798 vage
3140 1730 3394 1797 accepta,

2014 1801 2113 1858 sed
2158 1802 2542 1861 determinate
2583 1810 2833 1878 sumpta,
2874 1809 2937 1861 ut
2970 1819 3042 1861 ex
3068 1821 3132 1862 se
3160 1805 3347 1878 liquet
3379 1827 3394 1861 :

2014 1898 2150 1958 ergo
2197 1887 2492 1953 meritum,
2524 1892 2586 1942 ut
2630 1885 2912 1942 terminat
2952 1886 3258 1943 scientiam
3294 1888 3395 1942 vi·

2013 1962 2214 2030 sionis,
2236 1964 2513 2038 importat
2530 1965 2914 2023 essentialiter
2934 1964 3392 2037 dependentiam

2014 2059 2044 2099 a
2084 2045 2271 2119 gratia
2291 2044 2677 2103 determinate
2702 2051 2944 2118 accepta,
2970 2061 3002 2102 a
3023 2062 3134 2119 qua
3160 2047 3228 2101 in
3257 2061 3394 2103 exe-

2012 2126 2289 2196 quutione
2316 2126 2588 2200 procedit.

2095 2210 2177 2263 16.
2228 2208 2616 2266 Oonflrmatur
2664 2209 2874 2283 primo,
2918 2209 3052 2283 quia
3098 2215 3562 2283 repugnatrttette

2011 2287 2336 2356 decernere,
2369 2296 2466 2347 aut
2491 2290 2691 2348 videre
2724 2289 2986 2347 effectum
3011 2291 3386 2357 existentem,

2011 2370 2125 2425 nisi
2177 2385 2279 2443 per
2331 2372 2495 2445 prius
2559 2371 2938 2438 decernatur,
2993 2377 3049 2429 et
3115 2371 3391 2429 videatur

2009 2451 2263 2510 existens
2309 2454 2662 2527 principium
2710 2453 2959 2511 efficiens
3004 2454 3167 2509 illius
3219 2451 3235 2509 ἐ
3282 2453 3388 2510 sed

2011 2534 2208 2606 nequit
2251 2534 2504 2602 decerni,
2549 2541 2607 2592 et
2651 2535 2837 2593 videri
2877 2535 3128 2592 existens
3166 2536 3383 2609 gratia,

2008 2630 2133 2687 quae
2152 2621 2237 2671 est
2257 2616 2608 2689 principium
2635 2616 2961 2673 effectivum
2989 2616 3206 2680 meriti,
3234 2618 3385 2690 quin

2009 2688 2288 2758 videatur,
2320 2696 2377 2746 et
2402 2690 2741 2748 decernatur
2779 2691 2965 2765 gratia
2991 2690 3387 2752 determinate

2008 2777 2234 2844 accepta
2258 2772 2572 2829 secundum
2594 2789 2763 2830 suum
2785 2788 2906 2831 esse
2933 2771 3321 2838 individuale,
3347 2788 3384 2828 a

2007 2867 2118 2925 qua
2165 2852 2439 2910 meritum
2493 2854 2558 2910 in
2605 2854 2985 2927 exequutione
3021 2851 3316 2926 dependet
3366 2897 3380 2909 .

2006 2949 2141 3008 ergo
2182 2934 2537 3009 impossibile
2576 2941 2681 3002 est,
2712 2937 2862 3009 quod
2888 2936 3075 3011 gratia
3103 2934 3383 3008 praedicto

2005 3014 2177 3072 modo
2203 3016 2563 3074 considerata
2607 3017 2770 3074 cadat
2813 3016 2919 3074 sub
2944 3018 3156 3074 merito
3179 3019 3383 3089 operis

2004 3096 2421 3171 subsequentis,
2454 3102 2868 3174 Consequentia
2899 3106 3084 3174 patet;
3111 3116 3252 3156 nam
3281 3116 3382 3157 re·

2006 3185 2237 3252 pugnat,
2269 3178 2418 3253 quod
2455 3185 2610 3236 actus
2655 3186 2946 3239 mereatur
2989 3180 3375 3257 principium,

2003 3274 2048 3314 af
2080 3275 2191 3332 quo
2235 3261 2620 3319 essentialiter
2665 3260 2964 3335 dependet,
3007 3269 3065 3320 et
3107 3261 3264 3335 quod
3311 3261 3378 3316 in

2002 3338 2226 3407 notitia,
2260 3349 2318 3399 et
2341 3341 2827 3401 determinatione
2875 3344 3236 3418 praemiantis
3281 3360 3382 3401 es·

2000 3423 2324 3481 sentialiter
2347 3426 2753 3497 praesupponit.
2775 3427 2960 3500 Major
2973 3426 3152 3484 etiam
3169 3426 3372 3498 liquet,

1999 3503 2133 3575 quia
2171 3503 2400 3562 effectus
2441 3507 2719 3563 terminat
2761 3507 2858 3564 Dei
2889 3507 3173 3564 visionem
3202 3512 3380 3579 prout

1998 3586 2193 3643 existit
2240 3588 2304 3644 in
2354 3605 2462 3645 re:
2504 3589 2602 3647 sed
2643 3590 3000 3663 impossibile
3046 3595 3164 3655 est,
3218 3589 3378 3663 quod

2000 3668 2188 3742 reipsa
2209 3670 2417 3727 existat
2438 3676 2743 3745 antequam
2759 3674 2964 3731 existat
2988 3672 3370 3746 principium,

1998 3767 2032 3807 a
2056 3769 2168 3825 quo
2210 3754 2398 3828 reipsa
2439 3754 2692 3827 procedit
2729 3772 2905 3833 :ergo
2953 3761 3236 3829 repugnat
3280 3757 3378 3812 er-

1997 3836 2207 3893 fectum
2234 3836 2484 3905 decerni,
2515 3844 2572 3896 et
2599 3837 2789 3897 videri
2828 3839 3190 3904 existentem,
3223 3840 3375 3913 quin

1996 3933 2099 3988 per
2146 3917 2308 3990 prius
2353 3916 2715 3987 decernatur,
2747 3925 2804 3978 et
2830 3921 3095 3979 videatur
3144 3920 3376 3992 princi-

1994 3997 2177 4070 pium,
2198 4015 2232 4054 a
2252 4014 2363 4072 quo
2387 4001 2574 4074 reipsa
2597 4000 2871 4074 procedit.
2902 4003 3096 4058 Minor
3116 4000 3378 4073 denique

1992 4078 2331 4146 ostenditur,
2357 4081 2633 4152 quoniam
2662 4081 2968 4138 existentia
3005 4098 3123 4139 non
3148 4096 3372 4138 conve·

1992 4161 2082 4216 nit
2106 4162 2469 4235 conceptibus
2489 4163 2905 4236 superioribus,
2933 4165 3046 4221 nisi
3070 4162 3370 4221 mediante

1991 4241 2200 4300 ultima
2246 4242 2574 4302 differentia
2625 4244 3013 4313 individuali;
3067 4250 3154 4302 est
3198 4246 3372 4301 enim

1989 4324 2197 4381 ultima
2238 4325 2323 4381 rei
2352 4326 2668 4393 actualitas,
2699 4332 2757 4384 et
2781 4326 3209 4391 determinatio,
3235 4342 3370 4399 quae

1990 4404 2235 4477 proinde
2275 4407 2547 4479 supponit
2574 4409 2882 4466 essentiam
2912 4406 3371 4464 individualiter

1987 4484 2433 4542 determinatam
2462 4487 2525 4543 in
2556 4488 2743 4562 seipsa
2775 4510 2787 4545 ε
2818 4505 2954 4564 ergo
3001 4486 3374 4560 impossibile

1986 4572 2088 4633 est,
2104 4567 2253 4641 quod
2276 4571 2421 4626 Deus
2439 4586 2543 4643 pro
2564 4572 2746 4644 priori
2772 4571 2842 4629 ad
2864 4570 3140 4628 meritum
3163 4569 3368 4628 videat

1983 4650 2232 4724 gratiam
2255 4650 2401 4706 hanc
2428 4650 2813 4710 determinat-e
2837 4658 3150 4726 sumptam.

3422 2282 3553 2328 mur

2059 4729 2251 4787 confir
2261 4738 2451 4791 matur
2470 4734 2734 4802 secundo,
2760 4736 2894 4808 quia
2917 4736 3066 4791 Deus
3094 4749 3213 4791 non
3233 4749 3358 4791 mo-
3371 4754 3546 4799 mas-

1983 4819 2153 4871 vetur
2181 4832 2214 4873 a
2240 4816 2451 4873 merito
2477 4832 2641 4891 vage,
2671 4822 2730 4874 et
2754 4817 3224 4883 indeterminate,
3255 4824 3359 4875 aut

1979 4898 2322 4974 disjunctive
2348 4908 2606 4974 sumpto:
2631 4898 2730 4958 sed
2752 4901 2823 4957 ab
2845 4901 2950 4959 hoc
2967 4901 3361 4960 determinate

1979 4980 2575 5040 meritovconsiderato
2618 4982 2934 5040 secundum
2972 4999 3137 5041 suam
3169 4986 3359 5043 ratio-

1979 5078 2115 5121 nem
2163 5062 2587 5123 individualem
2622 5065 2761 5124 :sed
2806 5066 3083 5124 meritum
3130 5068 3215 5124 ita
3255 5084 3358 5126 ac-

3118 5153 3356 5221 ceptum

3391 4811 3543 4848 ml·-

3400 4854 3520 4908 μω
