3647 5753
291 3492 476 3536 Occurri-

320 3547 385 3585 tur
397 3552 461 3584 sc·

308 3592 466 3635 eundae.

488 379 600 434 440

494 549 829 605 missionem
853 548 1080 619 peccati,
1096 551 1152 603 et
1169 546 1335 620 impii
1348 544 1818 619 justificationem
1838 565 1851 603 z

493 636 550 687 et
575 631 721 686 hanc
741 630 1036 704 energiam
1055 629 1268 686 habent
1282 627 1459 685 verba
1476 628 1577 684 illa
1600 627 1663 681 in
1686 625 1854 681 titulo

495 711 803 783 proposita.
835 710 1111 775 Quamvis
1137 709 1276 766 satis
1315 708 1636 766 verisimile
1674 705 1852 762 etiam

494 794 585 859 sit,
614 795 677 850 D.
709 792 916 849 Thom.
948 791 1217 865 praedicta
1241 789 1420 847 verba
1447 788 1751 854 addidisse,
1780 801 1856 842 ne

494 873 564 929 ab
606 873 713 940 his,
746 890 871 946 quae
911 873 1257 946 promiserat
1298 871 1360 926 in
1401 870 1505 926 hac
1542 867 1854 942 quaestione

493 958 756 1020 tractare,
800 953 1095 1010 videretur
1124 952 1316 1025 aliquo
1344 949 1514 1007 modo
1540 947 1853 1004 discedere.

493 1034 859 1091 Praemiserat
879 1034 1037 1090 enim
1062 1034 1125 1088 in
1156 1031 1442 1105 principio
1466 1027 1804 1103 quaestionis
1838 1047 1852 1082 ε

491 1114 699 1171 Deinde
725 1115 1180 1170 considerandum
1218 1120 1293 1169 est
1335 1113 1399 1166 de
1422 1111 1694 1184 effectibus
1716 1124 1855 1179 yra-

492 1198 596 1262 tim,
626 1203 674 1250 et
696 1199 880 1268 primo
907 1196 969 1250 de
986 1196 1383 1267 justificatione
1411 1195 1591 1264 impii,
1625 1207 1739 1268 quoe
1776 1195 1855 1243 est

492 1278 915 1351 effectusyratioe
938 1280 1235 1351 operantis.
1256 1278 1324 1332 Et
1339 1277 1445 1332 hac
1474 1275 1698 1331 ratione
1715 1270 1855 1327 dum

496 1361 822 1419 intenderet
843 1376 1009 1434 agere
1029 1359 1100 1416 de
1128 1357 1472 1416 remissione
1500 1354 1728 1428 peccati,
1756 1369 1857 1409 no-

496 1458 630 1499 men
654 1440 1078 1515 justificationis
1107 1438 1327 1512 adiecit,
1360 1452 1432 1494 ne
1459 1438 1545 1507 (ut
1579 1434 1856 1504 diximus)

495 1522 565 1580 ab
605 1523 869 1578 instituto
903 1520 1204 1578 abscedere
1230 1518 1544 1575 videretur.
1575 1516 1747 1589 Cujus
1772 1514 1857 1569 si-

492 1618 670 1676 gnum
693 1608 797 1668 est,
816 1602 965 1675 quod
987 1617 1114 1658 cum
1140 1600 1245 1656 illa
1265 1597 1500 1671 quaestio
1520 1595 1852 1667 complecta·

494 1688 587 1737 tur
614 1681 808 1739 decem
837 1681 1125 1746 artieuIOS,
1155 1678 1352 1734 nullus
1372 1676 1588 1740 existit,
1615 1675 1677 1729 in
1697 1672 1858 1744 cujus

495 1762 661 1817 titulo
709 1777 826 1817 non
876 1765 1120 1834 ponatur
1159 1773 1372 1814 nomen
1402 1751 1851 1830 justificationis,

495 1847 593 1898 aut
620 1842 684 1899 in
713 1848 882 1908 recto,
914 1847 1010 1898 aut
1049 1841 1112 1897 in
1140 1838 1387 1912 obliquo,
1420 1842 1482 1893 ut
1517 1833 1735 1893 Lectori
1766 1832 1859 1887 fa-

496 1926 605 1982 cile
649 1923 966 1999 apparebit.
1010 1925 1080 1979 Et
1126 1922 1374 1996 profecto
1420 1920 1525 1976 hoc
1570 1917 1856 1974 motivum

498 2007 743 2062 Arauxii
765 2006 1012 2061 minime
1039 2002 1315 2075 applicari
1343 2002 1496 2057 valet
1535 1999 1669 2056 aliis
1696 1995 1859 2052 testi-

499 2088 713 2145 moniis
732 2103 905 2159 supra
935 2086 1154 2146 relatis;
1184 2084 1248 2140 in
1275 2083 1359 2140 eis
1379 2081 1588 2155 quippe
1616 2093 1733 2136 non
1762 2076 1858 2131 in·-

500 2171 689 2226 veniet
714 2169 907 2225 simile
934 2166 1211 2240 effugium
1239 2187 1251 2221 :
1287 2180 1423 2220 nam
1451 2168 1632 2241 quaest.
1666 2160 1767 2215 itta
1795 2158 1859 2212 de

510 2252 679 2307 Verit.
709 2257 821 2306 art.
844 2252 898 2315 2,
932 2247 1120 2320 inquit
1141 2248 1195 2303 S.
1229 2248 1429 2302 Doctor
1463 2265 1475 2299 :
1513 2241 1709 2299 Utrum
1729 2256 1859 2312 pec-

498 2339 746 2388 catorum
766 2330 1013 2386 remissio
1025 2329 1194 2400 possit
1209 2343 1318 2381 esse
1331 2327 1447 2380 sine
1456 2324 1665 2394 qratia,
1698 2320 1860 2376 nullo

500 2411 692 2468 addito
722 2409 915 2475 verb0,
948 2425 1058 2480 quo
1084 2404 1364 2481 significet
1401 2420 1461 2460 se
1489 2401 1643 2475 loqui
1669 2400 1738 2457 de
1766 2417 1860 2456 re-

503 2490 776 2547 missione
805 2487 1033 2561 peccati,
1080 2489 1248 2558 prout
1276 2484 1600 2541 formaliter
1628 2487 1712 2537 est
1733 2481 1860 2553 jus-

503 2568 755 2626 tificatio.
805 2571 875 2623 Et
921 2566 1309 2623 nihilominus
1338 2563 1574 2621 resolvit
1612 2583 1625 2618 ε
1659 2561 1862 2617 Decen-

501 2653 653 2717 dum,
697 2650 839 2728 quod
882 2651 1128 2704 remissio
1150 2653 1493 2720 peccatorum
1524 2644 1678 2698 nullo
1704 2644 1861 2699 modo

502 2735 619 2786 sinc
635 2733 823 2801 qratia
844 2737 1068 2799 pratum
1096 2730 1331 2800 faciente
1350 2743 1461 2779 esse
1475 2730 1669 2796 potest.
1696 2721 1863 2779 Unde

503 2811 676 2868 etiam
724 2814 876 2884 patet
928 2808 998 2865 ad
1051 2805 1398 2863 difficultatis
1458 2808 1861 2878 augmentum3

506 2909 640 2949 nam
662 2908 791 2949 cum
824 2894 884 2948 D.
917 2892 1122 2947 Thom.
1156 2890 1219 2945 in
1247 2888 1437 2961 primo
1465 2887 1705 2943 articulo
1733 2902 1865 2943 con-

498 2970 759 3051 junxerit
786 2978 841 3029 et
870 2971 1302 3031 renovationem
1332 2968 1522 3040 impii,
1562 2975 1618 3024 et
1653 2969 1857 3025 remis-

502 3057 724 3112 sionem
756 3054 981 3127 peccati,
1017 3059 1183 3126 atque
1210 3049 1518 3106 asseruerit
1544 3064 1665 3105 esse
1692 3048 1863 3106 effec-

502 3143 591 3192 tus
607 3133 1050 3209 justificationiS,
1066 3131 1203 3187 satis
1224 3134 1634 3201 consequenter
1656 3127 1865 3185 deinde

502 3217 772 3290 processit
793 3215 862 3272 ad
892 3212 1175 3289 agendum
1199 3210 1269 3267 de
1291 3211 1632 3267 remissione
1655 3210 1862 3283 peccati

499 3299 856 3357 considerata
896 3296 1149 3362 divisim,
1181 3299 1238 3350 et
1261 3291 1577 3349 secundum
1605 3309 1683 3359 se,
1714 3290 1864 3365 quod

504 3380 769 3456 praestitit
793 3387 907 3435 art.
935 3382 971 3434 2
995 3378 1254 3455 sequenti.

574 3462 660 3517 Ad
689 3459 998 3518 secundam
1027 3457 1401 3532 obJectionem
1433 3457 1546 3513 late
1584 3454 1865 3513 constabit

500 3561 571 3601 ex
598 3541 856 3599 dicendis
882 3540 1026 3611 disp.
1068 3555 1176 3616 seq.
1221 3537 1348 3593 dub.
1381 3539 1436 3603 ’2,
1472 3535 1567 3591 ubi
1598 3535 1763 3591 illam
1793 3552 1864 3592 ex

503 3622 755 3695 professo
794 3618 1170 3677 versabimuS.
1205 3618 1477 3671 Nuncex
1506 3614 1669 3672 dictis
1699 3613 1865 3670 facile

504 3702 897 3777 respondetur,
942 3698 1093 3774 quod
1120 3699 1169 3754 si
1195 3698 1374 3754 semel
1415 3697 1484 3753 ad
1524 3687 1866 3753 destructib-

512 3802 643 3844 nem
674 3785 881 3858 peccati
924 3782 1241 3854 requiritur
1266 3780 1652 3837 essentialiter
1679 3779 1866 3853 gratia

507 3868 836 3932 habitualis,
881 3863 1239 3937 impossibile
1280 3877 1514 3934 prorsus
1552 3866 1654 3928 est,
1688 3860 1865 3917 etiam

503 3965 604 4022 per
628 3953 945 4020 respectum
968 3944 1037 4002 ad
1063 3944 1376 4017 potentiam
1401 3942 1498 3997 Dei
1524 3941 1861 4007 absolutam,

501 4028 650 4103 quod
699 4027 1026 4084 remittatur
1073 4028 1360 4097 peccatum
1402 4024 1647 4078 mortale
1683 4021 1864 4078 adulti

503 4111 712 4182 absque
766 4106 1120 4180 poenitentia,
1173 4106 1376 4161 saltem
1419 4101 1765 4168 radicaliter,
1809 4105 1868 4158 et

502 4191 828 4247 eminenter
857 4190 1097 4258 accepta,
1144 4201 1255 4258 quo
1284 4188 1442 4255 pacto
1470 4187 1553 4237 est
1582 4183 1704 4253 ipsa
1728 4197 1867 4256 gra-

505 4273 586 4328 tia
612 4267 988 4327 sanctificans.
1034 4271 1146 4324 Nec
1180 4264 1437 4338 opposita
1467 4263 1867 4335 interpretatio

503 4359 587 4410 est
626 4349 952 4408 communis
1000 4349 1153 4405 inter
1192 4343 1539 4408 Thomistas,
1587 4348 1685 4399 aut
1724 4343 1868 4399 alios

505 4435 788 4495 Doctores,
836 4433 898 4483 ut
941 4428 1062 4484 loco
1101 4427 1273 4483 citato
1301 4422 1648 4480 videbimus,
1681 4422 1789 4480 Sed
1816 4423 1866 4478 si

504 4527 697 4569 sermo
734 4511 809 4566 sit
838 4508 907 4565 de
934 4505 1273 4580 poenitentia
1301 4503 1643 4569 formaliter,
1676 4508 1732 4560 et
1772 4520 1867 4561 ac-

504 4593 739 4651 tualiter
760 4596 1000 4663 accepta,
1032 4586 1205 4645 verba
1230 4589 1296 4642 D.
1327 4585 1530 4641 Thom.
1564 4586 1751 4642 solum
1783 4602 1869 4643 re·

506 4676 774 4733 feruntur
820 4670 889 4727 ad
936 4669 1252 4743 potentiam
1305 4664 1687 4731 ordinariam,
1742 4682 1869 4740 quae

504 4758 688 4814 elucet
727 4755 791 4810 in
821 4751 1084 4825 praesenti
1108 4748 1482 4821 dispositione
1504 4746 1868 4821 justificatio-

506 4840 618 4906 nis,
665 4843 780 4894 tam
812 4835 986 4899 intra,
1019 4848 1190 4906 quam
1217 4837 1382 4888 extra
1407 4831 1863 4899 Sacramentum,

506 4927 568 4977 ut
594 4938 666 4992 ex
693 4920 817 4991 ipso
842 4915 1102 4971 discursu
1130 4912 1358 4970 articuli
1386 4917 1620 4979 constat,
1645 4915 1701 4968 et
1741 4929 1870 4969 am-

509 5003 660 5075 plius
681 4995 979 5073 apparebit
997 5012 1068 5053 ex
1096 4992 1351 5052 dicendis
1380 4993 1499 5049 loco
1525 4993 1717 5050 citato.

1417 376 1511 430 DE
1548 372 2129 428 JUSTIFICATIONE
2171 373 2371 428 IMPII.

2488 568 2504 596 ,-
2597 546 2723 615 sv.

2060 702 2416 776 Eoependitur
2442 706 2589 760 ratio
2614 706 3056 777 fundamentalis
3081 713 3274 761 nostra!

2495 791 2832 845 assertioni&

2061 948 2192 1003 203.
2237 949 2452 1006 Deinde
2492 950 2766 1023 probatur
2811 949 3010 1006 eadem
3056 950 3347 1008 conclusio
3381 972 3506 1015 Prima

1991 1026 2213 1084 ratione
2251 1044 2321 1084 ex
2351 1033 2412 1085 D.
2445 1031 2650 1087 Thom.
2677 1031 2996 1103 desumpta,
3020 1046 3147 1103 quae
3170 1022 3519 1114 potestssfigffg

1989 1107 2069 1162 sic
2117 1109 2359 1180 proponi
2405 1131 2417 1165 ε
2462 1126 2599 1166 nam
2637 1113 2687 1167 si
2730 1119 3017 1184 peccatum
3058 1111 3350 1169 habituale
3401 1102 3411 1111 ⁸
3512 1104 3522 1112 ’

1989 1187 2158 1260 hujus
2178 1194 2357 1245 status
2379 1196 2563 1262 posset
2587 1192 2802 1247 remitti
2827 1191 3037 1266 absque
3058 1192 3352 1249 infusione

1988 1269 2188 1342 gratias
2226 1270 2652 1340 sanctificantiS,
2699 1272 2955 1329 maxime
2993 1273 3127 1345 quia
3169 1277 3355 1344 posset

1990 1347 2269 1407 indirecte
2283 1350 2499 1407 destrui
2518 1369 2618 1424 per
2634 1357 2818 1407 actum
2836 1353 3132 1409 charitatis
3150 1359 3356 1410 retrac-

1992 1434 2208 1485 tantem
2251 1434 2437 1486 actum
2485 1431 2692 1503 peccati
2738 1433 3034 1504 praeteriti.
3062 1434 3230 1506 juxta
3267 1449 3352 1497 ea,

1990 1528 2114 1585 quae
2141 1512 2204 1567 in
2246 1512 2350 1569 hoc
2391 1513 2587 1581 dubio,
2633 1518 2690 1569 et
2725 1515 2788 1570 in
2831 1513 3173 1588 praecedenti
3201 1515 3356 1571 dixi-

1991 1606 2121 1645 mus
2154 1611 2168 1646 :
2210 1591 2366 1664 atqui
2409 1592 2530 1665 ipse
2571 1598 2726 1647 actus
2751 1593 3046 1650 charitatis
3081 1593 3211 1651 fieri
3242 1610 3359 1651 non

1992 1671 2144 1727 valet
2184 1670 2394 1744 absque
2431 1672 2621 1746 gratia
2657 1673 3048 1732 sanctificante
3074 1676 3137 1732 in
3167 1677 3357 1749 ipsum

1991 1750 2272 1809 influente
2303 1774 2317 1808 ε
2346 1769 2482 1826 ergo
2517 1751 2588 1809 de
2621 1754 2813 1826 primo
2841 1755 2910 1811 ad
2939 1757 3209 1812 ultimum
3243 1757 3359 1812 im-

1992 1828 2263 1903 possibile
2288 1837 2373 1888 est
2400 1838 2688 1905 peccatum
2717 1833 3010 1892 habituale
3037 1836 3207 1909 hujus
3238 1843 3358 1894 sta-

1992 1916 2082 1967 tus
2106 1913 2324 1968 remitti
2349 1912 2558 1986 absque
2579 1914 2871 1970 infusione
2892 1916 3092 1985 gratias
3107 1916 3359 1974 sanctifi·

1991 1995 2195 2050 cantis.
2219 1996 2432 2062 Minor,
2460 1997 2523 2052 in
2543 2013 2656 2068 qua
2681 2003 2767 2053 est
2792 1997 3109 2065 dissiculta3‚
3130 2000 3355 2073 proba·
3391 2015 3514 2057 Actus

1993 2081 2086 2133 tur
2130 2078 2321 2150 primo
2348 2093 2416 2134 ex
2453 2082 2518 2133 D.
2550 2080 2750 2135 Thom.
2799 2080 2916 2136 lect.
2941 2084 2975 2136 4
3015 2086 3077 2137 in
3114 2101 3238 2156 cap.
3292 2064 3534 2140 Mamm

1990 2157 2155 2215 Joan.
2190 2158 2288 2214 ubi
2318 2160 2399 2215 ait
2431 2180 2444 2217 ε
2472 2160 2683 2217 Nullus
2707 2169 2875 2232 potest
2908 2162 3078 2219 Deum
3104 2165 3350 2235 diliqere,
3392 2112 3531 2217 ffiuffi

1993 2243 2105 2297 nisi
2124 2241 2319 2297 habeat
2345 2240 2636 2315 Spiritum
2661 2253 2933 2310 sanctum,
2961 2246 3059 2318 qui
3088 2263 3206 2303 non
3249 2213 3547 2320 ha-effieeffi*

1994 2322 2181 2391 betur,
2213 2323 2327 2378 nisi
2351 2340 2451 2396 per
2471 2325 2717 2397 gratiam
2738 2326 3207 2386 sanctificantem.
3232 2332 3303 2386 Et
3321 2333 3357 2387 3
3393 2316 3529 2366 mm·

1993 2410 2183 2460 contra
2201 2413 2399 2475 yentes,
2431 2424 2555 2479 cap.
2589 2408 2708 2473 150,
2735 2406 2831 2463 ubi
2861 2409 3075 2476 statuit,
3105 2412 3358 2484 gratiam

1993 2488 2223 2558 gratum
2274 2485 2577 2543 facientem
2627 2503 2744 2544 non
2786 2502 2910 2543 esso
2953 2491 3241 2547 auxilium
3289 2493 3362 2549 ad

1995 2566 2182 2622 instar
2210 2568 2509 2639 passionis,
2555 2570 2646 2625 vel
2686 2574 2874 2626 motus
2896 2595 2911 2638 ;
2950 2571 3047 2628 sed
3073 2589 3195 2631 esse
3238 2574 3364 2632 for—

1995 2663 2173 2715 mam,
2205 2653 2262 2705 et
2283 2650 2688 2721 perfectionem
2713 2657 3065 2710 manentem.
3098 2655 3363 2720 Quod'sic

1996 2729 2242 2787 ostendit
2284 2732 2508 2790 ratione
2549 2735 2717 2790 tertia
2749 2755 2762 2789 :
2798 2733 3228 2816 Unumquodque
3267 2758 3364 2796 or-

1994 2812 2225 2868 dinatur
2247 2816 2309 2868 in
2333 2816 2496 2886 finem
2520 2816 2627 2870 sibi
2646 2820 3047 2878 convenientem
3066 2823 3366 2880 secundum

1995 2896 2266 2949 rationem
2292 2913 2401 2951 sure
2422 2898 2613 2965 formas
2631 2916 2651 2964 ‚·
2675 2899 3022 2955 diversarum
3059 2905 3205 2958 enim
3245 2921 3369 2978 spe-

1996 2979 2204 3032 cierum
2231 2978 2439 3033 diversi
2464 2989 2594 3034 sunt
2623 2982 2754 3050 fines
2786 2999 2803 3034 .·
2829 2983 2922 3037 sed
2957 2986 3086 3055 finis
3111 2988 3172 3041 in
3209 3004 3374 3063 quem

1995 3059 2155 3113 homo
2196 3059 2463 3129 diriyitur
2481 3078 2581 3133 per
2610 3063 2897 3120 auoeilium
2922 3065 3123 3123 divinar
3149 3073 3368 3140 qratia,

1995 3145 2071 3193 est
2097 3156 2270 3212 supra
2307 3147 2572 3196 naturam
2613 3143 2918 3200 humanam
2947 3165 2964 3199 .·
2989 3164 3112 3218 erqo
3138 3159 3366 3222 oportet,

1996 3219 2138 3296 quod
2163 3220 2375 3275 homini
2403 3224 2812 3294 superaddatur
2853 3227 3057 3305 aliqua
3095 3246 3371 3303 superna-

1997 3300 2199 3355 turalis
2225 3300 2427 3372 forma,
2471 3310 2522 3356 et
2545 3305 2821 3376 perfectio,
2850 3324 2946 3379 per
2972 3326 3140 3384 quam
3166 3329 3367 3369 conve-

1998 3381 2206 3434 nienter
2232 3381 2515 3436 ordinetur
2542 3385 2601 3437 in
2624 3385 2787 3452 finem
2808 3388 3150 3458 praedictum.
3191 3395 3367 3450 Actus

1998 3465 2189 3517 autem
2218 3459 2543 3519 dilectionis
2570 3471 3031 3536 supernaturalis
3052 3474 3152 3530 Dei
3191 3491 3368 3548 super

1998 3541 2197 3597 omnia
2216 3544 2636 3599 estessentialis
2660 3547 2997 3621 attingentia
3015 3553 3205 3609 ultimi
3227 3554 3365 3613 finis

1997 3622 2456 3692 supernaturalis
2493 3622 2599 3678 sub
2628 3626 2849 3684 ratione
2876 3630 3069 3687 ultimi
3096 3631 3252 3703 finis,
3289 3637 3365 3691 il-

1999 3702 2234 3772 lumque
2256 3702 2485 3775 respicit
2501 3709 2772 3778 tanquam
2789 3713 3032 3783 speciale
3047 3713 3360 3789 objectum:

1998 3798 2135 3856 ergo
2177 3782 2429 3850 fundari,
2473 3790 2529 3842 et
2571 3787 2817 3846 radicari
2864 3792 3030 3850 debet
3069 3796 3132 3853 in
3173 3798 3364 3855 forma

2000 3863 2362 3935 permanenti
2381 3863 2603 3922 ordinis
2618 3875 3226 3949 supernaturalis,quae
3244 3895 3361 3937 non

1998 3949 2082 3999 est
2104 3944 2239 4010 alia,
2273 3945 2384 4000 nisi
2407 3948 2593 4018 gratia
2631 3952 3009 4012 sanctificans
3036 3958 3195 4022 Quod
3234 3961 3362 4018 evi-

1999 4021 2229 4079 dentius
2252 4024 2438 4082 adhuc*
2457 4028 2633 4085 tradit
2655 4031 2805 4088 idem
2829 4036 2883 4090 S.
2916 4038 3067 4094 Doct.
3101 4057 3222 4112 cap.
3248 4059 3355 4119 seq.

1998 4106 2212 4160 ratione
2237 4108 2290 4172 2,
2319 4107 2408 4162 his
2431 4110 2622 4166 verbis
2651 4133 2663 4167 :
2701 4116 2983 4184 «Eorum,
3009 4135 3256 4191 quorum
3278 4129 3361 4180 est

2006 4208 2032 4240 «
2073 4203 2224 4242 unus
2276 4185 2409 4244 finis
2434 4232 2447 4255 ,
2504 4200 2725 4264 oportet
2776 4197 3027 4270 aliquam
3082 4203 3357 4263 unionem

2006 4292 2032 4322 α
2072 4286 2211 4336 esse,
2245 4269 2307 4324 in
2349 4279 2629 4342 quantum
2672 4277 3017 4338 ordinantur
3058 4285 3127 4340 ad
3157 4285 3357 4344 finem.

2006 4371 2032 4401 α
2075 4349 2241 4406 Unde
2259 4350 2399 4407 etin
2420 4353 2651 4411 civitate
2674 4357 2939 4417 homines
2956 4380 3056 4435 per
3070 4366 3356 4437 quandam

2006 4451 2032 4482 α
2074 4430 2438 4520 concordiam
2469 4433 2818 4504 adunantur,
2851 4446 2911 4496 ut
2933 4445 3151 4515 possint
3173 4462 3361 4504 conse-

2006 4531 2033 4563 α
2073 4525 2172 4583 qui
2194 4511 2541 4583 Reipublicae
2564 4515 2779 4573 bonum
2800 4542 2815 4586 ;
2843 4527 2899 4577 et
2919 4524 3134 4583 milites
3157 4527 3220 4582 in
3244 4527 3360 4584 acie

2007 4613 2033 4644 α
2073 4595 2295 4663 oportet
2343 4595 2523 4661 uniri,
2574 4602 2631 4653 et
2673 4602 3031 4661 concorditer
3075 4622 3246 4681 agere
3290 4607 3357 4664 ad

2006 4693 2033 4724 «
2074 4670 2198 4737 hoc,
2228 4673 2379 4745 quod
2419 4676 2742 4745 victoriam,
2774 4697 2898 4753 quae
2924 4689 3008 4741 est
3034 4688 3357 4745 communis

2006 4773 2032 4804 α
2074 4750 2225 4819 finis,
2246 4764 2683 4829 consequantur.
2705 4761 2866 4819 Finis
2882 4770 3072 4823 autem
3095 4770 3354 4836 ultimus,

2006 4854 2032 4886 α
2075 4831 2144 4924 ad
2166 4842 2334 4905 quem
2357 4836 2531 4894 homo
2560 4856 2662 4912 per
2682 4843 2971 4902 auxilium
3000 4847 3219 4908 divinae
3236 4865 3361 4926 gra·

2007 4935 2032 4966 α
2075 4918 2169 5005 tiz-,e
2197 4915 2547 4986 perducitur,
2578 4925 2664 4976 est
2702 4922 2854 4981 visio
2881 4926 2981 4984 Dei
3023 4944 3126 5001 per
3165 4946 3358 4989 essen-

2007 5016 2033 5047 «
2077 4999 2238 5063 tiam,
2271 5013 2395 5070 quae
2423 5001 2658 5073 propria
2683 5008 2768 5059 est
2792 5005 2976 5078 ipsius
3013 5010 3114 5067 Dei
3141 5035 3158 5080 ς
3200 5012 3359 5070 etsie

3253 5094 3357 5153 hoc
