3647 5753
466 376 580 433 480
1395 385 1489 439 DE
1527 385 2108 441 JUSTIFICATIONE
2148 386 2352 442 IMPII.

478 572 503 603 α
548 557 836 624 peccatum
863 570 981 612 non
1010 558 1313 629 praecessit.
1338 562 1358 614 1
1367 575 1403 614 n
1428 575 1495 617 eo
1520 561 1700 627 enim,
1733 558 1831 634 qui

480 653 506 683 α
551 634 816 704 peccavit,
836 637 1152 708 requiritur
1174 655 1291 696 non
1311 642 1518 709 solum,
1539 641 1688 713 quod
1712 657 1834 714 pec-

478 732 503 762 «
548 717 736 769 catum
764 713 913 770 absit
947 723 1091 787 actu,
1135 719 1234 775 sed
1262 722 1437 776 etiam
1460 720 1609 793 quod
1635 736 1834 794 pecca-

481 813 506 844 α
550 795 673 848 tum
702 795 862 866 prius
889 799 1262 868 commissum
1290 802 1573 874 expietur,
1606 807 1662 858 et
1689 817 1835 874 quo-

482 894 509 926 «
550 873 859 935 dammodo
879 883 1101 954 tegatur
1135 902 1148 938 ε
1179 883 1328 955 quod
1357 883 1484 941 fieri
1513 899 1631 941 non
1654 887 1837 956 potest

483 977 510 1009 <‹
553 957 668 1012 nisi
692 958 761 1014 ab
791 959 980 1033 aliquo
1026 962 1272 1021 habente
1324 964 1620 1023 infinitam
1642 966 1836 1023 virtu·-

485 1057 512 1090 «
550 1043 689 1094 tem.
726 1060 751 1090 n
787 1040 897 1096 Ubi
937 1044 1311 1101 manifestum
1361 1052 1445 1103 est
1495 1050 1549 1104 S.
1608 1049 1830 1116 Doctor.

482 1121 634 1191 loqui
655 1119 728 1176 de
757 1124 944 1196 gratia
982 1128 1432 1198 supernaturali,
1465 1135 1521 1185 et
1542 1129 1836 1203 generali-

477 1204 566 1255 ter
588 1199 659 1256 de
685 1203 845 1257 omni
870 1210 1091 1275 peccato
1131 1208 1363 1263 mortali
1392 1208 1456 1263 in
1479 1223 1836 1281 quocumque

476 1284 625 1336 statu
679 1282 1016 1351 commisso;
1054 1288 1110 1341 et
1155 1285 1496 1371 impugnare
1538 1289 1836 1346 remissio-

479 1375 613 1417 nem
644 1363 850 1435 peccati
880 1379 981 1436 per
1001 1366 1197 1435 solam,
1216 1369 1639 1441 reparationem
1669 1371 1837 1427 inno-

476 1443 696 1508 centiae,
725 1448 821 1498 aut
842 1445 1243 1504 rectitudinem
1269 1448 1337 1504 ad
1362 1465 1503 1521 pure
1519 1452 1831 1508 naturalia.

476 1522 638 1587 Quod
664 1523 839 1580 etiam
867 1526 1044 1582 tradit
1077 1529 1210 1586 aliis
1239 1529 1503 1602 pluribus
1526 1532 1682 1598 locis,
1709 1548 1835 1605 quae

476 1605 748 1677 expendit
788 1609 1047 1679 Capreol.
1091 1611 1152 1665 in
1189 1612 1246 1677 4,
1298 1612 1426 1668 dist.
1477 1614 1521 1678 l,
1567 1615 1830 1690 quoest.2,

476 1692 590 1741 art.
625 1688 661 1740 3
693 1730 705 1754 ,
752 1688 813 1741 in
855 1705 995 1762 resp.
1047 1690 1123 1744 ad
1182 1694 1202 1746 1
1253 1699 1637 1762 aryumentum
1682 1692 1836 1752 Scoti

478 1776 669 1823 contra
698 1771 732 1822 2
760 1769 931 1825 concl.

554 1850 720 1907 Unde
748 1857 1006 1909 nostram
1035 1855 1410 1912 assertionem
1446 1862 1680 1915 tuentur
1702 1859 1836 1931 plu-

269 1964 461 2017 capreol.
483 1946 574 1990 res
617 1936 672 1991 S.
719 1935 973 1991 Doctoris
1024 1936 1312 2010 discipuli,
1365 1942 1671 2014 Capreolus
1713 1943 1835 1999 loco

272 2014 435 2109 ἓξὲξ·
479 2015 742 2086 proxime
763 2014 951 2082 citato,
993 2017 1348 2090 Hispalensis
1371 2020 1605 2086 ibidem,
1637 2030 1747 2079 art.
1774 2024 1829 2089 2,

341 2075 357 2118 ‘⁸
409 2097 418 2106 '
479 2095 554 2150 ad
599 2104 922 2165 aryumenta
967 2096 1139 2162 Secti,
1186 2099 1485 2171 CaJ'etanus
1535 2105 1640 2158 hac
1683 2105 1727 2170 1,
1773 2104 1828 2169 2,

478 2183 660 2252 quaest.
710 2179 802 2240 71.
833 2185 942 2234 art.
968 2180 1024 2243 6,
1050 2182 1080 2248 ἓ
1102 2178 1194 2235 Ad
1217 2183 1376 2252 cujus
1399 2184 1747 2247 evidentiam,
1779 2187 1836 2238 et

481 2257 543 2311 in
569 2257 832 2328 praesenti
860 2263 972 2313 art.
995 2260 1049 2324 2,
1077 2262 1108 2328 δ
1153 2259 1245 2315 Ad
1263 2261 1607 2332 objectionem
1625 2270 1828 2328 autem,

477 2344 532 2394 et
560 2338 706 2408 §Ad
748 2340 909 2394 illam
936 2347 1119 2394 autem
1153 2346 1593 2415 propositionem,
1620 2348 1681 2400 in
1705 2347 1828 2416 fine,

281 2430 442 2473 medin.
476 2421 711 2477 Medina
765 2421 1000 2488 ibidem,
1033 2426 1063 2492 ἕ
1092 2422 1183 2478 Ad
1203 2425 1369 2496 liujus
1401 2430 1481 2482 rei
1506 2429 1835 2500 ecc-plicatio-

264 2480 445 2525 ΝΜΟ·
477 2519 616 2569 nem,
659 2507 891 2561 Arauxo
935 2507 997 2559 in
1038 2505 1176 2561 dub.
1227 2509 1620 2565 introduc-torio
1670 2511 1836 2580 hujus

476 2592 656 2661 quaest.
699 2588 819 2652 113,
846 2591 906 2641 in
930 2605 1069 2660 resp.
1102 2589 1177 2643 ad
1195 2590 1249 2655 2,
1277 2595 1335 2645 et
1360 2592 1419 2644 in
1440 2594 1693 2662 praesenti
1718 2600 1828 2648 art.

474 2668 530 2730 2,
560 2664 690 2719 dub.
721 2667 774 2730 3,
808 2684 964 2721 num.
1006 2669 1078 2722 22
1122 2676 1171 2722 et
1212 2670 1303 2733 29,
1338 2669 1435 2724 ubi
1461 2670 1603 2725 alios
1634 2672 1828 2728 refert.

264 2770 438 2823 Heu-05,
477 2747 728 2801 Herrera
774 2748 834 2800 in
873 2750 1268 2819 manuscriptis
1294 2751 1533 2805 adhunc
1566 2759 1675 2807 art.
1699 2752 1826 2808 dub.

258 2820 455 2911 ngffiff·
474 2826 576 2882 ult.
622 2827 787 2882 concl.
815 2828 869 2892 2,
904 2830 971 2884 Ν.
1005 2831 1245 2903 Cornejo
1280 2837 1440 2887 tract.
1472 2831 1536 2886 de
1573 2835 1827 2905 peccatis,

472 2907 615 2980 disp.
665 2909 721 2971 4,
770 2907 897 2964 dub.
948 2911 1003 2973 6,
1056 2911 1258 2965 Petrus
1301 2910 1476 2967 Labat
1500 2914 1644 2985 disp.
1675 2915 1729 2978 5,
1769 2914 1833 2969 de

279 3033 417 3124 3010·
463 2989 773 3126 {asez-'5⁶52
807 2988 936 3127 dltgb.
979 2993 1032 3055 2,
1067 2991 1181 3129 {31
1215 2994 1428 3131 Fatgegt
1464 2994 1639 3090 etiam
1669 2995 1833 3051 Sotus

339 3091 429 3125 var.
617 3114 628 3136 ,
705 3089 750 3126 ts
780 3115 792 3128 .
1115 3118 1126 3130 .
1195 3118 1206 3139 ‚
1322 3118 1347 3131 ,.
1416 3120 1427 3143 ,

474 3088 718 3208 ffivarez
747 3154 792 3218 l,
824 3155 878 3218 2,
904 3091 1084 3227 ’άζῖἷε
1121 3079 1828 3233 131,αζιαηι.ω1τ4ε,αεέἳ3ἴὲῗ)’

484 3233 604 3300 180,
637 3250 790 3289 num.
831 3235 914 3300 19,
960 3240 1016 3290 et
1045 3235 1167 3292 alii.
1200 3236 1418 3301 Quibus
1444 3254 1514 3294 ex
1541 3242 1836 3296 extraneis

286 3342 414 3392 vam,
475 3316 845 3384 consentiunt
872 3317 1127 3390 Vasquez
1163 3321 1208 3384 l,
1235 3322 1290 3386 2,
1334 3320 1475 3394 disp.
1505 3322 1594 3388 96,
1629 3341 1747 3397 cap.
1774 3324 1829 3390 2,

290 3439 424 3482 Mem
477 3401 532 3452 ct
560 3395 698 3469 disp.
726 3397 856 3464 207,
886 3415 1006 3470 cap.
1048 3401 1090 3467 1,
1120 3400 1398 3456 Meratius
1442 3404 1673 3459 tract.de
1708 3422 1836 3474 yra-

430 3471 437 3478 ”
477 3481 560 3534 tia
591 3520 604 3543 ,
644 3479 786 3551 disp.
843 3480 939 3544 10,
970 3485 1096 3538 sect.
1147 3482 1200 3549 5,
1228 3489 1282 3548 et
1324 3485 1445 3541 alii.
1505 3488 1618 3542 Nos
1658 3487 1835 3542 etiam

478 3559 716 3616 eandem
748 3562 1126 3620 assertionem
1167 3568 1556 3638 expressimus
1601 3569 1664 3623 in
1703 3569 1837 3624 aliis

480 3641 650 3713 hujus
690 3644 900 3696 Cursus
917 3643 1271 3711 tractatibus,
1298 3653 1359 3702 ut
1387 3655 1545 3705 tract.
1586 3650 1639 3714 9,
1690 3650 1832 3722 disp.

479 3723 535 3787 6,
581 3738 736 3776 mam.
776 3723 858 3787 15,
889 3729 937 3775 et
966 3730 1125 3790 tract.
1167 3728 1249 3789 13.
1275 3728 1418 3801 disp.
1458 3730 1502 3794 1,
1536 3747 1691 3785 num.
1727 3731 1832 3797 34,

480 3811 531 3860 et
575 3804 716 3875 disp.
765 3806 821 3869 7,
874 3821 1028 3860 num.
1066 3808 1128 3861 18
1156 3813 1211 3863 et
1240 3827 1391 3866 num.
1425 3812 1519 3867 21.

367 3933 391 3976 d
428 3956 442 3964 ⁶
556 3886 685 3941 257.
733 3883 1015 3941 Probatur
1043 3889 1265 3946 ratione
1311 3891 1608 3965 desumpta
1654 3909 1724 3948 ex
1768 3894 1837 3947 D.

270 3937 689 4028 fflsstimsrhom.
735 3967 865 4021 locis
909 3986 1077 4041 supra
1105 3974 1308 4037 citatiS,
1335 3979 1391 4028 et
1426 3977 1444 4030 l
1472 3983 1617 4048 part.
1653 3981 1835 4053 quaest.

271 4034 324 4076 D·
346 4033 450 4078 Tm·
484 4050 575 4115 48,
608 4055 715 4103 art.
760 4051 815 4113 6,
847 4064 970 4120 quae
999 4058 1180 4121 potest
1217 4055 1322 4111 sub
1361 4057 1464 4113 hac
1491 4056 1680 4114 forma
1703 4072 1841 4130 pro-

488 4130 622 4202 poni
651 4149 663 4183 ε
690 4130 984 4185 Peccatum
1012 4131 1307 4192 offendens
1337 4139 1516 4194 Deum
1538 4140 1839 4196 authorem

485 4211 1003 4282 supernaturalem,
1036 4220 1091 4269 et
1127 4222 1391 4273 avertens
1419 4234 1451 4274 a
1479 4222 1590 4274 Deo
1635 4237 1840 4292 super-

484 4289 737 4346 naturali
765 4287 901 4357 fine,
929 4307 1045 4348 non
1067 4296 1219 4353 valet
1241 4298 1460 4355 auferri
1486 4297 1696 4372 absque
1718 4316 1843 4356 mu-

484 4371 699 4432 tatione
763 4377 1191 4446 supernaturali
1270 4379 1574 4451 peccatoris
1620 4402 1633 4436 :
1684 4380 1841 4454 atqui

483 4460 772 4523 peccatum
799 4473 973 4530 grave
998 4459 1370 4515 commissum
1401 4461 1463 4516 in
1486 4466 1632 4517 statu
1665 4478 1843 4535 puro-

486 4549 618 4590 rum
663 4538 977 4596 offenderet
1008 4542 1185 4596 Deum
1214 4542 1515 4598 authorem
1556 4560 1840 4616 superna-

484 4618 749 4689 turalem,
799 4627 855 4678 et
901 4627 1183 4678 averteret
1210 4639 1243 4678 a
1265 4625 1376 4679 Deo
1408 4624 1840 4696 supernaturali

483 4699 599 4758 fine
626 4723 639 4758 ε
669 4719 804 4778 ergo
826 4705 1042 4761 auferri
1070 4720 1185 4761 non
1210 4711 1394 4777 posset
1417 4706 1625 4779 absque
1647 4712 1843 4763 muta—

483 4784 639 4842 tione
659 4789 1088 4859 supernaturali
1119 4788 1442 4861 peccatoris.
1475 4791 1844 4863 Consequen-

484 4867 564 4923 tia
602 4875 687 4925 est
732 4870 1012 4943 legitima.
1050 4871 1233 4943 Major
1260 4869 1435 4947 etiam
1462 4870 1599 4925 satis
1624 4876 1845 4928 constat

482 4968 553 5009 ex
580 4952 748 5009 dictis
775 4950 994 5009 duobus
1022 4949 1212 5008 dubiis
1241 4952 1709 5024 praecedentibus.
1736 4954 1844 5009 Mi-

487 5048 594 5089 nor
628 5038 840 5098 autem,
870 5031 932 5088 in
953 5047 1065 5104 qua
1084 5037 1168 5089 est
1188 5031 1509 5099 difficultas,
1537 5031 1836 5105 probatur:

1962 559 2237 633 quoniam
2285 567 2442 617 actus
2486 561 2781 619 offendens
2817 564 3015 630 Deum,
3043 566 3211 636 prout
3234 566 3319 618 est

1965 641 2028 696 in
2047 641 2249 713 seipso,
2283 641 2728 699 offendit'Deum
2771 639 3073 700 authorem
3114 659 3320 716 super-

1968 724 2310 790 naturalem,
2354 729 2423 780 et⁴
2449 724 2711 781 avertita
2738 726 2852 780 Deo
2890 722 3319 795 supernaturali

1965 802 2112 875 fine;
2140 820 2207 861 eo
2233 805 2381 877 quod
2405 806 2552 863 ratio
2573 804 2850 871 authoriS,
2876 811 2933 862 et
2961 804 3097 861 finis
3123 819 3321 877 super-

1968 886 2250 941 naturalis
2275 887 2544 943 convenit
2570 890 2683 943 Deo
2724 891 2890 959 prout
2915 886 3082 943 estin
3110 888 3315 958 seipso,

1966 970 2023 1022 et
2042 979 2159 1021 non
2187 972 2354 1038 prout
2382 967 2611 1040 praecise
2636 965 2897 1039 splendet
2919 967 2981 1022 in
3003 966 3318 1023 creaturis:

1965 1045 2064 1103 sed
2111 1054 2396 1120 peccatum
2441 1065 2617 1123 grave
2660 1048 3029 1105 commissum
3080 1048 3145 1104 in
3171 1051 3321 1126 statu

1969 1145 2245 1202 purorum
2287 1132 2602 1190 offenderet
2640 1134 2862 1198 Deum,
2916 1136 3084 1204 prout
3120 1136 3207 1187 est
3256 1129 3324 1187 in

1965 1212 2186 1284 seipso;
2217 1220 2341 1270 tum
2368 1214 2502 1286 quia
2528 1230 2600 1270 ex
2634 1212 2834 1270 affectu
2859 1212 3166 1286 peccatoris
3191 1211 3325 1268 des-

1965 1296 2186 1350 trueret
2205 1299 2387 1352 totum
2418 1296 2620 1355 Deum:
2644 1299 2770 1351 tum
2791 1296 2928 1368 quia
2969 1298 3207 1367 poneret
3231 1292 3325 1350 oi·

1968 1372 2190 1431 tensam
2219 1377 2504 1448 passivam
2534 1375 2744 1448 inipso
2773 1378 2886 1433 Deo
2919 1395 2933 1430 ε
2961 1390 3097 1448 ergo
3126 1390 3331 1449 pecca-2

1966 1459 2090 1509 tum
2134 1470 2310 1528 grave
2353 1455 2724 1513 commissum
2754 1455 2818 1511 in
2862 1460 3012 1511 statu
3043 1469 3325 1527 purorum

1967 1534 2280 1593 offenderet
2329 1540 2507 1593 Deum
2561 1537 2864 1592 authorem
2916 1541 3327 1608 supernatura-

1968 1617 2102 1684 lem,
2130 1623 2186 1674 et
2212 1623 2494 1675 averteret
2517 1635 2549 1674 a
2573 1621 2686 1675 Deo
2727 1617 3156 1692 supernaturali
3183 1616 3323 1674 fine.

1967 1698 2127 1762 Quod
2164 1698 2506 1773 significavit
2537 1703 2731 1772 aperte
2762 1702 2825 1755 D.
2857 1699 3061 1756 Thom.
3088 1699 3201 1754 loco
3224 1701 3320 1756 cit.
3340 1707 3508 1753 D.·1·1=o.

1964 1794 2037 1834 ex
2071 1781 2088 1834 l
2110 1788 2265 1852 part.
2295 1780 2384 1835 his
2406 1779 2600 1836 verbis
2632 1801 2646 1836 ε
2683 1802 2708 1833 α
2737 1782 2955 1836 Malum
2983 1780 3163 1853 culpae
3181 1795 3326 1837 con-

1973 1880 1998 1911 α
2041 1860 2318 1916 trariatur
2341 1862 2573 1934 proprie
2595 1860 2745 1918 bono
2766 1862 3039 1917 increato.
3077 1863 3326 1918 Contra-

1972 1960 1997 1993 α
2045 1940 2231 1998 riatur
2275 1944 2435 2000 enim
2464 1943 2789 2017 impletioni
2811 1941 3024 1999 divinae
3050 1944 3326 2000 volunta-

1974 2042 1999 2073 α
2040 2022 2134 2087 tis,
2158 2028 2212 2078 et
2234 2021 2434 2080 divino
2457 2025 2661 2090 amori,
2689 2039 2799 2097 quo
2820 2021 3034 2079 bonum
3053 2020 3323 2079 divinum

1974 2124 2000 2155 <t
2040 2102 2103 2158 in
2148 2103 2332 2176 seipso
2372 2110 2615 2172 amatur,
2666 2110 2720 2161 et
2751 2119 2868 2160 non
2897 2104 3085 2159 solum
3112 2119 3326 2160 secun-

1973 2204 1999 2236 «
2040 2182 2178 2238 dum
2205 2183 2352 2255 quod
2382 2185 2755 2257 participatur
2777 2200 2808 2240 a
2829 2189 3114 2240 creatura.
3161 2204 3186 2234 n

2041 2261 2447 2333 confirmatur,
2490 2270 2543 2322 et
2571 2266 2886 2337 explicatur
2915 2265 3103 2338 primo
3132 2286 3143 2319 ε
3179 2280 3323 2320 nam
3358 2281 3496 2374 gang

3365 2379 3504 2432 primo.

1967 2344 2139 2401 homo
2180 2346 2242 2401 in
2271 2348 2431 2418 puris
2471 2346 2810 2403 constitutus
2855 2345 3107 2419 graviter
3136 2347 3322 2401 Deum

1966 2424 2260 2481 offendens
2299 2425 2540 2482 destruit
2566 2426 2819 2483 affective
2851 2425 3124 2489 absolute,
3151 2430 3208 2478 et
3230 2422 3326 2478 ef-

1966 2505 2170 2561 fective
2194 2505 2581 2563 conditionate
2604 2507 2790 2579 ipsum
2823 2510 3008 2579 Deum
3030 2528 3040 2558 :
3064 2503 3160 2558 scd
3184 2503 3246 2581 si
3259 2504 3326 2558 in

1965 2587 2162 2643 effectu
2194 2586 2510 2644 destrueret
2539 2592 2737 2654 Deum,
2769 2587 3095 2668 offenderet²
3111 2586 3327 2658 ‚ipsum

1966 2681 2082 2722 non
2110 2667 2296 2722 solum
2339 2673 2401 2721 ut
2441 2668 2757 2733 authorem,
2790 2668 3046 2724 et'fincm
3089 2662 3331 2723 natura-

1966 2745 2099 2810 lem,
2132 2744 2229 2800 sed
2256 2747 2430 2801 etiam
2460 2752 2522 2801 ut
2563 2747 2880 2812 authorem,
2912 2752 2968 2802 et
2995 2745 3174 2802 finem
3221 2762 3331 2802 su-

1966 2825 2394 2897 pernaturalem
2417 2841 2582 2901 :ergo
2605 2827 2775 2884 homo
2798 2828 2859 2883 in
2885 2827 3047 2900 puris
3066 2825 3331 2883 existens

1964 2905 2199 2962 offendit
2227 2906 2415 2978 ipsum
2443 2908 2548 2972 sub
2593 2913 2829 2980 utraque
2860 2909 3083 2965 ratione
3110 2931 3124 2974 ;
3156 2912 3332 2981 atque

1965 2985 2094 3042 ideo
2120 2985 2189 3041 ad
2217 2988 2617 3045 remissionem
2664 2988 2945 3061 praedictae
2973 2988 3201 3046 offensae
3225 3004 3329 3045 ne-

1965 3070 2208 3125 cessaria
2228 3071 2338 3126 erit
2360 3071 2550 3142 aliqua
2566 3072 3028 3145 supernaturalis
3050 3070 3322 3129 mutatio.

1968 3151 2094 3204 Haec
2107 3150 2353 3206 secunda
2365 3152 2770 3224 consequentia
2786 3157 3004 3208 constat
3015 3167 3088 3208 ex
3104 3152 3327 3224 prima;

1967 3247 2102 3288 nam
2118 3231 2186 3287 ad
2202 3231 2608 3288 destruendam
2631 3233 2907 3289 offensam
2923 3240 3122 3290 contra
3140 3236 3330 3290 Deum

1968 3313 2267 3370 authorem
2308 3316 2808 3386 supernaturalem
2860 3316 3181 3372 necessaria
3245 3321 3337 3373 est

1968 3393 2209 3450 mutatio
2235 3395 2712 3467 supernaturalis.
2765 3395 2966 3451 Prima
3011 3410 3147 3451 vero
3190 3395 3335 3469 legi-

1968 3479 2108 3532 time
2147 3476 2395 3533 infertur
2439 3494 2511 3533 ex
2559 3477 2886 3550 praemissis„
2925 3476 3060 3549 quia
3088 3477 3149 3536 in
3193 3490 3335 3547 pru-

1968 3560 2205 3617 dentum
2251 3560 2710 3626 existimatione,
2754 3559 2966 3615 sivein
2994 3556 3333 3614 considera-

1970 3643 2126 3698 tione
2153 3642 2363 3698 morali
2415 3641 2654 3715 perinde
2700 3656 2759 3697 se
2806 3639 2974 3696 habet
3020 3638 3332 3696 destructio

1971 3723 2227 3790 affective
2256 3722 2514 3787 intenta,
2556 3727 2611 3779 et
2636 3721 2893 3779 effective
2937 3719 3331 3777 conditionate

1972 3802 2219 3868 inducta,
2253 3819 2316 3860 ac
2336 3803 2383 3858 si
2413 3801 2687 3867 absolute,
2735 3805 2791 3858 et
2829 3800 3126 3857 efficaciter
3148 3797 3331 3855 indu-

1970 3891 2231 3941 ceretur.
2274 3885 2467 3940 Minor
2517 3884 2692 3941 etiam
2733 3888 2818 3938 est
2857 3887 3028 3948 certa,
3078 3882 3212 3956 quia
3262 3897 3332 3940 ex

1972 3972 2133 4038 parte
2164 3965 2260 4021 Dei
2282 3964 2479 4021 eadem
2505 3963 2882 4020 indivisibilis
2901 3963 3111 4019 entitas
3133 3967 3217 4019 est
3243 3979 3334 4020 ra-

1971 4047 2052 4103 tio
2080 4047 2356 4112 authoriS,
2382 4051 2439 4103 et
2458 4045 2593 4102 finis
2621 4045 2935 4112 naturatis;
2960 4050 3015 4100 et
3048 4044 3195 4101 ratio
3223 4061 3334 4102 au-

1970 4131 2169 4197 thoris,
2194 4134 2249 4186 et
2275 4128 2409 4184 finis
2447 4125 2907 4200 supernaturalis
2935 4140 3106 4198 :ergo
3132 4124 3181 4180 si
3211 4141 3335 4197 pec-

1971 4218 2160 4270 catum
2190 4212 2252 4267 in
2279 4217 2425 4268 statu
2458 4216 2735 4284 purorum
2782 4207 3100 4264 destrueret
3150 4209 3330 4264 Deum

1974 4295 2037 4350 in
2077 4293 2276 4350 effectu
2296 4336 2308 4357 ,
2342 4296 2645 4363 utramque
2674 4289 2958 4346 rationem
2986 4286 3329 4345 destrueret.

1973 4377 2156 4450 Major
2200 4374 2446 4446 denique
2494 4371 2789 4446 probatum
2839 4385 2977 4426 nam
3030 4370 3129 4441 qui
3173 4368 3334 4443 ponit

1973 4474 2142 4515 suum
2168 4457 2442 4512 ultimum
2484 4454 2660 4512 finem
2690 4454 2752 4509 in
2779 4456 3061 4518 creatura,
3089 4450 3335 4508 destruit

1976 4543 2037 4598 in
2074 4540 2271 4597 affectu
2302 4542 2480 4595 Deum
2505 4558 2516 4598 3
2538 4534 2824 4610 siquidem
2860 4534 3047 4590 aufert
3073 4533 3332 4591 affective

1975 4621 2045 4679 ab
2068 4623 2169 4678 illo
2194 4621 2475 4677 rationem
2501 4620 2798 4691 propriam
2827 4615 3020 4671 ultimi
3045 4614 3182 4671 finis
3209 4636 3221 4670 ε
3252 4619 3331 4672 at·

1973 4705 2069 4776 qui
2131 4718 2364 4775 peccans
2421 4701 2676 4774 graviter
2734 4699 2799 4755 in
2857 4702 3007 4754 statu
3050 4714 3327 4771 purorum

1973 4785 2342 4841 constitueret
2367 4798 2535 4837 suum
2568 4781 2837 4837 ultimum
2867 4776 3042 4834 finem
3075 4777 3136 4833 in
3164 4792 3324 4835 crea-

1974 4871 2126 4932 tura,
2174 4865 2297 4920 sive
2337 4864 2400 4919 in
2429 4862 2576 4920 bono
2605 4860 2859 4934 proprio,
2890 4859 3040 4929 quod
3066 4857 3332 4932 diligeret

1976 4951 2102 5023 plus
2124 4963 2297 5020 quam
2321 4949 2536 5012 Deum;
2567 4944 2683 5000 haec
2719 4942 2930 5015 quippe
2973 4938 3330 4997 inordinatio

1975 5030 2038 5087 in
2066 5030 2231 5086 nullo
2257 5032 2404 5085 statu
2434 5030 2655 5099 peccato
2672 5024 2836 5099 gravi
2862 5022 3125 5079 deficeret
3154 5042 3168 5077 ε
3195 5036 3329 5094 ergo

3094 5115 3329 5176 peccans
