3647 5753
530 444 643 517 142'
809 456 819 464 ·
1547 458 1642 513 DE
1679 457 1951 513 GRATIA
1990 455 2333 510 Errrcaci.

533 656 561 684 «
606 633 894 688 sisterent.
928 635 1162 688 Frustra
1184 632 1397 687 Paulus
1415 630 1880 688 Thessalonicen·

533 734 561 766 a
599 729 689 770 ses
735 713 1066 772 admoneret
1091 756 1104 780 ,
1137 729 1210 771 ne
1256 714 1535 787 Spiritum
1574 713 1880 786 extingue-

532 816 561 846 «
604 799 749 862 rent,
782 796 832 852 si
859 793 1574 868 divinisinspirationibus
1614 793 1882 850 homines

532 897 560 928 α
603 874 1019 932 inevitabiliter
1049 881 1408 949 raperentur.
1443 896 1467 926 ι)
1501 874 1719 939 Quibus
1743 888 1880 928 ver-

523 953 614 1010 bis
641 962 834 1027 aperte
860 956 996 1013 dicit
1035 957 1371 1024 Concilium,
1421 954 1672 1011 liberum
1720 952 1880 1009 arbi-

527 1037 707 1093 trium
757 1054 915 1111 posse
961 1037 1242 1104 resistere,
1274 1038 1396 1100 imo
1442 1042 1497 1094 et
1542 1033 1882 1110 quandoque

527 1119 792 1176 resistere
815 1120 901 1174 illi
931 1119 1167 1186 auxilio,
1201 1135 1301 1191 per
1320 1113 1483 1192 quod'
1512 1116 1760 1175 haeretici
1787 1115 1881 1171 di-

523 1198 1042 1256 cebanthominem
1067 1200 1383 1256 necessario
1411 1198 1563 1255 trahi
1611 1215 1624 1250 ε
1677 1197 1880 1270 hujus-

526 1279 682 1335 modi
711 1283 898 1335 autem
928 1285 1013 1335 est
1051 1279 1335 1336 auxilium
1383 1278 1575 1336 efficax
1605 1299 1618 1334 ε
1646 1292 1782 1351 ergo
1808 1292 1880 1333 ex

528 1365 723 1416 mente
767 1360 1006 1417 Concilii
1038 1366 1217 1433 potest
1245 1360 1416 1417 homo
1446 1360 1724 1424 resistere,
1757 1356 1881 1414 imo

527 1439 837 1512 aliquando
860 1439 1071 1496 resistit
1098 1440 1317 1496 auxilio
1342 1438 1547 1496 efficaci
1594 1460 1608 1495 z
1651 1439 1748 1496 sed
1777 1439 1881 1494 hoc

522 1520 808 1577 verificari
840 1521 1070 1593 nequit,
1114 1522 1164 1576 si
1214 1521 1548 1594 praedictum
1592 1521 1878 1577 auxilium

519 1601 596 1656 sit
620 1618 690 1658 ex
716 1617 776 1658 se
800 1646 813 1668 ,
857 1607 914 1658 et
939 1601 1010 1657 ab
1051 1602 1366 1659 intrinseco
1391 1600 1586 1658 efficax
1612 1645 1625 1667 ,
1670 1603 1880 1674 quippe

520 1697 652 1737 cum
667 1683 1047 1739 essentialiter
1062 1688 1492 1740 connecteretur
1499 1699 1636 1759 cum
1651 1682 1873 1739 effectu:

521 1773 658 1835 ergo
685 1762 1011 1837 huJ'usmodi
1038 1764 1323 1820 auxilium
1353 1779 1470 1820 non
1501 1763 1672 1820 habet
1697 1778 1766 1820 ex
1792 1778 1873 1831 se,

522 1840 676 1898 et‘ab
698 1843 1008 1900 intrinseco
1028 1843 1352 1900 efficaciam.

308 1926 502 2018 (ὧεῑοηᾱί-
597 1926 726 1980 210.
759 1924 874 1981 Hoc
893 1925 1304 2000 argumentum
1319 1926 1440 1999 jam
1468 1942 1642 1999 supra
1671 1940 1881 1997 propo-

330 1978 497 2069 citffl‘i'
524 2004 746 2059 suimus
789 2005 914 2061 dub.
950 2007 991 2072 l,
1044 2009 1075 2074 ἓ
1102 2007 1162 2073 5,·
1192 2006 1357 2078 eique
1383 2004 1598 2063 ibidem
1629 2004 1880 2062 breviter

309 2075 499 2119 Τήθθηῑ·
525 2085 912 2143 occurrimus.
964 2086 1070 2143 Sed
1114 2087 1247 2159 quia
1294 2086 1628 2143 Adversarii
1679 2086 1880 2159 praeci-

311 2125 490 2226 32⁰3?OE
527 2181 702 2237 puum
734 2183 855 2223 suae
878 2183 1058 2223 causae
1088 2167 1470 2239 patrocinium
1497 2167 1584 2223 illi
1611 2167 1881 2223 commit-

310 2224 495 2317 32⁵&aess
524 2253 670 2313 tunt,
697 2255 916 2320 oportet
934 2249 1121 2320 ipsum
1139 2249 1351 2306 iterum
1374 2247 1616 2305 diluere.
1638 2251 1706 2304 Et
1721 2250 1881 2321 prius

524 2328 907 2394 ostendemuS,
942 2330 1092 2385 nihil
1135 2329 1431 2404 urgentius
1463 2345 1622 2401 posse
1651 2330 1711 2384 in
1743 2345 1879 2386 nos-

524 2415 628 2465 trae
646 2411 940 2466 sententias
967 2411 1224 2468 favorem
1251 2409 1517 2483 expendi,
1556 2426 1728 2483 quam
1773 2427 1880 2466 au-

523 2491 814 2548 toritatem
860 2491 1210 2550 Tridentini.
1262 2493 1472 2558 Prime),
1498 2493 1631 2566 quia
1674 2493 1880 2550 Conci-

526 2572 671 2627 lium
702 2573 863 2628 illam
892 2575 1135 2647 gratiam
1163 2574 1492 2632 conciliavit
1519 2591 1648 2631 cum
1691 2581 1880 2647 potes-

467 2672 470 2675 ⁴
523 2657 637 2708 tate
663 2651 1057 2722 dissentiendi,
1093 2671 1157 2711 ac
1186 2653 1516 2718 resistendi,
1561 2659 1727 2726 atque
1757 2654 1881 2712 ideo

413 2767 442 2797 -,
523 2749 652 2788 cum
683 2732 979 2802 libertate,
1034 2750 1206 2806 quam
1253 2735 1504 2792 haeretici
1551 2735 1881 2792 asserebant

528 2815 919 2871 necessitatem
965 2815 1283 2873 absolutam
1340 2817 1575 2884 inferre,
1620 2823 1682 2873 ut
1732 2817 1882 2874 vidit

523 2897 760 2952 Suarius
799 2904 926 2954 tom.
970 2900 1023 2964 2,
1050 2898 1114 2953 de
1150 2902 1355 2968 qratia,
1390 2899 1478 2955 lib.
1521 2902 1557 2955 5
1579 2888 1701 2972 ccip.
1725 2900 1816 2966 37,
1845 2918 1880 2956 a

461 3012 462 3019 κ
523 2993 675 3032 num.
708 2978 761 3032 5.
795 2978 856 3032 Si
879 2978 1038 3033 enim
1071 2978 1248 3034 aliam
1276 2979 1521 3053 gratiam
1546 2977 1883 3036 decerneret

523 3074 655 3114 cum
685 3058 946 3116 libertate
974 3062 1260 3132 componi,
1293 3062 1529 3118 illorum
1567 3078 1881 3136 argumen-

524 3137 598 3194 tis
625 3154 746 3195 non
773 3140 1139 3207 satisfaceret,
1185 3141 1282 3198 sed
1330 3141 1602 3199 intactam
1646 3143 1881 3199 haercti-

525 3234 652 3275 cam
675 3236 874 3276 eorum
897 3219 1216 3278 doctrinam
1242 3223 1609 3295 relinqueret.
1632 3224 1723 3280 llli
1741 3238 1881 3280 vero

425 3313 430 3317 ·
525 3313 643 3355 non
667 3297 995 3357 asserebant
1024 3303 1278 3359 hominis
1306 3304 1660 3361 voluntatem
1685 3319 1881 3359 neces-

521 3376 688 3433 sitari
708 3394 806 3451 per
820 3381 1070 3454 gratiam
1092 3382 1463 3439 sufficientem
1486 3383 1719 3440 dantem
1743 3399 1882 3456 prae-

523 3458 638 3515 cise
687 3475 846 3532 posse
873 3459 1313 3520 determinabile
1342 3463 1585 3520 ulterius
1614 3480 1715 3536 per
1745 3479 1881 3520 nos-

487 3544 681 3594 ·trum
738 3539 1081 3610 arbitrium;
1113 3559 1213 3600 nec
1256 3560 1355 3615 per
1396 3546 1644 3620 gratiam
1692 3545 1881 3601 solum

523 3622 822 3679 moraliter
848 3624 1215 3693 allicientem,
1261 3625 1589 3700 hujusmodi
1615 3631 1748 3683 sunt
1775 3643 1881 3683 vo·—

526 3700 797 3768 cationeS,
830 3704 1238 3776 inspirationes
1260 3747 1273 3771 ,
1308 3706 1692 3764 revelationes
1715 3751 1729 3776 ,
1763 3712 1880 3762 ter-

529 3795 686 3836 rores
714 3781 948 3851 inl‘erni,
981 3788 1036 3840 et
1063 3783 1178 3840 alia
1219 3785 1580 3859 hujusmodi;
1629 3801 1732 3842 nec
1779 3801 1881 3858 per

529 3861 776 3933 gratiam
820 3861 1097 3920 efficacem
1124 3865 1310 3921 solum
1340 3865 1410 3921 ab
1439 3865 1658 3934 effectu,
1690 3866 1782 3922 vel
1810 3881 1880 3921 ex

526 3941 648 3997 sola
710 3943 1064 4014 praescientia
1113 3951 1353 4003 eventus
1404 3946 1584 4002 futuri
1624 3970 1637 4014 ;
1698 3961 1883 4018 neque

523 4021 683 4077 enim
711 4022 850 4079 adeo
874 4022 1087 4095 stupidi
1116 4030 1301 4092 erant,
1337 4032 1396 4081 ut
1416 4026 1880 4100 imaginarentur

524 4102 740 4175 gratias
768 4101 1156 4171 adeomolleS,
1191 4105 1547 4178 potentiales,
1578 4112 1635 4162 et
1666 4121 1876 4174 cereas,

522 4185 581 4238 et
606 4198 746 4254 quas
768 4182 858 4239 vel
886 4183 1178 4258 Pelagiani
1205 4185 1317 4257 ipsi
1347 4185 1737 4254 concederent,
1784 4188 1881 4243 in·-

522 4262 729 4321 ducere
756 4263 1210 4332 adamantinam,
1234 4272 1291 4322 et
1318 4267 1618 4340 plusquam
1646 4267 1880 4326 fatalem

525 4345 917 4403 necessitatem
939 4345 1202 4405 arbitrio.
1225 4347 1332 4403 Sed
1354 4362 1653 4405 asserueru
1663 4354 1721 4404 ut
1744 4366 1882 4422 prae·

527 4429 616 4480 ter
642 4425 760 4482 haec
785 4427 1002 4483 auxilia
1046 4426 1173 4483 dari
1214 4426 1373 4484 aliud
1400 4443 1472 4485 ex
1495 4444 1556 4485 se
1581 4428 1794 4498 efficax,
1827 4437 1883 4488 et

526 4502 667 4561 adeo
704 4505 917 4573 efficax,
953 4514 1012 4563 ut
1037 4523 1103 4565 eo
1125 4509 1304 4581 posito
1325 4509 1415 4565 vel
1443 4509 1711 4566 voluntas
1741 4526 1882 4584 pure

528 4584 752 4656 passive
778 4602 838 4643 se
863 4586 1097 4645 haberet
1143 4586 1471 4661 recipiendo
1514 4605 1876 4659 consensum,

530 4670 591 4720 ut
640 4665 920 4724 Lutherus
963 4668 1184 4737 docuit;
1228 4671 1320 4727 vel
1347 4670 1605 4727 vitaliter
1648 4671 1881 4743 quidem

529 4750 739 4819 ageret,
764 4752 819 4804 et
848 4749 1191 4822 voluntarie,
1224 4754 1555 4807 nontamen
1596 4751 1795 4821 libere,
1827 4758 1884 4809 et

525 4840 662 4881 cum
687 4833 958 4898 potestate
984 4829 1054 4886 ad
1075 4831 1417 4903 oppositum,
1448 4836 1508 4887 ut
1527 4832 1883 4889 existimavit

530 4907 823 4966 Calvinus.
859 4911 1016 4967 Hanc
1042 4917 1231 4969 autem
1256 4914 1502 4987 gratiam
1522 4928 1593 4969 ex
1619 4930 1679 4971 se
1704 4912 1883 4971 effica-

530 5001 654 5043 cem
676 4987 953 5045 eruebant
975 4998 1091 5047 tam
1112 5008 1182 5048 ex
1201 5008 1360 5050 sacra
1382 4993 1692 5065 Scriptura,
1709 5010 1881 5067 quam

527 5085 598 5125 ex
621 5069 847 5142 scriptis
869 5071 1125 5140 Patrum,
1144 5080 1197 5131 et
1222 5075 1539 5154 praesertim
1556 5076 1878 5150 Augustini,

2010 643 2256 699 quorum
2279 625 2607 682 testimonia
2630 640 2746 682 non
2767 624 2945 680 semel
2973 624 3033 679 in
3057 623 3161 678 hac
3179 619 3375 694 dispu-
3411 646 3570 690 com-

2011 707 2225 764 tatione
2248 705 2647 779 expendimus.
2682 705 2826 761 Huic
2852 720 2987 777 ergo
3019 704 3209 759 errori
3237 694 3588 787 cumfi'lfloe·

2010 785 2239 844 obviam
2268 788 2354 843 ire
2381 792 2566 859 posset
2591 785 2915 842 Concilium
2943 782 3206 858 negando
3231 798 3368 855 gra-
3386 754 3591 853 κεῖςῗεῗ·

2012 870 2155 927 tiam
2176 887 2252 926 >ex
2271 885 2332 927 se
2358 869 2657 936 efficacem,
2684 883 2755 925 ex
2776 883 2887 939 qua
2906 871 2988 922 tot
3011 866 3363 939 illegitimas,
3406 849 3591 938 ἓξὲξ,

2011 955 2065 1007 et
2123 964 2395 1020 erroneas
2454 949 2890 1021 consequentias
2953 944 3368 1019 depromebant
3427 952 3589 987 norum

2013 1032 2283 1099 haeretici,
2308 1035 2365 1089 et
2385 1031 2463 1087 ita
2487 1036 2848 1103 prosternere
2877 1029 3133 1101 ipsorum
3159 1024 3369 1082 funda·

2011 1117 2294 1177 mentum,
2325 1110 2385 1166 id
2438 1115 2632 1166 tamen
2685 1109 2933 1166 minime
2993 1108 3126 1165 fecit
3156 1131 3170 1174 3
3222 1106 3371 1162 vidit

2011 1191 2174 1248 enim
2217 1192 2464 1267 gratiam
2504 1206 2576 1247 ex
2622 1205 2684 1247 se
2727 1189 3008 1246 efficacem
3056 1188 3267 1260 passim
3309 1187 3370 1242 in

2012 1267 2323 1347 Scriptura,
2348 1279 2403 1330 et
2431 1271 2697 1330 Patribus
2721 1270 3038 1344 praedicari.
3066 1267 3172 1325 Sed
3197 1284 3372 1342 nega-

2012 1356 2096 1412 vit
2142 1355 2274 1411 illos
2311 1353 2559 1420 effectus,
2601 1368 2742 1424 quos
2782 1351 3036 1408 haeretici
3087 1347 3374 1428 praedictae

2010 1437 2208 1512 gratiae
2237 1452 2534 1509 perperam
2561 1433 2966 1502 attribuebant,
2990 1431 3255 1488 videlicet
3274 1446 3373 1486 vo·

2012 1518 2293 1572 luntatem
2344 1515 2447 1571 tali
2498 1515 2685 1589 gratia
2737 1513 2996 1570 affectam
3044 1527 3106 1567 se
3160 1508 3375 1566 habere

2012 1612 2172 1654 mere
2213 1595 2454 1669 passive,
2486 1602 2541 1651 et
2566 1609 2762 1651 carere
2791 1598 3066 1665 potestate
3094 1591 3369 1662 ad‘oppo-

2012 1679 2221 1746 situm3
2261 1679 2340 1734 sic
2383 1678 2540 1734 enim
2588 1682 2897 1748 utrumque
2944 1689 3203 1731 errorem
3254 1673 3369 1727 Lu-

2014 1760 2183 1824 theri,
2208 1763 2265 1817 et
2285 1759 2512 1815 Calvini
2542 1773 2656 1814 uno
2684 1757 2794 1813 ictu
2825 1755 3060 1818 demetit
3089 1755 3209 1810 illis
3234 1767 3368 1809 ver-

2012 1837 2101 1894 bis
2117 1860 2130 1894 :
2148 1838 2335 1916 Neque
2353 1839 2510 1893 homo
2539 1838 2649 1909 ipse
2672 1835 3058 1890 nihilomnino
3078 1839 3230 1902 aqut,
3259 1831 3370 1886 ins-

2005 1923 2337 1992 pirationem
2390 1919 2548 1975 illam
2585 1920 2885 1990 recipiens,·
2936 1919 3132 1993 quippe
3180 1916 3276 1992 qui
3317 1921 3370 1968 et

2012 2000 2170 2056 illam
2213 1999 2442 2071 abjicere
2483 2005 2670 2071 potest,
2700 2005 2797 2053 etc.
2833 1996 2997 2052 Unde
3044 1994 3370 2052 Concilium

2011 2083 2278 2139 convenit
2304 2098 2432 2138 curn
2463 2079 2743 2136 haereticis
2768 2079 2831 2134 in
2854 2076 3209 2134 admittendo
3229 2091 3369 2149 gra-

2013 2162 2153 2217 tiam
2181 2178 2252 2218 ex
2271 2177 2332 2218 se
2352 2160 2660 2226 efficacem;
2685 2158 2781 2216 sed
2805 2159 2998 2232 procul
3026 2158 3134 2213 fuit
3156 2155 3226 2212 ab
3248 2155 3375 2210 illis

2011 2243 2455 2315 consequentiis,
2487 2242 2578 2298 vel
2605 2239 2918 2305 effectibus,
2951 2255 3090 2312 quos
3117 2235 3375 2293 haeretici

2011 2340 2084 2381 ex
2148 2323 2412 2396 praedicta
2456 2322 2642 2397 gratia
2686 2320 2896 2377 inferri
2958 2317 3329 2375 autumabant
3355 2362 3373 2383 ,

2013 2419 2222 2477 nempe
2263 2404 2581 2460 carentiam
2631 2400 2922 2474 potestatis
2964 2395 3285 2465 resistendi,
3317 2404 3381 2452 et

2013 2486 2403 2543 necessitatem
2468 2481 2896 2541 omnimodam.
2953 2480 3224 2546 Quocirca
3288 2479 3381 2533 ita

2012 2557 2187 2631 abest,
2214 2569 2274 2620 ut
2313 2565 2632 2621 Concilium
2673 2562 2790 2617 illis
2829 2559 3021 2618 verbis
3043 2557 3370 2632 hujusmodi

2011 2647 2256 2720 gratiam
2309 2643 2590 2711 excludat,
2624 2650 2686 2699 ut
2714 2643 2900 2716 potius
2946 2643 3128 2713 ipsam
3176 2646 3379 2712 aperte

2011 2734 2330 2801 supponat,
2375 2728 2607 2801 ejusque
2646 2723 3012 2783 existentiam
3041 2721 3377 2777 virtualiter

2014 2809 2283 2867 diffiniat.
3123 2871 3129 2879 ,

2086 2891 2246 2957 Quod
2274 2895 2466 2948 autem
2496 2888 2828 2947 Adversarii
2850 2887 3164 2952 inculcant,
3198 2884 3379 2941 nimi·

2015 2990 2145 3030 rum
2191 2971 2514 3029 Concilium
2562 2986 2691 3027 eam
2740 2967 2990 3044 gratiam
3044 2967 3370 3030 admittere,

2011 3068 2136 3126 quae
2157 3067 2274 3108 non
2293 3049 2505 3106 inferat
2520 3051 2937 3115 necessitatem;
2960 3048 3207 3122 gratiam
3234 3060 3382 3100 vero

2011 3149 2081 3191 ex
2106 3149 2167 3190 se
2186 3131 2466 3191 efficacem
2507 3132 2676 3188 illam
2712 3131 2953 3196 inferre,
2987 3130 3136 3184 nihil
3177 3132 3282 3191 est,
3313 3130 3381 3182 et,

2013 3232 2131 3273 non
2159 3214 2432 3271 fundatur
2454 3213 2519 3270 in
2543 3211 2750 3279 verbis,
2775 3214 2867 3270 vel
2892 3216 3081 3268 mente
3102 3207 3374 3273 concilii,

2011 3295 2110 3353 sed
2138 3294 2384 3368 pertinet
2412 3293 2480 3350 ad
2516 3310 2722 3367 pravas
2747 3290 3195 3364 consequentias,
3228 3302 3380 3360 quas

2013 3375 2344 3432 Adversarii
2371 3391 2502 3430 cum
2533 3373 2811 3431 haereticis
2837 3389 2907 3430 ex
2938 3369 3203 3445 praedicta
3229 3383 3373 3442 gra-

2013 3458 2091 3514 tia
2117 3456 2421 3514 deducunt.
2466 3458 2607 3512 Cum
2644 3457 2747 3512 hac
2775 3462 2967 3511 tamen
3012 3449 3369 3517 differentia,

2012 3536 2158 3611 quod
2187 3536 2439 3593 haeretici
2460 3551 2533 3592 ex
2559 3537 2846 3610 principio
2867 3550 3006 3591 vero
3035 3530 3377 3588 inferebant.

2011 3617 2454 3674 destructionem
2480 3616 2780 3683 libertatis
2801 3623 2858 3673 et
2879 3629 3171 3672 assensum
3199 3626 3369 3683 praes-

1982 3694 1989 3700 ’
2013 3696 2207 3754 tabant
2236 3697 2494 3768 pessimas
2519 3698 2936 3771 consequentiae
2962 3718 2974 3752 :
3005 3695 3101 3750 isti
3132 3707 3268 3749 vero
3296 3706 3374 3748 ex

2013 3779 2314 3854 negatione
2356 3781 2774 3851 consequentiae
2821 3777 3135 3840 haereticae,
3183 3789 3359 3847 quam

2010 3858 2283 3916 catholice
2310 3864 2606 3929 respuunt,
2658 3858 2972 3932 procedunt
3006 3856 3075 3913 ad
3105 3853 3368 3929 negatio·

2012 3958 2147 4000 nem
2199 3940 2582 3997 antecedentis
2629 3942 2770 3997 veri.
2826 3944 2940 3998 Nos
2991 3945 3203 4003 autem,
3248 3935 3381 3992 imo·

2013 4022 2381 4098 Augustinus,
2407 4023 2677 4091 Thomas,
2696 4028 2753 4081 et
2776 4026 2970 4079 Patres
2990 4019 3380 4079 convenimus

2012 4124 2141 4165 cum
2171 4103 2451 4162 haereticis
2477 4105 2540 4161 in
2571 4106 2672 4162 illo
2697 4103 3087 4171 antecedenti3
3116 4109 3172 4160 et
3194 4117 3370 4175 nega—

2013 4205 2142 4245 mus
2180 4202 2311 4243 cum
2361 4186 2615 4244 Concilio
2640 4183 2983 4242 Tridentino
3015 4198 3371 4255 consequen-

2014 4271 2170 4337 tiam,
2200 4284 2372 4342 quam
2393 4274 2449 4325 et
2478 4266 2753 4332 haeretici,
2783 4271 2840 4322 et
2866 4264 3175 4322 Molinistae
3201 4278 3272 4319 ex
3297 4277 3364 4318 eo

2012 4349 2367 4408 antecedenti
2408 4348 2716 4406 verissimo
2754 4361 3053 4420 perperam
3084 4343 3375 4400 inferunt.

2012 4435 2282 4489 Asserere
2327 4435 2541 4496 autem,
2590 4427 2738 4501 quod
2784 4427 2970 4502 gratia
3003 4442 3076 4484 ex
3094 4441 3155 4482 se
3172 4423 3377 4481 efficax

2013 4511 2225 4569 inferat
2275 4511 2669 4569 necessitatem
2721 4506 3062 4574 absolutam,
3089 4506 3210 4579 jam
3250 4518 3381 4560 non

2015 4593 2262 4667 pertinet
2283 4592 2352 4648 ad
2375 4590 2800 4653 authoritatem,
2825 4586 2922 4644 sed
2946 4584 3016 4643 ad
3032 4591 3373 4660 argumenta

2013 4692 2045 4733 e
2072 4676 2294 4733 ratione
2330 4672 2661 4745 desumpta,
2716 4668 2924 4743 quibus
2968 4666 3127 4723 infra
3171 4681 3376 4724 occur-

2017 4773 2227 4888 Γθῖιυῗ.
2251 4829 2516 4897 Secundo,
2546 4828 2681 4901 quia
2707 4824 3061 4890 Adversarii,
3094 4827 3156 4878 ut
3182 4837 3380 4880 conse-

2013 4920 2255 4988 quenter
2281 4911 2352 4969 ad
2373 4927 2474 4967 sua
2499 4909 2783 4983 principia
2804 4905 3132 4980 procedant,
3160 4911 3216 4961 et
3234 4919 3373 4979 gra·

2015 4997 2157 5052 tiam
2205 4994 2275 5051 ab
2320 4993 2635 5049 intrinseco
2693 4990 2973 5048 efficacem
3023 4986 3370 5052 excludant,

2016 5083 2194 5135 totam
2240 5075 2487 5179 gratiam
2517 5072 2965 5145 praevenientem
2993 5068 3375 5207 -reducurztaag

3126 5166 3229 5225 gra
