3647 5753
569 363 679 416 570

573 537 784 587 mutuae
804 529 1122 586 causalitati
1152 529 1411 592 illorum,
1433 543 1557 600 quae
1577 528 1928 582 concurrunt

570 614 631 668 in
662 612 897 666 instanti
925 610 1311 683 generationis
1362 631 1374 665 ι
1419 613 1474 665 et
1502 607 1724 674 asserit,
1777 604 1925 678 quod

570 693 649 748 ita
669 708 729 748 se
746 691 913 747 habet
931 691 1116 764 gratia
1139 689 1208 745 ad
1230 695 1383 746 actus
1397 689 1601 745 ultimo
1622 686 1927 759 disponen-

568 782 668 841 teS,
719 774 864 829 sicut
912 773 1096 829 forma
1140 771 1536 828 substantialis
1577 770 1648 827 ad
1691 769 1927 841 ultimas

569 856 971 928 dispositiones
1012 854 1456 911 necessitantes:
1507 852 1663 924 atqui
1704 856 1924 908 certum

569 945 671 996 est.
722 954 790 994 ex
818 936 1101 993 sententia
1139 937 1203 990 D.
1252 936 1502 1000 Thomoe,
1548 933 1696 1007 quod
1739 932 1927 989 forma

569 1017 963 1074 substantialis
1006 1015 1267 1089 praecedit
1302 1015 1644 1089 simpliciter
1692 1014 1926 1069 ultimas

570 1101 1051 1173 dispositione8,et
1076 1104 1161 1154 est
1180 1114 1379 1154 earum
1398 1096 1748 1170 principium
1765 1095 1926 1152 effec-

570 1183 752 1238 tivum
800 1199 904 1257 quo
958 1195 1056 1250 per
1108 1178 1582 1240 dimanationem,
1643 1176 1926 1248 praecipue

568 1279 696 1319 cum
728 1262 842 1317 illae
872 1261 1088 1316 ultimae
1121 1259 1519 1332 dispositiones
1546 1263 1682 1312 sunt
1720 1258 1925 1328 aliquae

570 1342 834 1416 potentiae
861 1340 1083 1406 vitales„
1116 1345 1176 1394 ut
1205 1340 1373 1397 modo
1399 1355 1469 1396 ex
1491 1354 1629 1395 vera
1658 1337 1924 1393 Philoso-

570 1424 704 1496 phia
725 1422 1103 1494 supponimus
1131 1436 1296 1495 :ergo
1319 1419 1534 1493 pariter
1558 1420 1743 1494 gratia
1764 1434 1924 1474 sanc-

568 1505 791 1561 tificans
836 1500 1099 1576 praecedit
1135 1502 1476 1574 simpliciter
1523 1506 1679 1557 actus
1717 1498 1925 1555 ultimo

567 1588 950 1658 disponentes,
971 1589 1026 1640 et
1051 1590 1133 1640 est
1154 1599 1354 1639 eorum
1385 1582 1736 1655 principium
1765 1580 1925 1637 effec-

568 1669 752 1722 tivum
774 1683 897 1743 quo,
931 1663 1128 1728 Tertio,
1145 1666 1198 1719 S.
1224 1665 1423 1720 Doctor
1444 1662 1599 1728 dicit,
1625 1660 1772 1734 quod
1798 1677 1925 1733 gra·

566 1752 644 1805 tia
670 1747 870 1805 eodem
901 1745 1070 1802 modo
1098 1746 1310 1802 format
1351 1751 1504 1801 actus
1544 1746 1752 1801 ultimo
1801 1743 1917 1798 dis-

566 1837 840 1904 ponentes
880 1826 950 1884 ad
999 1827 1487 1903 justificationem,
1538 1829 1684 1885 sicut
1735 1826 1924 1883 forma

564 1911 958 1968 substantialis
1031 1909 1243 1966 format
1289 1909 1599 1966 accidentia
1662 1923 1924 1964 consum·

564 1999 737 2058 mata,
782 1994 904 2049 sive
946 1991 1395 2048 necessitantia:
1451 1992 1604 2065 atqui
1653 1990 1922 2047 formatio

563 2077 805 2131 istorum
828 2071 1208 2129 accidentium
1231 2071 1383 2126 nihil
1405 2070 1562 2127 aliud
1601 2075 1705 2134 est,
1749 2086 1922 2142 quam

560 2172 760 2214 eorum
789 2154 1107 2211 dimanatio
1153 2170 1187 2209 a
1225 2153 1414 2209 forma
1446 2151 1836 2216 substantiali,
1868 2155 1924 2207 et

560 2254 691 2294 cum
719 2253 785 2294 ea
811 2238 965 2302 unio,
993 2242 1047 2292 et
1066 2235 1408 2309 conjunctio,
1448 2239 1510 2290 ut
1542 2251 1612 2291 ex
1632 2252 1692 2292 se
1714 2234 1919 2306 liquet:

560 2334 695 2392 ergo
724 2324 879 2374 actus
908 2317 1115 2372 ultimo
1135 2315 1504 2387 disponentes
1550 2315 1619 2371 ad
1643 2313 1922 2389 justifica-

564 2399 780 2453 tionem
809 2396 1136 2453 formantur
1178 2410 1277 2468 per
1319 2396 1439 2463 hoc,
1472 2395 1620 2467 quod
1662 2411 1694 2451 a
1736 2393 1921 2468 gratia

561 2475 951 2533 sanctificante
980 2473 1311 2548 procedunt,
1343 2480 1400 2531 et
1441 2476 1551 2547 ipsi
1578 2475 1916 2540 coexistunt,

533 2564 616 2629 ,et
649 2558 949 2613 uniuntur.
979 2556 1210 2628 Quarto,
1243 2555 1291 2609 si
1320 2557 1382 2611 D.
1422 2556 1626 2613 Thom.
1658 2554 1916 2622 sentiret,

563 2637 665 2692 hos
687 2643 873 2692 motus
897 2636 1104 2691 ultimo
1144 2634 1513 2707 disponentes
1540 2633 1611 2689 ad
1640 2632 1922 2708 justifica-

563 2720 777 2774 tionem
804 2732 918 2772 non
934 2715 1237 2788 procedere
1257 2733 1289 2772 a
1303 2715 1489 2790 gratia
1508 2714 1916 2784 sanctificante,

560 2798 657 2856 sed
681 2798 750 2855 ab
779 2797 1016 2863 auxilio,
1050 2813 1167 2854 non
1210 2799 1289 2854 ita
1320 2797 1607 2855 laboraret
1652 2797 1716 2854 in
1742 2813 1921 2870 expo-

563 2882 770 2948 nendo,
826 2880 1110 2953 quomodo
1164 2880 1417 2954 praedicti
1468 2888 1657 2939 motus
1703 2883 1922 2955 possint

559 2963 806 3037 gratiam
832 2960 1209 3018 antecedere:
1260 2977 1361 3018 nec
1409 2978 1551 3034 opus
1596 2967 1741 3019 esset
1762 2961 1833 3018 ad
1862 2961 1919 3017 id

560 3045 971 3103 declarandum
1012 3043 1286 3102 inducere
1332 3059 1436 3117 pro
1480 3047 1745 3119 exemplo
1784 3061 1919 3100 mu-

561 3137 718 3186 tuam
749 3127 1111 3201 prioritatem
1156 3143 1378 3195 eorum,
1425 3142 1549 3200 quae
1577 3127 1647 3184 ad
1673 3142 1917 3202 genera·

560 3214 775 3269 tionem
804 3209 1240 3267 substantialem
1262 3215 1630 3267 concurrunt.
1662 3212 1807 3264 Nam
1837 3207 1915 3263 sa-

555 3295 665 3349 cile
717 3291 1083 3365 intelligitur,
1133 3291 1283 3366 qnod
1329 3289 1597 3347 contritio
1643 3303 1696 3343 v.
1746 3304 1800 3362 g.
1845 3286 1914 3343 ab

557 3374 774 3431 auxilio
804 3371 1145 3446 praecedenS,
1174 3378 1231 3430 et
1254 3366 1641 3443 independens
1669 3383 1701 3422 a
1727 3368 1915 3441 gratia

554 3454 972 3520 sanctificante,
1032 3452 1275 3511 eandem
1336 3451 1582 3525 gratiam
1638 3448 1915 3523 praecedat

554 3536 912 3609 simpliciter,
940 3541 1003 3590 ut
1040 3532 1373 3590 Adversarii
1413 3529 1763 3597 discurrunt,
1815 3531 1914 3604 qui

555 3617 626 3674 ob
656 3618 802 3673 hanc
849 3615 1078 3672 facilem
1100 3612 1524 3685 expeditionem
1553 3614 1915 3686 amplectun-

558 3704 651 3754 tur
676 3696 1022 3755 sententiam
1066 3693 1230 3750 nobis
1253 3692 1600 3766 oppositam..
1627 3695 1752 3766 Ipsa
1779 3708 1915 3769 ergo

557 3778 874 3843 difficultaS,
900 3791 1071 3850 quam
1097 3775 1159 3830 D.
1186 3774 1392 3831 Thom.
1419 3773 1482 3829 in
1512 3773 1584 3841 iis
1603 3773 1917 3831 concilian-

555 3861 642 3915 dis
695 3857 962 3922 ostendit,
1014 3854 1151 3911 satis
1197 3853 1466 3922 declarat,
1510 3852 1657 3926 quod
1685 3871 1754 3912 ex
1794 3856 1916 3929 ejus

552 3940 837 3997 sententia
885 3943 1038 3994 actus
1086 3935 1294 3993 ultimo
1336 3935 1406 3992 ad
1447 3934 1913 4009 justificationem

552 4022 916 4094 disponentes
933 4015 1242 4091 procedunt
1257 4032 1288 4072 a
1302 4016 1486 4090 gratia
1501 4015 1912 4075 sanctificante.

556 4105 780 4175 Quinte,
809 4107 865 4156 et
889 4098 1111 4163 ultimo,
1143 4099 1210 4151 D.
1260 4098 1462 4154 Thom.
1507 4098 1568 4150 in
1596 4100 1909 4173 quaestiunc.

562 4186 609 4249 l,
640 4181 842 4239 asserit
882 4177 1048 4245 illud,
1082 4176 1232 4251 quod
1257 4183 1342 4234 est
1387 4178 1548 4250 prins
1575 4177 1688 4234 alio
1735 4179 1798 4234 in
1823 4195 1915 4253 ge-

556 4279 691 4321 nere
719 4276 898 4318 causae
926 4258 1211 4325 formaliS,
1243 4272 1365 4314 esse
1404 4257 1580 4313 etiam
1624 4259 1784 4331 prius
1810 4261 1914 4316 illo

554 4347 615 4401 in
641 4358 849 4419 genere
874 4356 1054 4398 causae
1099 4339 1395 4397 efficientis
1430 4361 1443 4395 :
1486 4339 1586 4396 sed
1636 4343 1696 4396 in
1741 4361 1912 4420 qum-

551 4430 721 4482 tc'unc.
753 4427 808 4491 2,
855 4437 1121 4496 expresse
1162 4421 1320 4478 docet
1371 4422 1619 4496 gratiam
1664 4423 1914 4480 sanctifi·

550 4512 773 4565 cantem
796 4521 917 4564 esse
946 4506 1201 4578 priorem
1241 4504 1589 4561 contritione
1616 4504 1679 4560 in
1703 4521 1914 4579 genere

550 4603 729 4645 causae
757 4586 1020 4643 formalis
1044 4606 1056 4641 ε
1081 4600 1216 4659 ergo
1236 4584 1411 4641 etiam
1428 4589 1513 4642 est
1534 4586 1712 4657 prior,
1738 4602 1911 4660 quam

553 4669 656 4725 illa
680 4668 740 4723 in
765 4680 975 4741 genere
1003 4679 1182 4720 causae
1202 4662 1516 4721 efficientis

627 4750 717 4804 59.
746 4750 857 4803 Nec
878 4745 1212 4817 scrupulum
1224 4742 1433 4801 debent
1448 4745 1683 4820 injicere
1707 4746 1913 4803 ultima

344 4850 397 4890 n,
420 4850 521 4895 Tm),
556 4827 749 4895 verba,
776 4842 899 4899 quae
929 4828 991 4880 D.
1025 4825 1228 4881 Thom.
1262 4825 1325 4880 in
1351 4823 1467 4881 fine
1487 4827 1912 4899 quaestiunculae

556 4911 713 4969 addit
746 4932 758 4965 ε
788 4932 813 4962 «
843 4908 1172 4973 Qualitates‚
1201 4928 1226 4958 n
1260 4906 1472 4979 inquit,
1504 4930 1527 4959 a
1559 4925 1682 4982 quae
1719 4910 1911 4968 intro-

562 5018 585 5047 α
617 4993 902 5065 ducuntur
922 4988 1100 5047 simul
1134 5003 1264 5046 cum
1290 4987 1480 5047 forma
1520 4988 1905 5060 substantiali,

1237 357 1328 416 DE
1371 351 1973 410 DISPOSITIONIBUS
2011 351 2106 405 AD
2145 349 2803 404 JUSTIFICATIONEM.

2068 545 2094 576 α
2122 520 2545 594 quodammodo
2615 520 2946 578 formantur
2998 538 3098 595 per
3167 523 3420 583 formam

2067 626 2093 656 α
2121 601 2581 658 substantialem.
2621 603 2689 656 Et
2714 602 2859 658 sicut
2879 604 3126 676 qualitas
3153 605 3422 677 praedicta

2067 706 2093 737 α
2125 690 2257 740 ante
2282 684 2371 740 sui
2399 685 2973 751 consummationem,
3004 691 3061 743 et
3088 686 3290 746 formae
3323 689 3421 746 in-

2069 787 2094 820 «
2125 765 2541 823 troductionem
2591 783 2707 823 non
2734 773 2858 824 erat
2885 769 3151 834 formata,
3183 771 3281 828 sed
3323 773 3422 829 in-

2067 870 2093 900 «
2125 847 2328 906 formis
2354 872 2367 915 ;
2399 848 2480 903 ita
2507 847 2683 904 etiam
2712 855 2797 905 est
2823 848 2891 905 de
2922 856 3077 907 motu
3121 852 3290 909 liberi
3321 869 3421 910 ar-

2067 953 2093 983 «
2124 930 2308 997 bitrii,
2339 929 2386 984 si
2431 934 2625 986 tamen
2652 931 3018 988 continuatus
3046 934 3108 990 in
3142 933 3260 992 fine
3288 952 3421 1010 per-

2067 1034 2092 1065 «
2123 1010 2345 1070 ficiatur
2374 1028 2473 1085 per
2523 1013 2722 1087 gratiae
2750 1013 3124 1073 infusionem.
3178 1021 3289 1075 Nec
3337 1028 3422 1078 est

2068 1094 2557 1159 «inconveniens,
2598 1094 2733 1167 quia
2759 1096 2863 1151 etsi
2890 1096 2968 1151 sit
3012 1099 3204 1172 aliquo
3250 1102 3422 1159 modo

2054 1177 2090 1228 ἀ
2122 1174 2275 1233 idem
2320 1174 2634 1233 secundum
2675 1192 2855 1250 genus
2898 1185 3136 1245 naturae,
3183 1198 3301 1242 non
3328 1191 3420 1244 ta-

2066 1281 2091 1311 «
2121 1273 2257 1314 men
2283 1263 2367 1314 est
2393 1256 2547 1314 idem
2581 1257 2895 1315 secundum
2941 1277 3121 1335 genus
3151 1268 3350 1324 moris.
3389 1292 3414 1319 ‚1

2061 1339 2171 1395 Ubi
2192 1338 2519 1413 significare
2541 1339 2767 1396 videtur
2796 1343 2859 1398 D.
2887 1343 3089 1403 Thom.
3115 1349 3264 1421 quod
3286 1367 3413 1410 mo-
3427 1359 3643 1412 Ohjectio-

2058 1427 2150 1476 tus
2189 1419 2358 1477 liberi
2408 1420 2637 1478 arbitrii
2681 1421 2990 1496 disponens
3034 1427 3105 1484 ad
3143 1433 3413 1504 gratiam,

2059 1511 2414 1577 supponatur
2456 1505 2862 1577 praecessissea
2903 1507 3189 1584 principio
3237 1514 3306 1571 ab
3351 1532 3421 1573 ea

2060 1584 2346 1650 distinctO,
2373 1591 2428 1641 et
2455 1584 2604 1657 quod
2646 1591 2870 1643 tantum
2894 1588 3100 1648 habeat
3130 1593 3339 1666 perfici,
3365 1605 3420 1653 et

2061 1665 2371 1722 informari
2401 1681 2501 1738 per
2540 1667 2807 1739 gratiam.
2845 1670 2957 1725 Hoc
3009 1671 3420 1744 inquam,‘non

2061 1748 2299 1804 interest
2320 1771 2333 1814 ;
2360 1764 2497 1803 narn
2522 1748 2900 1819 respondetur
2923 1752 3114 1823 primo
3138 1756 3414 1816 D.Thom.

2060 1828 2300 1884 nomine
2327 1827 2497 1883 liberi
2548 1827 2777 1884 arbitrii
2808 1846 2925 1887 non
2947 1833 3297 1907 significasse
3324 1854 3422 1895 ac-

2058 1915 2181 1965 tum
2204 1908 2589 1975 contritioniS,
2623 1911 2713 1966 vel
2739 1911 3038 1969 charitatis
3067 1917 3270 1975 ultimo
3298 1918 3421 1976 dis-

2061 1990 2326 2062 ponentis
2356 1988 2424 2045 ad
2447 1991 2718 2063 gratiam;
2743 1991 2812 2048 de
2835 1993 2938 2050 hoc
2957 1996 3167 2070 quippe
3185 2014 3423 2072 exprese

2059 2072 2263 2127 asserit
2290 2071 2353 2126 in
2379 2069 2578 2127 eodem
2603 2072 2724 2130 loco
2755 2094 2767 2128 :
2804 2094 2829 2124 «
2868 2075 2932 2129 In
2960 2076 3083 2148 ipso
3104 2085 3261 2136 motu
3290 2096 3424 2138 con-

2064 2174 2088 2204 «
2120 2152 2378 2209 tritionis
2418 2152 2763 2226 justificatur
2811 2158 3114 2226 poenitens,
3171 2152 3316 2219 sicut
3356 2164 3423 2220 in

2066 2255 2092 2285 α
2121 2234 2246 2305 ipso
2276 2240 2400 2290 actu
2429 2233 2742 2292 ablutionis
2770 2234 3127 2309 baptismalis
3148 2241 3424 2317 justifica-

2065 2338 2091 2368 «
2120 2320 2216 2372 tur
2243 2332 2384 2388 puer
2413 2315 2728 2389 baptizatus
2780 2321 2940 2376 Tunc
2980 2327 3166 2379 autem
3209 2325 3423 2397 aliquis

2047 2416 2090 2464 g«
2115 2394 2478 2469 justificatur,
2503 2396 2733 2468 quando
2757 2401 3004 2473 gratiam
3028 2403 3424 2476 recipit.Unde

2063 2496 2088 2528 α
2120 2476 2298 2533 simul
2326 2494 2455 2533 cum
2476 2477 2676 2551 gratiae
2701 2477 3017 2549 infusione,
3059 2488 3114 2539 et
3138 2482 3421 2558 justifica-

2063 2578 2088 2608 «
2120 2557 2277 2614 tione
2303 2564 2388 2615 est
2434 2565 2623 2615 motus
2666 2561 3063 2630 contritionis;
3104 2564 3203 2640 sed
3231 2571 3420 2624 motus

2065 2661 2090 2692 «
2121 2640 2437 2696 attritionis
2448 2639 2713 2712 praecedit
2728 2642 2886 2713 quasi
2912 2649 3376 2716 praeparatorius.
3391 2673 3414 2701 >³

2057 2719 2143 2774 Ex
2169 2719 2375 2791 quibus
2404 2719 2600 2790 liquet,
2635 2734 2751 2775 non
2790 2736 2951 2790 posse
2979 2728 3162 2780 motui
3193 2731 3417 2786 contri-

2058 2799 2233 2855 tionis
2257 2798 2533 2870 applicari
2558 2798 2622 2852 D.
2655 2798 2857 2854 Thom.
2883 2801 3061 2858 verba
3093 2825 3106 2861 :
3135 2804 3205 2863 Si
3231 2815 3415 2866 tamen

2055 2882 2408 2934 continuatus
2437 2881 2496 2933 in
2528 2882 2634 2950 fine
2655 2879 2981 2952 perficiatur
3004 2892 3308 2958 peryratiae
3332 2895 3415 2948 in·

2052 2961 2342 3032 fusionem.
2370 2959 2477 3015 Sed
2504 2960 2842 3033 applicanda
2868 2972 3004 3022 sunt
3032 2972 3216 3027 motui
3244 2976 3413 3030 attri-

2054 3040 2244 3105 tioniS,
2291 3042 2385 3097 vel
2423 3042 2566 3114 spei,
2617 3044 2713 3116 qui
2757 3051 2938 3118 potest
2979 3049 3237 3126 incipere
3282 3064 3413 3114 ante

2044 3121 2532 3195 justificationem,
2564 3130 2622 3181 et
2646 3127 2976 3187 continuari
3019 3150 3198 3209 usque
3241 3138 3312 3195 ad
3333 3139 3412 3195 il-

2052 3205 2168 3260 lam
2199 3206 2499 3273 inclusive,
2528 3212 2697 3282 atque
2732 3210 2859 3268 ideo
2901 3215 3116 3286 perfici,
3148 3224 3203 3276 et
3224 3220 3410 3278 infor-

2050 3286 2200 3341 mari
2234 3302 2333 3359 per
2358 3287 2629 3362 gratiam.
2665 3290 2828 3348 Unde
2849 3292 3191 3367 dependebit
3217 3316 3249 3356 a
3273 3317 3408 3375 gra-

2050 3365 2132 3422 tia
2159 3366 2222 3421 in
2267 3383 2478 3442 genere
2504 3386 2684 3427 causae
2712 3371 2995 3442 formaliS,
3030 3379 3161 3437 licet
3206 3381 3408 3439 habeat

2051 3448 2210 3505 aliud
2238 3451 2592 3526 principium
2637 3454 2961 3515 effectivum
3008 3461 3274 3526 elicitive.
3304 3465 3407 3521 Di-

2050 3530 2245 3586 ximus
2263 3532 2501 3590 elicitive
2520 3553 2540 3601 ,·
2566 3536 2701 3608 quia
2723 3538 3022 3609 praedictns
3042 3550 3229 3601 motus
3250 3548 3410 3602 attri-

2052 3612 2245 3680 tioniS,
2279 3615 2369 3671 vel
2417 3615 2664 3684 timoris,
2698 3619 2789 3674 vel
2816 3623 2938 3692 spei
2977 3627 3173 3697 nequit
3218 3626 3410 3685 infor-

2051 3694 2203 3750 mari
2232 3711 2332 3768 per
2375 3697 2644 3770 gratiam,
2699 3700 2813 3755 nisi
2843 3702 3027 3776 gratia
3075 3706 3139 3760 in
3182 3707 3409 3768 illomet

2050 3774 2292 3832 instanti
2322 3776 2525 3833 influat
2561 3779 2742 3836 active
2768 3781 2830 3837 in
2868 3782 3071 3854 ipsum,
3118 3801 3235 3844 non
3272 3790 3410 3862 qui-

2050 3856 2180 3914 dem
2222 3856 2364 3914 eum*
2401 3859 2700 3930 eliciendo,
2744 3863 2842 3918 sed
2884 3864 3246 3938 impetrando
3285 3873 3411 3947 ejus

2050 3938 2539 3996 continuationem
2565 3984 2578 4009 ‚
2631 3941 2934 4015 ipsumque
2985 3947 3287 4009 referendo
3335 3956 3408 4012 ad

2051 4020 2347 4092 proprium
2378 4018 2575 4088 finem,
2604 4027 2666 4076 ut
2692 4022 2850 4084 infra
2877 4028 3059 4101 magis
3085 4028 3410 4091 declarabi-

2051 4116 2197 4155 muS.

2124 4180 2398 4246 Secundo,
2430 4185 2485 4237 et
2512 4182 2721 4239 melius
2750 4189 3125 4260 respondetur
3162 4195 3219 4248 S.
3246 4196 3399 4254 Doct.

2050 4260 2204 4332 loqui
2227 4258 2298 4316 de
2335 4266 2491 4316 motu
2523 4261 2693 4320 liberi
2740 4265 2989 4335 arbitrii,
3025 4277 3084 4327 ut
3129 4279 3215 4330 est
3255 4292 3409 4335 unus

2049 4347 2237 4398 motus
2266 4357 2366 4414 per
2391 4345 2823 4416 successionem,
2862 4355 2917 4406 et
2946 4359 3408 4430 aggregationem

2048 4422 2411 4480 diversarum
2435 4429 2854 4498 operationum,
2880 4441 3162 4505 quatenus
3188 4446 3411 4501 contri-

2048 4506 2192 4562 tioni
2233 4506 2596 4578 imperfectae,
2626 4527 2752 4583 quae
2770 4519 2855 4569 est
2881 4518 3120 4587 attritio,
3164 4526 3410 4584 succedit

2047 4588 2316 4645 contritio
2345 4589 2592 4661 perfecta
2616 4615 2634 4657 ς
2661 4592 2742 4649 ita
2767 4597 2916 4668 quod
2959 4603 3177 4662 attritio
3208 4607 3284 4662 sit
3311 4609 3409 4666 in-

2048 4667 2272 4734 formiS,
2321 4676 2375 4725 et
2421 4670 2698 4743 praecedat
2717 4676 3188 4748 justificationem
3223 4706 3409 4754 ;con-

2048 4750 2208 4806 tritio
2255 4757 2443 4808 autem
2491 4753 2566 4808 sit
2611 4754 2877 4829 formata,
2917 4769 2974 4819 et
3009 4765 3407 4839 justificationi

2046 4832 2336 4890 coexistat.
2381 4834 2539 4898 Quod
2565 4836 2702 4894 satis
2750 4839 2928 4913 liquet
2967 4852 3232 4922 exemplo
3257 4856 3410 4925 quod

2026 4911 2269 5002 ’inducit
2294 4913 2687 4988 dispositionis
2714 4919 2786 4977 ad
2808 4922 3059 4983 sormam
3087 4953 3100 4996 ;
3130 4947 3266 4990 nam
3297 4936 3410 4995 hu-

2039 4992 2292 5067 jusmodi
2316 4994 2631 5069 dispositio,
2652 5016 2708 5058 v.
2733 5016 2790 5077 g.
2807 5005 2981 5078 calor,
3003 5024 3120 5069 non
3141 5020 3227 5071 est
3252 5017 3408 5077 idem

3169 5097 3409 5163 realiter

3430 1410 3477 1453 ni
3491 1420 3643 1454 ooeur-

3458 1461 3588 1506 titur.
