3647 5753
1437 387 1614 444 DIsz
1656 386 1725 452 11,
1773 384 1934 440 oua.
1983 384 2077 438 vl.

268 561 628 619 considerato
654 561 965 619 dicendum
1013 565 1114 617 est.
1149 557 1500 617 Antecedens
1529 574 1635 613 au-

270 652 383 699 tem
413 643 684 716 probatur
707 643 771 699 in
810 642 1140 715 hypothesi,
1193 640 1342 714 quod
1370 639 1499 712 quis
1526 637 1633 694 ha-

266 723 360 781 bet
403 724 651 799 gratiam
704 729 767 780 ut
792 729 1057 796 quatuor,
1107 728 1163 780 et
1201 723 1392 779 eliciat
1445 725 1632 777 actum

266 804 560 861 charitatis
588 810 649 861 ut
669 810 822 863 octo:
855 820 991 860 nam
1017 803 1079 859 in
1107 819 1175 860 eo
1207 809 1416 860 eventu
1444 802 1634 876 gratia

266 901 385 941 non
403 886 659 943 continet
679 902 809 943 eam
825 883 1216 941 intensionem
1237 904 1248 938 :
1272 898 1408 956 ergo
1433 881 1633 954 nequit

266 966 431 1022 illam
474 965 802 1039 producere,
835 966 932 1023 sed
972 964 1071 1022 fiet
1090 964 1279 1021 medio
1308 967 1499 1038 aliquo
1527 980 1633 1020 au—

264 1047 408 1103 xilio
435 1047 663 1113 actuali,
688 1052 744 1104 et
766 1048 1089 1103 transeunti
1123 1062 1293 1121 :ergo
1318 1052 1472 1102 actus
1493 1045 1632 1101 cha-

265 1127 454 1183 ritatis
506 1132 566 1182 ut
612 1127 872 1184 intensus
940 1144 1058 1184 non
1116 1127 1395 1201 dependet
1433 1142 1632 1182 essen-

266 1210 480 1267 tialiter
501 1227 533 1266 a
558 1210 744 1284 gratia
773 1216 1047 1284 tanquam
1076 1227 1110 1267 a
1150 1210 1436 1284 principio
1462 1209 1631 1266 effec-

267 1292 409 1349 tivo.

49 1398 256 1444 incidens
341 1375 455 1429 Nec
477 1372 670 1440 refert,
700 1374 748 1429 si
790 1390 919 1431 cum
947 1375 1239 1448 aliquibus
1282 1372 1631 1463 respondea-

58 1459 238 1541 mmu-
268 1458 381 1520 tur,
412 1451 562 1524 quod
589 1454 733 1509 sicut
762 1454 824 1510 ιιι
866 1456 1056 1527 prima
1103 1456 1395 1512 infusione
1431 1452 1631 1529 gratiae

266 1539 428 1589 extra
449 1535 883 1592 Sacramentum
906 1552 1068 1594 amor
1102 1536 1398 1593 charitatis
1436 1549 1630 1607 proce-

269 1612 353 1669 dit
378 1614 634 1670 effective
663 1632 695 1671 a
724 1616 928 1689 gratia,
972 1623 1027 1673 et
1054 1616 1123 1672 ad
1165 1617 1407 1673 eandem
1436 1616 1631 1686 dispo-

270 1695 375 1760 nit,
419 1700 476 1750 et
516 1696 595 1751 ita
639 1697 825 1769 gratia
883 1703 967 1752 est
1016 1698 1194 1770 prior,
1250 1704 1305 1754 et
1353 1697 1631 1769 posterior

266 1791 462 1832 amore
482 1776 779 1833 charitatis
809 1778 870 1832 in
899 1778 1145 1835 diversis
1185 1795 1365 1834 causae
1397 1777 1631 1851 generi-

266 1856 389 1921 buS,
423 1862 483 1911 ut
507 1858 649 1930 disp.
693 1877 801 1935 seq.
835 1859 1256 1916 declarabimus
1291 1880 1303 1914 ε
1348 1860 1427 1914 ita
1453 1858 1630 1914 etiam

264 1938 492 2010 quando
541 1940 771 1995 elicitur
826 1948 979 1996 actus
1023 1942 1321 1998 charitatis
1378 1946 1437 1995 ut
1482 1946 1625 2007 octe,

268 2019 517 2090 procedit
564 2020 866 2092 praedictus
895 2038 1057 2078 amor
1100 2039 1133 2079 a
1177 2022 1363 2095 gratia
1405 2023 1631 2077 intensa

270 2104 329 2155 ut
348 2106 472 2157 octo
512 2116 612 2172 per
659 2102 892 2157 modum
936 2103 1302 2167 intensionis,
1334 2102 1431 2174 qui
1462 2104 1522 2158 in
1563 2118 1630 2158 eo

272 2180 508 2236 instanti
552 2181 918 2252 producitur;
964 2187 1018 2237 et
1046 2184 1224 2238 simul
1271 2183 1423 2238 idem
1467 2199 1630 2239 amor

271 2260 517 2333 disponit
547 2259 615 2315 ad
662 2261 903 2318 eandem
949 2264 1197 2335 gratiam
1240 2264 1527 2320 intensam
1571 2268 1628 2319 ut

267 2348 562 2415 oct0,‚quae
601 2341 705 2395 sub
734 2342 835 2396 hac
864 2347 1085 2399 ratione
1116 2349 1247 2399 tunc
1278 2344 1465 2415 primo
1494 2359 1629 2413 pro-

267 2421 512 2484 ducitur,
542 2422 620 2475 ita
659 2420 805 2491 quod
833 2424 1016 2495 gratia
1059 2424 1287 2480 intensa
1318 2431 1376 2479 ut
1415 2429 1535 2480 octo
1555 2424 1630 2478 sit

271 2502 449 2572 prior,
479 2505 535 2556 et
564 2501 842 2571 posterior
868 2502 1171 2560 dilectione
1197 2510 1256 2559 ut
1283 2512 1404 2560 octo
1434 2505 1495 2559 in
1536 2503 1629 2559 di-

274 2581 451 2636 versis
472 2596 652 2635 causae
670 2583 992 2653 generibus.
1021 2587 1085 2639 In
1112 2602 1222 2657 quo
1253 2586 1417 2641 nulla
1442 2585 1628 2657 major

270 2667 507 2732 apparet
537 2665 931 2736 repugnantia,
963 2682 1132 2737 quam
1157 2667 1221 2722 in
1262 2683 1346 2732 eo,
1386 2665 1534 2739 quod
1565 2667 1627 2722 in

268 2746 459 2815 prima
482 2743 771 2801 infusione
789 2748 988 2818 gratiae
1010 2754 1169 2803 extra
1192 2752 1627 2805 Sacramentum

265 2826 563 2900 contingit.

80 2930 237 2970 msam.
341 2910 474 2975 Hoc,
507 2910 765 2980 inquam,
797 2925 913 2966 non
935 2910 1245 2968 satisfacit·
1234 2912 1621 2986 ,quiagratia,

88 2987 222 3021 ⁰¹²0&
263 3005 388 3062 quae
416 2990 812 3062 praeexistebat
858 2991 1085 3049 intensa
1116 2999 1175 3050 ut
1208 3000 1468 3067 quatuor,
1496 3012 1624 3051 cum

236 3070 418 3134 elicit
438 3079 625 3128 actum
654 3072 950 3129 charitatis
982 3080 1040 3130 ut
1060 3081 1202 3142 octo,
1230 3083 1485 3134 meretur
1507 3078 1626 3132 sal-

262 3155 377 3206 tem
417 3151 486 3209 de
526 3169 779 3227 congruo
827 3172 996 3211 suum
1052 3165 1424 3231 augmentum
1474 3179 1486 3213 ε
1527 3155 1624 3212 sed

257 3249 398 3304 opus
426 3235 816 3301 meritorium,
846 3243 1127 3308 quatenus
1157 3239 1286 3305 tale,
1333 3246 1417 3297 est
1463 3240 1625 3313 prius

260 3313 322 3369 in
346 3330 559 3388 genere
585 3332 765 3373 causze
803 3317 1102 3375 efficientis
1154 3322 1412 3389 moralis,
1449 3337 1622 3394 quam

258 3395 581 3465 praemium,
612 3406 672 3451 ut
692 3397 893 3460 docent
914 3400 1299 3458 communiter
1312 3402 1580 3475 Theologi
1608 3423 1620 3458 :

255 3488 391 3546 ergo
437 3481 589 3531 actus
618 3477 1005 3543 charitatisut
1046 3486 1168 3536 octo
1197 3497 1311 3537 non
1343 3481 1623 3553 dependet

260 3559 533 3626 tanquam
581 3572 611 3612 a
640 3559 927 3630 principio
954 3559 1211 3616 effectivo
1240 3577 1272 3617 a
1309 3562 1497 3652 gratia
1524 3563 1622 3617 in-

262 3640 419 3690 tensa
445 3639 529 3689 ut
548 3641 685 3693 octo.
733 3639 893 3694 Patet
925 3641 1349 3712 consequentia,
1389 3642 1524 3714 quia
1551 3658 1622 3700 ex

258 3714 517 3785 opposito
550 3712 730 3780 fieret,
789 3717 939 3790 quod
970 3717 1124 3775 idem
1161 3725 1308 3777 esset
1352 3723 1531 3793 priuS,
1566 3729 1622 3779 et

260 3796 543 3865 posterius
581 3797 738 3854 alio
724 3815 786 3854 ιιι
825 3798 1026 3855 eodem
1052 3816 1263 3872 genere
1288 3817 1470 3859 causae
1499 3802 1622 3861 effi-

259 3874 479 3942 cientis,
499 3878 646 3950 quod
670 3884 754 3934 est
780 3879 1118 3936 absurdum.

38 3971 138 4016 Atia
161 3979 249 4014 res·
335 3956 466 4010 240.
529 3957 672 4012 Huic
719 3960 942 4030 replicae
991 3960 1228 4034 quidam
1277 3970 1621 4036 apparenter

52 4018 210 4122 ωξξξξ
260 4042 567 4092 occurrunt
625 4036 881 4106 dicend0‚
936 4041 1086 4113 quod
1158 4043 1290 4099 licet
1345 4053 1623 4120 repugnet

57 4128 196 4212 agg}-
260 4114 412 4172 idem
436 4133 556 4173 esse
578 4118 756 4189 priuS,
787 4124 840 4175 et
871 4122 1151 4193 posterius
1174 4123 1328 4180 alio
1314 4141 1376 4180 ιιι
1418 4126 1619 4183 eodem

256 4213 466 4271 genere
515 4215 696 4257 causoe
734 4201 1012 4275 specifico,
1057 4209 1113 4260 et
1143 4205 1449 4297 proximo;
1502 4225 1617 4264 non

259 4285 452 4335 tamen
489 4288 766 4355 repugnat
790 4281 939 4354 quod
988 4282 1044 4337 id
1074 4284 1281 4341 habeat
1328 4288 1390 4342 in
1416 4287 1617 4345 eodem

254 4376 465 4433 genere
485 4377 664 4419 causae
688 4372 933 4432 remoto,
953 4366 1002 4420 si
1022 4366 1387 4439 reperiantur
1401 4368 1616 4425 diversi

257 4447 316 4496 ut
342 4441 423 4497 sic
461 4440 737 4511 dicamuS,
767 4450 823 4502 et
848 4444 1095 4518 specifici
1144 4448 1416 4504 causandi
1459 4449 1616 4507 modi

254 4521 578 4579 intraillud
618 4541 818 4600 genuS.
854 4529 968 4584 Hac
1006 4527 1165 4583 enim
1206 4527 1277 4584 de
1304 4545 1471 4585 causa
1500 4547 1617 4587 non

253 4609 553 4677 repugnat,
562 4606 853 4662 Christum
869 4608 1182 4664 Dominum
1198 4624 1319 4665 esse
1336 4610 1611 4682 priorem,

249 4688 307 4741 et
347 4683 722 4755 posteriorem
757 4687 941 4742 salute
989 4687 1246 4744 hominis
1295 4688 1357 4745 in
1403 4706 1617 4764 genere

250 4779 432 4820 causae
460 4761 687 4824 finalis;
710 4765 846 4837 quia
871 4771 954 4821 est
978 4768 1137 4838 prior
1162 4767 1224 4823 in
1243 4784 1452 4841 genere
1480 4770 1617 4828 finis

247 4846 410 4919 cujus
448 4841 653 4915 gratia,
697 4849 753 4899 et
806 4847 1083 4916 posterior
1129 4848 1193 4903 in
1226 4864 1436 4921 genere
1480 4850 1617 4908 finis

246 4927 383 4984 cui:
436 4937 562 4994 quae
611 4929 745 4978 sunt
787 4926 1037 4982 rationes
1089 4928 1243 4983 intra
1289 4929 1617 4989 universale

241 5020 428 5084 genus
456 5018 640 5059 causae
670 5001 861 5076 finalis
901 5007 1038 5062 satis
1066 5006 1413 5066 differentes.
1445 5013 1513 5065 Et
1532 5014 1615 5069 si-

3013 381 3123 436 407

1765 554 1986 611 militer
2027 553 2214 611 forma
2276 551 2673 609 substantialis
2718 555 2802 607 est
2843 550 3021 623 prior,
3071 554 3128 607 et

1765 636 2048 708 posterior
2074 636 2191 692 suis
2222 632 2604 690 accidentibus
2625 632 2694 691 ιιι
2715 648 2924 706 genere
2944 647 3127 688 causae

1764 716 2117 787 materialis3
2162 716 2297 788 quia
2349 716 2452 772 illa
2499 713 2763 788 praecedit
2803 713 2864 769 in
2916 728 3138 787 genere*

1763 814 1945 855 causae
1974 798 2292 872 receptivae‚
2343 802 2399 854 et
2448 802 2532 853 est
2579 795 2698 851 illis
2747 795 3025 866 posterior
3060 795 3124 850 in

1763 895 1973 953 genere
1999 895 2180 935 causae
2200 877 2570 951 dispositivae,
2602 891 2727 949 quae
2769 881 2904 931 sunt
2945 875 3125 932 ratio—

1765 976 1869 1017 nes
1920 961 2366 1018 diversae-intra
2405 959 2557 1016 idem
2610 974 2791 1033 genus
2839 964 3124 1014 remotum

1762 1057 1944 1099 causae
1965 1041 2304 1100 materialis.
2331 1043 2399 1096 Et
2423 1046 2483 1096 ut
2507 1040 2838 1111 exemplum
2862 1038 3137 1094 materiae*

1765 1124 2030 1195 praesenti
2060 1123 2244 1197 magis
2271 1122 2567 1179 conforme
2608 1120 2971 1193 attingamuS‚
3000 1133 3125 1175 me-

1765 1203 1878 1260 rita
1906 1203 2116 1259 Christi
2145 1201 2378 1258 Domini
2408 1200 2642 1258 fuerunt
2673 1200 2865 1273 priora
2902 1198 3127 1255 meritis

1762 1285 1858 1340 SS.
1889 1286 2122 1340 Patrum
2146 1282 2356 1339 veteris
2378 1283 2537 1356 legiS,
2564 1288 2617 1338 et
2639 1282 2872 1337 suerunt
2898 1282 2982 1336 eis
3002 1296 3126 1352 pos-

1766 1366 1979 1422 teriora
2007 1365 2162 1422 intra
2181 1364 2336 1422 idem
2364 1381 2544 1439 genus
2570 1379 2751 1421 causae
2778 1362 3119 1428 meritoriam

1762 1463 1902 1503 nam
1935 1452 1992 1504 et
2036 1451 2234 1504 Patres
2273 1452 2614 1503 meruerunt
2661 1446 3121 1502 incarnationem

1762 1526 1994 1594 Christi,
2050 1533 2105 1584 et
2131 1527 2389 1583 Christus
2417 1528 2632 1584 meruit
2677 1525 2942 1582 Patribus
2983 1540 3118 1599 gra-

1763 1607 1925 1671 tiam,
1980 1612 2038 1662 ut
2095 1610 2484 1666 communiter
2540 1607 2740 1664 docent
2790 1607 3118 1672 Thomistae,

1761 1688 1903 1760 quin
1935 1687 1996 1743 in
2019 1688 2123 1744 hoc
2161 1695 2431 1762 appareat
2470 1689 2662 1762 aliqua
2705 1687 3077 1757 contradictio
3109 1704 3123 1749 ;

1762 1770 2037 1841 quoniam
2066 1771 2341 1827 meritum
2365 1771 2577 1827 Christi
2619 1771 2728 1825 fuit
2757 1771 2917 1842 prius
2941 1770 3001 1825 in
3023 1785 3122 1842 ge·-

1764 1865 1902 1905 nere
1921 1865 2100 1906 causae
2136 1852 2453 1909 meritoriae
2478 1851 2547 1908 de
2581 1851 2882 1924 condigno,
2930 1856 2986 1906 et
3007 1853 3120 1905 Pa-

1762 1935 1919 1986 trum
1961 1931 2235 1987 meritum
2266 1932 2374 1987 fuit
2403 1933 2565 2005 prius
2594 1934 2654 1988 in
2684 1947 2894 2006 genere
2938 1947 3120 1987 causae

1764 2012 2076 2069 meritoriae
2114 2011 2183 2068 de
2210 2029 2458 2088 congruo
2491 2036 2503 2070 :
2531 2030 2655 2087 quae
2698 2013 2946 2069 rationes
2984 2018 3120 2068 sunt

1764 2092 1930 2149 valde
1974 2093 2302 2152 differentes
2343 2098 2498 2153 intra
2530 2096 2679 2153 idem
2713 2112 2894 2151 causae
2915 2111 3112 2168 genus.

1764 2172 1918 2230 Idem
1939 2189 2073 2248 ergo
2098 2176 2663 2249 proportionabiliter
2691 2175 2803 2232 dici
2847 2182 3029 2249 posset
3050 2174 3119 2231 ad

1763 2254 2259 2327 impugnationem
2311 2265 2510 2315 contra
2556 2255 2749 2314 datam
2794 2257 3120 2329 responsio·-

1762 2350 1894 2391 nem
1923 2360 1936 2402 ;
1970 2353 2103 2392 nam
2146 2344 2300 2395 actus
2345 2340 2639 2396 charitatis
2671 2345 2728 2396 ut
2754 2346 2877 2395 octo
2903 2339 3122 2410 depen-

1760 2415 1908 2473 deta
1934 2418 2115 2491 gratia
2141 2419 2366 2476 intensa
2389 2426 2448 2476 ut
2469 2428 2591 2477 octo
2613 2422 2675 2477 ιιι
2703 2436 2912 2495 genere
2940 2434 3120 2475 causae

1759 2496 2055 2554 efficientis
2084 2500 2359 2573 pliysicae;
2404 2506 2458 2558 et
2498 2509 2706 2568 causat,
2752 2518 2813 2558 ac
2857 2498 3120 2573 praecedit

1759 2581 2005 2652 gratiam
2037 2581 2098 2635 in
2124 2598 2334 2656 genere
2360 2600 2541 2640 causae
2582 2584 2876 2641 efficientis
2922 2600 3118 2640 mora-

1761 2661 1833 2716 lis
1860 2680 2013 2735 :quae
2036 2666 2287 2721 rationes
2316 2682 2432 2721 non
2451 2667 2646 2722 minus
2669 2666 2944 2722 differunt
2967 2667 3122 2722 intra

1758 2757 1940 2816 genus
1983 2761 2165 2801 causae
2226 2746 2523 2803 efficientis
2590 2755 2896 2814 remotum,
2947 2763 3124 2819 quam

1760 2824 1908 2892 aliae,
1929 2841 2069 2897 quas
2090 2828 2352 2899 proxime
2376 2829 3120 2887 recensuimus.1³ra=sertim

1758 2906 1894 2978 quia
1916 2908 2192 2963 meritum
2208 2908 2277 2966 de
2297 2926 2546 2985 congruo
2570 2914 2756 2985 potius
2778 2912 3027 2983 pertinet
3050 2910 3119 2966 ad

1758 3001 1937 3059 genus
1959 3002 2140 3044 causae
2162 2990 2438 3062 positivae,
2453 3009 2626 3065 quam
2649 2992 2718 3049 ad
2741 3009 2918 3065 genus
2939 3008 3132 3047 causae

1758 3067 2087 3136 efficientis3
2114 3087 2231 3127 non
2251 3073 2411 3129 enim
2436 3075 2655 3131 inducit
2682 3072 2938 3130 debitum
2965 3074 3122 3147 rigo-

1761 3164 1902 3205 rosae
1923 3152 2175 3225 justitiae,
2202 3154 2300 3210 sed
2327 3157 2515 3213 solum
2538 3161 2756 3228 coaptat
2780 3155 3114 3227 subjectum,

1756 3245 2206 3305 congruumque,
2236 3240 2292 3291 et
2318 3234 2658 3308 dispositum
2701 3236 2888 3293 reddit
2916 3235 2985 3291 ad
3009 3236 3120 3291 ali-

1755 3312 1907 3385 quod
1935 3312 2170 3383 bonum,
2200 3317 2350 3390 quod
2391 3318 2546 3375 decet
2568 3323 2747 3377 Deum
2789 3319 3121 3375 misericor-

1755 3393 1907 3450 diter
1940 3395 2050 3467 ipsi
2076 3398 2358 3455 conferre.
2380 3399 2627 3457 Minime
2656 3417 2792 3457 vero
2818 3406 3114 3474 repugnat,

1754 3476 1904 3547 quod
1933 3478 2150 3550 aliquid
2189 3479 2504 3552 dependeat
2534 3481 2605 3537 ab
2642 3483 2757 3539 alio
2806 3483 2867 3538 ιιι
2908 3498 3120 3555 genere

1753 3572 1936 3614 causae
1955 3561 2269 3630 efficientiS,
2296 3568 2352 3619 et
2373 3562 2522 3636 quod
2545 3563 2614 3620 ad
2643 3565 2953 3635 ipsummet
2977 3580 3113 3636 prze-

1754 3645 2108 3710 supponatur
2135 3641 2198 3696 ιιι
2223 3657 2444 3774 genere
2459 3659 2640 3702 causae
2662 3643 3029 3717 dispositivae,
3052 3650 3114 3699 ut

1753 3712 1896 3784 disp.
1920 3731 2030 3792 seq.
2060 3719 2219 3772 osten
2262 3732 2425 3773 emus
2491 3719 2560 3772 Et
2587 3718 2691 3774 hac
2736 3721 2830 3774 via
2877 3718 3111 3791 quidam

1755 3789 1921 3848 facile
1941 3801 2256 3866 exponunt,
2289 3797 2536 3869 qualiter
2564 3799 2658 3853 SS.
2689 3800 2883 3853 Patres
2913 3804 3113 3870 potue-

1758 3874 1876 3929 rint
1935 3875 2003 3931 de
2049 3893 2302 3952 congruo
2365 3881 2579 3936 mereri
2648 3882 3110 3937 incarnationem

1754 3955 1967 4011 Christi
2016 3960 2266 4029 Domini,
2325 3960 2453 4016 licet
2503 3962 2751 4035 gratiam
2807 3961 3115 4018 habuerint

1756 4041 1990 4109 propter
2030 4040 2307 4095 meritum
2348 4040 2557 4096 Christi
2600 4041 2671 4098 de
2711 4041 3011 4116 condigno,
3054 4048 3114 4097 ut

1755 4116 1939 4176 videri
1970 4125 2151 4193 potest
2174 4123 2322 4196 apud
2345 4126 2525 4181 Gonet
2545 4131 2709 4181 tract.
2732 4127 2795 4180 de
2817 4125 3107 4182 Incarnat.

1751 4199 1892 4272 disp.
1917 4204 1972 4266 7,
2002 4210 2106 4257 art.
2141 4205 2195 4270 4,
2222 4207 2327 4274 92.
2356 4208 2466 4262 Nec
2495 4206 2629 4262 hinc
2650 4206 2860 4261 inferri
2885 4206 3101 4274 dieunt,

1750 4279 1898 4351 quod
1943 4281 2132 4352 prima
2172 4286 2359 4358 gratia
2405 4287 2579 4359 possit
2605 4285 2806 4343 cadere
2832 4287 2937 4343 sub
2987 4304 3113 4344 me-

1754 4362 1865 4418 rito
1881 4362 2064 4421 adhuc
2080 4365 2149 4423 de
2175 4383 2424 4443 congruo
2446 4385 2685 4442 operum
2698 4371 2955 4435 illorum
2987 4388 3112 4443 quae

1751 4441 1861 4498 ab
1847 4461 1969 4516 ipso
1992 4447 2331 4540 procedunt;
2350 4451 2485 4522 quia
2505 4450 2690 4524 gratia
2715 4467 2830 4507 non
2847 4456 2994 4508 esset
3012 4469 3111 4509 so-

3151 4130 3170 4170 ‹
3174 4131 3298 4171 tonet.

1751 4523 1873 4578 lum
1923 4528 2273 4601 principium
2322 4531 2644 4588 effectivum
2684 4547 2943 4604 operum,
2986 4549 3111 4606 quie
3151 4589 3162 4600 ,

1749 4603 2080 4666 dicerentur
2108 4612 2343 4674 merita;
2381 4612 2480 4669 sed
2526 4613 2700 4670 etiam
2750 4619 2896 4670 esset
2940 4631 3109 4671 causa

1750 4687 2015 4746 formalis
2035 4706 2257 4760 eorum,
2289 4699 2569 4784 quatenus
2608 4693 2906 4755 meritoria
2934 4702 3108 4751 sunt.

1748 4774 1804 4825 et
1822 4764 1908 4827 ita
1927 4787 2066 4844 opus
2082 4778 2144 4828 ut
2163 4773 2532 4830 meritorium
2554 4779 2813 4831 causaret
2831 4774 2909 4830 sei
2921 4791 3105 4846 psum,

1746 4851 1899 4925 quod
1946 4856 2029 4909 est
2056 4852 2434 4926 impossibile.
2487 4854 2762 4912 Videatur
2809 4854 3109 4928 praedictus

1748 4934 1969 4991 Author
1990 4935 2101 4992 loco
2126 4939 2293 4993 citato
2313 4944 2424 4992 art.
2449 4939 2502 5004 3,
2528 4956 2563 4993 a
2591 4957 2748 4995 num.
2771 4940 2866 4994 47.

1827 5017 1955 5072 Haec
1999 5021 2193 5075 tamen
2228 5017 2510 5085 doctrina,
2573 5020 2702 5077 licet
2756 5018 3111 5077 verosimilis
