3647 5753
1258 398 1437 455 DISP.
1481 398 1603 465 VII,
1646 398 1814 453 DUB.
1857 399 1952 455 VI.

125 601 132 610 ·
160 569 210 620 et
226 564 349 622 sine
362 567 811 627 contradictione
826 570 1111 627 auxilium
1126 570 1349 636 efficax(
1353 568 1506 627 idem

125 653 134 720 ἰ
163 646 410 722 intellige
431 647 501 705 de
530 653 905 723 praemotione
928 654 1185 728 physica)
1214 652 1508 726 potuerint

126 799 129 806 .
162 728 473 804 qualitatem
496 738 547 786 et
576 740 800 799 nuatum,
832 750 931 791 seu
974 738 1268 790 motionem
1307 734 1507 807 appel-

163 810 445 868 lare.Nam
465 830 578 886 qua
602 819 763 887 parte
780 822 865 873 est
885 816 1357 878 divinae'virtutis
1378 833 1507 890 par·

125 881 417 981 {fticipatiQ
449 900 506 950 et
521 901 753 967 praestat
773 899 1067 961 virtutem.
1092 899 1215 956 sive
1231 899 1505 955 ultimum

164 973 380 1030 virtutis
399 977 887 1049 complementum
917 979 987 1035 ad
1016 981 1424 1046 actualitatem,
1450 985 1507 1036 et

164 1055 515 1113 existentiam
571 1061 940 1131 operationis„
990 1061 1187 1135 nequit
1227 1078 1345 1119 non
1385 1076 1507 1118 esse

161 1137 340 1210 aliqua
364 1138 452 1193 vis
479 1141 807 1211 operativa3
828 1146 883 1197 et
899 1141 1028 1199 ideo
1047 1143 1317 1199 constitui
1340 1141 1507 1199 debet

159 1218 345 1274 saltem
369 1217 661 1286 reductive
688 1221 751 1276 in
777 1237 989 1295 genere
1014 1224 1327 1295 qualitatis,
1358 1226 1415 1279 et
1441 1222 1505 1278 in

159 1300 327 1371 specie
349 1301 583 1357 virtutis
612 1304 1028 1374 permanentis,
1072 1320 1247 1377 quam
1294 1306 1499 1362 elevat.

164 1383 224 1437 Et
247 1398 348 1454 qua
371 1389 528 1456 parte
548 1383 850 1442 derivatur
872 1403 906 1443 a
935 1391 1046 1444 Deo
1075 1386 1373 1448 efficaciter
1410 1387 1507 1442 in·-

163 1463 410 1520 tendente
434 1464 722 1532 effectum,
749 1466 1045 1541 defertque
1077 1465 1351 1524 divinum
1389 1468 1507 1528 im·v

167 1544 370 1614 perium
396 1544 674 1610 efficax,et
697 1546 844 1602 illud
863 1549 1024 1619 quasi
1048 1548 1295 1621 applicat
1311 1552 1507 1620 poten-

167 1624 389 1712 lugeam
413 1624 737 1683 reducendo
758 1627 827 1684 ad
848 1628 1398 1702 exercitium,magis
1411 1644 1506 1685 ex-

170 1704 347 1774 primit
368 1706 652 1762 rationem
673 1713 878 1774 motuS,
903 1725 1001 1765 seu
1026 1709 1299 1765 motionis
1321 1732 1336 1776 ;
1367 1724 1505 1775 nam

165 1783 257 1839 sub
276 1784 372 1841 hoc
391 1787 693 1857 posteriori
718 1794 984 1860 conceptu
1007 1790 1280 1861 supponit
1296 1799 1301 1802 ’
1317 1795 1505 1845 actum

168 1862 397 1933 primum
435 1863 728 1938 adaequate
771 1869 1165 1933 constitutum,
1215 1874 1271 1925 et
1315 1869 1505 1925 solum

171 1941 321 1998 habet
342 1959 569 2002 movere
604 1947 678 2003 ad
726 1954 912 2004 actum
960 1948 1296 2006 secundum.
1345 1947 1508 2004 Unde

171 2027 318 2081 facile
335 2028 648 2098 explicatur
675 2030 907 2087 effectus
934 2031 1200 2087 formalis
1253 2029 1506 2103 praedicti

176 2107 355 2161 auxilii
397 2109 479 2178 (in
540 2126 658 2182 quo
714 2110 1070 2185 designando
1116 2111 1508 2168 calumniatur

179 2187 388 2243 suarius
440 2191 702 2250 caecutire
751 2192 1126 2264 Thomistas);
1179 2201 1265 2248 est
1322 2192 1503 2260 enim,

180 2277 459 2324 creaturam
475 2273 687 2327 elevari
712 2274 909 2329 ultimo
933 2277 1223 2348 efficaciter
1247 2274 1323 2329 ad
1347 2290 1510 2344 oyen-

182 2350 326 2407 dum:
362 2356 449 2411 vel
481 2360 582 2419 est,
635 2364 952 2413 meatui-am
996 2360 1202 2414 moveri
1246 2359 1511 2414 elevative

182 2434 441 2514 efficaciter
461 2438 534 2491 ad
551 2440 847 2506 ayemlum.
872 2442 938 2493 Et
961 2440 1094 2497 hinc
1115 2442 1361 2497 ulterius
1386 2425 1517 2514 per-N

188 2513 331 2568 vium
354 2523 431 2570 est
446 2517 697 2574 formare
718 2520 840 2592 ejus
866 2521 1181 2594 legitimam
1213 2521 1513 2578 diffinitio-

194 2611 312 2650 nem
350 2613 437 2669 per
469 2601 803 2671 qualitatem
854 2603 973 2658 loco
1010 2603 1257 2674 generis,
1303 2609 1360 2660 et
1411 2620 1512 2676 per

188 2675 418 2733 ellectum
445 2678 745 2737 formalem
770 2681 890 2738 loco
917 2682 1274 2751 differentias,
1297 2686 1513 2752 utsole-

190 2771 302 2810 mus
325 2755 554 2817 diffinire
580 2762 730 2817 alias
753 2763 1045 2834 qualitatis
1063 2765 1297 2836 species,

125 2855 178 2897 150.
255 2836 505 2896 332..Sed
533 2839 687 2898 dices
722 2862 735 2898 ε
778 2844 1004 2911 Demus,
1035 2844 1184 2917 quod
1227 2847 1512 2903 auxilium

189 2914 357 2973 efficax
390 2928 684 2992 separetur
730 2925 963 2980 realiter
1009 2941 1041 2981 a
1086 2927 1405 2994 sufficienti,
1460 2931 1515 2983 et

188 2998 314 3067 quod
340 3002 519 3057 nullas
547 3008 778 3076 praestet
803 3005 976 3072 vireS‚
1009 3007 1106 3063 sed
1135 3009 1366 3081 praecise
1387 3024 1515 3064 mo-

126 3085 299 3141 „meat
322 3102 334 3135 ε
358 3083 567 3141 erit-ne
606 3086 876 3159 qualitas,
909 3103 983 3143 an
1013 3089 1242 3160 praecise
1267 3096 1457 3147 motus
1483 3105 1516 3145 a

190 3164 430 3232 qualitate
453 3165 803 3225 distinctus?
847 3170 1241 3242 Respondetur
1286 3172 1349 3227 in
1392 3172 1516 3245 pri-

191 3243 300 3332 miS,
330 3261 478 3317 posse
500 3248 926 3306 rationabiliter
946 3250 1221 3318 dubitari,
1253 3270 1329 3309 an
1356 3270 1515 3310 casus

189 3328 250 3377 sit
268 3326 530 3396 possibilis
560 3353 575 3396 3
608 3346 748 3385 nam
787 3331 924 3387 satis
957 3333 1289 3390 verosimile
1339 3349 1517 3408 appa-

192 3410 279 3471 ret,
324 3422 430 3463 non
468 3425 629 3481 posse
695 3413 871 3467 Deum
934 3428 1167 3470 movere
1220 3413 1518 3472 efficaciter

191 3491 478 3544 creaturam
530 3490 602 3545 ad
653 3491 957 3565 agendum,
989 3494 1132 3565 quin
1170 3511 1237 3552 eo
1279 3496 1418 3569 ips0,
1464 3501 1520 3552 et

190 3564 382 3631 eodem,
408 3573 467 3623 ut
484 3570 563 3626 sic
590 3569 868 3638 dicamuS,
903 3573 1153 3646 impulsu
1196 3591 1324 3631 eam
1352 3591 1520 3632 cons-

194 3644 336 3701 lituat
359 3649 613 3706 ultimate
643 3656 932 3723 potentem
986 3653 1057 3710 ad
1105 3656 1514 3722 actualitatem,

193 3730 238 3779 et
288 3729 638 3787 existentiam
697 3734 1049 3807 operationis
1081 3760 1095 3803 ;
1149 3742 1316 3809 atque
1379 3736 1520 3794 adeo

194 3807 314 3877 quin
333 3810 382 3865 ei
400 3814 781 3870 communicet
808 3816 1062 3888 aliquam
1092 3816 1513 3874 sufficientiam.

196 3888 285 3945 Sed
311 3892 431 3950 licet
465 3895 841 3953 concedamus
875 3897 934 3952 id
981 3897 1237 3956 absolute
1265 3915 1382 3957 non
1426 3916 1521 3957 re-

198 3978 831 4045 pugnare,nihilominus
845 3978 915 4035 de
937 3980 1099 4049 facte,
1133 3986 1189 4038 et
1206 3981 1519 4038 secundum

200 4067 551 4141 communem,
581 4064 638 4115 et
671 4075 981 4117 consonam
1012 4061 1181 4117 rebus
1209 4062 1523 4135 providen-

203 4136 319 4188 tiam
342 4152 454 4193 non
504 4139 585 4194 ita
629 4140 957 4214 contingit;
1002 4158 1138 4198 nam
1178 4159 1523 4216 supervaca-

204 4227 349 4270 neum
366 4223 447 4273 est
461 4219 784 4293 hujusmodi
804 4223 1093 4279 realitates
1112 4224 1518 4296 multiplicare,

203 4307 311 4383 cum
352 4311 477 4365 una,
508 4303 566 4354 et
607 4299 808 4357 eadem
854 4300 1152 4359 derivetur
1201 4318 1273 4359 ex
1323 4302 1522 4360 divina

204 4379 389 4461 virtute
399 4379 691 4439 efficaciter
705 4381 1041 4441 intendente
1053 4382 1312 4442 effectum
1322 4429 1336 4452 ,
1349 4391 1527 4458 'atque

206 4453 313 4512 ideo
331 4457 579 4517 imitetur
604 4465 702 4520 Dei
745 4463 1041 4534 virtutem,
1091 4470 1149 4522 et
1191 4466 1520 4537 efficaciam,

207 4540 460 4615 possitque
511 4547 748 4617 proinde
812 4549 990 4606 simul
1054 4550 1216 4609 obire
1278 4569 1527 4611 munera

208 4623 386 4678 auxilii
439 4625 624 4683 dantis
693 4629 923 4702 aliquod
985 4646 1164 4704 posse,
1221 4638 1278 4689 et
1320 4634 1527 4691 auxilii

209 4705 463 4762 moventis
501 4706 569 4765 ad
614 4715 819 4768 actum.
875 4714 944 4768 Et
995 4713 1144 4770 hanc
1190 4720 1526 4787 praesentem

211 4785 599 4851 providentiam
662 4792 966 4850 attendunt
1002 4794 1312 4852 Thomistae
1334 4839 1347 4863 ,
1396 4812 1529 4853 cum

210 4859 269 4919 de
287 4863 352 4920 iis
375 4867 599 4925 auxiliis
636 4878 828 4946 agunt,
885 4888 1199 4947 eorumque
1237 4881 1527 4945 naturam,

212 4947 258 4997 et
281 4948 634 5018 proprietates
657 4959 971 5026 exponunt.

276 5027 520 5089 Admissa
529 5038 717 5092 tamen
730 5037 1528 5112 interrogationis-hypothesi,

2890 392 3000 446 5239

1642 576 1828 644 posset
1866 569 2239 643 probabiliter
2284 568 2418 634 dici,
2464 566 2751 623 auxilium
2803 562 2996 622 efficax

1643 653 1805 709 nullo
1834 652 2004 710 modo
2048 653 2331 709 sufficiens
2359 665 2477 707 non
2508 647 2701 706 reduci
2732 645 2801 702 ad
2849 661 2999 717 prae-

1641 732 2028 791 dicamentum
2081 734 2389 808 qualitatiS,
2440 729 2539 788 sed
2592 728 2882 802 pertinere
2930 725 3000 782 ad

1642 813 2278 887 postpraedicamentum
2324 822 2501 870 motus
2549 829 2568 864 .·
2629 825 2766 866 nam
2814 808 2879 864 in
2930 823 2997 863 eo

1639 897 1946 954 collocatur
1988 914 2105 955 non
2142 899 2329 955 solum
2381 899 2585 972 motus,
2619 891 2688 948 de
2726 907 2837 963 quo
2885 889 3001 963 agit

1640 980 1874 1036 Aristot.
1918 981 1954 1034 3
1985 981 2200 1051 Physic.
2244 978 2341 1035 sed
2368 979 2542 1034 etiam
2574 976 2690 1032 alia
2716 973 2873 1030 entia
2902 971 2998 1025 in-

1639 1061 1921 1133 completa
1961 1060 2230 1118 habentia
2275 1058 2512 1115 modum
2553 1063 2758 1120 motuS,
2787 1057 2848 1108 ut
2876 1058 2998 1108 tra—

1640 1142 1784 1198 dunt
1810 1145 1879 1198 N.
1912 1144 2194 1214 Complut.
2230 1145 2287 1196 in
2331 1141 2423 1197 lib.
2456 1140 2677 1213 PhysiC.
2708 1138 2847 1207 disp.
2911 1135 3213 1203 ll,Complut.

1640 1229 1821 1299 quast.
1846 1223 1900 1287 8,
1935 1240 2085 1277 num.
2115 1223 2207 1278 48.
2233 1221 2440 1277 Melius
2461 1226 2655 1275 tamen
2686 1213 2997 1287 responde-

1643 1310 1750 1371 tur,
1780 1303 1931 1377 quod
1958 1304 2143 1360 adhuc
2183 1305 2245 1360 in
2266 1320 2335 1360 ea
2355 1300 2677 1376 hypothesi,
2710 1296 2993 1355 auxilium

1639 1385 1836 1442 efficax
1888 1386 2216 1455 pertineret,
2284 1387 2486 1442 saltem
2548 1381 2854 1445 reductive,
2921 1378 2991 1435 ad

1638 1482 1816 1540 genus
1836 1466 2140 1538 qualitatis.
2162 1467 2444 1530 Quoniam
2468 1461 2898 1521 licetauxilium
2912 1461 3002 1516 et'-

1640 1546 1784 1604 ficax
1804 1548 1868 1603 in
1888 1548 2264 1622 eahypothesi
2290 1549 2480 1604 nullas
2507 1548 2799 1619 praestaret
2825 1542 2997 1603 vires,

1643 1627 2030 1684 nihilominus
2058 1643 2158 1700 per
2176 1643 2255 1693 se,
2286 1636 2343 1684 et
2380 1626 2765 1684 essentialiter
2805 1621 3000 1678 deter—

1642 1709 1896 1766 minaret
1939 1710 2214 1766 virtutem
2272 1710 2679 1781 operativam,‘
2708 1721 2810 1761 nec
2843 1703 3002 1759 aliud

1641 1793 1956 1866 subjectum
1999 1810 2102 1868 quo
2150 1798 2335 1864 posset
2393 1790 2723 1847 immediate
2760 1787 3000 1843 afficere.

1646 1874 1808 1930 Unde
1859 1873 2004 1928 sicut
2050 1872 2123 1930 ob
2164 1874 2311 1929 hanc
2351 1870 2858 1945 proportionaliter
2907 1883 3004 1923 ra-

1643 1956 1861 2012 tionem
1908 1955 2121 2027 species
2162 1953 2559 2027 intelligibiles
2586 1952 2727 2021 (sive
2755 1949 3003 2006 influant

1646 2038 1974 2104 active,sive
1987 2040 2124 2106 non)
2135 2036 2202 2093 ad
2218 2035 2698 2111 genusqualitatis
2713 2037 2964 2105 spectant
2989 2053 3000 2085 :

1645 2120 1725 2176 ita
1752 2118 2036 2175 auxilium
2058 2117 2251 2174 efficax
2271 2116 2501 2173 deberet
2524 2114 2593 2171 ad
2618 2114 2767 2169 idem
2795 2110 3003 2183 praedi-

1644 2205 1972 2256 camentum
1998 2197 2207 2254 reduci.
2243 2199 2328 2252 Ex
2367 2212 2477 2269 quo
2523 2194 2705 2268 magis
2733 2192 3003 2248 firmatur

1647 2279 1922 2336 resolutio
1943 2295 2093 2333 num.
2128 2278 2228 2332 331
2266 2275 2551 2348 proposita
2580 2296 2591 2330 :
2624 2289 2758 2329 nam
2782 2288 2852 2328 ex
2879 2270 3003 2326 dic-

1645 2360 1719 2416 tis
1737 2364 1972 2424 constat,
2002 2358 2278 2430 praevium
2305 2371 2664 2418 concursum,
2698 2360 2815 2409 tam
2853 2350 3004 2408 adae—

1645 2446 1813 2513 quate
1833 2438 2276 2502 consideratum,
2304 2453 2473 2510 quarn
2500 2435 2856 2506 inadaequate
2875 2447 3006 2488 con-

1646 2522 1984 2586 sideratum,
2005 2519 2060 2575 id
2076 2524 2177 2585 est,
2207 2525 2372 2592 prout
2401 2517 2652 2589 implicat
2671 2516 3004 2584 conceptum

1648 2602 1889 2675 alicujus
1929 2600 2159 2656 virtutis
2203 2598 2554 2661 sufficientis,
2599 2601 2654 2653 et
2700 2599 2867 2667 prout
2899 2609 3004 2649 ex·

1650 2682 1820 2757 plicat
1849 2696 2059 2736 munus
2087 2679 2377 2743 movendi,
2420 2683 2478 2734 et
2504 2673 2844 2748 applicandi,
2880 2689 3003 2746 per-

1649 2764 1835 2818 tinere
1873 2760 1941 2817 ad
1984 2760 2488 2832 praedicamentum
2515 2757 2829 2830 qualitatis
2855 2757 3004 2811 Prae-

1649 2842 1852 2900 sertim
1905 2857 2036 2898 cum
2083 2841 2272 2897 etiam'
2309 2838 2618 2897 secundum
2675 2837 2825 2893 hunc
2880 2852 3001 2909 pos-

1651 2924 1929 2991 teriorum
1943 2927 2278 2993 conceptum
2297 2937 2413 2977 non
2433 2920 2508 2976 sit
2523 2935 2683 2976 mera
2705 2918 3008 2991 applicatio

1652 3003 1872 3078 agentis
1910 3002 1980 3060 ad
2035 3019 2295 3076 passum,
2352 3003 2450 3058 sed
2493 3003 2761 3074 importet
2800 2999 3008 3055 subor—

1652 3085 2012 3142 dinationem
2053 3085 2272 3159 agentis
2321 3083 2554 3141 secundi
2596 3083 2664 3139 ad
2726 3083 3003 3155 primum.

1654 3167 1852 3222 Virtus
1891 3171 2081 3222 autem
2111 3164 2404 3222 infirmior
2434 3164 2753 3229 roboratur,
2780 3170 2835 3219 et
2877 3178 3009 3235 per-

1654 3246 1842 3303 ficitur
1883 3262 1982 3319 per
2018 3246 2481 3320 conjunctionem
2523 3245 2592 3302 ad
2627 3245 3003 3317 superiorem.

1655 3331 1724 3384 Et
1745 3329 1821 3384 ita
1845 3344 2152 3386 concursus
2174 3329 2420 3402 praevius
2441 3329 2712 3400 importat
2738 3327 2912 3383 etiam
2941 3341 3011 3383 ex

1656 3410 1760 3467 hac
1782 3415 1940 3483 parte
1981 3411 2258 3485 vigorem,
2304 3411 2708 3475 actualitatem,
2754 3414 2811 3465 et
2829 3407 3012 3463 deter-

1655 3493 2039 3550 minationem
2089 3493 2353 3565 potentiae
2379 3513 2391 3548 :
2439 3507 2563 3565 quae
2619 3490 2820 3545 munia
2879 3493 3015 3543 sunt

1658 3574 1892 3646 propria
1914 3574 2116 3645 primae
2148 3572 2354 3644 speciei
2374 3570 2683 3645 qualitatis,
2729 3569 2802 3625 ad
2838 3584 3009 3640 quam

1659 3654 1899 3728 proinde
1940 3654 2111 3710 talem
2152 3669 2487 3709 concursum
2534 3651 2726 3708 reduci
2767 3655 3004 3723 oportet.

1658 3737 1727 3790 Et
1745 3734 1882 3806 quia
1910 3750 2026 3790 non
2048 3732 2215 3789 habet
2241 3749 2362 3790 esse
2383 3733 2584 3795 fixum,
2615 3731 2714 3789 sed
2738 3730 2929 3795 labile,
2955 3736 3012 3786 et

1658 3815 1966 3881 transienS‚
1994 3813 2281 3870 reducitur
2303 3812 2372 3870 ad
2393 3814 2638 3887 speciem
2678 3812 3004 3885 dispositio-

1659 3896 1769 3952 nis.
1796 3898 1931 3959 Quae
1953 3896 2225 3952 resolutio
2253 3893 2435 3968 magis
2462 3893 2792 3951 firmabitur
2820 3898 3013 3950 osten-

1657 3976 1864 4043 dendo,
1908 3975 2056 4050 quod
2110 3978 2395 4034 auxilium
2446 3992 2832 4049 praemovens‚
2891 3976 3011 4031 sive

1658 4058 1872 4125 efficax,
1904 4057 2009 4113 sub
2031 4063 2297 4130 conceptu
2320 4058 2494 4114 etiam
2521 4054 2932 4129 praemovendi,
2959 4060 3015 4111 et

1660 4155 1777 4197 non
1804 4138 1979 4196 dandi
2005 4140 2151 4195 ullas
2173 4139 2341 4207 vireS,
2367 4139 2558 4195 influit
2579 4137 2759 4195 active
2788 4137 2851 4193 in
2877 4152 3015 4209 ope-

1663 4221 1918 4277 rationes
1942 4224 2233 4290 creaturae,
2267 4226 2326 4276 ut
2372 4220 2526 4278 inira
2578 4237 2730 4275 num.
2783 4219 2893 4274 334
2933 4217 3015 4273 di·

1657 4319 1874 4361 cemus.

1735 4386 1864 4441 333.
1909 4389 2073 4443 Nono
2099 4386 2417 4462 interrogat
2442 4388 2668 4449 Suarez,
2695 4403 2770 4439 an
2796 4402 3017 4440 concur·
3075 4393 3192 4450 Noua

1661 4485 1756 4524 sus
1775 4469 2028 4542 pravius,
2052 4486 2145 4524 seu
2160 4471 2437 4542 warmatia
2454 4469 2679 4540 physica
2699 4469 3012 4533 constituat,
3030 4446 3220 4493 ‘mmm‘

1660 4558 1761 4607 aut
1785 4551 2050 4623 compleat
2086 4557 2270 4606 actum
2310 4552 2574 4623 primum,
2610 4567 2685 4605 an
2711 4567 2836 4605 vero
2856 4567 2910 4604 se
2938 4557 3020 4604 le-

1664 4637 1788 4687 neat
1813 4648 1886 4687 ew
1902 4638 2059 4704 parte
2077 4637 2234 4686 actus
2258 4631 2521 4687 secundi?
2547 4629 2657 4686 Ubi
2685 4630 2893 4686 iterum
2925 4644 3018 4685 re-

1666 4715 1968 4786 praesentat
1983 4726 2220 4785 magnas
2235 4710 2666 4768 Thomistarum
2685 4707 3014 4773 discordiaS,

1664 4808 1732 4849 eo
1769 4790 1920 4866 quod
1960 4792 2137 4864 aliqui
2166 4798 2440 4857 asserant,
2481 4793 2651 4848 talem
2705 4790 3020 4848 motionem

1665 4875 1953 4947 complere
1981 4875 2252 4932 virtutem
2281 4875 2573 4949 agentium
2615 4872 3016 4939 secundorum,

1667 4958 1769 5014 alii
1793 4961 1984 5013 autem
2013 4955 2319 5021 affirment,
2350 4973 2471 5013 esse
2517 4972 2738 5013 meram
2785 4970 3023 5012 eorum-

1666 5038 1797 5095 dem
1851 5037 2145 5113 agentium
2203 5038 2665 5112 applicationem.
2743 5039 3024 5093 Caeterum
