<?xml version="1.0" encoding="UTF-8"?>
<!DOCTYPE html PUBLIC "-//W3C//DTD XHTML 1.0 Transitional//EN"
    "http://www.w3.org/TR/xhtml1/DTD/xhtml1-transitional.dtd">
<html xmlns="http://www.w3.org/1999/xhtml" xml:lang="en" lang="en">
 <head>
  <title>
</title>
<meta http-equiv="Content-Type" content="text/html;charset=utf-8" />
  <meta name='ocr-system' content='tesseract 3.04.00' />
  <meta name='ocr-capabilities' content='ocr_page ocr_carea ocr_par ocr_line ocrx_word'/>
</head>
<body>
  <div class='ocr_page' id='page_1' title='image "./collegiisalmant00carmgoog_0553.png"; bbox 0 0 3647 5753; ppageno 0'>
   <div class='ocr_carea' id='block_1_1' title="bbox 74 2563 277 2755">
    <p class='ocr_par' dir='ltr' id='par_1_1' title="bbox 74 2563 266 2656">
     <span class='ocr_line' id='line_1_1' title="bbox 74 2563 266 2607; baseline 0.016 -2"><span class='ocrx_word' id='word_1_1' title='bbox 74 2563 266 2607; x_wconf 75' lang='lat' dir='ltr'>Robora-</span> 
     </span>
     <span class='ocr_line' id='line_1_2' title="bbox 93 2618 257 2656; baseline 0.006 -2"><span class='ocrx_word' id='word_1_2' title='bbox 93 2618 161 2656; x_wconf 87' lang='lat' dir='ltr'>tur</span> <span class='ocrx_word' id='word_1_3' title='bbox 172 2624 257 2656; x_wconf 87' lang='lat' dir='ltr'>am·</span> 
     </span>
    </p>

    <p class='ocr_par' dir='ltr' id='par_1_2' title="bbox 76 2663 277 2755">
     <span class='ocr_line' id='line_1_3' title="bbox 76 2663 263 2713; baseline -0.005 -8"><span class='ocrx_word' id='word_1_4' title='bbox 76 2663 193 2713; x_wconf 85' lang='lat' dir='ltr'>plius</span> <span class='ocrx_word' id='word_1_5' title='bbox 208 2671 263 2705; x_wconf 84' lang='lat' dir='ltr'>ex</span> 
     </span>
     <span class='ocr_line' id='line_1_4' title="bbox 92 2712 277 2755; baseline 0.011 -2"><span class='ocrx_word' id='word_1_6' title='bbox 92 2714 147 2754; x_wconf 90' lang='lat' dir='ltr'>D.</span> <span class='ocrx_word' id='word_1_7' title='bbox 170 2712 277 2755; x_wconf 80' lang='lat' dir='ltr'>Tho.</span> 
     </span>
    </p>
   </div>
   <div class='ocr_carea' id='block_1_2' title="bbox 1419 432 2116 499">
    <p class='ocr_par' dir='ltr' id='par_1_3' title="bbox 1419 432 2116 499">
     <span class='ocr_line' id='line_1_5' title="bbox 1419 432 2116 499; baseline 0.007 -13"><span class='ocrx_word' id='word_1_8' title='bbox 1419 432 1711 499; x_wconf 74' lang='lat' dir='ltr'>DISP.·11,</span> <span class='ocrx_word' id='word_1_9' title='bbox 1757 433 1923 490; x_wconf 91' lang='lat' dir='ltr'><strong>DUB.</strong></span> <span class='ocrx_word' id='word_1_10' title='bbox 1968 435 2116 491; x_wconf 90' lang='lat' dir='ltr'><strong>VIII.</strong></span> 
     </span>
    </p>
   </div>
   <div class='ocr_carea' id='block_1_3' title="bbox 279 604 1663 5142">
    <p class='ocr_par' dir='ltr' id='par_1_4' title="bbox 286 604 1663 2548">
     <span class='ocr_line' id='line_1_6' title="bbox 298 604 1662 673; baseline 0.002 -14"><span class='ocrx_word' id='word_1_11' title='bbox 298 604 375 659; x_wconf 84' lang='lat' dir='ltr'>ad</span> <span class='ocrx_word' id='word_1_12' title='bbox 428 606 475 671; x_wconf 91' lang='lat'>1,</span> <span class='ocrx_word' id='word_1_13' title='bbox 506 604 663 661; x_wconf 86' lang='lat' dir='ltr'>addit</span> <span class='ocrx_word' id='word_1_14' title='bbox 696 627 708 661; x_wconf 71' lang='grc' dir='ltr'><strong>ε</strong></span> <span class='ocrx_word' id='word_1_15' title='bbox 759 628 785 659; x_wconf 88' lang='grc' dir='ltr'>ιι</span> <span class='ocrx_word' id='word_1_16' title='bbox 817 607 1047 662; x_wconf 83' lang='lat' dir='ltr'>Peccata</span> <span class='ocrx_word' id='word_1_17' title='bbox 1093 605 1363 673; x_wconf 87' lang='lat' dir='ltr'>venialia,</span> <span class='ocrx_word' id='word_1_18' title='bbox 1412 606 1516 662; x_wconf 85' lang='lat' dir='ltr'>etsi</span> <span class='ocrx_word' id='word_1_19' title='bbox 1546 622 1662 662; x_wconf 92' lang='lat' dir='ltr'>non</span> 
     </span>
     <span class='ocr_line' id='line_1_7' title="bbox 304 684 1663 759; baseline 0.007 -24"><span class='ocrx_word' id='word_1_20' title='bbox 304 705 331 735; x_wconf 88' lang='lat'>«</span> <span class='ocrx_word' id='word_1_21' title='bbox 374 686 802 743; x_wconf 78' lang='lat' dir='ltr'>contrariantur</span> <span class='ocrx_word' id='word_1_22' title='bbox 829 686 1096 742; x_wconf 88' lang='lat' dir='ltr'>charitati</span> <span class='ocrx_word' id='word_1_23' title='bbox 1136 691 1415 759; x_wconf 90' lang='lat' dir='ltr'>quantum</span> <span class='ocrx_word' id='word_1_24' title='bbox 1457 684 1526 743; x_wconf 92' lang='lat' dir='ltr'>ad</span> <span class='ocrx_word' id='word_1_25' title='bbox 1556 686 1663 744; x_wconf 90' lang='lat' dir='ltr'>ha·-</span> 
     </span>
     <span class='ocr_line' id='line_1_8' title="bbox 306 766 1662 841; baseline 0.003 -21"><span class='ocrx_word' id='word_1_26' title='bbox 306 789 331 821; x_wconf 86' lang='lat'>«</span> <span class='ocrx_word' id='word_1_27' title='bbox 375 766 578 834; x_wconf 84' lang='lat' dir='ltr'><strong>bitum,</strong></span> <span class='ocrx_word' id='word_1_28' title='bbox 610 769 1041 825; x_wconf 89' lang='lat' dir='ltr'>contrariantur</span> <span class='ocrx_word' id='word_1_29' title='bbox 1072 773 1263 825; x_wconf 80' lang='lat' dir='ltr'>tamen</span> <span class='ocrx_word' id='word_1_30' title='bbox 1287 774 1567 841; x_wconf 89' lang='lat' dir='ltr'>quantum</span> <span class='ocrx_word' id='word_1_31' title='bbox 1591 768 1662 825; x_wconf 90' lang='lat' dir='ltr'>ad</span> 
     </span>
     <span class='ocr_line' id='line_1_9' title="bbox 305 849 1662 921; baseline 0.004 -21"><span class='ocrx_word' id='word_1_32' title='bbox 305 870 331 902; x_wconf 88' lang='lat'>«</span> <span class='ocrx_word' id='word_1_33' title='bbox 372 849 661 906; x_wconf 78' lang='lat' dir='ltr'>fervorem</span> <span class='ocrx_word' id='word_1_34' title='bbox 690 854 862 914; x_wconf 84' lang='lat' dir='ltr'>actus,</span> <span class='ocrx_word' id='word_1_35' title='bbox 894 849 992 921; x_wconf 91' lang='lat' dir='ltr'>qui</span> <span class='ocrx_word' id='word_1_36' title='bbox 1032 849 1313 905; x_wconf 86' lang='lat' dir='ltr'>excitatur</span> <span class='ocrx_word' id='word_1_37' title='bbox 1343 849 1406 905; x_wconf 91' lang='lat' dir='ltr'>in</span> <span class='ocrx_word' id='word_1_38' title='bbox 1435 850 1541 906; x_wconf 89' lang='lat' dir='ltr'>hoc</span> <span class='ocrx_word' id='word_1_39' title='bbox 1565 866 1662 906; x_wconf 86' lang='lat' dir='ltr'>sa-</span> 
     </span>
     <span class='ocr_line' id='line_1_10' title="bbox 301 928 1663 1002; baseline 0.004 -21"><span class='ocrx_word' id='word_1_40' title='bbox 301 951 328 984; x_wconf 88' lang='lat'>«</span> <span class='ocrx_word' id='word_1_41' title='bbox 372 935 682 998; x_wconf 87' lang='lat' dir='ltr'>cramento,</span> <span class='ocrx_word' id='word_1_42' title='bbox 718 928 940 986; x_wconf 88' lang='lat' dir='ltr'>ratione</span> <span class='ocrx_word' id='word_1_43' title='bbox 965 929 1124 1002; x_wconf 88' lang='lat' dir='ltr'>cujus</span> <span class='ocrx_word' id='word_1_44' title='bbox 1152 935 1375 1002; x_wconf 88' lang='lat' dir='ltr'>peccata</span> <span class='ocrx_word' id='word_1_45' title='bbox 1402 928 1663 987; x_wconf 82' lang='lat' dir='ltr'>venialia</span> 
     </span>
     <span class='ocr_line' id='line_1_11' title="bbox 298 1011 1654 1086; baseline 0.001 -21"><span class='ocrx_word' id='word_1_46' title='bbox 298 1032 324 1065; x_wconf 82' lang='grc' dir='ltr'>ιι</span> <span class='ocrx_word' id='word_1_47' title='bbox 369 1012 673 1069; x_wconf 90' lang='lat' dir='ltr'>tolluntur.</span> <span class='ocrx_word' id='word_1_48' title='bbox 701 1031 726 1063; x_wconf 67' lang='grc' dir='ltr'><strong>υ</strong></span> <span class='ocrx_word' id='word_1_49' title='bbox 753 1012 821 1065; x_wconf 85' lang='lat' dir='ltr'>Et</span> <span class='ocrx_word' id='word_1_50' title='bbox 842 1012 903 1065; x_wconf 82' lang='lat' dir='ltr'>in</span> <span class='ocrx_word' id='word_1_51' title='bbox 922 1011 978 1075; x_wconf 88' lang='grc'>4,</span> <span class='ocrx_word' id='word_1_52' title='bbox 998 1011 1128 1065; x_wconf 81' lang='lat' dir='ltr'>dist.</span> <span class='ocrx_word' id='word_1_53' title='bbox 1162 1012 1244 1076; x_wconf 74' lang='lat'>12,</span> <span class='ocrx_word' id='word_1_54' title='bbox 1276 1017 1457 1086; x_wconf 64' lang='lat' dir='ltr'>quaest.</span> <span class='ocrx_word' id='word_1_55' title='bbox 1482 1012 1654 1079; x_wconf 80' lang='lat' dir='ltr'>2,art.</span> 
     </span>
     <span class='ocr_line' id='line_1_12' title="bbox 293 1092 1660 1171; baseline -0.002 -20"><span class='ocrx_word' id='word_1_56' title='bbox 293 1097 348 1162; x_wconf 80' lang='lat'>2,</span> <span class='ocrx_word' id='word_1_57' title='bbox 380 1102 561 1171; x_wconf 71' lang='lat' dir='ltr'>quaest.</span> <span class='ocrx_word' id='word_1_58' title='bbox 596 1096 641 1159; x_wconf 93' lang='lat' dir='ltr'>l,</span> <span class='ocrx_word' id='word_1_59' title='bbox 669 1093 859 1166; x_wconf 90' lang='lat' dir='ltr'>inquit</span> <span class='ocrx_word' id='word_1_60' title='bbox 886 1114 899 1148; x_wconf 71' lang='grc' dir='ltr'><strong><em>ε</em></strong></span> <span class='ocrx_word' id='word_1_61' title='bbox 932 1114 957 1146; x_wconf 92' lang='grc' dir='ltr'>ιι</span> <span class='ocrx_word' id='word_1_62' title='bbox 989 1093 1137 1156; x_wconf 87' lang='lat' dir='ltr'>Quia</span> <span class='ocrx_word' id='word_1_63' title='bbox 1160 1107 1232 1149; x_wconf 87' lang='lat' dir='ltr'>ex</span> <span class='ocrx_word' id='word_1_64' title='bbox 1259 1092 1488 1148; x_wconf 77' lang='lat' dir='ltr'>fervore</span> <span class='ocrx_word' id='word_1_65' title='bbox 1520 1092 1660 1148; x_wconf 88' lang='lat' dir='ltr'>cha-</span> 
     </span>
     <span class='ocr_line' id='line_1_13' title="bbox 301 1171 1654 1247; baseline 0.002 -22"><span class='ocrx_word' id='word_1_66' title='bbox 301 1197 327 1227; x_wconf 90' lang='lat'>«</span> <span class='ocrx_word' id='word_1_67' title='bbox 371 1175 557 1232; x_wconf 89' lang='lat' dir='ltr'>ritatis</span> <span class='ocrx_word' id='word_1_68' title='bbox 619 1178 842 1247; x_wconf 83' lang='lat' dir='ltr'>peccata</span> <span class='ocrx_word' id='word_1_69' title='bbox 901 1172 1163 1230; x_wconf 75' lang='lat' dir='ltr'>veniaIIa</span> <span class='ocrx_word' id='word_1_70' title='bbox 1221 1171 1602 1239; x_wconf 87' lang='lat' dir='ltr'>dimittuntur</span> <span class='ocrx_word' id='word_1_71' title='bbox 1641 1216 1654 1241; x_wconf 93' lang='lat'>,</span> 
     </span>
     <span class='ocr_line' id='line_1_14' title="bbox 301 1251 1659 1328; baseline 0.001 -21"><span class='ocrx_word' id='word_1_72' title='bbox 301 1277 327 1308; x_wconf 88' lang='lat'>«</span> <span class='ocrx_word' id='word_1_73' title='bbox 370 1259 603 1328; x_wconf 90' lang='lat' dir='ltr'>propter</span> <span class='ocrx_word' id='word_1_74' title='bbox 627 1255 749 1319; x_wconf 91' lang='lat' dir='ltr'>hoc,</span> <span class='ocrx_word' id='word_1_75' title='bbox 798 1252 951 1327; x_wconf 90' lang='lat' dir='ltr'>quod</span> <span class='ocrx_word' id='word_1_76' title='bbox 977 1252 1129 1309; x_wconf 92' lang='lat' dir='ltr'>dicto</span> <span class='ocrx_word' id='word_1_77' title='bbox 1155 1251 1375 1308; x_wconf 87' lang='lat' dir='ltr'>fervori</span> <span class='ocrx_word' id='word_1_78' title='bbox 1420 1256 1659 1309; x_wconf 90' lang='lat' dir='ltr'>contra-</span> 
     </span>
     <span class='ocr_line' id='line_1_15' title="bbox 300 1334 1661 1407; baseline 0 -15"><span class='ocrx_word' id='word_1_79' title='bbox 300 1358 328 1392; x_wconf 88' lang='grc' dir='ltr'>ιι</span> <span class='ocrx_word' id='word_1_80' title='bbox 371 1339 600 1394; x_wconf 90' lang='lat' dir='ltr'>riantur</span> <span class='ocrx_word' id='word_1_81' title='bbox 625 1361 639 1403; x_wconf 89' lang='lat'>;</span> <span class='ocrx_word' id='word_1_82' title='bbox 687 1336 815 1393; x_wconf 92' lang='lat' dir='ltr'>ideo</span> <span class='ocrx_word' id='word_1_83' title='bbox 865 1351 939 1392; x_wconf 83' lang='lat' dir='ltr'>ex</span> <span class='ocrx_word' id='word_1_84' title='bbox 1000 1334 1369 1407; x_wconf 79' lang='lat' dir='ltr'>consequenti</span> <span class='ocrx_word' id='word_1_85' title='bbox 1444 1336 1661 1393; x_wconf 84' lang='lat' dir='ltr'>virtute</span> 
     </span>
     <span class='ocr_line' id='line_1_16' title="bbox 301 1416 1660 1493; baseline 0.001 -20"><span class='ocrx_word' id='word_1_86' title='bbox 301 1440 326 1473; x_wconf 85' lang='lat'>«</span> <span class='ocrx_word' id='word_1_87' title='bbox 369 1420 541 1493; x_wconf 91' lang='lat' dir='ltr'>hujus</span> <span class='ocrx_word' id='word_1_88' title='bbox 560 1417 904 1475; x_wconf 77' lang='lat' dir='ltr'>sacramenti</span> <span class='ocrx_word' id='word_1_89' title='bbox 924 1417 1182 1477; x_wconf 89' lang='lat' dir='ltr'>venialia</span> <span class='ocrx_word' id='word_1_90' title='bbox 1202 1416 1488 1473; x_wconf 86' lang='lat' dir='ltr'>delentur.</span> <span class='ocrx_word' id='word_1_91' title='bbox 1517 1438 1542 1469; x_wconf 85' lang='lat'>»</span> <span class='ocrx_word' id='word_1_92' title='bbox 1592 1420 1660 1473; x_wconf 84' lang='lat' dir='ltr'>Et</span> 
     </span>
     <span class='ocr_line' id='line_1_17' title="bbox 292 1496 1656 1570; baseline -0.004 -10"><span class='ocrx_word' id='word_1_93' title='bbox 292 1502 364 1560; x_wconf 90' lang='lat' dir='ltr'>ad</span> <span class='ocrx_word' id='word_1_94' title='bbox 401 1503 419 1556; x_wconf 94' lang='lat' dir='ltr'>l</span> <span class='ocrx_word' id='word_1_95' title='bbox 460 1522 473 1556; x_wconf 73' lang='grc' dir='ltr'><strong><em>ε</em></strong></span> <span class='ocrx_word' id='word_1_96' title='bbox 508 1522 533 1552; x_wconf 88' lang='grc' dir='ltr'>ιι</span> <span class='ocrx_word' id='word_1_97' title='bbox 565 1503 675 1556; x_wconf 88' lang='lat' dir='ltr'>Nec</span> <span class='ocrx_word' id='word_1_98' title='bbox 702 1504 896 1555; x_wconf 89' lang='lat' dir='ltr'>tamen</span> <span class='ocrx_word' id='word_1_99' title='bbox 939 1503 1177 1570; x_wconf 83' lang='lat' dir='ltr'>oportet,</span> <span class='ocrx_word' id='word_1_100' title='bbox 1224 1496 1376 1569; x_wconf 92' lang='lat' dir='ltr'>quod</span> <span class='ocrx_word' id='word_1_101' title='bbox 1421 1513 1656 1570; x_wconf 84' lang='lat' dir='ltr'>semper</span> 
     </span>
     <span class='ocr_line' id='line_1_18' title="bbox 300 1578 1657 1645; baseline 0 -10"><span class='ocrx_word' id='word_1_102' title='bbox 300 1606 327 1637; x_wconf 90' lang='lat'>«</span> <span class='ocrx_word' id='word_1_103' title='bbox 374 1582 573 1640; x_wconf 88' lang='lat' dir='ltr'>omnia</span> <span class='ocrx_word' id='word_1_104' title='bbox 616 1580 871 1637; x_wconf 86' lang='lat' dir='ltr'>venialia</span> <span class='ocrx_word' id='word_1_105' title='bbox 928 1579 1131 1645; x_wconf 85' lang='lat' dir='ltr'>deleat,</span> <span class='ocrx_word' id='word_1_106' title='bbox 1187 1578 1286 1635; x_wconf 87' lang='lat' dir='ltr'>sed</span> <span class='ocrx_word' id='word_1_107' title='bbox 1339 1579 1657 1635; x_wconf 88' lang='lat' dir='ltr'>secundum</span> 
     </span>
     <span class='ocr_line' id='line_1_19' title="bbox 297 1659 1659 1732; baseline -0.001 -15"><span class='ocrx_word' id='word_1_108' title='bbox 297 1686 326 1717; x_wconf 89' lang='grc' dir='ltr'>ιι</span> <span class='ocrx_word' id='word_1_109' title='bbox 367 1677 701 1719; x_wconf 87' lang='lat' dir='ltr'>mensuram</span> <span class='ocrx_word' id='word_1_110' title='bbox 730 1659 1079 1725; x_wconf 88' lang='lat' dir='ltr'>devotionis;</span> <span class='ocrx_word' id='word_1_111' title='bbox 1110 1659 1249 1731; x_wconf 89' lang='lat' dir='ltr'>quia</span> <span class='ocrx_word' id='word_1_112' title='bbox 1272 1674 1388 1714; x_wconf 93' lang='lat' dir='ltr'>non</span> <span class='ocrx_word' id='word_1_113' title='bbox 1415 1664 1500 1714; x_wconf 91' lang='lat' dir='ltr'>est</span> <span class='ocrx_word' id='word_1_114' title='bbox 1522 1661 1659 1732; x_wconf 87' lang='lat' dir='ltr'>pro-</span> 
     </span>
     <span class='ocr_line' id='line_1_20' title="bbox 296 1739 1658 1814; baseline -0.003 -15"><span class='ocrx_word' id='word_1_115' title='bbox 296 1766 324 1799; x_wconf 88' lang='grc' dir='ltr'>ιι</span> <span class='ocrx_word' id='word_1_116' title='bbox 364 1744 559 1800; x_wconf 87' lang='lat' dir='ltr'>ximus</span> <span class='ocrx_word' id='word_1_117' title='bbox 577 1740 807 1797; x_wconf 81' lang='lat' dir='ltr'>effeetus</span> <span class='ocrx_word' id='word_1_118' title='bbox 826 1741 947 1814; x_wconf 86' lang='lat' dir='ltr'>ejus</span> <span class='ocrx_word' id='word_1_119' title='bbox 967 1739 1173 1796; x_wconf 87' lang='lat' dir='ltr'>deletio</span> <span class='ocrx_word' id='word_1_120' title='bbox 1205 1739 1658 1807; x_wconf 88' lang='lat' dir='ltr'>venialium,sed</span> 
     </span>
     <span class='ocr_line' id='line_1_21' title="bbox 296 1819 1657 1896; baseline -0.001 -18"><span class='ocrx_word' id='word_1_121' title='bbox 296 1846 323 1879; x_wconf 84' lang='lat'>«</span> <span class='ocrx_word' id='word_1_122' title='bbox 363 1841 435 1882; x_wconf 86' lang='lat' dir='ltr'>ex</span> <span class='ocrx_word' id='word_1_123' title='bbox 463 1821 848 1896; x_wconf 84' lang='lat' dir='ltr'>consequenti,</span> <span class='ocrx_word' id='word_1_124' title='bbox 877 1826 936 1875; x_wconf 89' lang='lat' dir='ltr'>ut</span> <span class='ocrx_word' id='word_1_125' title='bbox 955 1836 1026 1877; x_wconf 84' lang='lat' dir='ltr'>ex</span> <span class='ocrx_word' id='word_1_126' title='bbox 1053 1819 1218 1876; x_wconf 89' lang='lat' dir='ltr'>dictis</span> <span class='ocrx_word' id='word_1_127' title='bbox 1248 1824 1416 1892; x_wconf 86' lang='lat' dir='ltr'>patet.</span> <span class='ocrx_word' id='word_1_128' title='bbox 1453 1842 1478 1873; x_wconf 75' lang='lat' dir='ltr'>n</span> <span class='ocrx_word' id='word_1_129' title='bbox 1513 1823 1657 1886; x_wconf 91' lang='lat' dir='ltr'>Qui-</span> 
     </span>
     <span class='ocr_line' id='line_1_22' title="bbox 286 1903 1657 1968; baseline -0.001 -6"><span class='ocrx_word' id='word_1_130' title='bbox 286 1906 393 1963; x_wconf 86' lang='lat' dir='ltr'>bus</span> <span class='ocrx_word' id='word_1_131' title='bbox 417 1905 607 1962; x_wconf 85' lang='lat' dir='ltr'>verbis</span> <span class='ocrx_word' id='word_1_132' title='bbox 658 1904 797 1960; x_wconf 89' lang='lat' dir='ltr'>satis</span> <span class='ocrx_word' id='word_1_133' title='bbox 843 1903 1193 1968; x_wconf 85' lang='lat' dir='ltr'>manifestat,</span> <span class='ocrx_word' id='word_1_134' title='bbox 1250 1904 1657 1960; x_wconf 79' lang='lat' dir='ltr'>remissionem</span> 
     </span>
     <span class='ocr_line' id='line_1_23' title="bbox 290 1984 1656 2058; baseline -0.002 -12"><span class='ocrx_word' id='word_1_135' title='bbox 290 1989 622 2047; x_wconf 85' lang='lat' dir='ltr'>venialium</span> <span class='ocrx_word' id='word_1_136' title='bbox 643 1987 799 2043; x_wconf 89' lang='lat' dir='ltr'>intra</span> <span class='ocrx_word' id='word_1_137' title='bbox 812 1991 1239 2041; x_wconf 89' lang='lat' dir='ltr'>sacramentum</span> <span class='ocrx_word' id='word_1_138' title='bbox 1267 2001 1384 2041; x_wconf 92' lang='lat' dir='ltr'>non</span> <span class='ocrx_word' id='word_1_139' title='bbox 1411 1984 1535 2041; x_wconf 83' lang='lat' dir='ltr'>fieri</span> <span class='ocrx_word' id='word_1_140' title='bbox 1555 2003 1656 2058; x_wconf 89' lang='lat' dir='ltr'>per</span> 
     </span>
     <span class='ocr_line' id='line_1_24' title="bbox 289 2066 1658 2139; baseline -0.003 -12"><span class='ocrx_word' id='word_1_141' title='bbox 289 2076 444 2127; x_wconf 91' lang='lat' dir='ltr'>actus</span> <span class='ocrx_word' id='word_1_142' title='bbox 503 2068 867 2139; x_wconf 80' lang='lat' dir='ltr'>imperfectos</span> <span class='ocrx_word' id='word_1_143' title='bbox 919 2066 1345 2130; x_wconf 76' lang='lat' dir='ltr'>antecedenteS,</span> <span class='ocrx_word' id='word_1_144' title='bbox 1405 2082 1509 2123; x_wconf 88' lang='lat' dir='ltr'>nec</span> <span class='ocrx_word' id='word_1_145' title='bbox 1558 2083 1658 2138; x_wconf 90' lang='lat' dir='ltr'>per</span> 
     </span>
     <span class='ocr_line' id='line_1_25' title="bbox 291 2146 1656 2224; baseline -0.001 -18"><span class='ocrx_word' id='word_1_146' title='bbox 291 2152 476 2224; x_wconf 87' lang='lat' dir='ltr'>ipsam</span> <span class='ocrx_word' id='word_1_147' title='bbox 497 2149 742 2224; x_wconf 79' lang='lat' dir='ltr'>gratiam</span> <span class='ocrx_word' id='word_1_148' title='bbox 762 2147 1135 2212; x_wconf 87' lang='lat' dir='ltr'>habitualem,</span> <span class='ocrx_word' id='word_1_149' title='bbox 1178 2153 1233 2204; x_wconf 90' lang='lat' dir='ltr'>et</span> <span class='ocrx_word' id='word_1_150' title='bbox 1262 2146 1461 2204; x_wconf 86' lang='lat' dir='ltr'>modos</span> <span class='ocrx_word' id='word_1_151' title='bbox 1485 2147 1656 2204; x_wconf 90' lang='lat' dir='ltr'>habi-</span> 
     </span>
     <span class='ocr_line' id='line_1_26' title="bbox 291 2227 1652 2301; baseline -0.001 -15"><span class='ocrx_word' id='word_1_152' title='bbox 291 2233 507 2295; x_wconf 76' lang='lat' dir='ltr'>tuale3‚</span> <span class='ocrx_word' id='word_1_153' title='bbox 559 2228 656 2301; x_wconf 89' lang='lat' dir='ltr'>qui</span> <span class='ocrx_word' id='word_1_154' title='bbox 699 2227 763 2282; x_wconf 94' lang='lat' dir='ltr'>in</span> <span class='ocrx_word' id='word_1_155' title='bbox 807 2228 1185 2284; x_wconf 86' lang='lat' dir='ltr'>sacramentis</span> <span class='ocrx_word' id='word_1_156' title='bbox 1231 2228 1652 2297; x_wconf 79' lang='lat' dir='ltr'>conferuntur3</span> 
     </span>
     <span class='ocr_line' id='line_1_27' title="bbox 289 2308 1656 2383; baseline -0.001 -14"><span class='ocrx_word' id='word_1_157' title='bbox 289 2312 387 2369; x_wconf 92' lang='lat' dir='ltr'>sed</span> <span class='ocrx_word' id='word_1_158' title='bbox 414 2311 484 2368; x_wconf 89' lang='lat' dir='ltr'>ad</span> <span class='ocrx_word' id='word_1_159' title='bbox 511 2325 638 2368; x_wconf 90' lang='lat' dir='ltr'>eam</span> <span class='ocrx_word' id='word_1_160' title='bbox 662 2308 904 2364; x_wconf 89' lang='lat' dir='ltr'>ulterius</span> <span class='ocrx_word' id='word_1_161' title='bbox 931 2308 1269 2374; x_wconf 86' lang='lat' dir='ltr'>desiderari,</span> <span class='ocrx_word' id='word_1_162' title='bbox 1300 2308 1448 2381; x_wconf 92' lang='lat' dir='ltr'>quod</span> <span class='ocrx_word' id='word_1_163' title='bbox 1470 2312 1656 2383; x_wconf 85' lang='lat' dir='ltr'>gratia</span> 
     </span>
     <span class='ocr_line' id='line_1_28' title="bbox 292 2390 1655 2464; baseline -0.003 -14"><span class='ocrx_word' id='word_1_164' title='bbox 292 2394 355 2450; x_wconf 92' lang='lat' dir='ltr'>in</span> <span class='ocrx_word' id='word_1_165' title='bbox 377 2398 530 2450; x_wconf 89' lang='lat' dir='ltr'>actus</span> <span class='ocrx_word' id='word_1_166' title='bbox 557 2391 872 2455; x_wconf 78' lang='lat' dir='ltr'>charitatiS,</span> <span class='ocrx_word' id='word_1_167' title='bbox 908 2392 995 2447; x_wconf 88' lang='lat' dir='ltr'>vel</span> <span class='ocrx_word' id='word_1_168' title='bbox 1015 2390 1365 2463; x_wconf 75' lang='lat' dir='ltr'>poenitentiae</span> <span class='ocrx_word' id='word_1_169' title='bbox 1383 2408 1655 2464; x_wconf 87' lang='lat' dir='ltr'>prorum-</span> 
     </span>
     <span class='ocr_line' id='line_1_29' title="bbox 295 2471 1350 2548; baseline -0.002 -18"><span class='ocrx_word' id='word_1_170' title='bbox 295 2479 407 2548; x_wconf 89' lang='lat' dir='ltr'>pat,</span> <span class='ocrx_word' id='word_1_171' title='bbox 437 2471 643 2545; x_wconf 89' lang='lat' dir='ltr'>quibus</span> <span class='ocrx_word' id='word_1_172' title='bbox 671 2472 921 2527; x_wconf 83' lang='lat' dir='ltr'>venialia</span> <span class='ocrx_word' id='word_1_173' title='bbox 950 2476 1350 2528; x_wconf 84' lang='lat' dir='ltr'>retractentur.</span> 
     </span>
    </p>

    <p class='ocr_par' dir='ltr' id='par_1_5' title="bbox 279 2550 1655 5142">
     <span class='ocr_line' id='line_1_30' title="bbox 371 2550 1648 2619; baseline -0.001 -10"><span class='ocrx_word' id='word_1_174' title='bbox 371 2553 528 2619; x_wconf 91' lang='lat' dir='ltr'>Quod</span> <span class='ocrx_word' id='word_1_175' title='bbox 556 2552 882 2609; x_wconf 86' lang='lat' dir='ltr'>evidentius</span> <span class='ocrx_word' id='word_1_176' title='bbox 921 2551 1103 2607; x_wconf 87' lang='lat' dir='ltr'>adhuc</span> <span class='ocrx_word' id='word_1_177' title='bbox 1147 2550 1308 2608; x_wconf 90' lang='lat' dir='ltr'>docet</span> <span class='ocrx_word' id='word_1_178' title='bbox 1336 2554 1395 2607; x_wconf 80' lang='lat' dir='ltr'>in</span> <span class='ocrx_word' id='word_1_179' title='bbox 1433 2553 1487 2619; x_wconf 86' lang='grc'>4,</span> <span class='ocrx_word' id='word_1_180' title='bbox 1520 2554 1648 2610; x_wconf 81' lang='lat' dir='ltr'>dist.</span> 
     </span>
     <span class='ocr_line' id='line_1_31' title="bbox 306 2633 1655 2713; baseline 0.001 -23"><span class='ocrx_word' id='word_1_181' title='bbox 306 2637 391 2702; x_wconf 88' lang='grc'>16,</span> <span class='ocrx_word' id='word_1_182' title='bbox 420 2642 605 2713; x_wconf 74' lang='lat' dir='ltr'>quaest.</span> <span class='ocrx_word' id='word_1_183' title='bbox 629 2636 683 2701; x_wconf 76' lang='lat'>2,</span> <span class='ocrx_word' id='word_1_184' title='bbox 729 2639 838 2701; x_wconf 81' lang='lat' dir='ltr'>art,</span> <span class='ocrx_word' id='word_1_185' title='bbox 878 2636 931 2698; x_wconf 73' lang='lat'>2,</span> <span class='ocrx_word' id='word_1_186' title='bbox 962 2634 1274 2710; x_wconf 75' lang='lat' dir='ltr'>quaestiunc.</span> <span class='ocrx_word' id='word_1_187' title='bbox 1306 2635 1361 2698; x_wconf 85' lang='grc'>4,</span> <span class='ocrx_word' id='word_1_188' title='bbox 1418 2633 1514 2690; x_wconf 89' lang='lat' dir='ltr'>ubi</span> <span class='ocrx_word' id='word_1_189' title='bbox 1538 2635 1655 2691; x_wconf 80' lang='lat' dir='ltr'>haec</span> 
     </span>
     <span class='ocr_line' id='line_1_32' title="bbox 294 2714 1649 2787; baseline 0 -14"><span class='ocrx_word' id='word_1_190' title='bbox 294 2716 464 2774; x_wconf 89' lang='lat' dir='ltr'>habet</span> <span class='ocrx_word' id='word_1_191' title='bbox 498 2739 511 2772; x_wconf 92' lang='lat'><strong>:</strong></span> <span class='ocrx_word' id='word_1_192' title='bbox 545 2739 570 2769; x_wconf 93' lang='lat'>«</span> <span class='ocrx_word' id='word_1_193' title='bbox 604 2716 935 2777; x_wconf 82' lang='lat' dir='ltr'>Dicendum,</span> <span class='ocrx_word' id='word_1_194' title='bbox 965 2714 1115 2787; x_wconf 88' lang='lat' dir='ltr'>quod</span> <span class='ocrx_word' id='word_1_195' title='bbox 1138 2715 1282 2771; x_wconf 90' lang='lat' dir='ltr'>sicut</span> <span class='ocrx_word' id='word_1_196' title='bbox 1310 2716 1526 2774; x_wconf 90' lang='lat' dir='ltr'>dictum</span> <span class='ocrx_word' id='word_1_197' title='bbox 1550 2722 1649 2784; x_wconf 88' lang='lat' dir='ltr'>est,</span> 
     </span>
     <span class='ocr_line' id='line_1_33' title="bbox 298 2795 1652 2871; baseline 0.003 -20"><span class='ocrx_word' id='word_1_198' title='bbox 298 2821 323 2852; x_wconf 92' lang='lat'>«</span> <span class='ocrx_word' id='word_1_199' title='bbox 365 2799 592 2855; x_wconf 88' lang='lat' dir='ltr'>veniale</span> <span class='ocrx_word' id='word_1_200' title='bbox 610 2803 899 2871; x_wconf 89' lang='lat' dir='ltr'>peccatum</span> <span class='ocrx_word' id='word_1_201' title='bbox 914 2795 1229 2852; x_wconf 87' lang='lat' dir='ltr'>dimittitur</span> <span class='ocrx_word' id='word_1_202' title='bbox 1245 2813 1346 2868; x_wconf 89' lang='lat' dir='ltr'>per</span> <span class='ocrx_word' id='word_1_203' title='bbox 1362 2796 1652 2854; x_wconf 82' lang='lat' dir='ltr'>fervorem</span> 
     </span>
     <span class='ocr_line' id='line_1_34' title="bbox 296 2879 1652 2954; baseline 0.001 -18"><span class='ocrx_word' id='word_1_204' title='bbox 296 2904 321 2936; x_wconf 85' lang='lat'>«</span> <span class='ocrx_word' id='word_1_205' title='bbox 362 2882 694 2948; x_wconf 87' lang='lat' dir='ltr'>charitatis,</span> <span class='ocrx_word' id='word_1_206' title='bbox 745 2881 843 2954; x_wconf 91' lang='lat' dir='ltr'>qui</span> <span class='ocrx_word' id='word_1_207' title='bbox 884 2879 1167 2951; x_wconf 86' lang='lat' dir='ltr'>explicite,</span> <span class='ocrx_word' id='word_1_208' title='bbox 1219 2879 1311 2935; x_wconf 80' lang='lat' dir='ltr'>vel</span> <span class='ocrx_word' id='word_1_209' title='bbox 1373 2880 1652 2953; x_wconf 89' lang='lat' dir='ltr'>implicite</span> 
     </span>
     <span class='ocr_line' id='line_1_35' title="bbox 294 2957 1653 3033; baseline 0.001 -16"><span class='ocrx_word' id='word_1_210' title='bbox 294 2984 320 3017; x_wconf 87' lang='grc' dir='ltr'>ιι</span> <span class='ocrx_word' id='word_1_211' title='bbox 361 2962 766 3018; x_wconf 87' lang='lat' dir='ltr'>contritionem</span> <span class='ocrx_word' id='word_1_212' title='bbox 796 2960 1104 3016; x_wconf 88' lang='lat' dir='ltr'>contineat.</span> <span class='ocrx_word' id='word_1_213' title='bbox 1131 2960 1197 3013; x_wconf 81' lang='lat' dir='ltr'>Et</span> <span class='ocrx_word' id='word_1_214' title='bbox 1226 2957 1353 3015; x_wconf 90' lang='lat' dir='ltr'>ideo</span> <span class='ocrx_word' id='word_1_215' title='bbox 1375 2959 1494 3025; x_wconf 90' lang='lat' dir='ltr'>illa,</span> <span class='ocrx_word' id='word_1_216' title='bbox 1527 2977 1653 3033; x_wconf 81' lang='lat' dir='ltr'>quae</span> 
     </span>
     <span class='ocr_line' id='line_1_36' title="bbox 288 3040 1652 3102; baseline 0.001 -4"><span class='ocrx_word' id='word_1_217' title='bbox 288 3067 315 3098; x_wconf 86' lang='lat'>«</span> <span class='ocrx_word' id='word_1_218' title='bbox 361 3051 493 3102; x_wconf 89' lang='lat' dir='ltr'>nata</span> <span class='ocrx_word' id='word_1_219' title='bbox 513 3050 648 3099; x_wconf 91' lang='lat' dir='ltr'>sunt</span> <span class='ocrx_word' id='word_1_220' title='bbox 676 3042 745 3098; x_wconf 90' lang='lat' dir='ltr'>de</span> <span class='ocrx_word' id='word_1_221' title='bbox 768 3059 829 3098; x_wconf 90' lang='lat' dir='ltr'>se</span> <span class='ocrx_word' id='word_1_222' title='bbox 849 3041 1096 3097; x_wconf 90' lang='lat' dir='ltr'>excitare</span> <span class='ocrx_word' id='word_1_223' title='bbox 1138 3040 1428 3098; x_wconf 77' lang='lat' dir='ltr'>fervorem</span> <span class='ocrx_word' id='word_1_224' title='bbox 1454 3043 1652 3099; x_wconf 88' lang='lat' dir='ltr'>chari-</span> 
     </span>
     <span class='ocr_line' id='line_1_37' title="bbox 287 3120 1646 3197; baseline 0.002 -20"><span class='ocrx_word' id='word_1_225' title='bbox 287 3145 314 3177; x_wconf 92' lang='grc' dir='ltr'>ιι</span> <span class='ocrx_word' id='word_1_226' title='bbox 358 3126 508 3191; x_wconf 75' lang='lat' dir='ltr'>tatiS,</span> <span class='ocrx_word' id='word_1_227' title='bbox 537 3128 761 3197; x_wconf 87' lang='lat' dir='ltr'>peccata</span> <span class='ocrx_word' id='word_1_228' title='bbox 773 3122 1033 3179; x_wconf 84' lang='lat' dir='ltr'>venialia</span> <span class='ocrx_word' id='word_1_229' title='bbox 1049 3120 1339 3178; x_wconf 87' lang='lat' dir='ltr'>dimittere</span> <span class='ocrx_word' id='word_1_230' title='bbox 1355 3121 1646 3180; x_wconf 87' lang='lat' dir='ltr'>dicuntur.</span> 
     </span>
     <span class='ocr_line' id='line_1_38' title="bbox 290 3202 1652 3279; baseline 0.002 -20"><span class='ocrx_word' id='word_1_231' title='bbox 290 3227 316 3259; x_wconf 88' lang='grc' dir='ltr'>ιι</span> <span class='ocrx_word' id='word_1_232' title='bbox 358 3203 901 3279; x_wconf 87' lang='lat' dir='ltr'>Hujusmodiautem</span> <span class='ocrx_word' id='word_1_233' title='bbox 924 3207 1079 3267; x_wconf 90' lang='lat' dir='ltr'>sunt,</span> <span class='ocrx_word' id='word_1_234' title='bbox 1099 3218 1223 3273; x_wconf 67' lang='lat' dir='ltr'>quaa</span> <span class='ocrx_word' id='word_1_235' title='bbox 1243 3202 1494 3275; x_wconf 80' lang='lat' dir='ltr'>gratiam</span> <span class='ocrx_word' id='word_1_236' title='bbox 1522 3221 1652 3262; x_wconf 88' lang='lat' dir='ltr'>con-</span> 
     </span>
     <span class='ocr_line' id='line_1_39' title="bbox 290 3284 1652 3350; baseline -0.001 -9"><span class='ocrx_word' id='word_1_237' title='bbox 290 3309 316 3341; x_wconf 87' lang='grc' dir='ltr'>ιι</span> <span class='ocrx_word' id='word_1_238' title='bbox 360 3287 573 3350; x_wconf 85' lang='lat' dir='ltr'>ferunt,</span> <span class='ocrx_word' id='word_1_239' title='bbox 600 3285 744 3341; x_wconf 91' lang='lat' dir='ltr'>sicut</span> <span class='ocrx_word' id='word_1_240' title='bbox 772 3284 974 3341; x_wconf 89' lang='lat' dir='ltr'>omnia</span> <span class='ocrx_word' id='word_1_241' title='bbox 999 3288 1377 3340; x_wconf 87' lang='lat' dir='ltr'>sacramenta.</span> <span class='ocrx_word' id='word_1_242' title='bbox 1407 3305 1434 3336; x_wconf 71' lang='lat' dir='ltr'>n</span> <span class='ocrx_word' id='word_1_243' title='bbox 1467 3285 1652 3342; x_wconf 86' lang='lat' dir='ltr'>Sentit</span> 
     </span>
     <span class='ocr_line' id='line_1_40' title="bbox 282 3365 1651 3442; baseline -0.001 -18"><span class='ocrx_word' id='word_1_244' title='bbox 282 3383 436 3442; x_wconf 80' lang='lat' dir='ltr'>ergo,</span> <span class='ocrx_word' id='word_1_245' title='bbox 484 3371 847 3424; x_wconf 88' lang='lat' dir='ltr'>sacramenta</span> <span class='ocrx_word' id='word_1_246' title='bbox 874 3365 938 3421; x_wconf 88' lang='lat' dir='ltr'>in</span> <span class='ocrx_word' id='word_1_247' title='bbox 966 3370 1192 3422; x_wconf 90' lang='lat' dir='ltr'>tantum</span> <span class='ocrx_word' id='word_1_248' title='bbox 1222 3365 1519 3422; x_wconf 88' lang='lat' dir='ltr'>remittere</span> <span class='ocrx_word' id='word_1_249' title='bbox 1546 3383 1651 3423; x_wconf 86' lang='lat' dir='ltr'>ve-</span> 
     </span>
     <span class='ocr_line' id='line_1_41' title="bbox 286 3446 1648 3519; baseline -0.001 -16"><span class='ocrx_word' id='word_1_250' title='bbox 286 3447 484 3513; x_wconf 90' lang='lat' dir='ltr'>nialia,</span> <span class='ocrx_word' id='word_1_251' title='bbox 536 3448 598 3502; x_wconf 91' lang='lat' dir='ltr'>in</span> <span class='ocrx_word' id='word_1_252' title='bbox 652 3450 935 3519; x_wconf 88' lang='lat' dir='ltr'>quantum</span> <span class='ocrx_word' id='word_1_253' title='bbox 989 3461 1089 3517; x_wconf 89' lang='lat' dir='ltr'>per</span> <span class='ocrx_word' id='word_1_254' title='bbox 1136 3446 1407 3517; x_wconf 84' lang='lat' dir='ltr'>gratiam,</span> <span class='ocrx_word' id='word_1_255' title='bbox 1475 3462 1648 3518; x_wconf 91' lang='lat' dir='ltr'>quam</span> 
     </span>
     <span class='ocr_line' id='line_1_42' title="bbox 286 3525 1648 3600; baseline 0.001 -19"><span class='ocrx_word' id='word_1_256' title='bbox 286 3527 617 3584; x_wconf 88' lang='lat' dir='ltr'>immediate</span> <span class='ocrx_word' id='word_1_257' title='bbox 642 3525 1242 3600; x_wconf 86' lang='lat' dir='ltr'>producunt‚excitant</span> <span class='ocrx_word' id='word_1_258' title='bbox 1264 3525 1335 3582; x_wconf 91' lang='lat' dir='ltr'>ad</span> <span class='ocrx_word' id='word_1_259' title='bbox 1360 3525 1648 3583; x_wconf 73' lang='lat' dir='ltr'>fervorem</span> 
     </span>
     <span class='ocr_line' id='line_1_43' title="bbox 285 3603 1651 3678; baseline 0 -16"><span class='ocrx_word' id='word_1_260' title='bbox 285 3605 597 3674; x_wconf 75' lang='lat' dir='ltr'>charitatiS,</span> <span class='ocrx_word' id='word_1_261' title='bbox 629 3608 751 3662; x_wconf 85' lang='lat' dir='ltr'>sive</span> <span class='ocrx_word' id='word_1_262' title='bbox 778 3603 850 3661; x_wconf 86' lang='lat' dir='ltr'>ad</span> <span class='ocrx_word' id='word_1_263' title='bbox 874 3610 1046 3669; x_wconf 90' lang='lat' dir='ltr'>actus,</span> <span class='ocrx_word' id='word_1_264' title='bbox 1077 3604 1284 3678; x_wconf 89' lang='lat' dir='ltr'>quibus</span> <span class='ocrx_word' id='word_1_265' title='bbox 1330 3612 1651 3663; x_wconf 87' lang='lat' dir='ltr'>retracten-</span> 
     </span>
     <span class='ocr_line' id='line_1_44' title="bbox 284 3684 1649 3760; baseline 0.002 -20"><span class='ocrx_word' id='word_1_266' title='bbox 284 3690 379 3742; x_wconf 88' lang='lat' dir='ltr'>tur</span> <span class='ocrx_word' id='word_1_267' title='bbox 403 3688 669 3744; x_wconf 86' lang='lat' dir='ltr'>venialia.</span> <span class='ocrx_word' id='word_1_268' title='bbox 696 3684 857 3752; x_wconf 90' lang='lat' dir='ltr'>Quod</span> <span class='ocrx_word' id='word_1_269' title='bbox 878 3685 1236 3758; x_wconf 89' lang='lat' dir='ltr'>superfluum</span> <span class='ocrx_word' id='word_1_270' title='bbox 1260 3687 1425 3752; x_wconf 84' lang='lat' dir='ltr'>foret,</span> <span class='ocrx_word' id='word_1_271' title='bbox 1451 3688 1499 3742; x_wconf 91' lang='lat' dir='ltr'>si</span> <span class='ocrx_word' id='word_1_272' title='bbox 1524 3687 1649 3760; x_wconf 86' lang='lat' dir='ltr'>ipsa</span> 
     </span>
     <span class='ocr_line' id='line_1_45' title="bbox 280 3768 1649 3843; baseline 0.001 -17"><span class='ocrx_word' id='word_1_273' title='bbox 280 3770 468 3843; x_wconf 84' lang='lat' dir='ltr'>gratia</span> <span class='ocrx_word' id='word_1_274' title='bbox 491 3769 927 3827; x_wconf 88' lang='lat' dir='ltr'>sacramentalis</span> <span class='ocrx_word' id='word_1_275' title='bbox 955 3785 1085 3825; x_wconf 91' lang='lat' dir='ltr'>cum</span> <span class='ocrx_word' id='word_1_276' title='bbox 1111 3768 1452 3826; x_wconf 88' lang='lat' dir='ltr'>habitudine</span> <span class='ocrx_word' id='word_1_277' title='bbox 1475 3769 1546 3826; x_wconf 91' lang='lat' dir='ltr'>ad</span> <span class='ocrx_word' id='word_1_278' title='bbox 1569 3775 1649 3827; x_wconf 90' lang='lat' dir='ltr'>at-</span> 
     </span>
     <span class='ocr_line' id='line_1_46' title="bbox 282 3849 1647 3922; baseline 0.001 -16"><span class='ocrx_word' id='word_1_279' title='bbox 282 3850 602 3916; x_wconf 87' lang='lat' dir='ltr'>tritionem,</span> <span class='ocrx_word' id='word_1_280' title='bbox 629 3857 685 3907; x_wconf 92' lang='lat' dir='ltr'>et</span> <span class='ocrx_word' id='word_1_281' title='bbox 709 3849 780 3906; x_wconf 91' lang='lat' dir='ltr'>ad</span> <span class='ocrx_word' id='word_1_282' title='bbox 803 3849 948 3905; x_wconf 91' lang='lat' dir='ltr'>alias</span> <span class='ocrx_word' id='word_1_283' title='bbox 989 3849 1393 3922; x_wconf 87' lang='lat' dir='ltr'>dtspositiones</span> <span class='ocrx_word' id='word_1_284' title='bbox 1416 3856 1647 3908; x_wconf 86' lang='lat' dir='ltr'>antece-</span> 
     </span>
     <span class='ocr_line' id='line_1_47' title="bbox 283 3929 1648 4003; baseline 0.003 -18"><span class='ocrx_word' id='word_1_285' title='bbox 283 3929 499 3995; x_wconf 79' lang='lat' dir='ltr'>denteS,</span> <span class='ocrx_word' id='word_1_286' title='bbox 511 3930 825 3988; x_wconf 89' lang='lat' dir='ltr'>remitteret</span> <span class='ocrx_word' id='word_1_287' title='bbox 838 3931 1174 3988; x_wconf 86' lang='lat' dir='ltr'>immediate</span> <span class='ocrx_word' id='word_1_288' title='bbox 1198 3936 1420 4003; x_wconf 89' lang='lat' dir='ltr'>peccata</span> <span class='ocrx_word' id='word_1_289' title='bbox 1443 3932 1648 3990; x_wconf 82' lang='lat' dir='ltr'>venia-</span> 
     </span>
     <span class='ocr_line' id='line_1_48' title="bbox 287 4012 1643 4086; baseline 0.001 -18"><span class='ocrx_word' id='word_1_290' title='bbox 287 4013 397 4079; x_wconf 89' lang='lat' dir='ltr'>lia;</span> <span class='ocrx_word' id='word_1_291' title='bbox 429 4017 562 4068; x_wconf 90' lang='lat' dir='ltr'>tunc</span> <span class='ocrx_word' id='word_1_292' title='bbox 588 4015 795 4086; x_wconf 89' lang='lat' dir='ltr'>quippe</span> <span class='ocrx_word' id='word_1_293' title='bbox 821 4012 1223 4070; x_wconf 87' lang='lat' dir='ltr'>antecedenter</span> <span class='ocrx_word' id='word_1_294' title='bbox 1252 4012 1324 4069; x_wconf 92' lang='lat' dir='ltr'>ad</span> <span class='ocrx_word' id='word_1_295' title='bbox 1352 4012 1643 4070; x_wconf 79' lang='lat' dir='ltr'>fervorem</span> 
     </span>
     <span class='ocr_line' id='line_1_49' title="bbox 284 4093 1648 4168; baseline -0.001 -17"><span class='ocrx_word' id='word_1_296' title='bbox 284 4093 582 4151; x_wconf 87' lang='lat' dir='ltr'>charitatis</span> <span class='ocrx_word' id='word_1_297' title='bbox 616 4095 1082 4168; x_wconf 87' lang='lat' dir='ltr'>relinquerentur</span> <span class='ocrx_word' id='word_1_298' title='bbox 1116 4094 1387 4150; x_wconf 85' lang='lat' dir='ltr'>extincta.</span> <span class='ocrx_word' id='word_1_299' title='bbox 1419 4095 1648 4158; x_wconf 80' lang='lat' dir='ltr'>Ettan-</span> 
     </span>
     <span class='ocr_line' id='line_1_50' title="bbox 282 4173 1644 4254; baseline 0.002 -26"><span class='ocrx_word' id='word_1_300' title='bbox 282 4173 417 4231; x_wconf 87' lang='lat' dir='ltr'>dem</span> <span class='ocrx_word' id='word_1_301' title='bbox 444 4175 500 4230; x_wconf 91' lang='lat' dir='ltr'>S.</span> <span class='ocrx_word' id='word_1_302' title='bbox 525 4177 725 4233; x_wconf 86' lang='lat' dir='ltr'>Doctor</span> <span class='ocrx_word' id='word_1_303' title='bbox 745 4184 926 4254; x_wconf 62' lang='lat' dir='ltr'>quaest.</span> <span class='ocrx_word' id='word_1_304' title='bbox 945 4178 1001 4241; x_wconf 85' lang='lat'>7,</span> <span class='ocrx_word' id='word_1_305' title='bbox 1026 4176 1090 4230; x_wconf 85' lang='lat' dir='ltr'>de</span> <span class='ocrx_word' id='word_1_306' title='bbox 1113 4174 1404 4241; x_wconf 61' lang='lat' dir='ltr'>Malean.</span> <span class='ocrx_word' id='word_1_307' title='bbox 1431 4177 1513 4240; x_wconf 79' lang='lat'>12,</span> <span class='ocrx_word' id='word_1_308' title='bbox 1547 4174 1644 4231; x_wconf 86' lang='lat' dir='ltr'>ubi</span> 
     </span>
     <span class='ocr_line' id='line_1_51' title="bbox 281 4254 1648 4328; baseline 0.001 -17"><span class='ocrx_word' id='word_1_309' title='bbox 281 4271 353 4311; x_wconf 92' lang='lat' dir='ltr'>ex</span> <span class='ocrx_word' id='word_1_310' title='bbox 381 4254 634 4327; x_wconf 82' lang='lat' dir='ltr'>professo</span> <span class='ocrx_word' id='word_1_311' title='bbox 674 4260 875 4313; x_wconf 88' lang='lat' dir='ltr'>tractat</span> <span class='ocrx_word' id='word_1_312' title='bbox 900 4256 970 4313; x_wconf 93' lang='lat' dir='ltr'>de</span> <span class='ocrx_word' id='word_1_313' title='bbox 1001 4256 1339 4313; x_wconf 88' lang='lat' dir='ltr'>remissione</span> <span class='ocrx_word' id='word_1_314' title='bbox 1393 4260 1648 4328; x_wconf 88' lang='lat' dir='ltr'>peccato-</span> 
     </span>
     <span class='ocr_line' id='line_1_52' title="bbox 284 4338 1644 4413; baseline 0.001 -19"><span class='ocrx_word' id='word_1_315' title='bbox 284 4353 416 4394; x_wconf 87' lang='lat' dir='ltr'>rum</span> <span class='ocrx_word' id='word_1_316' title='bbox 471 4338 790 4394; x_wconf 82' lang='lat' dir='ltr'>venialium</span> <span class='ocrx_word' id='word_1_317' title='bbox 830 4339 895 4395; x_wconf 91' lang='lat' dir='ltr'>in</span> <span class='ocrx_word' id='word_1_318' title='bbox 946 4339 1050 4395; x_wconf 88' lang='lat' dir='ltr'>hac</span> <span class='ocrx_word' id='word_1_319' title='bbox 1092 4339 1232 4403; x_wconf 89' lang='lat' dir='ltr'>vita,</span> <span class='ocrx_word' id='word_1_320' title='bbox 1290 4338 1644 4413; x_wconf 83' lang='lat' dir='ltr'>generaliter</span> 
     </span>
     <span class='ocr_line' id='line_1_53' title="bbox 280 4417 1648 4496; baseline -0.001 -22"><span class='ocrx_word' id='word_1_321' title='bbox 280 4417 570 4475; x_wconf 86' lang='lat' dir='ltr'>concludit</span> <span class='ocrx_word' id='word_1_322' title='bbox 601 4438 614 4473; x_wconf 74' lang='grc' dir='ltr'><strong><em>ε</em></strong></span> <span class='ocrx_word' id='word_1_323' title='bbox 674 4417 999 4486; x_wconf 78' lang='lat' dir='ltr'>Dicendum,</span> <span class='ocrx_word' id='word_1_324' title='bbox 1043 4420 1186 4496; x_wconf 76' lang='lat' dir='ltr'>quod</span> <span class='ocrx_word' id='word_1_325' title='bbox 1229 4437 1329 4491; x_wconf 80' lang='lat' dir='ltr'>per</span> <span class='ocrx_word' id='word_1_326' title='bbox 1380 4418 1648 4490; x_wconf 83' lang='lat' dir='ltr'>servorem</span> 
     </span>
     <span class='ocr_line' id='line_1_54' title="bbox 281 4500 1647 4572; baseline -0.003 -16"><span class='ocrx_word' id='word_1_327' title='bbox 281 4500 575 4556; x_wconf 77' lang='lat' dir='ltr'>charitatis</span> <span class='ocrx_word' id='word_1_328' title='bbox 619 4507 841 4572; x_wconf 85' lang='lat' dir='ltr'>peccata</span> <span class='ocrx_word' id='word_1_329' title='bbox 868 4501 1114 4556; x_wconf 82' lang='lat' dir='ltr'>venialia</span> <span class='ocrx_word' id='word_1_330' title='bbox 1155 4502 1532 4556; x_wconf 75' lang='lat' dir='ltr'>remittantur.</span> <span class='ocrx_word' id='word_1_331' title='bbox 1576 4501 1647 4554; x_wconf 87' lang='lat' dir='ltr'>Et</span> 
     </span>
     <span class='ocr_line' id='line_1_55' title="bbox 280 4581 1640 4657; baseline -0.001 -18"><span class='ocrx_word' id='word_1_332' title='bbox 280 4582 573 4655; x_wconf 84' lang='lat' dir='ltr'>explicans</span> <span class='ocrx_word' id='word_1_333' title='bbox 601 4581 819 4649; x_wconf 91' lang='lat' dir='ltr'>modos,</span> <span class='ocrx_word' id='word_1_334' title='bbox 844 4588 901 4639; x_wconf 91' lang='lat' dir='ltr'>et</span> <span class='ocrx_word' id='word_1_335' title='bbox 927 4599 1122 4639; x_wconf 85' lang='lat' dir='ltr'>causas</span> <span class='ocrx_word' id='word_1_336' title='bbox 1162 4582 1334 4657; x_wconf 88' lang='lat' dir='ltr'>hujus</span> <span class='ocrx_word' id='word_1_337' title='bbox 1371 4582 1640 4647; x_wconf 85' lang='lat' dir='ltr'>fervoris,</span> 
     </span>
     <span class='ocr_line' id='line_1_56' title="bbox 282 4661 1646 4741; baseline -0.001 -21"><span class='ocrx_word' id='word_1_338' title='bbox 282 4662 442 4720; x_wconf 86' lang='lat' dir='ltr'>addit</span> <span class='ocrx_word' id='word_1_339' title='bbox 474 4683 487 4718; x_wconf 72' lang='grc' dir='ltr'><strong><em>ε</em></strong></span> <span class='ocrx_word' id='word_1_340' title='bbox 536 4661 685 4720; x_wconf 83' lang='lat' dir='ltr'>Sunt</span> <span class='ocrx_word' id='word_1_341' title='bbox 711 4663 931 4741; x_wconf 79' lang='lat' dir='ltr'>quidem</span> <span class='ocrx_word' id='word_1_342' title='bbox 956 4664 1201 4740; x_wconf 64' lang='lat' dir='ltr'>quaedam</span> <span class='ocrx_word' id='word_1_343' title='bbox 1249 4682 1363 4741; x_wconf 70' lang='lat' dir='ltr'>quae</span> <span class='ocrx_word' id='word_1_344' title='bbox 1410 4670 1646 4719; x_wconf 76' lang='lat' dir='ltr'>causant</span> 
     </span>
     <span class='ocr_line' id='line_1_57' title="bbox 280 4745 1646 4822; baseline -0.001 -21"><span class='ocrx_word' id='word_1_345' title='bbox 280 4746 655 4801; x_wconf 78' lang='lat' dir='ltr'>remissionem</span> <span class='ocrx_word' id='word_1_346' title='bbox 693 4746 905 4817; x_wconf 83' lang='lat' dir='ltr'>peccati</span> <span class='ocrx_word' id='word_1_347' title='bbox 948 4745 1214 4812; x_wconf 83' lang='lat' dir='ltr'>venialis,</span> <span class='ocrx_word' id='word_1_348' title='bbox 1270 4747 1332 4800; x_wconf 84' lang='lat' dir='ltr'>in</span> <span class='ocrx_word' id='word_1_349' title='bbox 1376 4752 1646 4822; x_wconf 80' lang='lat' dir='ltr'>quantum</span> 
     </span>
     <span class='ocr_line' id='line_1_58' title="bbox 283 4824 1647 4898; baseline -0.001 -17"><span class='ocrx_word' id='word_1_350' title='bbox 283 4824 559 4881; x_wconf 78' lang='lat' dir='ltr'>inclinant</span> <span class='ocrx_word' id='word_1_351' title='bbox 584 4826 917 4881; x_wconf 79' lang='lat' dir='ltr'>voluntatem</span> <span class='ocrx_word' id='word_1_352' title='bbox 943 4825 1017 4897; x_wconf 73' lang='lat' dir='ltr'>ad</span> <span class='ocrx_word' id='word_1_353' title='bbox 1036 4828 1332 4898; x_wconf 78' lang='lat' dir='ltr'>ferventem</span> <span class='ocrx_word' id='word_1_354' title='bbox 1352 4825 1647 4881; x_wconf 76' lang='lat' dir='ltr'>charitatis</span> 
     </span>
     <span class='ocr_line' id='line_1_59' title="bbox 281 4905 1647 4978; baseline 0.001 -19"><span class='ocrx_word' id='word_1_355' title='bbox 281 4911 470 4960; x_wconf 85' lang='lat' dir='ltr'>actum</span> <span class='ocrx_word' id='word_1_356' title='bbox 512 4905 807 4961; x_wconf 80' lang='lat' dir='ltr'>secundum</span> <span class='ocrx_word' id='word_1_357' title='bbox 852 4907 964 4961; x_wconf 82' lang='lat' dir='ltr'>tria</span> <span class='ocrx_word' id='word_1_358' title='bbox 997 4906 1305 4978; x_wconf 66' lang='lat' dir='ltr'>praedicta;</span> <span class='ocrx_word' id='word_1_359' title='bbox 1347 4907 1502 4961; x_wconf 80' lang='lat' dir='ltr'>etsie</span> <span class='ocrx_word' id='word_1_360' title='bbox 1550 4922 1647 4978; x_wconf 83' lang='lat' dir='ltr'>per</span> 
     </span>
     <span class='ocr_line' id='line_1_60' title="bbox 279 4988 1646 5060; baseline -0.001 -17"><span class='ocrx_word' id='word_1_361' title='bbox 279 4994 631 5043; x_wconf 78' lang='lat' dir='ltr'>sacramenta</span> <span class='ocrx_word' id='word_1_362' title='bbox 665 5004 814 5042; x_wconf 66' lang='lat' dir='ltr'>novar</span> <span class='ocrx_word' id='word_1_363' title='bbox 854 4988 984 5057; x_wconf 69' lang='lat' dir='ltr'>teyis</span> <span class='ocrx_word' id='word_1_364' title='bbox 1017 4989 1262 5043; x_wconf 77' lang='lat' dir='ltr'>venialia</span> <span class='ocrx_word' id='word_1_365' title='bbox 1296 4994 1519 5060; x_wconf 84' lang='lat' dir='ltr'>peccata</span> <span class='ocrx_word' id='word_1_366' title='bbox 1555 5005 1646 5042; x_wconf 88' lang='lat' dir='ltr'>re·-</span> 
     </span>
     <span class='ocr_line' id='line_1_61' title="bbox 281 5068 1641 5142; baseline 0 -14"><span class='ocrx_word' id='word_1_367' title='bbox 281 5074 603 5128; x_wconf 81' lang='lat' dir='ltr'>mittuntur.</span> <span class='ocrx_word' id='word_1_368' title='bbox 652 5071 737 5125; x_wconf 86' lang='lat' dir='ltr'>Ex</span> <span class='ocrx_word' id='word_1_369' title='bbox 789 5069 997 5142; x_wconf 86' lang='lat' dir='ltr'>quibus</span> <span class='ocrx_word' id='word_1_370' title='bbox 1045 5068 1282 5127; x_wconf 88' lang='lat' dir='ltr'>evidens</span> <span class='ocrx_word' id='word_1_371' title='bbox 1337 5069 1566 5127; x_wconf 90' lang='lat' dir='ltr'>videtur</span> <span class='ocrx_word' id='word_1_372' title='bbox 1585 5072 1641 5128; x_wconf 90' lang='lat' dir='ltr'>S.</span> 
     </span>
    </p>
   </div>
   <div class='ocr_carea' id='block_1_4' title="bbox 3055 427 3157 483">
    <p class='ocr_par' dir='ltr' id='par_1_6' title="bbox 3055 427 3157 483">
     <span class='ocr_line' id='line_1_62' title="bbox 3055 427 3157 483; baseline -0.039 1"><span class='ocrx_word' id='word_1_373' title='bbox 3055 427 3157 483; x_wconf 86' lang='lat'>531</span> 
     </span>
    </p>
   </div>
   <div class='ocr_carea' id='block_1_5' title="bbox 1792 604 3372 1822">
    <p class='ocr_par' dir='ltr' id='par_1_7' title="bbox 1794 604 3372 1331">
     <span class='ocr_line' id='line_1_63' title="bbox 1801 604 3163 681; baseline -0.005 -18"><span class='ocrx_word' id='word_1_374' title='bbox 1801 609 2097 667; x_wconf 88' lang='lat' dir='ltr'>Doctorem</span> <span class='ocrx_word' id='word_1_375' title='bbox 2119 609 2354 676; x_wconf 90' lang='lat' dir='ltr'>sentire,</span> <span class='ocrx_word' id='word_1_376' title='bbox 2387 606 2536 681; x_wconf 91' lang='lat' dir='ltr'>quod</span> <span class='ocrx_word' id='word_1_377' title='bbox 2577 604 2954 669; x_wconf 88' lang='lat' dir='ltr'>sacramenta,</span> <span class='ocrx_word' id='word_1_378' title='bbox 2980 604 3036 658; x_wconf 92' lang='lat' dir='ltr'>et</span> <span class='ocrx_word' id='word_1_379' title='bbox 3064 616 3163 657; x_wconf 91' lang='lat' dir='ltr'>eo-</span> 
     </span>
     <span class='ocr_line' id='line_1_64' title="bbox 1801 682 3162 763; baseline -0.007 -18"><span class='ocrx_word' id='word_1_380' title='bbox 1801 706 1932 745; x_wconf 90' lang='lat' dir='ltr'>rum</span> <span class='ocrx_word' id='word_1_381' title='bbox 1955 696 2144 763; x_wconf 88' lang='lat' dir='ltr'>partes</span> <span class='ocrx_word' id='word_1_382' title='bbox 2166 707 2282 748; x_wconf 90' lang='lat' dir='ltr'>non</span> <span class='ocrx_word' id='word_1_383' title='bbox 2309 692 2544 747; x_wconf 90' lang='lat' dir='ltr'>causant</span> <span class='ocrx_word' id='word_1_384' title='bbox 2584 685 2920 743; x_wconf 88' lang='lat' dir='ltr'>immediate</span> <span class='ocrx_word' id='word_1_385' title='bbox 2952 682 3162 739; x_wconf 86' lang='lat' dir='ltr'>remis-</span> 
     </span>
     <span class='ocr_line' id='line_1_65' title="bbox 1796 765 3155 836; baseline -0.005 -12"><span class='ocrx_word' id='word_1_386' title='bbox 1796 770 2019 827; x_wconf 87' lang='lat' dir='ltr'>sionem</span> <span class='ocrx_word' id='word_1_387' title='bbox 2048 772 2390 836; x_wconf 88' lang='lat' dir='ltr'>venialium,</span> <span class='ocrx_word' id='word_1_388' title='bbox 2438 768 2538 826; x_wconf 89' lang='lat' dir='ltr'>sed</span> <span class='ocrx_word' id='word_1_389' title='bbox 2589 767 2855 831; x_wconf 88' lang='lat' dir='ltr'>mediate,</span> <span class='ocrx_word' id='word_1_390' title='bbox 2901 765 3006 820; x_wconf 92' lang='lat' dir='ltr'>hoc</span> <span class='ocrx_word' id='word_1_391' title='bbox 3050 765 3155 829; x_wconf 87' lang='lat' dir='ltr'>est,</span> 
     </span>
     <span class='ocr_line' id='line_1_66' title="bbox 1798 843 3162 926; baseline -0.007 -19"><span class='ocrx_word' id='word_1_392' title='bbox 1798 851 1989 909; x_wconf 88' lang='lat' dir='ltr'>media</span> <span class='ocrx_word' id='word_1_393' title='bbox 2014 853 2201 926; x_wconf 85' lang='lat' dir='ltr'>gratia</span> <span class='ocrx_word' id='word_1_394' title='bbox 2226 849 2714 914; x_wconf 87' lang='lat' dir='ltr'>sacramentali,et</span> <span class='ocrx_word' id='word_1_395' title='bbox 2742 846 2999 908; x_wconf 83' lang='lat' dir='ltr'>auxiliis,</span> <span class='ocrx_word' id='word_1_396' title='bbox 3028 843 3162 917; x_wconf 91' lang='lat' dir='ltr'>qui-</span> 
     </span>
     <span class='ocr_line' id='line_1_67' title="bbox 1798 925 3161 1008; baseline -0.007 -19"><span class='ocrx_word' id='word_1_397' title='bbox 1798 932 1903 989; x_wconf 88' lang='lat' dir='ltr'>bus</span> <span class='ocrx_word' id='word_1_398' title='bbox 1924 934 2255 1008; x_wconf 86' lang='lat' dir='ltr'>procedunt,</span> <span class='ocrx_word' id='word_1_399' title='bbox 2300 940 2354 992; x_wconf 90' lang='lat' dir='ltr'>et</span> <span class='ocrx_word' id='word_1_400' title='bbox 2383 950 2481 1007; x_wconf 89' lang='lat' dir='ltr'>per</span> <span class='ocrx_word' id='word_1_401' title='bbox 2508 948 2632 1005; x_wconf 81' lang='lat' dir='ltr'>quae</span> <span class='ocrx_word' id='word_1_402' title='bbox 2652 931 2903 987; x_wconf 88' lang='lat' dir='ltr'>excitant</span> <span class='ocrx_word' id='word_1_403' title='bbox 2924 925 2995 983; x_wconf 91' lang='lat' dir='ltr'>ad</span> <span class='ocrx_word' id='word_1_404' title='bbox 3020 926 3161 982; x_wconf 90' lang='lat' dir='ltr'>cha-</span> 
     </span>
     <span class='ocr_line' id='line_1_68' title="bbox 1798 996 3372 1088; baseline -0.007 -18"><span class='ocrx_word' id='word_1_405' title='bbox 1798 1014 1985 1070; x_wconf 91' lang='lat' dir='ltr'>ritatis</span> <span class='ocrx_word' id='word_1_406' title='bbox 2012 1016 2322 1072; x_wconf 86' lang='lat' dir='ltr'>fervorem.</span> <span class='ocrx_word' id='word_1_407' title='bbox 2340 1012 2506 1070; x_wconf 90' lang='lat' dir='ltr'>Unde</span> <span class='ocrx_word' id='word_1_408' title='bbox 2524 1013 2604 1068; x_wconf 91' lang='lat' dir='ltr'>sic</span> <span class='ocrx_word' id='word_1_409' title='bbox 2626 1010 2829 1068; x_wconf 87' lang='lat' dir='ltr'>docent</span> <span class='ocrx_word' id='word_1_410' title='bbox 2847 1011 2877 1061; x_wconf 87' lang='lat' dir='ltr'>J</span> <span class='ocrx_word' id='word_1_411' title='bbox 2883 1021 3099 1064; x_wconf 88' lang='lat' dir='ltr'>oannes</span> <span class='ocrx_word' id='word_1_412' title='bbox 3127 1022 3159 1061; x_wconf 88' lang='lat' dir='ltr'>a</span> <span class='ocrx_word' id='word_1_413' title='bbox 3173 996 3372 1088; x_wconf 41' lang='lat' dir='ltr'>g‘fflgg·</span> 
     </span>
     <span class='ocr_line' id='line_1_69' title="bbox 1795 1094 3348 1170; baseline -0.006 -20"><span class='ocrx_word' id='word_1_414' title='bbox 1795 1097 1850 1150; x_wconf 90' lang='lat' dir='ltr'>S.</span> <span class='ocrx_word' id='word_1_415' title='bbox 1877 1095 2084 1152; x_wconf 89' lang='lat' dir='ltr'>Thom.</span> <span class='ocrx_word' id='word_1_416' title='bbox 2113 1098 2256 1170; x_wconf 82' lang='lat' dir='ltr'>disp.</span> <span class='ocrx_word' id='word_1_417' title='bbox 2289 1098 2380 1161; x_wconf 84' lang='lat'>35,</span> <span class='ocrx_word' id='word_1_418' title='bbox 2411 1102 2524 1151; x_wconf 85' lang='lat' dir='ltr'>art.</span> <span class='ocrx_word' id='word_1_419' title='bbox 2573 1097 2627 1162; x_wconf 79' lang='lat'>2,</span> <span class='ocrx_word' id='word_1_420' title='bbox 2683 1097 2714 1164; x_wconf 67' lang='grc'>5</span> <span class='ocrx_word' id='word_1_421' title='bbox 2742 1095 2793 1160; x_wconf 93' lang='grc'>3,</span> <span class='ocrx_word' id='word_1_422' title='bbox 2826 1098 2881 1148; x_wconf 91' lang='lat' dir='ltr'>et</span> <span class='ocrx_word' id='word_1_423' title='bbox 2908 1094 3158 1145; x_wconf 91' lang='lat' dir='ltr'>Gonetus</span> <span class='ocrx_word' id='word_1_424' title='bbox 3199 1096 3348 1138; x_wconf 83' lang='lat' dir='ltr'>Gonet-</span> 
     </span>
     <span class='ocr_line' id='line_1_70' title="bbox 1794 1171 3158 1249; baseline -0.005 -17"><span class='ocrx_word' id='word_1_425' title='bbox 1794 1178 1938 1249; x_wconf 80' lang='lat' dir='ltr'>disp.</span> <span class='ocrx_word' id='word_1_426' title='bbox 1987 1179 2043 1242; x_wconf 89' lang='grc'>4,</span> <span class='ocrx_word' id='word_1_427' title='bbox 2094 1186 2203 1235; x_wconf 85' lang='lat' dir='ltr'>art.</span> <span class='ocrx_word' id='word_1_428' title='bbox 2260 1180 2314 1241; x_wconf 83' lang='lat'>3.</span> <span class='ocrx_word' id='word_1_429' title='bbox 2346 1178 2687 1234; x_wconf 77' lang='lat' dir='ltr'>conclusione</span> <span class='ocrx_word' id='word_1_430' title='bbox 2714 1177 2767 1241; x_wconf 90' lang='lat'>3,</span> <span class='ocrx_word' id='word_1_431' title='bbox 2800 1174 2933 1229; x_wconf 88' lang='lat' dir='ltr'>licet</span> <span class='ocrx_word' id='word_1_432' title='bbox 2958 1171 3158 1226; x_wconf 89' lang='lat' dir='ltr'>minus</span> 
     </span>
     <span class='ocr_line' id='line_1_71' title="bbox 1795 1257 3155 1331; baseline -0.004 -20"><span class='ocrx_word' id='word_1_433' title='bbox 1795 1264 2207 1331; x_wconf 89' lang='lat' dir='ltr'>consequenter</span> <span class='ocrx_word' id='word_1_434' title='bbox 2252 1259 2323 1316; x_wconf 88' lang='lat' dir='ltr'>ad</span> <span class='ocrx_word' id='word_1_435' title='bbox 2377 1275 2541 1316; x_wconf 85' lang='lat' dir='ltr'>suam</span> <span class='ocrx_word' id='word_1_436' title='bbox 2588 1257 2923 1329; x_wconf 89' lang='lat' dir='ltr'>opinionem</span> <span class='ocrx_word' id='word_1_437' title='bbox 2980 1269 3155 1307; x_wconf 80' lang='lat' dir='ltr'>num.</span> 
     </span>
    </p>

    <p class='ocr_par' dir='ltr' id='par_1_8' title="bbox 1794 1332 3160 1411">
     <span class='ocr_line' id='line_1_72' title="bbox 1794 1332 3160 1411; baseline -0.004 -20"><span class='ocrx_word' id='word_1_438' title='bbox 1794 1336 1905 1391; x_wconf 76' lang='lat'>322</span> <span class='ocrx_word' id='word_1_439' title='bbox 1934 1340 2173 1396; x_wconf 89' lang='lat' dir='ltr'>relatam</span> <span class='ocrx_word' id='word_1_440' title='bbox 2208 1362 2220 1397; x_wconf 93' lang='lat'><strong>:</strong></span> <span class='ocrx_word' id='word_1_441' title='bbox 2279 1357 2417 1396; x_wconf 90' lang='lat' dir='ltr'>nam</span> <span class='ocrx_word' id='word_1_442' title='bbox 2444 1339 2492 1394; x_wconf 91' lang='lat' dir='ltr'>si</span> <span class='ocrx_word' id='word_1_443' title='bbox 2524 1339 2587 1394; x_wconf 93' lang='lat' dir='ltr'>in</span> <span class='ocrx_word' id='word_1_444' title='bbox 2611 1339 2763 1411; x_wconf 90' lang='lat' dir='ltr'>justo</span> <span class='ocrx_word' id='word_1_445' title='bbox 2791 1333 3010 1392; x_wconf 89' lang='lat' dir='ltr'>attritio</span> <span class='ocrx_word' id='word_1_446' title='bbox 3036 1332 3160 1387; x_wconf 87' lang='lat' dir='ltr'>suf-</span> 
     </span>
    </p>

    <p class='ocr_par' dir='ltr' id='par_1_9' title="bbox 1794 1412 3159 1486">
     <span class='ocr_line' id='line_1_73' title="bbox 1794 1412 3159 1486; baseline -0.002 -15"><span class='ocrx_word' id='word_1_447' title='bbox 1794 1414 1913 1472; x_wconf 90' lang='lat' dir='ltr'>ficit</span> <span class='ocrx_word' id='word_1_448' title='bbox 1953 1419 2023 1480; x_wconf 90' lang='lat' dir='ltr'>ad</span> <span class='ocrx_word' id='word_1_449' title='bbox 2071 1420 2472 1478; x_wconf 88' lang='lat' dir='ltr'>remissionem</span> <span class='ocrx_word' id='word_1_450' title='bbox 2503 1418 2857 1481; x_wconf 58' lang='lat' dir='ltr'>venialium,</span> <span class='ocrx_word' id='word_1_451' title='bbox 2899 1412 3159 1486; x_wconf 91' lang='lat' dir='ltr'>sequitur</span> 
     </span>
    </p>

    <p class='ocr_par' dir='ltr' id='par_1_10' title="bbox 1792 1492 3160 1822">
     <span class='ocr_line' id='line_1_74' title="bbox 1793 1492 3160 1575; baseline -0.006 -19"><span class='ocrx_word' id='word_1_452' title='bbox 1793 1500 1942 1573; x_wconf 91' lang='lat' dir='ltr'>quod</span> <span class='ocrx_word' id='word_1_453' title='bbox 1977 1518 2077 1575; x_wconf 89' lang='lat' dir='ltr'>per</span> <span class='ocrx_word' id='word_1_454' title='bbox 2129 1503 2507 1571; x_wconf 89' lang='lat' dir='ltr'>attritionem,</span> <span class='ocrx_word' id='word_1_455' title='bbox 2558 1518 2669 1574; x_wconf 90' lang='lat' dir='ltr'>qua</span> <span class='ocrx_word' id='word_1_456' title='bbox 2712 1498 3046 1571; x_wconf 90' lang='lat' dir='ltr'>disponitur</span> <span class='ocrx_word' id='word_1_457' title='bbox 3087 1492 3160 1550; x_wconf 87' lang='lat' dir='ltr'>ad</span> 
     </span>
     <span class='ocr_line' id='line_1_75' title="bbox 1792 1576 3158 1655; baseline -0.005 -17"><span class='ocrx_word' id='word_1_458' title='bbox 1792 1590 2220 1642; x_wconf 88' lang='lat' dir='ltr'>sacramentum</span> <span class='ocrx_word' id='word_1_459' title='bbox 2250 1630 2263 1654; x_wconf 89' lang='lat'>‚</span> <span class='ocrx_word' id='word_1_460' title='bbox 2312 1586 2684 1642; x_wconf 82' lang='lat' dir='ltr'>remittantur</span> <span class='ocrx_word' id='word_1_461' title='bbox 2725 1581 2836 1655; x_wconf 92' lang='lat' dir='ltr'>ipsi</span> <span class='ocrx_word' id='word_1_462' title='bbox 2896 1576 3158 1635; x_wconf 85' lang='lat' dir='ltr'>venialia</span> 
     </span>
     <span class='ocr_line' id='line_1_76' title="bbox 1796 1657 3158 1738; baseline -0.007 -18"><span class='ocrx_word' id='word_1_463' title='bbox 1796 1668 2017 1737; x_wconf 87' lang='lat' dir='ltr'>peccata</span> <span class='ocrx_word' id='word_1_464' title='bbox 2041 1690 2055 1732; x_wconf 89' lang='lat'>;</span> <span class='ocrx_word' id='word_1_465' title='bbox 2080 1665 2357 1738; x_wconf 90' lang='lat' dir='ltr'>quidquid</span> <span class='ocrx_word' id='word_1_466' title='bbox 2401 1666 2477 1721; x_wconf 90' lang='lat' dir='ltr'>sit</span> <span class='ocrx_word' id='word_1_467' title='bbox 2498 1663 2567 1720; x_wconf 90' lang='lat' dir='ltr'>de</span> <span class='ocrx_word' id='word_1_468' title='bbox 2604 1663 2832 1720; x_wconf 77' lang='lat' dir='ltr'>fervore</span> <span class='ocrx_word' id='word_1_469' title='bbox 2858 1657 3158 1716; x_wconf 87' lang='lat' dir='ltr'>charitatis</span> 
     </span>
     <span class='ocr_line' id='line_1_77' title="bbox 1795 1749 2377 1822; baseline 0.003 -18"><span class='ocrx_word' id='word_1_470' title='bbox 1795 1752 1988 1820; x_wconf 80' lang='lat' dir='ltr'>postea</span> <span class='ocrx_word' id='word_1_471' title='bbox 2011 1749 2377 1822; x_wconf 76' lang='lat' dir='ltr'>subsequuto,</span> 
     </span>
    </p>
   </div>
   <div class='ocr_carea' id='block_1_6' title="bbox 1869 1820 3362 1924">
    <p class='ocr_par' dir='ltr' id='par_1_11' title="bbox 1869 1820 3362 1924">
     <span class='ocr_line' id='line_1_78' title="bbox 1869 1820 3362 1924; baseline -0.005 -41"><span class='ocrx_word' id='word_1_472' title='bbox 1869 1829 1996 1885; x_wconf 75' lang='lat'><strong>329.</strong></span> <span class='ocrx_word' id='word_1_473' title='bbox 2042 1831 2126 1885; x_wconf 87' lang='lat' dir='ltr'>Ex</span> <span class='ocrx_word' id='word_1_474' title='bbox 2152 1829 2357 1902; x_wconf 88' lang='lat' dir='ltr'>quibus</span> <span class='ocrx_word' id='word_1_475' title='bbox 2386 1827 2457 1884; x_wconf 88' lang='lat' dir='ltr'>ad</span> <span class='ocrx_word' id='word_1_476' title='bbox 2488 1828 2740 1902; x_wconf 88' lang='lat' dir='ltr'>primam</span> <span class='ocrx_word' id='word_1_477' title='bbox 2769 1820 3362 1924; x_wconf 46' lang='lat' dir='ltr'>confirmatio-{guffi-</span> 
     </span>
    </p>
   </div>
   <div class='ocr_carea' id='block_1_7' title="bbox 1779 1909 3383 5073">
    <p class='ocr_par' dir='ltr' id='par_1_12' title="bbox 1779 1909 3383 5073">
     <span class='ocr_line' id='line_1_79' title="bbox 1795 1909 3383 1982; baseline -0.004 -17"><span class='ocrx_word' id='word_1_478' title='bbox 1795 1925 1929 1966; x_wconf 89' lang='lat' dir='ltr'>nem</span> <span class='ocrx_word' id='word_1_479' title='bbox 1950 1909 2251 1982; x_wconf 89' lang='lat' dir='ltr'>respondet</span> <span class='ocrx_word' id='word_1_480' title='bbox 2272 1911 2372 1966; x_wconf 89' lang='lat' dir='ltr'>ille</span> <span class='ocrx_word' id='word_1_481' title='bbox 2387 1909 2699 1967; x_wconf 86' lang='lat' dir='ltr'>Thomista.</span> <span class='ocrx_word' id='word_1_482' title='bbox 2731 1911 3156 1963; x_wconf 88' lang='lat' dir='ltr'>sacramentum</span> <span class='ocrx_word' id='word_1_483' title='bbox 3177 1930 3254 1963; x_wconf 79' lang='lat' dir='ltr'>mae</span> <span class='ocrx_word' id='word_1_484' title='bbox 3274 1930 3383 1964; x_wconf 71' lang='lat' dir='ltr'>con.</span> 
     </span>
     <span class='ocr_line' id='line_1_80' title="bbox 1793 1970 3338 2063; baseline -0.003 -20"><span class='ocrx_word' id='word_1_485' title='bbox 1793 1991 2071 2061; x_wconf 87' lang='lat' dir='ltr'>Baptismi</span> <span class='ocrx_word' id='word_1_486' title='bbox 2120 1990 2413 2047; x_wconf 88' lang='lat' dir='ltr'>remittere</span> <span class='ocrx_word' id='word_1_487' title='bbox 2461 1994 2683 2061; x_wconf 89' lang='lat' dir='ltr'>peccata</span> <span class='ocrx_word' id='word_1_488' title='bbox 2729 1987 2986 2044; x_wconf 83' lang='lat' dir='ltr'>venialia</span> <span class='ocrx_word' id='word_1_489' title='bbox 3029 2000 3155 2040; x_wconf 87' lang='lat' dir='ltr'>me-</span> <span class='ocrx_word' id='word_1_490' title='bbox 3203 1970 3338 2063; x_wconf 42' lang='lat' dir='ltr'>affl?</span> 
     </span>
     <span class='ocr_line' id='line_1_81' title="bbox 1792 2066 3158 2142; baseline -0.004 -17"><span class='ocrx_word' id='word_1_491' title='bbox 1792 2069 1964 2136; x_wconf 89' lang='lat' dir='ltr'>diate,</span> <span class='ocrx_word' id='word_1_492' title='bbox 1991 2070 2180 2129; x_wconf 91' lang='lat' dir='ltr'>dando</span> <span class='ocrx_word' id='word_1_493' title='bbox 2209 2069 2475 2127; x_wconf 82' lang='lat' dir='ltr'>videlicet</span> <span class='ocrx_word' id='word_1_494' title='bbox 2495 2070 2732 2134; x_wconf 86' lang='lat' dir='ltr'>auxilia,</span> <span class='ocrx_word' id='word_1_495' title='bbox 2765 2068 2972 2142; x_wconf 91' lang='lat' dir='ltr'>quibus</span> <span class='ocrx_word' id='word_1_496' title='bbox 2999 2066 3158 2122; x_wconf 90' lang='lat' dir='ltr'>exci-</span> 
     </span>
     <span class='ocr_line' id='line_1_82' title="bbox 1793 2146 3157 2211; baseline -0.004 -4"><span class='ocrx_word' id='word_1_497' title='bbox 1793 2156 1944 2210; x_wconf 86' lang='lat' dir='ltr'>tetur</span> <span class='ocrx_word' id='word_1_498' title='bbox 1967 2155 2159 2211; x_wconf 82' lang='lat' dir='ltr'>fervor</span> <span class='ocrx_word' id='word_1_499' title='bbox 2179 2152 2476 2209; x_wconf 87' lang='lat' dir='ltr'>charitatis</span> <span class='ocrx_word' id='word_1_500' title='bbox 2510 2172 2523 2206; x_wconf 89' lang='lat'>:</span> <span class='ocrx_word' id='word_1_501' title='bbox 2551 2152 2600 2206; x_wconf 91' lang='lat' dir='ltr'>si</span> <span class='ocrx_word' id='word_1_502' title='bbox 2631 2156 2820 2207; x_wconf 91' lang='lat' dir='ltr'>autem</span> <span class='ocrx_word' id='word_1_503' title='bbox 2846 2151 2938 2206; x_wconf 91' lang='lat' dir='ltr'>hic</span> <span class='ocrx_word' id='word_1_504' title='bbox 2965 2149 3056 2205; x_wconf 81' lang='lat' dir='ltr'>vel</span> <span class='ocrx_word' id='word_1_505' title='bbox 3085 2146 3157 2203; x_wconf 91' lang='lat' dir='ltr'>ob</span> 
     </span>
     <span class='ocr_line' id='line_1_83' title="bbox 1791 2232 3157 2298; baseline -0.003 -10"><span class='ocrx_word' id='word_1_506' title='bbox 1791 2232 2243 2298; x_wconf 89' lang='lat' dir='ltr'>distractionem,</span> <span class='ocrx_word' id='word_1_507' title='bbox 2279 2235 2370 2290; x_wconf 85' lang='lat' dir='ltr'>vel</span> <span class='ocrx_word' id='word_1_508' title='bbox 2411 2232 2481 2290; x_wconf 91' lang='lat' dir='ltr'>ob</span> <span class='ocrx_word' id='word_1_509' title='bbox 2535 2232 2711 2287; x_wconf 88' lang='lat' dir='ltr'>aliam</span> <span class='ocrx_word' id='word_1_510' title='bbox 2752 2246 2982 2289; x_wconf 89' lang='lat' dir='ltr'>causam</span> <span class='ocrx_word' id='word_1_511' title='bbox 3038 2244 3157 2285; x_wconf 92' lang='lat' dir='ltr'>non</span> 
     </span>
     <span class='ocr_line' id='line_1_84' title="bbox 1791 2309 3154 2381; baseline -0.004 -11"><span class='ocrx_word' id='word_1_512' title='bbox 1791 2316 2069 2381; x_wconf 89' lang='lat' dir='ltr'>succedat,</span> <span class='ocrx_word' id='word_1_513' title='bbox 2096 2322 2231 2372; x_wconf 88' lang='lat' dir='ltr'>tunc</span> <span class='ocrx_word' id='word_1_514' title='bbox 2259 2330 2376 2371; x_wconf 92' lang='lat' dir='ltr'>non</span> <span class='ocrx_word' id='word_1_515' title='bbox 2400 2312 2496 2370; x_wconf 88' lang='lat' dir='ltr'>fiet</span> <span class='ocrx_word' id='word_1_516' title='bbox 2519 2313 2840 2369; x_wconf 79' lang='lat' dir='ltr'>venialium</span> <span class='ocrx_word' id='word_1_517' title='bbox 2867 2309 3154 2366; x_wconf 88' lang='lat' dir='ltr'>remissio.</span> 
     </span>
     <span class='ocr_line' id='line_1_85' title="bbox 1791 2390 3161 2469; baseline -0.004 -20"><span class='ocrx_word' id='word_1_518' title='bbox 1791 2395 1898 2451; x_wconf 90' lang='lat' dir='ltr'>Sed</span> <span class='ocrx_word' id='word_1_519' title='bbox 1949 2395 2043 2451; x_wconf 89' lang='lat' dir='ltr'>ubi</span> <span class='ocrx_word' id='word_1_520' title='bbox 2094 2396 2283 2469; x_wconf 90' lang='lat' dir='ltr'>primo</span> <span class='ocrx_word' id='word_1_521' title='bbox 2327 2395 2605 2450; x_wconf 86' lang='lat' dir='ltr'>excitatus</span> <span class='ocrx_word' id='word_1_522' title='bbox 2659 2392 2835 2448; x_wconf 88' lang='lat' dir='ltr'>fuerit</span> <span class='ocrx_word' id='word_1_523' title='bbox 2862 2390 3073 2456; x_wconf 85' lang='lat' dir='ltr'>fervor,</span> <span class='ocrx_word' id='word_1_524' title='bbox 3107 2393 3161 2445; x_wconf 91' lang='lat' dir='ltr'>et</span> 
     </span>
     <span class='ocr_line' id='line_1_86' title="bbox 1791 2471 3162 2542; baseline -0.004 -10"><span class='ocrx_word' id='word_1_525' title='bbox 1791 2476 2017 2533; x_wconf 86' lang='lat' dir='ltr'>ablatus</span> <span class='ocrx_word' id='word_1_526' title='bbox 2041 2477 2219 2532; x_wconf 88' lang='lat' dir='ltr'>fuerit</span> <span class='ocrx_word' id='word_1_527' title='bbox 2245 2476 2346 2532; x_wconf 91' lang='lat' dir='ltr'>ille</span> <span class='ocrx_word' id='word_1_528' title='bbox 2373 2474 2535 2542; x_wconf 85' lang='lat' dir='ltr'>obex,</span> <span class='ocrx_word' id='word_1_529' title='bbox 2564 2474 2932 2529; x_wconf 87' lang='lat' dir='ltr'>dimittentur</span> <span class='ocrx_word' id='word_1_530' title='bbox 2955 2471 3162 2527; x_wconf 84' lang='lat' dir='ltr'>venia—</span> 
     </span>
     <span class='ocr_line' id='line_1_87' title="bbox 1790 2551 3163 2630; baseline -0.005 -17"><span class='ocrx_word' id='word_1_531' title='bbox 1790 2557 1871 2612; x_wconf 89' lang='lat' dir='ltr'>lia</span> <span class='ocrx_word' id='word_1_532' title='bbox 1918 2556 2102 2630; x_wconf 89' lang='lat' dir='ltr'>quoad</span> <span class='ocrx_word' id='word_1_533' title='bbox 2145 2571 2376 2629; x_wconf 80' lang='lat' dir='ltr'>poenam</span> <span class='ocrx_word' id='word_1_534' title='bbox 2407 2599 2419 2621; x_wconf 93' lang='lat'><em>‚</em></span> <span class='ocrx_word' id='word_1_535' title='bbox 2464 2560 2519 2611; x_wconf 93' lang='lat' dir='ltr'>et</span> <span class='ocrx_word' id='word_1_536' title='bbox 2554 2553 2781 2625; x_wconf 88' lang='lat' dir='ltr'>culpam</span> <span class='ocrx_word' id='word_1_537' title='bbox 2832 2553 2895 2608; x_wconf 91' lang='lat' dir='ltr'>in</span> <span class='ocrx_word' id='word_1_538' title='bbox 2944 2551 3163 2606; x_wconf 87' lang='lat' dir='ltr'>virtute</span> 
     </span>
     <span class='ocr_line' id='line_1_88' title="bbox 1790 2634 3163 2712; baseline -0.003 -19"><span class='ocrx_word' id='word_1_539' title='bbox 1790 2640 2071 2711; x_wconf 89' lang='lat' dir='ltr'>Baptismi</span> <span class='ocrx_word' id='word_1_540' title='bbox 2120 2636 2509 2712; x_wconf 74' lang='lat' dir='ltr'>praecedentiS.</span> <span class='ocrx_word' id='word_1_541' title='bbox 2545 2638 2614 2690; x_wconf 86' lang='lat' dir='ltr'>Et</span> <span class='ocrx_word' id='word_1_542' title='bbox 2650 2634 2804 2692; x_wconf 90' lang='lat' dir='ltr'>idem</span> <span class='ocrx_word' id='word_1_543' title='bbox 2833 2634 3163 2708; x_wconf 90' lang='lat' dir='ltr'>proportio-</span> 
     </span>
     <span class='ocr_line' id='line_1_89' title="bbox 1791 2715 3151 2794; baseline -0.005 -18"><span class='ocrx_word' id='word_1_544' title='bbox 1791 2720 2066 2777; x_wconf 89' lang='lat' dir='ltr'>nabiliter</span> <span class='ocrx_word' id='word_1_545' title='bbox 2119 2718 2562 2794; x_wconf 81' lang='lat' dir='ltr'>intelligendum</span> <span class='ocrx_word' id='word_1_546' title='bbox 2604 2722 2688 2773; x_wconf 87' lang='lat' dir='ltr'>est</span> <span class='ocrx_word' id='word_1_547' title='bbox 2734 2716 2803 2773; x_wconf 89' lang='lat' dir='ltr'>de</span> <span class='ocrx_word' id='word_1_548' title='bbox 2843 2715 3151 2788; x_wconf 82' lang='lat' dir='ltr'>martyrio,</span> 
     </span>
     <span class='ocr_line' id='line_1_90' title="bbox 1789 2797 3155 2878; baseline -0.004 -19"><span class='ocrx_word' id='word_1_549' title='bbox 1789 2802 2020 2878; x_wconf 88' lang='lat' dir='ltr'>quando</span> <span class='ocrx_word' id='word_1_550' title='bbox 2048 2804 2139 2860; x_wconf 84' lang='lat' dir='ltr'>vel</span> <span class='ocrx_word' id='word_1_551' title='bbox 2168 2807 2320 2868; x_wconf 88' lang='lat' dir='ltr'>ante,</span> <span class='ocrx_word' id='word_1_552' title='bbox 2351 2804 2443 2859; x_wconf 82' lang='lat' dir='ltr'>vel</span> <span class='ocrx_word' id='word_1_553' title='bbox 2471 2802 2629 2857; x_wconf 86' lang='lat' dir='ltr'>intra</span> <span class='ocrx_word' id='word_1_554' title='bbox 2655 2799 2847 2871; x_wconf 89' lang='lat' dir='ltr'>ipsum</span> <span class='ocrx_word' id='word_1_555' title='bbox 2891 2814 3007 2854; x_wconf 92' lang='lat' dir='ltr'>non</span> <span class='ocrx_word' id='word_1_556' title='bbox 3049 2797 3155 2853; x_wconf 90' lang='lat' dir='ltr'>da-</span> 
     </span>
     <span class='ocr_line' id='line_1_91' title="bbox 1791 2881 3149 2947; baseline -0.004 -6"><span class='ocrx_word' id='word_1_557' title='bbox 1791 2891 1887 2943; x_wconf 90' lang='lat' dir='ltr'>tur</span> <span class='ocrx_word' id='word_1_558' title='bbox 1939 2887 2134 2944; x_wconf 84' lang='lat' dir='ltr'>fervor</span> <span class='ocrx_word' id='word_1_559' title='bbox 2172 2885 2467 2943; x_wconf 87' lang='lat' dir='ltr'>charitatis</span> <span class='ocrx_word' id='word_1_560' title='bbox 2506 2883 2791 2940; x_wconf 87' lang='lat' dir='ltr'>detestans</span> <span class='ocrx_word' id='word_1_561' title='bbox 2846 2881 3104 2938; x_wconf 87' lang='lat' dir='ltr'>venialia</span> <span class='ocrx_word' id='word_1_562' title='bbox 3137 2905 3149 2947; x_wconf 89' lang='lat'>;</span> 
     </span>
     <span class='ocr_line' id='line_1_92' title="bbox 1787 2961 3154 3041; baseline -0.007 -17"><span class='ocrx_word' id='word_1_563' title='bbox 1787 2965 1939 3041; x_wconf 65' lang='lat' dir='ltr'>‘quod</span> <span class='ocrx_word' id='word_1_564' title='bbox 1967 2975 2161 3024; x_wconf 90' lang='lat' dir='ltr'>tamen</span> <span class='ocrx_word' id='word_1_565' title='bbox 2190 2984 2323 3024; x_wconf 89' lang='lat' dir='ltr'>raro</span> <span class='ocrx_word' id='word_1_566' title='bbox 2350 2965 2639 3039; x_wconf 80' lang='lat' dir='ltr'>continget</span> <span class='ocrx_word' id='word_1_567' title='bbox 2664 3009 2676 3031; x_wconf 90' lang='lat'>,</span> <span class='ocrx_word' id='word_1_568' title='bbox 2722 2968 2779 3019; x_wconf 85' lang='lat' dir='ltr'>et</span> <span class='ocrx_word' id='word_1_569' title='bbox 2816 2964 2895 3018; x_wconf 88' lang='lat' dir='ltr'>ita</span> <span class='ocrx_word' id='word_1_570' title='bbox 2924 2961 3154 3019; x_wconf 92' lang='lat' dir='ltr'>intelli-</span> 
     </span>
     <span class='ocr_line' id='line_1_93' title="bbox 1786 3045 3342 3124; baseline -0.006 -17"><span class='ocrx_word' id='word_1_571' title='bbox 1786 3048 2008 3124; x_wconf 88' lang='lat' dir='ltr'>gendus</span> <span class='ocrx_word' id='word_1_572' title='bbox 2034 3055 2117 3105; x_wconf 89' lang='lat' dir='ltr'>est</span> <span class='ocrx_word' id='word_1_573' title='bbox 2137 3052 2200 3107; x_wconf 90' lang='lat' dir='ltr'>D.</span> <span class='ocrx_word' id='word_1_574' title='bbox 2233 3049 2442 3105; x_wconf 89' lang='lat' dir='ltr'>Thom.</span> <span class='ocrx_word' id='word_1_575' title='bbox 2474 3048 2508 3102; x_wconf 88' lang='lat'><strong>3</strong></span> <span class='ocrx_word' id='word_1_576' title='bbox 2533 3053 2680 3118; x_wconf 80' lang='lat' dir='ltr'>part.</span> <span class='ocrx_word' id='word_1_577' title='bbox 2707 3052 2894 3122; x_wconf 77' lang='lat' dir='ltr'>quaest.</span> <span class='ocrx_word' id='word_1_578' title='bbox 2918 3045 3010 3109; x_wconf 86' lang='lat'>87,</span> <span class='ocrx_word' id='word_1_579' title='bbox 3036 3050 3147 3098; x_wconf 86' lang='lat' dir='ltr'>art.</span> <span class='ocrx_word' id='word_1_580' title='bbox 3166 3048 3220 3088; x_wconf 86' lang='lat' dir='ltr'>D·</span> <span class='ocrx_word' id='word_1_581' title='bbox 3239 3048 3342 3091; x_wconf 79' lang='lat' dir='ltr'>&#39;rho-</span> 
     </span>
     <span class='ocr_line' id='line_1_94' title="bbox 1797 3124 3152 3200; baseline -0.007 -13"><span class='ocrx_word' id='word_1_582' title='bbox 1797 3134 1815 3187; x_wconf 95' lang='lat' dir='ltr'>l</span> <span class='ocrx_word' id='word_1_583' title='bbox 1846 3132 1920 3189; x_wconf 85' lang='lat' dir='ltr'>ad</span> <span class='ocrx_word' id='word_1_584' title='bbox 1939 3134 1992 3187; x_wconf 78' lang='lat'>2.</span> <span class='ocrx_word' id='word_1_585' title='bbox 2024 3133 2138 3186; x_wconf 91' lang='lat' dir='ltr'>Nec</span> <span class='ocrx_word' id='word_1_586' title='bbox 2162 3129 2299 3186; x_wconf 91' lang='lat' dir='ltr'>hinc</span> <span class='ocrx_word' id='word_1_587' title='bbox 2336 3127 2613 3200; x_wconf 88' lang='lat' dir='ltr'>sequitur,</span> <span class='ocrx_word' id='word_1_588' title='bbox 2641 3124 2793 3198; x_wconf 90' lang='lat' dir='ltr'>quod</span> <span class='ocrx_word' id='word_1_589' title='bbox 2834 3124 3152 3196; x_wconf 88' lang='lat' dir='ltr'>baptizatus</span> 
     </span>
     <span class='ocr_line' id='line_1_95' title="bbox 1786 3202 3152 3280; baseline -0.006 -13"><span class='ocrx_word' id='word_1_590' title='bbox 1786 3213 1980 3268; x_wconf 88' lang='lat' dir='ltr'>statim</span> <span class='ocrx_word' id='word_1_591' title='bbox 2009 3211 2283 3278; x_wconf 75' lang='lat' dir='ltr'>morienS,</span> <span class='ocrx_word' id='word_1_592' title='bbox 2317 3211 2410 3266; x_wconf 84' lang='lat' dir='ltr'>vel</span> <span class='ocrx_word' id='word_1_593' title='bbox 2433 3212 2658 3280; x_wconf 88' lang='lat' dir='ltr'>martyr</span> <span class='ocrx_word' id='word_1_594' title='bbox 2690 3205 2908 3278; x_wconf 89' lang='lat' dir='ltr'>possint</span> <span class='ocrx_word' id='word_1_595' title='bbox 2943 3202 3013 3260; x_wconf 88' lang='lat' dir='ltr'>ab</span> <span class='ocrx_word' id='word_1_596' title='bbox 3056 3204 3152 3259; x_wconf 89' lang='lat' dir='ltr'>in-</span> 
     </span>
     <span class='ocr_line' id='line_1_96' title="bbox 1788 3284 3152 3367; baseline -0.007 -18"><span class='ocrx_word' id='word_1_597' title='bbox 1788 3309 1985 3367; x_wconf 82' lang='lat' dir='ltr'>gressu</span> <span class='ocrx_word' id='word_1_598' title='bbox 2032 3289 2369 3347; x_wconf 90' lang='lat' dir='ltr'>immediato</span> <span class='ocrx_word' id='word_1_599' title='bbox 2412 3288 2613 3362; x_wconf 75' lang='lat' dir='ltr'>gloriae</span> <span class='ocrx_word' id='word_1_600' title='bbox 2641 3286 2959 3360; x_wconf 87' lang='lat' dir='ltr'>impediri,</span> <span class='ocrx_word' id='word_1_601' title='bbox 3006 3289 3061 3340; x_wconf 90' lang='lat' dir='ltr'>et</span> <span class='ocrx_word' id='word_1_602' title='bbox 3087 3284 3152 3340; x_wconf 93' lang='lat' dir='ltr'>in</span> 
     </span>
     <span class='ocr_line' id='line_1_97' title="bbox 1789 3365 3149 3448; baseline -0.005 -20"><span class='ocrx_word' id='word_1_603' title='bbox 1789 3370 2132 3448; x_wconf 80' lang='lat' dir='ltr'>purgatorio</span> <span class='ocrx_word' id='word_1_604' title='bbox 2177 3369 2461 3435; x_wconf 90' lang='lat' dir='ltr'>detineri,</span> <span class='ocrx_word' id='word_1_605' title='bbox 2507 3373 2571 3425; x_wconf 91' lang='lat' dir='ltr'>ut</span> <span class='ocrx_word' id='word_1_606' title='bbox 2600 3367 2855 3438; x_wconf 86' lang='lat' dir='ltr'>venialia</span> <span class='ocrx_word' id='word_1_607' title='bbox 2882 3365 3149 3433; x_wconf 88' lang='lat' dir='ltr'>diluant;</span> 
     </span>
     <span class='ocr_line' id='line_1_98' title="bbox 1786 3449 3155 3524; baseline -0.007 -14"><span class='ocrx_word' id='word_1_608' title='bbox 1786 3470 1851 3510; x_wconf 84' lang='lat' dir='ltr'>ac</span> <span class='ocrx_word' id='word_1_609' title='bbox 1895 3451 2129 3509; x_wconf 89' lang='lat' dir='ltr'>tandem</span> <span class='ocrx_word' id='word_1_610' title='bbox 2181 3449 2332 3523; x_wconf 90' lang='lat' dir='ltr'>quod</span> <span class='ocrx_word' id='word_1_611' title='bbox 2405 3450 2689 3524; x_wconf 76' lang='lat' dir='ltr'>possimus</span> <span class='ocrx_word' id='word_1_612' title='bbox 2750 3463 2853 3520; x_wconf 90' lang='lat' dir='ltr'>pro</span> <span class='ocrx_word' id='word_1_613' title='bbox 2893 3451 3155 3519; x_wconf 89' lang='lat' dir='ltr'>martyre</span> 
     </span>
     <span class='ocr_line' id='line_1_99' title="bbox 1786 3526 3150 3606; baseline -0.007 -14"><span class='ocrx_word' id='word_1_614' title='bbox 1786 3551 1977 3601; x_wconf 90' lang='lat' dir='ltr'>orare,</span> <span class='ocrx_word' id='word_1_615' title='bbox 2007 3531 2157 3606; x_wconf 91' lang='lat' dir='ltr'>quod</span> <span class='ocrx_word' id='word_1_616' title='bbox 2185 3532 2432 3604; x_wconf 90' lang='lat' dir='ltr'>impium</span> <span class='ocrx_word' id='word_1_617' title='bbox 2459 3537 2648 3588; x_wconf 85' lang='lat' dir='ltr'>censet</span> <span class='ocrx_word' id='word_1_618' title='bbox 2674 3533 2909 3602; x_wconf 80' lang='lat' dir='ltr'>August.</span> <span class='ocrx_word' id='word_1_619' title='bbox 2932 3526 3150 3585; x_wconf 86' lang='lat' dir='ltr'>dicens:</span> 
     </span>
     <span class='ocr_line' id='line_1_100' title="bbox 1786 3613 3151 3688; baseline -0.006 -15"><span class='ocrx_word' id='word_1_620' title='bbox 1786 3615 1828 3674; x_wconf 94' lang='lat' dir='ltr'><em>I</em></span> <span class='ocrx_word' id='word_1_621' title='bbox 1836 3617 2087 3688; x_wconf 79' lang='lat' dir='ltr'>njuriam</span> <span class='ocrx_word' id='word_1_622' title='bbox 2132 3614 2273 3686; x_wconf 85' lang='lat' dir='ltr'>sacit</span> <span class='ocrx_word' id='word_1_623' title='bbox 2301 3614 2556 3682; x_wconf 75' lang='lat' dir='ltr'>martyri,</span> <span class='ocrx_word' id='word_1_624' title='bbox 2590 3613 2685 3688; x_wconf 83' lang='lat' dir='ltr'>qui</span> <span class='ocrx_word' id='word_1_625' title='bbox 2711 3616 2834 3665; x_wconf 81' lang='lat' dir='ltr'>orat</span> <span class='ocrx_word' id='word_1_626' title='bbox 2857 3628 2958 3683; x_wconf 87' lang='lat' dir='ltr'>pro</span> <span class='ocrx_word' id='word_1_627' title='bbox 2995 3627 3151 3665; x_wconf 89' lang='lat' dir='ltr'>mar-</span> 
     </span>
     <span class='ocr_line' id='line_1_101' title="bbox 1787 3692 3150 3769; baseline -0.005 -16"><span class='ocrx_word' id='word_1_628' title='bbox 1787 3705 1925 3769; x_wconf 75' lang='lat' dir='ltr'>tyre.</span> <span class='ocrx_word' id='word_1_629' title='bbox 1959 3697 2093 3764; x_wconf 91' lang='lat' dir='ltr'>Hoc,</span> <span class='ocrx_word' id='word_1_630' title='bbox 2126 3694 2386 3764; x_wconf 91' lang='lat' dir='ltr'>inquam,</span> <span class='ocrx_word' id='word_1_631' title='bbox 2422 3693 2669 3748; x_wconf 89' lang='lat' dir='ltr'>minime</span> <span class='ocrx_word' id='word_1_632' title='bbox 2696 3692 2982 3764; x_wconf 89' lang='lat' dir='ltr'>sequitur;</span> <span class='ocrx_word' id='word_1_633' title='bbox 3013 3706 3150 3747; x_wconf 91' lang='lat' dir='ltr'>nam</span> 
     </span>
     <span class='ocr_line' id='line_1_102' title="bbox 1788 3773 3153 3850; baseline -0.004 -14"><span class='ocrx_word' id='word_1_634' title='bbox 1788 3779 1989 3836; x_wconf 89' lang='lat' dir='ltr'>anima</span> <span class='ocrx_word' id='word_1_635' title='bbox 2016 3775 2311 3850; x_wconf 74' lang='lat' dir='ltr'>martyria,</span> <span class='ocrx_word' id='word_1_636' title='bbox 2332 3780 2389 3832; x_wconf 92' lang='lat' dir='ltr'>et</span> <span class='ocrx_word' id='word_1_637' title='bbox 2403 3775 2696 3849; x_wconf 87' lang='lat' dir='ltr'>baptizati,</span> <span class='ocrx_word' id='word_1_638' title='bbox 2715 3773 2923 3847; x_wconf 90' lang='lat' dir='ltr'>quibus</span> <span class='ocrx_word' id='word_1_639' title='bbox 2946 3774 3009 3829; x_wconf 90' lang='lat' dir='ltr'>in</span> <span class='ocrx_word' id='word_1_640' title='bbox 3030 3773 3153 3830; x_wconf 84' lang='lat' dir='ltr'>vita</span> 
     </span>
     <span class='ocr_line' id='line_1_103' title="bbox 1786 3852 3150 3921; baseline -0.006 -5"><span class='ocrx_word' id='word_1_641' title='bbox 1786 3875 1905 3916; x_wconf 90' lang='lat' dir='ltr'>non</span> <span class='ocrx_word' id='word_1_642' title='bbox 1931 3859 2162 3916; x_wconf 74' lang='lat' dir='ltr'>fuerant</span> <span class='ocrx_word' id='word_1_643' title='bbox 2189 3856 2431 3915; x_wconf 90' lang='lat' dir='ltr'>remissa</span> <span class='ocrx_word' id='word_1_644' title='bbox 2465 3855 2722 3912; x_wconf 85' lang='lat' dir='ltr'>venialia</span> <span class='ocrx_word' id='word_1_645' title='bbox 2748 3898 2760 3921; x_wconf 92' lang='lat'>,</span> <span class='ocrx_word' id='word_1_646' title='bbox 2812 3854 2875 3909; x_wconf 91' lang='lat' dir='ltr'>in</span> <span class='ocrx_word' id='word_1_647' title='bbox 2904 3852 3150 3909; x_wconf 89' lang='lat' dir='ltr'>instanti</span> 
     </span>
     <span class='ocr_line' id='line_1_104' title="bbox 1783 3936 3150 4016; baseline -0.005 -17"><span class='ocrx_word' id='word_1_648' title='bbox 1783 3941 2167 4016; x_wconf 88' lang='lat' dir='ltr'>separationis</span> <span class='ocrx_word' id='word_1_649' title='bbox 2195 3956 2296 4013; x_wconf 91' lang='lat' dir='ltr'>per</span> <span class='ocrx_word' id='word_1_650' title='bbox 2334 3939 2621 4014; x_wconf 82' lang='lat' dir='ltr'>gratiam,</span> <span class='ocrx_word' id='word_1_651' title='bbox 2666 3942 2722 3995; x_wconf 91' lang='lat' dir='ltr'>et</span> <span class='ocrx_word' id='word_1_652' title='bbox 2762 3937 2981 3994; x_wconf 86' lang='lat' dir='ltr'>auxilia</span> <span class='ocrx_word' id='word_1_653' title='bbox 3020 3936 3150 3993; x_wconf 90' lang='lat' dir='ltr'>data</span> 
     </span>
     <span class='ocr_line' id='line_1_105' title="bbox 1784 4019 3150 4097; baseline -0.007 -15"><span class='ocrx_word' id='word_1_654' title='bbox 1784 4025 1849 4082; x_wconf 90' lang='lat' dir='ltr'>in</span> <span class='ocrx_word' id='word_1_655' title='bbox 1878 4024 2189 4097; x_wconf 89' lang='lat' dir='ltr'>Baptismo,</span> <span class='ocrx_word' id='word_1_656' title='bbox 2215 4028 2271 4080; x_wconf 92' lang='lat' dir='ltr'>et</span> <span class='ocrx_word' id='word_1_657' title='bbox 2296 4022 2581 4097; x_wconf 81' lang='lat' dir='ltr'>martyrio</span> <span class='ocrx_word' id='word_1_658' title='bbox 2608 4021 2765 4078; x_wconf 90' lang='lat' dir='ltr'>elicit</span> <span class='ocrx_word' id='word_1_659' title='bbox 2793 4025 2983 4075; x_wconf 91' lang='lat' dir='ltr'>actum</span> <span class='ocrx_word' id='word_1_660' title='bbox 3028 4019 3150 4075; x_wconf 83' lang='lat' dir='ltr'>fer-</span> 
     </span>
     <span class='ocr_line' id='line_1_106' title="bbox 1783 4102 3149 4178; baseline -0.006 -13"><span class='ocrx_word' id='word_1_661' title='bbox 1783 4108 1986 4166; x_wconf 85' lang='lat' dir='ltr'>vidum</span> <span class='ocrx_word' id='word_1_662' title='bbox 2026 4105 2343 4168; x_wconf 88' lang='lat' dir='ltr'>charitatis,</span> <span class='ocrx_word' id='word_1_663' title='bbox 2377 4121 2488 4178; x_wconf 91' lang='lat' dir='ltr'>quo</span> <span class='ocrx_word' id='word_1_664' title='bbox 2530 4104 2727 4163; x_wconf 89' lang='lat' dir='ltr'>omnia</span> <span class='ocrx_word' id='word_1_665' title='bbox 2768 4102 3026 4160; x_wconf 88' lang='lat' dir='ltr'>venialia</span> <span class='ocrx_word' id='word_1_666' title='bbox 3054 4117 3149 4158; x_wconf 90' lang='lat' dir='ltr'>re-</span> 
     </span>
     <span class='ocr_line' id='line_1_107' title="bbox 1785 4184 3143 4259; baseline -0.002 -14"><span class='ocrx_word' id='word_1_667' title='bbox 1785 4193 2105 4247; x_wconf 87' lang='lat' dir='ltr'>tractantur</span> <span class='ocrx_word' id='word_1_668' title='bbox 2130 4232 2142 4254; x_wconf 96' lang='lat'>,</span> <span class='ocrx_word' id='word_1_669' title='bbox 2187 4194 2246 4246; x_wconf 92' lang='lat' dir='ltr'>et</span> <span class='ocrx_word' id='word_1_670' title='bbox 2283 4187 2629 4243; x_wconf 77' lang='lat' dir='ltr'>auferuntur</span> <span class='ocrx_word' id='word_1_671' title='bbox 2654 4186 2838 4259; x_wconf 89' lang='lat' dir='ltr'>quoad</span> <span class='ocrx_word' id='word_1_672' title='bbox 2866 4184 3095 4256; x_wconf 90' lang='lat' dir='ltr'>culpam</span> <span class='ocrx_word' id='word_1_673' title='bbox 3129 4206 3143 4242; x_wconf 72' lang='grc' dir='ltr'><strong><em>ε</em></strong></span> 
     </span>
     <span class='ocr_line' id='line_1_108' title="bbox 1783 4267 3149 4342; baseline -0.005 -13"><span class='ocrx_word' id='word_1_674' title='bbox 1783 4273 1889 4329; x_wconf 90' lang='lat' dir='ltr'>hac</span> <span class='ocrx_word' id='word_1_675' title='bbox 1916 4275 2106 4328; x_wconf 90' lang='lat' dir='ltr'>autem</span> <span class='ocrx_word' id='word_1_676' title='bbox 2135 4270 2346 4334; x_wconf 89' lang='lat' dir='ltr'>ablata,</span> <span class='ocrx_word' id='word_1_677' title='bbox 2379 4285 2548 4342; x_wconf 86' lang='lat' dir='ltr'>poena</span> <span class='ocrx_word' id='word_1_678' title='bbox 2567 4268 2741 4325; x_wconf 90' lang='lat' dir='ltr'>etiam</span> <span class='ocrx_word' id='word_1_679' title='bbox 2763 4267 2979 4323; x_wconf 84' lang='lat' dir='ltr'>virtute</span> <span class='ocrx_word' id='word_1_680' title='bbox 3006 4268 3149 4339; x_wconf 86' lang='lat' dir='ltr'>Bap-</span> 
     </span>
     <span class='ocr_line' id='line_1_109' title="bbox 1782 4346 3147 4426; baseline -0.004 -17"><span class='ocrx_word' id='word_1_681' title='bbox 1782 4352 1963 4419; x_wconf 90' lang='lat' dir='ltr'>tismi,</span> <span class='ocrx_word' id='word_1_682' title='bbox 1990 4357 2046 4408; x_wconf 87' lang='lat' dir='ltr'>et</span> <span class='ocrx_word' id='word_1_683' title='bbox 2073 4351 2343 4426; x_wconf 87' lang='lat' dir='ltr'>martyrii</span> <span class='ocrx_word' id='word_1_684' title='bbox 2365 4348 2670 4407; x_wconf 88' lang='lat' dir='ltr'>evanescit.</span> <span class='ocrx_word' id='word_1_685' title='bbox 2704 4347 2870 4404; x_wconf 92' lang='lat' dir='ltr'>Unde</span> <span class='ocrx_word' id='word_1_686' title='bbox 2913 4363 3018 4404; x_wconf 89' lang='lat' dir='ltr'>nec</span> <span class='ocrx_word' id='word_1_687' title='bbox 3044 4346 3147 4404; x_wconf 91' lang='lat' dir='ltr'>de-</span> 
     </span>
     <span class='ocr_line' id='line_1_110' title="bbox 1782 4426 3145 4506; baseline -0.002 -18"><span class='ocrx_word' id='word_1_688' title='bbox 1782 4433 2046 4489; x_wconf 88' lang='lat' dir='ltr'>tinentur</span> <span class='ocrx_word' id='word_1_689' title='bbox 2069 4431 2130 4487; x_wconf 91' lang='lat' dir='ltr'>in</span> <span class='ocrx_word' id='word_1_690' title='bbox 2168 4428 2528 4506; x_wconf 80' lang='lat' dir='ltr'>PurgatoriO,</span> <span class='ocrx_word' id='word_1_691' title='bbox 2561 4442 2665 4483; x_wconf 87' lang='lat' dir='ltr'>nec</span> <span class='ocrx_word' id='word_1_692' title='bbox 2691 4426 2955 4500; x_wconf 82' lang='lat' dir='ltr'>indigent</span> <span class='ocrx_word' id='word_1_693' title='bbox 2976 4426 3145 4485; x_wconf 85' lang='lat' dir='ltr'>vivo-</span> 
     </span>
     <span class='ocr_line' id='line_1_111' title="bbox 1783 4504 3146 4583; baseline -0.003 -15"><span class='ocrx_word' id='word_1_694' title='bbox 1783 4527 1914 4568; x_wconf 92' lang='lat' dir='ltr'>rum</span> <span class='ocrx_word' id='word_1_695' title='bbox 1937 4509 2245 4583; x_wconf 75' lang='lat' dir='ltr'>suffragiiS.</span> <span class='ocrx_word' id='word_1_696' title='bbox 2265 4512 2357 4565; x_wconf 85' lang='lat' dir='ltr'>An</span> <span class='ocrx_word' id='word_1_697' title='bbox 2384 4513 2574 4564; x_wconf 88' lang='lat' dir='ltr'>autem</span> <span class='ocrx_word' id='word_1_698' title='bbox 2598 4504 2900 4579; x_wconf 86' lang='lat' dir='ltr'>praedictus</span> <span class='ocrx_word' id='word_1_699' title='bbox 2916 4506 3146 4565; x_wconf 85' lang='lat' dir='ltr'>fervens</span> 
     </span>
     <span class='ocr_line' id='line_1_112' title="bbox 1783 4587 3141 4663; baseline -0.004 -15"><span class='ocrx_word' id='word_1_700' title='bbox 1783 4591 2083 4648; x_wconf 83' lang='lat' dir='ltr'>charitatis</span> <span class='ocrx_word' id='word_1_701' title='bbox 2110 4607 2274 4647; x_wconf 88' lang='lat' dir='ltr'>amor</span> <span class='ocrx_word' id='word_1_702' title='bbox 2296 4588 2562 4663; x_wconf 89' lang='lat' dir='ltr'>procedat</span> <span class='ocrx_word' id='word_1_703' title='bbox 2589 4605 2622 4644; x_wconf 91' lang='lat' dir='ltr'>a</span> <span class='ocrx_word' id='word_1_704' title='bbox 2647 4587 2833 4661; x_wconf 82' lang='lat' dir='ltr'>gratia</span> <span class='ocrx_word' id='word_1_705' title='bbox 2872 4604 3141 4644; x_wconf 91' lang='lat' dir='ltr'>consum—</span> 
     </span>
     <span class='ocr_line' id='line_1_113' title="bbox 1782 4667 3144 4744; baseline -0.002 -15"><span class='ocrx_word' id='word_1_706' title='bbox 1782 4676 1941 4729; x_wconf 89' lang='lat' dir='ltr'>mata</span> <span class='ocrx_word' id='word_1_707' title='bbox 1990 4687 2093 4744; x_wconf 90' lang='lat' dir='ltr'>per</span> <span class='ocrx_word' id='word_1_708' title='bbox 2138 4671 2337 4727; x_wconf 90' lang='lat' dir='ltr'>lumen</span> <span class='ocrx_word' id='word_1_709' title='bbox 2364 4668 2564 4743; x_wconf 80' lang='lat' dir='ltr'>gloriae</span> <span class='ocrx_word' id='word_1_710' title='bbox 2591 4668 2655 4725; x_wconf 90' lang='lat' dir='ltr'>in</span> <span class='ocrx_word' id='word_1_711' title='bbox 2681 4667 2882 4726; x_wconf 91' lang='lat' dir='ltr'>eodem</span> <span class='ocrx_word' id='word_1_712' title='bbox 2909 4685 3144 4742; x_wconf 88' lang='lat' dir='ltr'>separa-</span> 
     </span>
     <span class='ocr_line' id='line_1_114' title="bbox 1782 4750 3145 4824; baseline -0.003 -14"><span class='ocrx_word' id='word_1_713' title='bbox 1782 4753 1959 4812; x_wconf 86' lang='lat' dir='ltr'>tionis</span> <span class='ocrx_word' id='word_1_714' title='bbox 1986 4751 2266 4817; x_wconf 86' lang='lat' dir='ltr'>instanti;</span> <span class='ocrx_word' id='word_1_715' title='bbox 2297 4766 2373 4806; x_wconf 88' lang='lat' dir='ltr'>an</span> <span class='ocrx_word' id='word_1_716' title='bbox 2407 4765 2553 4807; x_wconf 68' lang='lat' dir='ltr'>⁴vero</span> <span class='ocrx_word' id='word_1_717' title='bbox 2575 4765 2608 4805; x_wconf 92' lang='lat' dir='ltr'>a</span> <span class='ocrx_word' id='word_1_718' title='bbox 2634 4750 2821 4824; x_wconf 82' lang='lat' dir='ltr'>gratia</span> <span class='ocrx_word' id='word_1_719' title='bbox 2862 4764 2979 4805; x_wconf 91' lang='lat' dir='ltr'>non</span> <span class='ocrx_word' id='word_1_720' title='bbox 3005 4766 3145 4807; x_wconf 90' lang='lat' dir='ltr'>con-</span> 
     </span>
     <span class='ocr_line' id='line_1_115' title="bbox 1781 4829 3147 4905; baseline -0.001 -15"><span class='ocrx_word' id='word_1_721' title='bbox 1781 4836 2072 4890; x_wconf 90' lang='lat' dir='ltr'>summata</span> <span class='ocrx_word' id='word_1_722' title='bbox 2095 4875 2109 4900; x_wconf 91' lang='lat'>,</span> <span class='ocrx_word' id='word_1_723' title='bbox 2159 4848 2286 4905; x_wconf 75' lang='lat' dir='ltr'>quaa</span> <span class='ocrx_word' id='word_1_724' title='bbox 2339 4847 2444 4904; x_wconf 90' lang='lat' dir='ltr'>pro</span> <span class='ocrx_word' id='word_1_725' title='bbox 2495 4830 2600 4886; x_wconf 92' lang='lat' dir='ltr'>illo</span> <span class='ocrx_word' id='word_1_726' title='bbox 2652 4829 2894 4886; x_wconf 89' lang='lat' dir='ltr'>instanti</span> <span class='ocrx_word' id='word_1_727' title='bbox 2961 4829 3147 4888; x_wconf 90' lang='lat' dir='ltr'>adhuc</span> 
     </span>
     <span class='ocr_line' id='line_1_116' title="bbox 1782 4913 3148 4990; baseline -0.002 -17"><span class='ocrx_word' id='word_1_728' title='bbox 1782 4920 2145 4990; x_wconf 84' lang='lat' dir='ltr'>perseveret,</span> <span class='ocrx_word' id='word_1_729' title='bbox 2198 4929 2404 4988; x_wconf 84' lang='lat' dir='ltr'>parum</span> <span class='ocrx_word' id='word_1_730' title='bbox 2432 4913 2674 4979; x_wconf 80' lang='lat' dir='ltr'>interest</span> <span class='ocrx_word' id='word_1_731' title='bbox 2700 4913 2771 4969; x_wconf 86' lang='lat' dir='ltr'>ad</span> <span class='ocrx_word' id='word_1_732' title='bbox 2806 4917 3148 4986; x_wconf 75' lang='lat' dir='ltr'>praesentem</span> 
     </span>
     <span class='ocr_line' id='line_1_117' title="bbox 1779 4992 3141 5073; baseline -0.001 -20"><span class='ocrx_word' id='word_1_733' title='bbox 1779 4997 2196 5054; x_wconf 86' lang='lat' dir='ltr'>difficultatem.</span> <span class='ocrx_word' id='word_1_734' title='bbox 2223 4993 2543 5052; x_wconf 84' lang='lat' dir='ltr'>videantur</span> <span class='ocrx_word' id='word_1_735' title='bbox 2571 4992 2812 5051; x_wconf 89' lang='lat' dir='ltr'>dicenda</span> <span class='ocrx_word' id='word_1_736' title='bbox 2832 5001 2996 5050; x_wconf 85' lang='lat' dir='ltr'>tract.</span> <span class='ocrx_word' id='word_1_737' title='bbox 3034 5011 3141 5073; x_wconf 86' lang='lat' dir='ltr'>seq.</span> 
     </span>
    </p>
   </div>
   <div class='ocr_carea' id='block_1_8' title="bbox 1779 5076 2378 5152">
    <p class='ocr_par' dir='ltr' id='par_1_13' title="bbox 1779 5076 2378 5152">
     <span class='ocr_line' id='line_1_118' title="bbox 1779 5076 2378 5152; baseline 0.002 -19"><span class='ocrx_word' id='word_1_738' title='bbox 1779 5079 1921 5152; x_wconf 81' lang='lat' dir='ltr'>disp.</span> <span class='ocrx_word' id='word_1_739' title='bbox 1951 5079 2006 5144; x_wconf 91' lang='lat'>5,</span> <span class='ocrx_word' id='word_1_740' title='bbox 2031 5076 2158 5133; x_wconf 83' lang='lat' dir='ltr'>dub.</span> <span class='ocrx_word' id='word_1_741' title='bbox 2198 5078 2378 5134; x_wconf 79' lang='lat' dir='ltr'>unico.</span> 
     </span>
    </p>
   </div>
  </div>
 </body>
</html>
