3647 5753
516 440 623 493 404
1472 436 1564 490 DE
1602 436 1630 489 ,J
1640 435 2187 511 USTIFICATIONE
2230 435 2431 489 1MP11.

506 609 790 665 terminat
841 608 1103 664 affectum
1172 606 1442 663 divinum
1502 606 1871 664 conditiona-

507 697 659 756 tum,
702 707 813 762 quo
844 693 1005 753 DeuS,
1046 694 1325 762 quantum
1364 695 1448 745 est
1476 688 1547 746 de
1585 705 1665 756 se,
1697 690 1874 747 vellet

504 786 635 827 ,non
658 768 1005 842 praecessisse
1027 774 1315 841 peccatum
1339 769 1576 836 actuale,
1604 784 1715 827 nec
1736 785 1874 842 prae-

516 850 707 907 buisse
735 848 1178 906 fundamentum
1205 847 1420 906 divinae
1460 848 1868 923 indignationi,

504 937 601 990 est
626 932 765 989 satis
790 931 957 989 futile
981 975 995 997 ,
1020 937 1077 987 et
1121 931 1492 988 insufficiens,
1535 933 1685 988 Tum
1737 931 1875 1005 quia

502 1028 648 1070 -cum
694 1013 868 1069 homo
913 1017 1038 1068 actu
1081 1015 1290 1084 peccat,
1337 1010 1508 1069 habet
1545 1014 1695 1069 Deus
1723 1012 1877 1068 hune

510 1094 783 1151 ‘affectum
827 1092 1302 1161 conditionatum,
1346 1090 1634 1165 siquidem
1676 1108 1875 1166 pecca-

519 1181 643 1230 tum
689 1175 801 1249 ipsi
843 1173 1142 1247 displicet;
1185 1181 1242 1233 et
1275 1174 1664 1231 nihilominus
1702 1190 1773 1230 ex
1815 1174 1877 1231 vi

518 1258 689 1332 huJ'us
740 1257 972 1314 affectus
1030 1273 1149 1314 non
1208 1256 1526 1331 impeditur
1570 1256 1879 1314 existentia

520 1339 748 1413 peccati,
794 1355 899 1396 nec
944 1340 1213 1396 voluntas
1270 1339 1669 1413 absoluta,qua
1730 1341 1879 1396 Deus

520 1421 646 1477 vult
667 1420 811 1476 illud
836 1420 1201 1492 permittere:
1223 1437 1360 1495 ergo
1387 1419 1687 1494 praedictus
1715 1420 1879 1477 ass'ec-

521 1508 611 1558 tus
649 1506 734 1558 est
776 1500 1125 1557 insufficiens
1166 1501 1237 1557 ad
1254 1501 1722 1571 ,destructionem
1746 1515 1879 1573 pec-

506 1582 650 1648 -cati,
680 1587 737 1638 et
764 1579 834 1637 ad
873 1579 1292 1638 excludendam
1318 1584 1677 1639 voluntatem
1708 1579 1879 1637 abso-

522 1664 741 1727 lutam,
786 1677 897 1735 qua
948 1663 1072 1717 vult
1118 1661 1266 1718 illud
1305 1663 1634 1736 imputare,
1677 1667 1734 1718 et
1761 1675 1880 1717 non

509 1743 866 1801 condonare.
899 1745 1047 1798 Tum
1076 1744 1271 1810 etiam,
1296 1745 1430 1819 quia
1459 1745 1580 1818 ipse
1603 1748 1877 1816 peccator,

524 1832 821 1900 postquam
852 1826 1119 1899 peccavit,
1160 1827 1329 1884 habet
1370 1828 1662 1885 multoties
1709 1827 1879 1883 illum

523 1909 786 1966 affectum
836 1907 1318 1977 conditionatum,
1375 1926 1487 1983 quo
1537 1911 1713 1975 vellet
1764 1924 1881 1966 non

520 2005 777 2064 peccasse
801 2031 814 2056 ,
852 2004 954 2045 nec
999 1989 1268 2046 divinum
1298 1989 1496 2047 odium
1525 1990 1877 2056 incurrisse;

521 2076 578 2127 et
598 2070 984 2126 nihilominus
1005 2070 1125 2128 haec
1149 2073 1415 2128 voluntas
1430 2077 1515 2129 est
1532 2071 1882 2128 insufficiens

523 2152 595 2209 ad
624 2153 1051 2210 retractandum
1094 2160 1282 2212 actum
1306 2155 1781 2228 peccaminosum,
1827 2155 1885 2209 et

523 2234 597 2292 ad
624 2235 1031 2313 destruendum
1060 2243 1271 2293 statum
1302 2240 1508 2311 peccati
1547 2234 1878 2297 habitualis,

524 2317 808 2389 siquidem
849 2325 973 2374 actu
1001 2321 1364 2392 componitur
1398 2336 1528 2376 cum
1571 2320 1674 2376 illo
1706 2340 1719 2374 ε
1748 2333 1885 2390 ergo

526 2399 679 2456 idem
708 2399 1011 2455 dicendum
1053 2407 1139 2457 est
1165 2402 1235 2458 de
1261 2403 1365 2460 illo
1400 2402 1499 2459 Dei
1522 2400 1723 2458 affectu
1745 2415 1887 2456 con-

526 2479 1221 2550 ditionato.·Praesertim,
1254 2483 1389 2557 quia
1428 2484 1645 2539 frustra
1687 2494 1887 2536 recur-

529 2563 713 2618 rimus
754 2562 823 2619 ad
875 2564 979 2620 hos
1032 2564 1262 2622 affectus
1313 2562 1880 2638 imperfectissimOS,

446 2651 471 2661 “
526 2657 656 2698 curn
705 2644 880 2715 possit
933 2647 1078 2701 Deus
1134 2644 1428 2712 absolute,
1478 2648 1535 2698 et
1585 2640 1886 2697 efficaciter

528 2722 718 2780 dicere
745 2746 757 2777 :
786 2726 1020 2783 Remitto
1063 2727 1163 2781 tibi
1184 2732 1486 2799 peccatum,
1529 2721 1748 2776 absolvo
1776 2726 1823 2773 te
1850 2737 1886 2773 a

527 2808 759 2879 pcccatis
789 2825 806 2859 .·
830 2808 974 2863 sicut
1006 2806 1324 2863 sacerdotes
1347 2805 1445 2860 Dei
1477 2802 1711 2859 nomine
1738 2799 1887 2856 dici-

531 2903 661 2943 mus
701 2888 763 2943 in
810 2888 1167 2945 absolutione
1193 2884 1624 2944 sacramentali.
1655 2881 1885 2938 Simili-

316 2994 511 3046 fflpama,
530 2975 637 3037 ter,
667 2969 817 3043 quod
843 2970 1085 3042 Ripalda
1119 2975 1242 3042 post
1273 2970 1466 3042 plures
1505 2965 1732 3024 dicendi
1761 2981 1889 3022 mo-

532 3052 683 3110 dosa
710 3068 771 3109 se
819 3053 1056 3118 relatos,
1087 3057 1143 3107 et
1180 3053 1545 3126 impugnatos
1588 3046 1892 3121 respondet

531 3134 675 3205 disp.
728 3134 822 3187 cit.
870 3139 997 3188 sect.
1048 3129 1123 3190 '25
1148 3175 1161 3198 ,
1217 3151 1370 3188 num.
1419 3132 1548 3196 343,
1598 3128 1891 3186 condona-

532 3217 749 3272 tionem
775 3215 1155 3271 extrinsecam
1198 3215 1317 3280 Dei,
1365 3220 1423 3271 et
1459 3213 1581 3286 ejus
1608 3211 1891 3286 objectum

531 3298 612 3352 sic
637 3294 915 3368 explicari
938 3296 1170 3354 :Statue
1195 3315 1279 3352 mc
1300 3297 1547 3369 deinceps
1563 3310 1743 3365 yet-ere
1767 3311 1894 3348 cum

528 3383 821 3450 peccatore,
847 3395 912 3433 ac
931 3379 981 3432 si
1000 3396 1286 3456 nunquam
1303 3378 1649 3451 peccavisset,
1676 3373 1894 3429 nullum

527 3463 581 3516 ci
624 3459 848 3514 volendo
892 3462 1104 3516 malum
1130 3505 1141 3527 ‚
1174 3479 1267 3517 nec
1294 3461 1505 3516 intuitu
1548 3463 1890 3532 pcccatorum

529 3542 692 3598 aliter
742 3541 947 3612 aycndo
990 3561 1114 3598 cum
1166 3543 1261 3598 ilco
1284 3585 1297 3608 ,
1342 3560 1409 3598 ac
1447 3558 1571 3596 cum
1619 3539 1767 3603 aliis,
1799 3536 1895 3614 qui

531 3640 816 3701 nunquam
853 3630 1245 3694 peccaverunt;
1292 3619 1645 3678 insufficiens
1685 3622 1791 3682 est,
1840 3619 1897 3671 et

534 3704 744 3760 falsum
767 3704 1059 3777 supponit.
1090 3705 1373 3768 Quoniam
1405 3699 1764 3775 impossibile
1789 3701 1892 3760 est,

554 3783 704 3857 quod
744 3788 889 3841 Deus
915 3785 1114 3842 eodem
1141 3785 1310 3841 modo
1330 3800 1390 3842 se
1417 3787 1577 3856 gerat
1603 3795 1733 3837 cum
1765 3793 1897 3849 pec-

535 3870 740 3931 catore,
760 3883 821 3923 ac
841 3883 970 3922 cum
987 3867 1137 3932 aliis,
1158 3867 1254 3938 qui
1275 3870 1590 3938 peccatores
1606 3876 1723 3918 non
1740 3865 1893 3926 sunt,

533 3947 646 4004 nisi
660 3948 819 4020 prius
832 3947 1156 4004 destruatur
1174 3950 1480 4018 peccatum;
1494 3948 1679 4000 stante
1690 3941 1902 4015 quippe

534 4033 775 4101 peccato,
796 4027 993 4100 nequit
1016 4044 1132 4084 non
1153 4043 1223 4084 ex
1241 4031 1401 4098 parte
1417 4025 1515 4082 Dei
1533 4029 1687 4079 stare
1701 4021 1900 4079 odium

527 4107 872 4182 ‚peccatoris;
897 4112 1064 4179 atque
1091 4105 1217 4164 ideo
1245 4121 1363 4163 non
1388 4120 1449 4161 se
1472 4107 1630 4178 geret
1654 4117 1785 4158 cum
1810 4116 1897 4165 e0,

531 4194 678 4249 sicut
703 4208 833 4247 cum
856 4187 1259 4245 innocentibus
1283 4201 1449 4260 :ergo
1471 4184 1633 4257 prius
1653 4198 1724 4239 ex
1742 4184 1904 4255 parte

523 4275 732 4350 «objecti
762 4271 1102 4335 intenditur,
1134 4267 1562 4332 etvdecernitur,
1595 4263 1904 4321 destructio

539 4355 747 4431 peccati
773 4398 786 4420 ‚
834 4370 1007 4428 quam
1050 4351 1339 4409 convictus
1364 4393 1376 4417 ,
1425 4354 1489 4405 ut
1512 4349 1594 4404 sic
1617 4347 1899 4411 dicamus,

538 4439 641 4495 Dei
662 4455 790 4495 cum
829 4440 1134 4510 peccatore,
1165 4433 1310 4489 sicut
1335 4448 1464 4488 cum
1493 4431 1624 4488 aliis
1649 4451 1662 4486 :
1686 4434 1740 4486 et
1765 4444 1907 4486 con-

534 4525 838 4591 sequenter
866 4515 1147 4593 assignari
1196 4513 1378 4569 adhuc
1417 4511 1584 4569 debet
1622 4509 1907 4583 objectum

528 4598 991 4663 condonationis,
1035 4613 1149 4671 qua
1174 4597 1321 4651 Deus
1346 4593 1560 4650 dicitur
1610 4589 1907 4647 destruere

539 4685 860 4757 peccatum3
889 4682 947 4735 et
974 4676 1439 4751 impugnationes
1458 4688 1632 4746 supra
1656 4671 1815 4728 factae
1842 4669 1907 4724 in

524 4781 640 4822 -suo
682 4761 886 4819 robore
932 4760 1260 4833 persistunt.
1305 4755 1470 4814 Unde
1510 4755 1603 4811 vel
1646 4749 1910 4826 neganda

526 4850 622 4904 est
642 4857 780 4900 vera
802 4840 1086 4907 remissio,
1117 4844 1172 4895 et
1199 4836 1508 4894 destructio
1549 4832 1790 4907 peccati;
1816 4830 1909 4887 vel

530 4920 961 4984 admittendum
1001 4926 1087 4977 est
1133 4921 1420 4992 peccatum
1466 4913 1759 4971 habituale
1785 4911 1910 4966 dis-

535 5007 783 5063 tinctum
810 5003 884 5061 ab
908 5007 1031 5059 actu
1071 4998 1299 5073 peccati,
1331 5002 1387 5054 et
1412 5013 1445 5053 a
1468 5011 1588 5052 non
1614 4991 1910 5051 condona·

536 5087 698 5145 tione
718 5084 937 5152 divina,
962 5079 1113 5156 quod
1137 5078 1448 5135 intrinsece
1476 5075 1682 5134 afficiat
1712 5088 1909 5146 pecca-

2004 612 2208 673 torem,
2238 606 2462 680 etquod
2489 603 2732 661 subinde
2761 601 2967 673 absque
2996 598 3117 671 ejus
3147 597 3368 651 immu-

2003 689 2219 746 tatione
2265 688 2577 744 intrinseca
2625 682 2843 741 destrui
2895 696 3011 736 non
3059 676 3235 753 possit
3259 720 3272 744 ,
3308 682 3368 731 ut

2004 786 2177 843 supra
2197 768 2472 825 diximus,

2089 852 2207 908 152.
2251 848 2358 906 Sed
2409 849 2705 922 opponunt
2756 843 3071 903 Juniores;
3121 854 3259 895 nam
3305 837 3608 906 inohjoetio.

2007 930 2279 988 humanis
2324 946 2425 1004 per
2464 928 2569 985 hoc
2614 925 2883 1000 praecise,
2926 919 3076 995 quod
3120 919 3374 976 offensus

2009 1010 2263 1069 remittat
2306 1008 2587 1084 injuriam
2648 1003 2960 1064 offendenti
2986 1046 2999 1067 ,
3055 999 3380 1057 destruitur

2008 1092 2225 1150 offensa
2263 1089 2473 1163 absque
2513 1087 2632 1144 ulla
2673 1086 2988 1143 intrinseca
3032 1079 3375 1140 offendentis

2010 1173 2414 1235 immutatione
2446 1192 2459 1228 ε
2489 1186 2624 1244 ergo
2666 1167 2817 1225 idem
2857 1164 3166 1224 dicendum
3193 1168 3279 1220 est
3303 1161 3375 1219 de

2009 1255 2228 1329 injuria
2252 1296 2266 1320 ,
2314 1252 2439 1308 sive
2465 1251 2682 1309 offensa
2707 1254 2906 1307 contra
2933 1249 3134 1313 Deum,
3172 1250 3228 1300 et
3252 1243 3374 1317 ejus

2010 1336 2455 1394 destructionem
2481 1378 2494 1402 ,
2537 1335 2742 1391 saltem
2790 1347 2890 1404 per
2937 1333 3255 1401 respectum
3303 1324 3373 1381 ad

2012 1418 2325 1491 potentiam
2355 1416 2456 1474 Dei
2479 1414 2818 1473 absolutam.

2084 1499 2172 1555 Ad
2199 1500 2346 1557 hanc
2370 1498 2748 1572 objectionem
2778 1494 2949 1553 latius
2975 1491 3134 1549 infra
3158 1493 3377 1547 consta·
3388 1488 3596 1534 Diluitur

2012 1585 2096 1642 bit
2127 1607 2140 1642 :
2172 1600 2326 1640 nunc
2351 1581 2605 1655 breviter
2641 1579 3040 1653 respondetur,
3063 1572 3214 1647 quod
3246 1572 3378 1629 licet

2011 1667 2076 1723 in
2105 1663 2374 1722 humanis
2416 1663 2591 1736 possit
2618 1661 2865 1718 offensus
2891 1658 3187 1716 destruere
3215 1655 3376 1727 inju-

2014 1749 2185 1815 riam,
2222 1751 2503 1818 quantum
2535 1745 2603 1800 ad
2630 1743 2721 1814 jus
2751 1741 3080 1815 proximum
3109 1736 3374 1810 exigendi

2012 1828 2456 1887 satisfactionem
2500 1843 2602 1899 pro
2645 1827 2765 1890 illa,
2827 1840 2926 1895 per
2977 1823 3082 1878 hoc
3125 1818 3373 1892 praecise,

2012 1911 2161 1984 quod
2182 1908 2342 1967 cedat
2374 1908 2495 1982 juri
2523 1923 2653 1973 suo;
2680 1905 3067 1961 nihilominus
3105 1900 3286 1956 adhuc
3312 1899 3379 1954 in

2015 1992 2286 2049 humanis
2333 1988 2529 2061 nequit
2574 1986 2790 2043 destrui
2829 1981 3183 2041 inordinatio
3209 1979 3381 2036 habi-

2015 2072 2205 2136 tualiS‚
2231 2086 2403 2142 quam
2431 2069 2559 2141 quis
2586 2066 2872 2123 contraxit
2894 2059 3232 2121 offendendo
3250 2075 3380 2133 gra-

2015 2156 2165 2213 viter
2206 2152 2559 2226 proximum,
2592 2155 2647 2206 et
2669 2149 2890 2205 ratione
2912 2148 3068 2219 cujus
3095 2141 3381 2200 contraxit

2016 2236 2331 2294 carentiam
2358 2232 2779 2291 conformitatis
2819 2228 3129 2285 habitualis
3176 2224 3244 2280 ad
3292 2224 3383 2279 le-

2015 2333 2145 2392 gem
2175 2317 2520 2372 naturalem.
2548 2313 2660 2369 uisi
2689 2311 2983 2368 offendens
3023 2310 3381 2365 voluntatem

2020 2402 2315 2460 retractet,
2360 2402 2416 2453 et
2454 2395 2731 2470 injuriam
2763 2409 2791 2447 a
2813 2409 2873 2447 se
2901 2391 3105 2446 factam
3133 2388 3384 2444 deteste-

2021 2483 2132 2533 tur.
2169 2476 2332 2532 Unde
2372 2476 2504 2531 licet
2543 2474 2791 2532 offensus
2818 2471 3098 2529 condonet
3121 2484 3192 2525 ex
3221 2472 3388 2539 parte

2018 2575 2122 2615 sua
2150 2558 2449 2630 injuriam,
2478 2557 2599 2612 sive
2621 2558 2642 2630 j
2653 2572 2715 2611 us
2743 2551 3012 2625 exigendi
3040 2547 3385 2606 satisfactio-

2020 2654 2153 2695 nem
2174 2661 2187 2703 ;
2215 2637 2399 2693 adhuc
2422 2643 2614 2691 tamen
2635 2633 2931 2691 offendens
2956 2637 3041 2688 est
3070 2645 3242 2703 prave
3263 2627 3389 2685 dis-

2021 2717 2235 2789 positus
2259 2716 2410 2772 circa
2438 2717 2631 2779 illum,
2666 2713 2778 2769 nisi
2807 2714 3156 2768 voluntatem
3179 2713 3389 2765 mutet.

2018 2795 2179 2859 Q‘uod
2209 2795 2393 2867 potius
2423 2794 2653 2850 roborat
2682 2793 2952 2847 hactenus
2979 2790 3160 2854 dicta;
3194 2788 3392 2845 liben-

2021 2883 2109 2932 ter
2149 2878 2360 2950 quippe
2380 2874 2583 2931 dam'us
2605 2872 2987 2938 AdversariiS,
3017 2887 3175 2943 posse
3205 2870 3391 2926 Deum

2023 2958 2316 3014 remittere
2350 2957 2442 3030 jus
2472 2954 2801 3027 proximum
2830 2950 3096 3025 exigendi
3125 2950 3392 3007 satisfac-

2022 3039 2237 3094 tionem
2268 3052 2370 3109 pro
2393 3040 2632 3108 peccato,
2664 3031 3023 3089 decernendo
3051 3048 3109 3088 se
3141 3032 3202 3086 in
3230 3038 3394 3089 mter·

2024 3135 2165 3174 num
2193 3117 2340 3174 illud
2380 3133 2497 3174 non
2525 3116 2750 3189 punire,
2793 3114 2936 3186 quin
2970 3112 3185 3186 aliquid
3217 3119 3394 3185 ponat

2024 3200 2087 3255 in
2117 3205 2401 3272 peccatore
2433 3219 2446 3253 ε
2472 3197 2568 3254 sed
2612 3212 2906 3269 negamus,
2937 3195 3086 3268 quod
3117 3194 3392 3267 possitsic

2023 3285 2317 3340 destruere
2340 3286 2626 3354 peccatum
2656 3277 2966 3344 habituale,
2993 3276 3139 3350 quod
3166 3275 3389 3332 consis-

2008 3366 2094 3427 ,tit
2138 3364 2201 3420 in
2244 3379 2312 3420 ea
2354 3360 2791 3419 deordinatione
2832 3358 3164 3424 intrinseca,
3208 3372 3383 3428 quam

2027 3446 2198 3502 homo
2226 3442 2502 3517 peccando
2528 3440 2830 3506 contraxit,
2879 3439 3101 3494 ratione
3126 3437 3282 3511 cujus
3308 3444 3396 3493 est

2028 3529 2338 3585 intrinsece
2377 3525 2714 3589 maculatuS,
2761 3519 2969 3594 dignus
2998 3537 3182 3593 poena,
3217 3535 3394 3592 prave

2027 3610 2336 3683 dispositus
2363 3623 2499 3682 erga
2546 3608 2745 3669 Deum,
2790 3610 2846 3658 et
2885 3619 3119 3659 aversus
3147 3601 3217 3658 ab
3264 3602 3386 3659 illo.

2030 3694 2142 3748 Nec
2168 3691 2228 3747 id
2266 3706 2337 3746 ex
2378 3686 2616 3744 adducto
2643 3684 2907 3757 exemplo
2928 3682 3189 3739 convinci
3219 3684 3389 3747 valet,

2029 3771 2126 3828 sed
2187 3771 2373 3844 potius
2439 3767 2783 3840 oppositum.
2848 3767 2944 3819 Est
3003 3769 3195 3819 tamen
3242 3763 3396 3820 inter

2031 3852 2362 3924 exemplum
2404 3846 2578 3910 illud,
2628 3852 2684 3902 et
2725 3861 2844 3902 rem
2889 3849 3225 3917 praesentem
3280 3844 3397 3899 haee

2031 3933 2374 3996 differentia,
2416 3928 2651 4003 quodin
2680 3927 2951 3983 humanis
2994 3931 3172 3999 potest
3212 3925 3397 3982 offen-

2033 4034 2129 4072 sus
2150 4031 2267 4071 non
2287 4014 2473 4070 solum
2505 4011 2796 4067 remittere
2816 4009 2910 4081 jus
2929 4007 3197 4081 exigendi
3224 4007 3395 4063 satis-

2035 4098 2361 4160 factionem,
2386 4092 2485 4150 sed
2523 4093 2699 4149 etiam
2723 4106 2920 4146 amare
2940 4090 3281 4163 simpliciter
3296 4087 3394 4145 ›of-

2034 4175 2385 4240 rendentem,
2408 4170 2538 4229 licet
2560 4172 2650 4227 hic
2673 4171 2984 4226 intrincese
3003 4168 3202 4226 eodem
3227 4166 3398 4225 modo

2035 4274 2095 4314 se
2142 4256 2346 4313 habeat
2371 4276 2384 4310 ε
2409 4258 2677 4309 caeterum
2726 4253 2890 4315 DeuS,
2944 4251 3073 4307 licet
3102 4249 3278 4323 possit
3305 4263 3399 4305 re·

2036 4337 2266 4393 mit-tere
2291 4333 2739 4390 satisfactionem
2784 4347 2888 4402 pro
2916 4336 3160 4402 peccato,
3205 4328 3403 4403 nequit

2037 4425 2232 4474 tamen
2258 4415 2501 4488 diligere
2527 4412 2871 4485 simpliciter
2895 4415 3262 4483 peccatorem,
3291 4408 3403 4465 nisi

2038 4498 2349 4556 intrinsece
2399 4499 2673 4550 mutetur.
2735 4495 2803 4547 Et
2853 4493 3001 4550 ratio
3050 4489 3407 4547 discriminis

2037 4578 2288 4636 sumitur
2308 4593 2380 4633 ex
2401 4573 2837 4647 imperfectione
2883 4572 3098 4630 amoris
3125 4571 3324 4637 creati,
3354 4575 3408 4627 et

2043 4747 2223 4819 potest
2242 4738 2550 4797 terminari
2574 4737 2644 4795 ad
2667 4753 2972 4810 personam
3002 4737 3329 4808 peccatoris,
3354 4741 3410 4792 et

2041 4828 2455 4896 consequenter
2480 4819 2725 4893 diligere
2751 4817 3091 4890 simpliciter
3118 4815 3410 4874 offenden-

2044 4914 2181 4973 tem,
2212 4906 2345 4962 licet
2375 4903 2497 4976 ipse
2520 4902 2878 4957 voluntatem
2907 4915 3025 4956 non
3050 4903 3336 4965 retractet,
3357 4902 3410 4953 et

2044 4984 2546 5044 inordinationem
2599 4996 2716 5037 nou
2762 4979 3010 5052 deponat
3037 5001 3049 5035 ε
3081 4979 3173 5036 hic
3218 4985 3409 5034 autem

2047 5067 2244 5142 nequit
2259 5082 2375 5124 non
2388 5068 2734 5138 peccatorem
2758 5061 2962 5129 odisse,
2984 5066 3236 5135 utsupra
3260 5058 3406 5116 dixi-

3283 5156 3411 5196 mus
