3647 5753
459 404 573 459 ’746
1396 392 1487 446 DE
1528 392 1601 445 IN
1608 389 1850 445 FLUXU
1889 387 2340 444 CHARI'I'A‘PIS.

462 580 519 630 et
565 587 808 642 corpus:
863 567 1014 624 unde
1046 566 1190 622 sicut
1234 567 1431 622 anima
1457 579 1517 619 se
1543 562 1665 619 sola
1706 577 1820 617 non

464 654 759 711 constituit
792 650 1109 713 hominem,
1155 649 1269 705 nisi
1313 653 1560 719 ponatur
1598 660 1817 717 corpuS,

464 734 614 808 quod
642 734 711 791 ab
733 750 798 791 ea
821 732 1187 796 informetur:
1214 729 1293 784 sic
1319 745 1419 783 nec
1445 725 1648 783 modus
1666 742 1823 782 cons-

468 816 623 872 tituit
675 815 970 878 meritum,
1005 812 1120 867 nisi
1166 814 1559 874 exerceantur,
1590 812 1643 863 et
1667 805 1736 862 ab
1757 823 1823 863 eo

470 899 860 956 informentur
884 894 1138 969 praedicti
1163 898 1336 949 actus.

540 982 632 1034 54.
655 981 767 1034 Nec
781 977 957 1033 satius
973 980 1119 1031 esset
1148 973 1313 1031 nobis
1333 987 1534 1029 curare
1555 969 1625 1026 de
1652 969 1826 1026 mini-

468 1077 563 1116 mo
576 1066 696 1115 actu
710 1057 1182 1129 charitatisquam
1197 1053 1264 1109 de
1277 1054 1523 1108 aliarum
1540 1051 1821 1108 virtutum

468 1141 686 1199 actibus
724 1140 947 1215 egregie
967 1136 1294 1195 exercendis
1326 1154 1338 1187 :
1366 1145 1486 1189 turn
1514 1133 1648 1206 quia
1678 1137 1741 1187 ut
1761 1131 1825 1187 in

471 1221 1034 1296 plurimum,quoties
1049 1222 1341 1275 exercetur
1358 1214 1657 1288 perfectior
1671 1217 1825 1269 actus

472 1305 721 1368 virtutiS,
767 1308 920 1358 actus
964 1302 1062 1374 qui
1101 1299 1328 1355 elicitur
1368 1313 1399 1351 a
1438 1296 1714 1352 charitate
1742 1298 1823 1351 est

469 1384 642 1442 etiam
668 1382 987 1457 perfectior,
1020 1378 1311 1450 magisque
1339 1376 1644 1432 intensior.
1675 1377 1823 1430 Tum

470 1466 660 1530 etiam,
681 1463 814 1536 quia
835 1479 962 1518 cum
982 1477 1083 1534 pro
1100 1458 1420 1531 perfectiori
1443 1462 1497 1513 et
1520 1456 1821 1513 intensiori

472 1546 700 1602 virtutis
723 1550 843 1600 actu
874 1541 1212 1599 exhibeatur
1238 1554 1466 1611 semper
1490 1553 1522 1594 a
1548 1538 1826 1594 charitate

472 1628 777 1703 perfectior
816 1624 1037 1688 modus,
1086 1624 1289 1696 poterit
1335 1621 1404 1677 ad
1452 1626 1820 1695 augmentum

473 1709 725 1785 praedicti
750 1714 902 1764 actus
925 1704 1250 1780 hujusmodi
1281 1702 1484 1759 modus
1507 1699 1823 1775 usqueadeo

473 1792 718 1859 intendi,
757 1797 813 1849 et
840 1791 1055 1865 augeri,
1090 1794 1150 1844 ut
1176 1786 1376 1843 fundet
1411 1785 1596 1858 majus
1642 1784 1826 1840 meri-

474 1881 616 1942 tum,
647 1890 818 1948 quam
846 1873 1128 1928 minimus
1159 1870 1257 1925 ille
1303 1874 1457 1924 actus
1502 1865 1820 1922 charitatis.

264 1974 460 2019 nituitur
548 1960 657 2014 Per
685 1955 831 2029 quod
857 1958 1006 2028 patet
1047 1952 1115 2009 ad
1148 1949 1663 2012 confirmationem,
1689 1946 1825 2017 quia

286 2026 433 2119 {fffflg‘
472 2056 587 2098 non
611 2044 738 2105 stat,
766 2042 952 2094 actum
983 2037 1328 2108 imperatum
1353 2049 1382 2088 a
1405 2030 1683 2087 charitate
1702 2044 1825 2085 esse

415 2107 426 2118 ’
469 2121 652 2195 magis
679 2118 988 2192 perfectum
1019 2116 1080 2170 in
1109 2132 1242 2181 uno,
1270 2129 1440 2187 quam
1466 2111 1598 2175 alio,
1624 2114 1680 2165 et
1706 2125 1823 2166 non

467 2219 533 2261 eo
555 2204 679 2277 ipso
706 2200 902 2275 augeri
932 2200 993 2256 in
1023 2198 1127 2254 illo
1147 2198 1338 2270 aliquo
1373 2193 1542 2251 modo
1569 2193 1825 2249 charita-

466 2290 600 2349 tem,
628 2287 682 2341 et
708 2283 755 2337 si
786 2297 901 2337 non
928 2293 1153 2351 semper
1182 2277 1405 2333 ratione
1445 2282 1600 2332 actus
1629 2273 1825 2330 chari-

463 2365 597 2421 tatis
620 2364 803 2437 magis
848 2361 1081 2428 intensi,
1121 2375 1348 2431 semper
1377 2362 1571 2414 tamen
1601 2356 1823 2412 ratione

462 2445 646 2519 magis
669 2442 901 2516 perfecti
929 2439 1107 2497 modi.
1134 2442 1404 2495 Fatemur
1431 2443 1644 2502 tamen,
1672 2434 1821 2508 quod

459 2526 509 2580 si
539 2532 692 2581 actus
715 2523 967 2578 aliarum
995 2520 1278 2575 virtutum
1309 2518 1540 2592 praecise
1579 2531 1825 2572 suman-

462 2610 554 2660 tur
582 2603 895 2660 secundum
938 2600 1235 2673 propriam
1283 2599 1596 2656 bonitatem
1625 2612 1822 2652 mora-

462 2688 599 2751 lem,
627 2702 799 2758 quam
842 2682 1053 2740 habent
1080 2698 1149 2739 ex
1176 2697 1404 2756 genere,
1437 2688 1532 2736 aut
1582 2697 1651 2737 ex
1692 2680 1823 2737 aliis

462 2765 929 2832 circumstantiiS,
963 2762 1392 2839 praescindendo
1426 2761 1496 2818 ab
1537 2763 1822 2820 informa-

463 2850 636 2915 tione,
680 2852 737 2904 et
776 2845 945 2904 modo
972 2846 1302 2914 charitatis3
1347 2859 1465 2901 non
1499 2843 1822 2901 conducunt

462 2931 745 3006 proxime,
771 2936 827 2986 et
848 2927 1173 2986 formaliter
1195 2926 1264 2984 ad
1283 2926 1558 2983 meritum
1575 2925 1825 2983 beatitu-

458 3014 635 3079 dinis,
671 3010 967 3083 plurisque
993 3014 1139 3066 esset
1192 3006 1484 3064 faciendus
1531 3007 1825 3063 minimus

460 3101 620 3153 actus
647 3091 963 3159 charitatiS,
1009 3106 1181 3163 quam
1231 3089 1483 3164 praedicti
1535 3093 1689 3144 actus
1743 3089 1825 3146 sic

456 3174 713 3249 sumpti:
744 3175 846 3230 ille
873 3170 1089 3228 etenim
1110 3170 1487 3243 quantumvis
1514 3170 1818 3238 minimuS,

464 3256 800 3314 meritorius
827 3257 910 3311 est
933 3253 1161 3326 praemii
1184 3252 1537 3319 essentialis;
1570 3252 1661 3308 his
1689 3267 1825 3308 vero

464 3344 967 3413 quantumcunque
988 3334 1224 3409 egregii,
1245 3334 1491 3407 sumptis
1511 3332 1822 3390 secundum

459 3435 545 3488 se,
576 3421 763 3476 solum
786 3413 1193 3488 correspondet
1221 3415 1531 3487 praemium,
1562 3412 1826 3470 acciden-

464 3502 618 3558 tale:
659 3498 973 3556 minimum
1010 3497 1199 3553 autem
1242 3495 1464 3568 praemii
1506 3493 1826 3552 essentialis

465 3587 697 3658 superat
715 3580 1107 3656 quodcumque
1124 3579 1429 3652 praemium
1450 3576 1820 3634 accidentale.

257 3694 310 3740 D,
332 3693 434 3737 Tho.
467 3669 588 3732 Quo
613 3681 781 3721 sensu
809 3667 871 3719 D.
899 3662 1103 3717 Thom.
1134 3663 1194 3715 in
1216 3662 1410 3726 4,dist.
1434 3661 1526 3725 49,
1558 3666 1741 3736 quast.
1765 3662 1820 3728 5,

465 3757 575 3807 art.
607 3750 641 3803 5
668 3747 742 3802 ad
768 3748 821 3813 5,
849 3744 1037 3819 inquit
1068 3765 1082 3800 ε
1142 3743 1446 3801 Praemium
1503 3743 1829 3815 respondens

464 3833 655 3887 merito
679 3830 895 3884 ratione
916 3826 1229 3893 charitatiS,
1256 3831 1734 3902 quantumcunque
1754 3827 1827 3880 sit

463 3931 717 3989 parvum,
765 3917 841 3966 est
879 3909 1062 3981 majus
1087 3906 1318 3985 quolibet
1352 3909 1577 3980 praemio
1607 3924 1829 3980 respon-

466 3998 619 4053 dente
644 3994 796 4049 actui
820 3992 1034 4046 ratione
1061 3990 1151 4042 sui
1168 3989 1401 4057 ρεπεν-ἅς.-

257 4103 446 4148 secunda
541 4079 634 4132 55.
665 4068 919 4130 Secunda
945 4068 1229 4126 sententia
1269 4072 1467 4124 contra
1518 4068 1827 4126 secundam

270 4160 437 4198 ³⁰³1&
470 4158 841 4218 assertionem
890 4157 1056 4228 negat
1078 4151 1274 4227 augeri
1296 4166 1523 4222 semper
1552 4153 1828 4208 meritum
1857 4208 1862 4214 .

266 4210 437 4297 ’ἷῗοῗῗέ
474 4233 843 4302 beatitudinis
892 4234 960 4292 ad
1002 4240 1375 4309 augmentum
1406 4233 1679 4291 bonitatis
1701 4251 1829 4292 mo-

476 4326 613 4384 ralis
642 4323 890 4378 aliarum
931 4317 1233 4383 virtutum,
1284 4314 1469 4371 adhuc
1513 4316 1577 4372 in
1622 4332 1831 4391 genere

472 4422 652 4466 causae
676 4400 1014 4465 materialiS,
1064 4397 1329 4470 quamvis
1376 4396 1704 4469 frequenter
1749 4398 1832 4454 sic

472 4487 713 4553 accidat:
737 4483 873 4558 quia
901 4486 960 4537 ut
989 4482 1052 4538 in
1091 4478 1430 4554 plurimum,
1479 4477 1574 4534 ubi
1623 4485 1831 4536 actusa

472 4569 748 4628 charitate
787 4565 1106 4634 imperatus
1154 4562 1239 4614 est
1292 4559 1616 4632 perfectior,
1675 4559 1833 4617 adest

474 4649 755 4709 intensior
777 4651 931 4701 actus
953 4640 1284 4707 charitatis;
1335 4656 1453 4696 non
1501 4647 1695 4697 tamen
1726 4656 1833 4698 ne-

470 4749 623 4793 cesse
648 4734 751 4796 est,
784 4724 934 4798 quod
981 4724 1062 4780 sic
1088 4739 1317 4795 semper
1343 4722 1637 4798 contingat
1669 4744 1682 4778 :
1726 4739 1833 4778 au-

469 4822 560 4892 get
582 4827 720 4870 vero
741 4807 1009 4882 praedicta
1030 4805 1254 4863 bonitas
1277 4805 1552 4861 meritum
1577 4808 1833 4876 respectu

474 4893 697 4971 praemii
739 4886 1124 4953 accidentalis,
1176 4886 1325 4959 quod
1384 4890 1470 4943 est
1531 4885 1831 4958 proprium

259 5005 438 5048 Bannez.
469 4980 593 5053 ejus
645 4974 941 5033 meritum.
998 4972 1082 5025 Ita
1108 4971 1338 5026 Bannez
1362 4972 1416 5036 2,
1448 4972 1504 5038 2,
1531 4976 1711 5046 quast.
1738 4969 1828 5037 24,

468 5068 579 5117 art.
600 5060 655 5130 6,
686 5055 812 5114 dub.
832 5055 887 5123 5,
912 5053 1082 5110 conci.
1105 5053 1140 5108 6
1161 5058 1209 5108 et
1235 5052 1453 5108 ultima.

2027 558 2269 616 Probari
2301 563 2484 632 potest
2525 559 2716 632 primo
2739 558 2859 615 haec
2883 556 3176 615 sententia
3196 560 3317 612 tes-
3332 563 3518 608 Probum

3329 615 3513 658 exDTh„

1955 640 2215 696 timoniis
2239 643 2303 696 υ.
2328 641 2533 696 Thom.
2565 656 2669 712 pro
2692 641 2884 713 prima
2933 643 3130 695 nostra
3173 652 3321 694 con-
3435 645 3446 657 ‘

1954 722 2209 778 elusione
2235 721 2510 787 adductis,
2558 727 2616 778 et
2654 722 2787 779 aliis
2813 745 2827 781 :
2877 719 3095 777 etenim
3146 719 3324 777 citato

1957 804 2077 861 loco
2120 822 2193 859 ea:
2223 806 2241 860 l
2266 812 2413 877 part.
2442 810 2739 877 postquam
2766 803 2916 860 dixit
2936 802 3322 875 quantitatem

1955 886 2149 942 meriti
2181 890 2435 957 respectu
2461 886 2687 957 praemii
2710 885 3039 942 essentialis
3067 899 3324 956 pensan-

1956 966 2090 1023 dam
2116 982 2238 1023 esse
2262 982 2334 1023 ex
2363 966 2555 1023 radice
2579 967 2898 1032 charitatis,
2946 967 3029 1022 ita
3077 963 3277 1021 subdit
3305 986 3320 1021 :

1955 1050 2086 1108 Alio
2105 1050 2262 1105 modo
2279 1052 2502 1123 pensari
2525 1057 2697 1124 potest
2722 1052 3012 1127 quantitas
3040 1050 3228 1104 merui·
3251 1064 3325 1103 ατ

1956 1133 2261 1205 quantitate
2281 1133 2475 1204 operis.
2534 1132 2663 1203 Qua
2708 1131 2926 1209 quidem
2963 1138 3042 1187 est
3089 1130 3318 1202 duplex,

1956 1214 2224 1280 absoluta,
2256 1220 2304 1269 et
2319 1214 2771 1288 proportionali&
2815 1221 2914 1271 etc.
2954 1212 3200 1288 Utraque
3227 1221 3323 1268 ta-

1955 1315 2079 1352 men
2098 1299 2384 1374 quantitas
2408 1300 2596 1352 meriti
2620 1296 2900 1370 respondet
2923 1296 3149 1369 praemio
3168 1298 3325 1350 acci-

1956 1381 2181 1443 dentali,
2226 1380 2368 1457 quod
2411 1387 2488 1434 est
2525 1380 2589 1434 de
2628 1380 2765 1437 bono
2803 1387 3004 1436 creato,
3041 1380 3119 1435 De
3139 1380 3318 1435 verit.

1956 1463 2130 1519 etiam
2161 1466 2282 1521 loco
2302 1463 2490 1530 citato,
2523 1463 2605 1519 sic
2632 1462 2822 1535 inquit
2853 1483 2867 1519 ε
2916 1461 3184 1521 Meritum
3210 1478 3325 1516 au-

1956 1551 2058 1600 tem
2103 1546 2425 1619 simpliciter·
2476 1544 2773 1623 loquend0,·
2826 1544 3032 1600 scilicet
3077 1550 3324 1616 respectu

1949 1627 2164 1698 praemii
2183 1626 2504 1691 essentialis,
2526 1626 2819 1697 judicatur
2844 1626 3043 1697 majac,
3087 1623 3234 1700 quod
3251 1640 3328 1678 ea:

1955 1710 2160 1780 majori
2198 1710 2466 1764 charitate
2514 1709 2787 1781 procedit;
2837 1707 3165 1778 maynitudo
3190 1724 3327 1762 vero

1955 1792 2131 1861 operis
2148 1790 2286 1861 facit
2326 1791 2510 1860 majus
2549 1792 2806 1843 meritum
2851 1787 3150 1843 secundum
3176 1787 3329 1861 quod

1955 1869 2259 1924 attenditur
2282 1878 2522 1943 respectu
2548 1871 2789 1940 alicujus
2825 1870 3040 1941 praemii
3060 1868 3324 1923 acciden-

1957 1950 2104 2017 talis,
2135 1968 2243 2005 non
2265 1958 2448 2006 autem
2473 1950 2816 2022 simpliciter.
2849 1950 2998 2022 Ergo
3018 1964 3090 2004 ex
3125 1956 3329 2006 mente

1956 2037 2022 2091 D.
2040 2033 2242 2089 Thom.
2263 2035 2555 2106 quantitas
2600 2032 2794 2090 meriti
2819 2037 3074 2104 respectu
3092 2032 3327 2104 praemii

1955 2118 2278 2174 essentialis
2306 2116 2649 2174 attendenda
2668 2122 2752 2172 est
2780 2115 3011 2188 praecise
3035 2129 3108 2171 ex
3127 2131 3323 2187 quan-

1957 2201 2115 2256 titate
2149 2200 2466 2264 charitatis,
2503 2214 2620 2256 non
2647 2214 2721 2255 ex
2747 2197 3001 2255 bonitate
3028 2212 3203 2269 quam
3233 2213 3326 2254 ac-

1957 2286 2045 2337 tus
2068 2280 2401 2338 meritorius
2432 2278 2604 2336 habet
2625 2278 2696 2336 ab
2724 2280 2856 2336 aliis
2877 2278 3213 2335 virtutibus.

2032 2360 2749 2435 Respondeturbonitatem
2762 2360 3044 2416 moralem
3061 2360 3323 2416 aliarum
3339 2368 3520 2420 Respon-

1955 2443 2237 2499 virtutum
2280 2459 2440 2515 posse
2491 2441 2847 2499 considerari
2895 2440 3204 2513 dupliciter
3253 2415 3518 2510 ingssfffi

1955 2524 2158 2581 ordine
2181 2523 2249 2580 ad
2277 2524 2553 2580 meritum
2583 2545 2596 2580 ε
2624 2523 2716 2580 vel
2742 2522 3096 2590 immediate,
3117 2528 3175 2579 et
3198 2528 3327 2579 tan·
3339 2515 3522 2609 &5⁴
3613 2554 3614 2581 l

1955 2621 2126 2678 quam
2147 2606 2291 2662 ratio
2319 2605 2478 2671 illius
2508 2604 2769 2661 formalis
2803 2625 2816 2659 :
2846 2604 2937 2660 vel
2960 2603 3232 2669 mediate,
3265 2608 3327 2661 et

1956 2691 2018 2742 ut
2039 2688 2303 2751 materia,
2353 2703 2477 2758 quaa
2520 2702 2637 2743 non
2688 2685 2802 2741 nisi
2849 2683 3168 2741 informata
3214 2700 3324 2757 per

1956 2768 2192 2825 modum
2246 2767 2564 2834 charitatiS,
2614 2783 2785 2840 quem
2838 2765 3114 2830 diximuS,
3167 2764 3324 2821 illud

1955 2849 2199 2918 fundat:
2228 2850 2397 2909 habet
2437 2850 2597 2908 enim
2660 2849 2924 2923 praedicta
2962 2847 3214 2916 bonitaS,
3265 2854 3328 2906 et

1955 2933 2102 3007 quod
2125 2935 2199 2989 sit
2225 2951 2324 3006 per
2345 2934 2590 3007 seipsam
2617 2933 2998 2996 aestimabilis,
3024 2937 3081 2990 et
3126 2931 3329 3005 aliquo

1958 3015 2197 3086 praemio
2216 3014 2417 3088 digna;
2440 3020 2496 3071 et
2515 3013 2664 3086 quod
2685 3015 2760 3070 sit
2782 3014 3026 3070 materia
3049 3011 3328 3070 referibi-

1958 3096 2030 3152 lis
2053 3094 2123 3151 ad
2151 3094 2328 3152 finem
2356 3096 2674 3161 charitatis,
2701 3104 2758 3153 et
2779 3095 2850 3153 ab
2876 3111 2944 3152 ea
2966 3093 3328 3151 informabi-

1956 3177 2048 3234 lis.
2078 3178 2349 3235 Meritum
2371 3193 2525 3253 erg0,
2557 3176 2706 3250 quod
2748 3176 3031 3249 praedictae
3071 3174 3323 3232 bonitati

1959 3261 2150 3335 primo
2185 3261 2356 3318 modo
2394 3266 2635 3333 sumptae
2677 3258 3100 3332 correspondet,
3151 3263 3207 3316 et
3249 3273 3326 3315 ex

1958 3347 2265 3415 augmento
2288 3342 2447 3398 illius
2467 3342 2548 3397 sic
2568 3345 2808 3413 sumptae
2828 3343 3324 3415 augetur-,tantum

1956 3429 2042 3480 est
2069 3423 2346 3479 meritum
2378 3428 2630 3495 respectu
2661 3422 2886 3495 praemii
2932 3421 3321 3490 accidentalis,

1957 3512 2013 3564 et
2040 3505 2109 3562 de
2152 3506 2254 3561 illa
2293 3506 2375 3562 sic
2412 3511 2642 3578 sumpta
2695 3506 2950 3577 loquitur
2987 3519 3215 3578 semper
3253 3505 3323 3560 D.

1958 3587 2162 3643 Thom.
2191 3584 2287 3641 ubi
2312 3584 2382 3642 ab
2403 3599 2469 3641 ea
2489 3584 2741 3642 excludit
2763 3586 3038 3643 meritum
3063 3589 3326 3657 respectu

1960 3668 2188 3742 praemii
2203 3668 2548 3725 essentialia.
2577 3669 2634 3724 Si
2657 3673 2852 3725 tamen
2872 3667 3071 3725 eadem
3094 3665 3330 3725 bouitas

1958 3748 2204 3807 secundo
2219 3747 2389 3806 modo
2398 3749 2807 3815 consideretur,
2817 3748 3220 3822 correspondet
3232 3749 3328 3806 illi

1961 3830 2112 3889 idem
2138 3847 2371 3903 prorsus
2412 3833 2709 3895 meritum,
2739 3830 2890 3902 quod
2915 3829 3333 3903 correspondet

1960 3910 2130 3968 modo
2156 3911 2450 3968 charitatis
2479 3934 2490 3969 :
2525 3912 2769 3970 bonitati
2796 3909 3030 3984 quidem
3083 3915 3147 3965 ut
3191 3927 3332 3967 tna-

1960 3993 2143 4060 terite,
2175 3992 2509 4052 modo'vero
2532 3999 2591 4049 ut
2619 3993 2839 4059 formae,
2875 3993 3101 4065 utrique
3130 3998 3334 4051 autem

1961 4074 2238 4131 meritum
2263 4074 2485 4146 praemii
2514 4073 2856 4141 essentialiS,
2900 4073 3052 4148 quod
3080 4072 3336 4146 proinde

1961 4172 2032 4213 ex
2049 4157 2347 4229 utriusque
2370 4161 2676 4231 augmento
2703 4155 2872 4213 debet
2916 4173 3046 4213 cum
3079 4172 3337 4230 propor-

1964 4239 2119 4295 tione
2146 4239 2360 4312 augeri.
2389 4241 2502 4295 Nec
2529 4239 2631 4296 hoc
2652 4237 2863 4295 alicubi
2892 4240 2957 4295 D.
2989 4238 3193 4295 Thom.
3231 4254 3340 4296 ne-

1960 4326 2072 4395 gat,
2098 4321 2197 4379 sed
2227 4321 2413 4395 potius
2438 4322 2651 4388 innuit,
2671 4325 2794 4377 tum
2817 4320 2956 4377 locis
2983 4323 3015 4390 g
3045 4323 3064 4376 1
3101 4322 3332 4388 relatis,

1964 4410 2025 4461 ut
2053 4405 2270 4463 ibidem
2291 4405 2714 4478 expendimus:
2755 4409 2879 4459 tum
2927 4404 3103 4459 etiam
3154 4404 3343 4464 citato

1963 4488 2084 4544 loco
2103 4489 2168 4543 de
2185 4487 2348 4544 Verit.
2376 4486 2457 4543 ibi
2484 4485 2644 4543 enim
2674 4490 2970 4558 postquam
2992 4483 3157 4557 ,dixit
3207 4501 3346 4543 ma·

1962 4568 2328 4643 gnitudinem
2346 4567 2533 4640 operis
2557 4583 2674 4623 non
2690 4582 2897 4640 augere
2919 4568 3193 4624 meritum
3212 4582 3346 4624 res-

1967 4655 2125 4722 pectu
2157 4648 2382 4722 praemii
2434 4645 2770 4713 essentialia,
2820 4645 3015 4703 subdit
3040 4670 3054 4704 :
3102 4646 3242 4705 Nisi
3266 4650 3345 4705 in

1965 4739 2235 4810 quantum
2258 4731 2594 4786 demonstrat
2620 4729 3054 4800 maynitudinem
3073 4732 3348 4788 charita-

1965 4814 2056 4869 tis.
2089 4815 2167 4869 Ac
2189 4813 2237 4868 si
2259 4811 2491 4879 diceret,
2526 4811 2810 4868 moralem
2839 4809 3157 4869 bonitatem
3185 4813 3351 4872 alia-

1967 4909 2099 4950 rum
2125 4894 2431 4961 virtutum,
2463 4898 2521 4950 et
2539 4892 2661 4966 ejus
2683 4899 3053 4967 augmentum
3085 4909 3204 4952 non
3233 4909 3352 4952 au-

1964 4991 2099 5051 gere
2125 4975 2403 5032 meritum
2446 4979 2700 5048 respectu
2730 4975 2955 5049 praemii
3001 4976 3351 5036 essentialis

1966 5072 2070 5131 per
2093 5056 2344 5131 seipsam
2370 5056 2726 5129 immediate,
2757 5061 2812 5116 et
2838 5057 3196 5127 formaliter:
3223 5075 3352 5117 au-

3189 5148 3352 5209 gere
