<?xml version="1.0" encoding="UTF-8"?>
<!DOCTYPE html PUBLIC "-//W3C//DTD XHTML 1.0 Transitional//EN"
    "http://www.w3.org/TR/xhtml1/DTD/xhtml1-transitional.dtd">
<html xmlns="http://www.w3.org/1999/xhtml" xml:lang="en" lang="en">
 <head>
  <title>
</title>
<meta http-equiv="Content-Type" content="text/html;charset=utf-8" />
  <meta name='ocr-system' content='tesseract 3.04.00' />
  <meta name='ocr-capabilities' content='ocr_page ocr_carea ocr_par ocr_line ocrx_word'/>
</head>
<body>
  <div class='ocr_page' id='page_1' title='image "./collegiisalmant00carmgoog_0648.png"; bbox 0 0 3647 5753; ppageno 0'>
   <div class='ocr_carea' id='block_1_1' title="bbox 207 805 399 851">
    <p class='ocr_par' dir='ltr' id='par_1_1' title="bbox 207 805 399 851">
     <span class='ocr_line' id='line_1_1' title="bbox 207 805 399 851; baseline 0.016 -3"><span class='ocrx_word' id='word_1_1' title='bbox 207 805 305 849; x_wconf 80' lang='lat' dir='ltr'>Alia</span> <span class='ocrx_word' id='word_1_2' title='bbox 320 805 399 851; x_wconf 76' lang='lat' dir='ltr'>dtr·</span> 
     </span>
    </p>
   </div>
   <div class='ocr_carea' id='block_1_2' title="bbox 210 857 383 902">
    <p class='ocr_par' dir='ltr' id='par_1_2' title="bbox 210 857 383 902">
     <span class='ocr_line' id='line_1_2' title="bbox 210 857 383 902; baseline 0.017 -3"><span class='ocrx_word' id='word_1_3' title='bbox 210 857 383 902; x_wconf 76' lang='lat' dir='ltr'>ncultas.</span> 
     </span>
    </p>
   </div>
   <div class='ocr_carea' id='block_1_3' title="bbox 222 3517 378 3692">
    <p class='ocr_par' dir='ltr' id='par_1_3' title="bbox 222 3517 378 3692">
     <span class='ocr_line' id='line_1_3' title="bbox 252 3517 357 3589; baseline 0.019 -2"><span class='ocrx_word' id='word_1_4' title='bbox 252 3517 357 3589; x_wconf 67' lang='lat' dir='ltr'>tima‘</span> 
     </span>
     <span class='ocr_line' id='line_1_4' title="bbox 222 3598 378 3656; baseline -0.019 -13"><span class='ocrx_word' id='word_1_5' title='bbox 222 3598 378 3656; x_wconf 68' lang='lat' dir='ltr'>resolu-</span> 
     </span>
     <span class='ocr_line' id='line_1_5' title="bbox 261 3653 334 3692; baseline 0.027 -2"><span class='ocrx_word' id='word_1_6' title='bbox 261 3653 334 3692; x_wconf 84' lang='lat' dir='ltr'>uo.</span> 
     </span>
    </p>
   </div>
   <div class='ocr_carea' id='block_1_4' title="bbox 419 391 531 448">
    <p class='ocr_par' dir='ltr' id='par_1_4' title="bbox 419 391 531 448">
     <span class='ocr_line' id='line_1_6' title="bbox 419 391 531 448; baseline 0 -1"><span class='ocrx_word' id='word_1_7' title='bbox 419 391 531 448; x_wconf 79' lang='lat'>626</span> 
     </span>
    </p>
   </div>
   <div class='ocr_carea' id='block_1_5' title="bbox 421 559 1792 636">
    <p class='ocr_par' dir='ltr' id='par_1_5' title="bbox 421 559 1792 636">
     <span class='ocr_line' id='line_1_7' title="bbox 421 559 1792 636; baseline 0 -19"><span class='ocrx_word' id='word_1_8' title='bbox 421 559 522 617; x_wconf 89' lang='lat' dir='ltr'>ubi</span> <span class='ocrx_word' id='word_1_9' title='bbox 569 561 675 619; x_wconf 91' lang='lat' dir='ltr'>hoc</span> <span class='ocrx_word' id='word_1_10' title='bbox 716 563 1048 636; x_wconf 84' lang='lat' dir='ltr'>exemplum</span> <span class='ocrx_word' id='word_1_11' title='bbox 1100 562 1415 630; x_wconf 89' lang='lat' dir='ltr'>illustrant,</span> <span class='ocrx_word' id='word_1_12' title='bbox 1459 566 1516 619; x_wconf 91' lang='lat' dir='ltr'>et</span> <span class='ocrx_word' id='word_1_13' title='bbox 1559 560 1792 618; x_wconf 89' lang='lat' dir='ltr'>diluunt</span> 
     </span>
    </p>
   </div>
   <div class='ocr_carea' id='block_1_6' title="bbox 395 642 1792 721">
    <p class='ocr_par' dir='ltr' id='par_1_6' title="bbox 395 642 1792 721">
     <span class='ocr_line' id='line_1_8' title="bbox 395 642 1792 721; baseline -0.001 -21"><span class='ocrx_word' id='word_1_14' title='bbox 395 642 648 717; x_wconf 65' lang='lat' dir='ltr'>valiquas</span> <span class='ocrx_word' id='word_1_15' title='bbox 673 644 1050 714; x_wconf 87' lang='lat' dir='ltr'>difficultates,</span> <span class='ocrx_word' id='word_1_16' title='bbox 1093 663 1220 718; x_wconf 70' lang='lat' dir='ltr'>quie</span> <span class='ocrx_word' id='word_1_17' title='bbox 1259 643 1528 721; x_wconf 80' lang='lat' dir='ltr'>praesenti</span> <span class='ocrx_word' id='word_1_18' title='bbox 1568 644 1792 703; x_wconf 86' lang='lat' dir='ltr'>resolu-</span> 
     </span>
    </p>
   </div>
   <div class='ocr_carea' id='block_1_7' title="bbox 408 725 1790 3984">
    <p class='ocr_par' dir='ltr' id='par_1_7' title="bbox 419 725 1041 800">
     <span class='ocr_line' id='line_1_9' title="bbox 419 725 1041 800; baseline 0.006 -19"><span class='ocrx_word' id='word_1_19' title='bbox 419 725 568 783; x_wconf 83' lang='lat' dir='ltr'>tioni</span> <span class='ocrx_word' id='word_1_20' title='bbox 593 725 761 800; x_wconf 74' lang='lat' dir='ltr'>oinci</span> <span class='ocrx_word' id='word_1_21' title='bbox 787 733 1041 800; x_wconf 81' lang='lat' dir='ltr'><strong>possunt.</strong></span> 
     </span>
    </p>

    <p class='ocr_par' dir='ltr' id='par_1_8' title="bbox 414 807 1790 3477">
     <span class='ocr_line' id='line_1_10' title="bbox 502 807 1789 882; baseline 0 -18"><span class='ocrx_word' id='word_1_22' title='bbox 502 808 622 865; x_wconf 77' lang='lat'>132.</span> <span class='ocrx_word' id='word_1_23' title='bbox 668 809 854 882; x_wconf 86' lang='lat' dir='ltr'>Major</span> <span class='ocrx_word' id='word_1_24' title='bbox 898 809 1201 867; x_wconf 87' lang='lat' dir='ltr'>difficultas</span> <span class='ocrx_word' id='word_1_25' title='bbox 1251 814 1353 877; x_wconf 88' lang='lat' dir='ltr'>est,</span> <span class='ocrx_word' id='word_1_26' title='bbox 1410 826 1486 866; x_wconf 90' lang='lat' dir='ltr'>an</span> <span class='ocrx_word' id='word_1_27' title='bbox 1523 807 1669 865; x_wconf 90' lang='lat' dir='ltr'>sicut</span> <span class='ocrx_word' id='word_1_28' title='bbox 1716 823 1789 865; x_wconf 85' lang='lat' dir='ltr'>ex</span> 
     </span>
     <span class='ocr_line' id='line_1_11' title="bbox 419 892 1790 967; baseline 0.001 -21"><span class='ocrx_word' id='word_1_29' title='bbox 419 896 582 964; x_wconf 83' lang='lat' dir='ltr'>parte</span> <span class='ocrx_word' id='word_1_30' title='bbox 607 892 828 965; x_wconf 87' lang='lat' dir='ltr'>agentis</span> <span class='ocrx_word' id='word_1_31' title='bbox 848 892 1066 949; x_wconf 84' lang='lat' dir='ltr'>infusio</span> <span class='ocrx_word' id='word_1_32' title='bbox 1085 892 1285 967; x_wconf 82' lang='lat' dir='ltr'>gratiae</span> <span class='ocrx_word' id='word_1_33' title='bbox 1315 892 1581 967; x_wconf 67' lang='lat' dir='ltr'>praecedit</span> <span class='ocrx_word' id='word_1_34' title='bbox 1602 896 1790 948; x_wconf 89' lang='lat' dir='ltr'>motus</span> 
     </span>
     <span class='ocr_line' id='line_1_12' title="bbox 419 971 1788 1048; baseline 0.001 -20"><span class='ocrx_word' id='word_1_35' title='bbox 419 971 595 1031; x_wconf 88' lang='lat' dir='ltr'>liberi</span> <span class='ocrx_word' id='word_1_36' title='bbox 623 972 873 1043; x_wconf 89' lang='lat' dir='ltr'>arbitrii,</span> <span class='ocrx_word' id='word_1_37' title='bbox 905 979 961 1031; x_wconf 89' lang='lat' dir='ltr'>et</span> <span class='ocrx_word' id='word_1_38' title='bbox 1000 979 1191 1032; x_wconf 90' lang='lat' dir='ltr'>motus</span> <span class='ocrx_word' id='word_1_39' title='bbox 1226 973 1551 1048; x_wconf 68' lang='lat' dir='ltr'>praecedunt</span> <span class='ocrx_word' id='word_1_40' title='bbox 1579 973 1788 1031; x_wconf 88' lang='lat' dir='ltr'>remis-</span> 
     </span>
     <span class='ocr_line' id='line_1_13' title="bbox 418 1053 1788 1130; baseline -0.001 -20"><span class='ocrx_word' id='word_1_41' title='bbox 418 1054 643 1111; x_wconf 81' lang='lat' dir='ltr'>sionem</span> <span class='ocrx_word' id='word_1_42' title='bbox 695 1056 899 1129; x_wconf 77' lang='lat' dir='ltr'>culpae3</span> <span class='ocrx_word' id='word_1_43' title='bbox 945 1055 1026 1111; x_wconf 88' lang='lat' dir='ltr'>ita</span> <span class='ocrx_word' id='word_1_44' title='bbox 1065 1072 1136 1113; x_wconf 83' lang='lat' dir='ltr'>ex</span> <span class='ocrx_word' id='word_1_45' title='bbox 1183 1060 1344 1130; x_wconf 89' lang='lat' dir='ltr'>parte</span> <span class='ocrx_word' id='word_1_46' title='bbox 1389 1054 1538 1129; x_wconf 88' lang='lat' dir='ltr'>passi</span> <span class='ocrx_word' id='word_1_47' title='bbox 1588 1053 1788 1112; x_wconf 89' lang='lat' dir='ltr'>debeat</span> 
     </span>
     <span class='ocr_line' id='line_1_14' title="bbox 419 1132 1788 1210; baseline 0.003 -22"><span class='ocrx_word' id='word_1_48' title='bbox 419 1132 634 1191; x_wconf 87' lang='lat' dir='ltr'>directe</span> <span class='ocrx_word' id='word_1_49' title='bbox 660 1136 875 1192; x_wconf 85' lang='lat' dir='ltr'>inverti</span> <span class='ocrx_word' id='word_1_50' title='bbox 907 1134 1208 1209; x_wconf 84' lang='lat' dir='ltr'>praedictus</span> <span class='ocrx_word' id='word_1_51' title='bbox 1234 1136 1393 1205; x_wconf 92' lang='lat' dir='ltr'>ordo,</span> <span class='ocrx_word' id='word_1_52' title='bbox 1420 1137 1500 1193; x_wconf 90' lang='lat' dir='ltr'>ita</span> <span class='ocrx_word' id='word_1_53' title='bbox 1519 1134 1669 1210; x_wconf 89' lang='lat' dir='ltr'>quod</span> <span class='ocrx_word' id='word_1_54' title='bbox 1692 1150 1788 1192; x_wconf 89' lang='lat' dir='ltr'>re-</span> 
     </span>
     <span class='ocr_line' id='line_1_15' title="bbox 419 1215 1787 1291; baseline 0 -20"><span class='ocrx_word' id='word_1_55' title='bbox 419 1215 622 1273; x_wconf 86' lang='lat' dir='ltr'>missio</span> <span class='ocrx_word' id='word_1_56' title='bbox 644 1218 823 1291; x_wconf 81' lang='lat' dir='ltr'>culpae</span> <span class='ocrx_word' id='word_1_57' title='bbox 849 1222 1040 1273; x_wconf 89' lang='lat' dir='ltr'>teneat</span> <span class='ocrx_word' id='word_1_58' title='bbox 1068 1217 1323 1290; x_wconf 89' lang='lat' dir='ltr'>primum</span> <span class='ocrx_word' id='word_1_59' title='bbox 1353 1219 1561 1282; x_wconf 92' lang='lat' dir='ltr'>locum,</span> <span class='ocrx_word' id='word_1_60' title='bbox 1591 1231 1787 1274; x_wconf 86' lang='lat' dir='ltr'>secun·</span> 
     </span>
     <span class='ocr_line' id='line_1_16' title="bbox 421 1293 1787 1372; baseline 0.002 -21"><span class='ocrx_word' id='word_1_61' title='bbox 421 1293 561 1352; x_wconf 90' lang='lat' dir='ltr'>dum</span> <span class='ocrx_word' id='word_1_62' title='bbox 603 1304 792 1354; x_wconf 90' lang='lat' dir='ltr'>motus</span> <span class='ocrx_word' id='word_1_63' title='bbox 820 1296 990 1354; x_wconf 89' lang='lat' dir='ltr'>liberi</span> <span class='ocrx_word' id='word_1_64' title='bbox 1019 1296 1270 1365; x_wconf 89' lang='lat' dir='ltr'>arbitrii,</span> <span class='ocrx_word' id='word_1_65' title='bbox 1303 1304 1358 1356; x_wconf 93' lang='lat' dir='ltr'>et</span> <span class='ocrx_word' id='word_1_66' title='bbox 1386 1297 1623 1355; x_wconf 90' lang='lat' dir='ltr'>tertium</span> <span class='ocrx_word' id='word_1_67' title='bbox 1650 1313 1787 1372; x_wconf 88' lang='lat' dir='ltr'>gra-</span> 
     </span>
     <span class='ocr_line' id='line_1_17' title="bbox 421 1377 1780 1453; baseline 0.003 -20"><span class='ocrx_word' id='word_1_68' title='bbox 421 1377 516 1434; x_wconf 78' lang='lat' dir='ltr'>tiae</span> <span class='ocrx_word' id='word_1_69' title='bbox 562 1379 970 1451; x_wconf 80' lang='lat' dir='ltr'>consequutio?</span> <span class='ocrx_word' id='word_1_70' title='bbox 1017 1378 1101 1434; x_wconf 92' lang='lat' dir='ltr'>Ad</span> <span class='ocrx_word' id='word_1_71' title='bbox 1152 1379 1301 1452; x_wconf 89' lang='lat' dir='ltr'>quod</span> <span class='ocrx_word' id='word_1_72' title='bbox 1348 1381 1600 1453; x_wconf 89' lang='lat' dir='ltr'>Vasquez</span> <span class='ocrx_word' id='word_1_73' title='bbox 1638 1380 1780 1453; x_wconf 74' lang='lat' dir='ltr'>disp.</span> 
     </span>
     <span class='ocr_line' id='line_1_18' title="bbox 419 1458 1787 1534; baseline 0.001 -19"><span class='ocrx_word' id='word_1_74' title='bbox 419 1459 550 1528; x_wconf 79' lang='lat'>211,</span> <span class='ocrx_word' id='word_1_75' title='bbox 595 1478 715 1533; x_wconf 81' lang='lat' dir='ltr'>cap.</span> <span class='ocrx_word' id='word_1_76' title='bbox 761 1466 812 1529; x_wconf 88' lang='grc'>3,</span> <span class='ocrx_word' id='word_1_77' title='bbox 860 1459 1163 1534; x_wconf 85' lang='lat' dir='ltr'>respondet</span> <span class='ocrx_word' id='word_1_78' title='bbox 1201 1460 1569 1527; x_wconf 74' lang='lat' dir='ltr'>affirmative3</span> <span class='ocrx_word' id='word_1_79' title='bbox 1616 1458 1787 1533; x_wconf 91' lang='lat' dir='ltr'>idque</span> 
     </span>
     <span class='ocr_line' id='line_1_19' title="bbox 417 1540 1786 1600; baseline 0.001 -3"><span class='ocrx_word' id='word_1_80' title='bbox 417 1540 710 1598; x_wconf 83' lang='lat' dir='ltr'>existimat</span> <span class='ocrx_word' id='word_1_81' title='bbox 736 1558 858 1599; x_wconf 88' lang='lat' dir='ltr'>esse</span> <span class='ocrx_word' id='word_1_82' title='bbox 884 1541 953 1599; x_wconf 90' lang='lat' dir='ltr'>de</span> <span class='ocrx_word' id='word_1_83' title='bbox 980 1548 1172 1600; x_wconf 88' lang='lat' dir='ltr'>mente</span> <span class='ocrx_word' id='word_1_84' title='bbox 1193 1544 1256 1598; x_wconf 93' lang='lat' dir='ltr'>D.</span> <span class='ocrx_word' id='word_1_85' title='bbox 1283 1542 1489 1599; x_wconf 91' lang='lat' dir='ltr'>Thom.</span> <span class='ocrx_word' id='word_1_86' title='bbox 1505 1557 1642 1598; x_wconf 90' lang='lat' dir='ltr'>nam</span> <span class='ocrx_word' id='word_1_87' title='bbox 1665 1541 1786 1598; x_wconf 91' lang='lat' dir='ltr'>loco</span> 
     </span>
     <span class='ocr_line' id='line_1_20' title="bbox 418 1620 1783 1698; baseline -0.001 -20"><span class='ocrx_word' id='word_1_88' title='bbox 418 1621 682 1694; x_wconf 85' lang='lat' dir='ltr'>proxime</span> <span class='ocrx_word' id='word_1_89' title='bbox 703 1621 890 1689; x_wconf 90' lang='lat' dir='ltr'>citato,</span> <span class='ocrx_word' id='word_1_90' title='bbox 910 1624 975 1679; x_wconf 91' lang='lat' dir='ltr'>in</span> <span class='ocrx_word' id='word_1_91' title='bbox 995 1639 1232 1698; x_wconf 90' lang='lat' dir='ltr'>corpore</span> <span class='ocrx_word' id='word_1_92' title='bbox 1247 1622 1499 1696; x_wconf 84' lang='lat' dir='ltr'><strong>assignat</strong></span> <span class='ocrx_word' id='word_1_93' title='bbox 1519 1620 1783 1679; x_wconf 87' lang='lat' dir='ltr'>ordinem</span> 
     </span>
     <span class='ocr_line' id='line_1_21' title="bbox 415 1702 1786 1777; baseline 0 -19"><span class='ocrx_word' id='word_1_94' title='bbox 415 1716 489 1758; x_wconf 84' lang='lat' dir='ltr'>ex</span> <span class='ocrx_word' id='word_1_95' title='bbox 515 1706 678 1774; x_wconf 87' lang='lat' dir='ltr'>parte</span> <span class='ocrx_word' id='word_1_96' title='bbox 705 1704 942 1776; x_wconf 87' lang='lat' dir='ltr'>agentis,</span> <span class='ocrx_word' id='word_1_97' title='bbox 993 1709 1050 1761; x_wconf 92' lang='lat' dir='ltr'>et</span> <span class='ocrx_word' id='word_1_98' title='bbox 1089 1703 1297 1761; x_wconf 90' lang='lat' dir='ltr'>deinde</span> <span class='ocrx_word' id='word_1_99' title='bbox 1324 1704 1387 1759; x_wconf 91' lang='lat' dir='ltr'>in</span> <span class='ocrx_word' id='word_1_100' title='bbox 1416 1702 1786 1777; x_wconf 87' lang='lat' dir='ltr'>responsione</span> 
     </span>
     <span class='ocr_line' id='line_1_22' title="bbox 417 1780 1787 1860; baseline 0.001 -24"><span class='ocrx_word' id='word_1_101' title='bbox 417 1780 490 1837; x_wconf 92' lang='lat' dir='ltr'>ad</span> <span class='ocrx_word' id='word_1_102' title='bbox 524 1784 572 1848; x_wconf 90' lang='lat'>1,</span> <span class='ocrx_word' id='word_1_103' title='bbox 604 1781 774 1838; x_wconf 92' lang='lat' dir='ltr'>illum</span> <span class='ocrx_word' id='word_1_104' title='bbox 798 1785 1049 1860; x_wconf 84' lang='lat' dir='ltr'>assignat</span> <span class='ocrx_word' id='word_1_105' title='bbox 1067 1801 1139 1842; x_wconf 84' lang='lat' dir='ltr'>ex</span> <span class='ocrx_word' id='word_1_106' title='bbox 1162 1790 1320 1858; x_wconf 89' lang='lat' dir='ltr'>parte</span> <span class='ocrx_word' id='word_1_107' title='bbox 1350 1784 1496 1858; x_wconf 91' lang='lat' dir='ltr'>passi</span> <span class='ocrx_word' id='word_1_108' title='bbox 1520 1801 1531 1835; x_wconf 93' lang='lat'>:</span> <span class='ocrx_word' id='word_1_109' title='bbox 1559 1789 1617 1840; x_wconf 89' lang='lat' dir='ltr'>et</span> <span class='ocrx_word' id='word_1_110' title='bbox 1640 1783 1787 1840; x_wconf 92' lang='lat' dir='ltr'>sicut</span> 
     </span>
     <span class='ocr_line' id='line_1_23' title="bbox 416 1864 1782 1938; baseline 0.002 -21"><span class='ocrx_word' id='word_1_111' title='bbox 416 1876 490 1918; x_wconf 87' lang='lat' dir='ltr'>ex</span> <span class='ocrx_word' id='word_1_112' title='bbox 523 1868 683 1934; x_wconf 88' lang='lat' dir='ltr'>parte</span> <span class='ocrx_word' id='word_1_113' title='bbox 712 1866 932 1938; x_wconf 88' lang='lat' dir='ltr'>agentis</span> <span class='ocrx_word' id='word_1_114' title='bbox 959 1866 1188 1923; x_wconf 83' lang='lat' dir='ltr'>inchoat</span> <span class='ocrx_word' id='word_1_115' title='bbox 1216 1865 1286 1921; x_wconf 86' lang='lat' dir='ltr'>ab</span> <span class='ocrx_word' id='word_1_116' title='bbox 1328 1864 1622 1922; x_wconf 83' lang='lat' dir='ltr'>infusione</span> <span class='ocrx_word' id='word_1_117' title='bbox 1647 1880 1782 1938; x_wconf 85' lang='lat' dir='ltr'>gra-</span> 
     </span>
     <span class='ocr_line' id='line_1_24' title="bbox 418 1943 1786 2020; baseline 0.003 -21"><span class='ocrx_word' id='word_1_118' title='bbox 418 1943 530 2012; x_wconf 84' lang='lat' dir='ltr'>tiae,</span> <span class='ocrx_word' id='word_1_119' title='bbox 561 1950 615 2001; x_wconf 90' lang='lat' dir='ltr'>et</span> <span class='ocrx_word' id='word_1_120' title='bbox 660 1945 810 2001; x_wconf 86' lang='lat' dir='ltr'>sistit</span> <span class='ocrx_word' id='word_1_121' title='bbox 856 1947 917 2003; x_wconf 91' lang='lat' dir='ltr'>in</span> <span class='ocrx_word' id='word_1_122' title='bbox 962 1949 1301 2006; x_wconf 85' lang='lat' dir='ltr'>remissione</span> <span class='ocrx_word' id='word_1_123' title='bbox 1345 1947 1559 2020; x_wconf 82' lang='lat' dir='ltr'>culpae;</span> <span class='ocrx_word' id='word_1_124' title='bbox 1595 1946 1676 2002; x_wconf 92' lang='lat' dir='ltr'>ita</span> <span class='ocrx_word' id='word_1_125' title='bbox 1713 1962 1786 2003; x_wconf 78' lang='lat' dir='ltr'>ex</span> 
     </span>
     <span class='ocr_line' id='line_1_25' title="bbox 418 2028 1785 2101; baseline 0.002 -20"><span class='ocrx_word' id='word_1_126' title='bbox 418 2030 579 2097; x_wconf 89' lang='lat' dir='ltr'>parte</span> <span class='ocrx_word' id='word_1_127' title='bbox 606 2028 757 2099; x_wconf 87' lang='lat' dir='ltr'>passi</span> <span class='ocrx_word' id='word_1_128' title='bbox 794 2029 1023 2087; x_wconf 85' lang='lat' dir='ltr'>inchoat</span> <span class='ocrx_word' id='word_1_129' title='bbox 1063 2047 1094 2087; x_wconf 89' lang='lat' dir='ltr'>a</span> <span class='ocrx_word' id='word_1_130' title='bbox 1123 2029 1460 2089; x_wconf 88' lang='lat' dir='ltr'>remissione</span> <span class='ocrx_word' id='word_1_131' title='bbox 1499 2029 1695 2101; x_wconf 82' lang='lat' dir='ltr'>culpae,</span> <span class='ocrx_word' id='word_1_132' title='bbox 1728 2032 1785 2085; x_wconf 93' lang='lat' dir='ltr'>et</span> 
     </span>
     <span class='ocr_line' id='line_1_26' title="bbox 416 2108 1784 2187; baseline 0.002 -23"><span class='ocrx_word' id='word_1_133' title='bbox 416 2108 568 2164; x_wconf 90' lang='lat' dir='ltr'>sistit</span> <span class='ocrx_word' id='word_1_134' title='bbox 610 2110 675 2165; x_wconf 91' lang='lat' dir='ltr'>in</span> <span class='ocrx_word' id='word_1_135' title='bbox 715 2114 1157 2186; x_wconf 89' lang='lat' dir='ltr'>consequutione</span> <span class='ocrx_word' id='word_1_136' title='bbox 1195 2112 1392 2187; x_wconf 83' lang='lat' dir='ltr'>gratiae</span> <span class='ocrx_word' id='word_1_137' title='bbox 1418 2133 1431 2168; x_wconf 72' lang='grc' dir='ltr'><strong><em>ε</em></strong></span> <span class='ocrx_word' id='word_1_138' title='bbox 1458 2127 1596 2186; x_wconf 87' lang='lat' dir='ltr'>ergo</span> <span class='ocrx_word' id='word_1_139' title='bbox 1640 2111 1784 2168; x_wconf 90' lang='lat' dir='ltr'>sicut</span> 
     </span>
     <span class='ocr_line' id='line_1_27' title="bbox 418 2191 1783 2264; baseline 0.003 -17"><span class='ocrx_word' id='word_1_140' title='bbox 418 2191 482 2247; x_wconf 90' lang='lat' dir='ltr'>in</span> <span class='ocrx_word' id='word_1_141' title='bbox 512 2193 703 2264; x_wconf 89' lang='lat' dir='ltr'>primo</span> <span class='ocrx_word' id='word_1_142' title='bbox 743 2193 948 2252; x_wconf 88' lang='lat' dir='ltr'>ordine</span> <span class='ocrx_word' id='word_1_143' title='bbox 982 2195 1241 2253; x_wconf 84' lang='lat' dir='ltr'>mediant</span> <span class='ocrx_word' id='word_1_144' title='bbox 1278 2201 1451 2262; x_wconf 88' lang='lat' dir='ltr'>actus,</span> <span class='ocrx_word' id='word_1_145' title='bbox 1485 2196 1566 2252; x_wconf 89' lang='lat' dir='ltr'>ita</span> <span class='ocrx_word' id='word_1_146' title='bbox 1599 2194 1664 2250; x_wconf 91' lang='lat' dir='ltr'>in</span> <span class='ocrx_word' id='word_1_147' title='bbox 1687 2210 1783 2251; x_wconf 90' lang='lat' dir='ltr'>se-</span> 
     </span>
     <span class='ocr_line' id='line_1_28' title="bbox 418 2273 1783 2352; baseline 0.001 -23"><span class='ocrx_word' id='word_1_148' title='bbox 418 2273 623 2332; x_wconf 92' lang='lat' dir='ltr'>cundo.</span> <span class='ocrx_word' id='word_1_149' title='bbox 665 2276 774 2333; x_wconf 88' lang='lat' dir='ltr'>Sed</span> <span class='ocrx_word' id='word_1_150' title='bbox 815 2278 1049 2348; x_wconf 85' lang='lat' dir='ltr'>Vasquii</span> <span class='ocrx_word' id='word_1_151' title='bbox 1090 2277 1624 2352; x_wconf 85' lang='lat' dir='ltr'>interpretationem</span> <span class='ocrx_word' id='word_1_152' title='bbox 1666 2275 1783 2331; x_wconf 92' lang='lat' dir='ltr'>im-</span> 
     </span>
     <span class='ocr_line' id='line_1_29' title="bbox 416 2360 1784 2435; baseline 0.003 -23"><span class='ocrx_word' id='word_1_153' title='bbox 416 2364 699 2431; x_wconf 84' lang='lat' dir='ltr'>pugnant,</span> <span class='ocrx_word' id='word_1_154' title='bbox 751 2364 807 2416; x_wconf 89' lang='lat' dir='ltr'>et</span> <span class='ocrx_word' id='word_1_155' title='bbox 862 2361 1128 2435; x_wconf 88' lang='lat' dir='ltr'>rejiciunt</span> <span class='ocrx_word' id='word_1_156' title='bbox 1191 2362 1576 2418; x_wconf 88' lang='lat' dir='ltr'>communiter</span> <span class='ocrx_word' id='word_1_157' title='bbox 1627 2360 1784 2416; x_wconf 87' lang='lat' dir='ltr'>Tho-</span> 
     </span>
     <span class='ocr_line' id='line_1_30' title="bbox 416 2438 1783 2515; baseline 0.001 -20"><span class='ocrx_word' id='word_1_158' title='bbox 416 2438 606 2496; x_wconf 64' lang='lat' dir='ltr'>mistae</span> <span class='ocrx_word' id='word_1_159' title='bbox 629 2459 642 2493; x_wconf 74' lang='grc' dir='ltr'><strong>ε</strong></span> <span class='ocrx_word' id='word_1_160' title='bbox 676 2447 799 2496; x_wconf 90' lang='lat' dir='ltr'>tum</span> <span class='ocrx_word' id='word_1_161' title='bbox 822 2443 959 2515; x_wconf 89' lang='lat' dir='ltr'>quia</span> <span class='ocrx_word' id='word_1_162' title='bbox 980 2458 1099 2500; x_wconf 91' lang='lat' dir='ltr'>non</span> <span class='ocrx_word' id='word_1_163' title='bbox 1121 2442 1249 2500; x_wconf 92' lang='lat' dir='ltr'>ideo</span> <span class='ocrx_word' id='word_1_164' title='bbox 1270 2443 1442 2499; x_wconf 91' lang='lat' dir='ltr'>homo</span> <span class='ocrx_word' id='word_1_165' title='bbox 1469 2441 1783 2498; x_wconf 91' lang='lat' dir='ltr'>mundatur</span> 
     </span>
     <span class='ocr_line' id='line_1_31' title="bbox 416 2520 1782 2593; baseline 0.004 -18"><span class='ocrx_word' id='word_1_166' title='bbox 416 2534 448 2575; x_wconf 86' lang='lat' dir='ltr'>a</span> <span class='ocrx_word' id='word_1_167' title='bbox 474 2520 661 2593; x_wconf 86' lang='lat' dir='ltr'>culpa,</span> <span class='ocrx_word' id='word_1_168' title='bbox 695 2527 757 2577; x_wconf 93' lang='lat' dir='ltr'>ut</span> <span class='ocrx_word' id='word_1_169' title='bbox 782 2523 975 2579; x_wconf 90' lang='lat' dir='ltr'>eliciat</span> <span class='ocrx_word' id='word_1_170' title='bbox 1012 2524 1438 2591; x_wconf 86' lang='lat' dir='ltr'>contritionem,</span> <span class='ocrx_word' id='word_1_171' title='bbox 1483 2524 1782 2581; x_wconf 64' lang='lat' dir='ltr'>vel&#39;amo-</span> 
     </span>
     <span class='ocr_line' id='line_1_32' title="bbox 417 2604 1783 2678; baseline 0.003 -22"><span class='ocrx_word' id='word_1_172' title='bbox 417 2616 568 2664; x_wconf 84' lang='lat' dir='ltr'>rem;</span> <span class='ocrx_word' id='word_1_173' title='bbox 624 2604 721 2660; x_wconf 89' lang='lat' dir='ltr'>sed</span> <span class='ocrx_word' id='word_1_174' title='bbox 782 2605 968 2678; x_wconf 91' lang='lat' dir='ltr'>potius</span> <span class='ocrx_word' id='word_1_175' title='bbox 1013 2621 1045 2663; x_wconf 93' lang='lat' dir='ltr'>e</span> <span class='ocrx_word' id='word_1_176' title='bbox 1102 2623 1397 2675; x_wconf 83' lang='lat' dir='ltr'>converso,</span> <span class='ocrx_word' id='word_1_177' title='bbox 1450 2605 1578 2663; x_wconf 90' lang='lat' dir='ltr'>ideo</span> <span class='ocrx_word' id='word_1_178' title='bbox 1625 2605 1783 2663; x_wconf 90' lang='lat' dir='ltr'>elicit</span> 
     </span>
     <span class='ocr_line' id='line_1_33' title="bbox 416 2682 1782 2759; baseline 0.004 -21"><span class='ocrx_word' id='word_1_179' title='bbox 416 2682 712 2755; x_wconf 83' lang='lat' dir='ltr'>praedictos</span> <span class='ocrx_word' id='word_1_180' title='bbox 738 2696 912 2752; x_wconf 87' lang='lat' dir='ltr'>actus,</span> <span class='ocrx_word' id='word_1_181' title='bbox 945 2693 1008 2743; x_wconf 93' lang='lat' dir='ltr'>ut</span> <span class='ocrx_word' id='word_1_182' title='bbox 1035 2703 1066 2744; x_wconf 88' lang='lat' dir='ltr'>a</span> <span class='ocrx_word' id='word_1_183' title='bbox 1106 2688 1272 2759; x_wconf 89' lang='lat' dir='ltr'>culpa</span> <span class='ocrx_word' id='word_1_184' title='bbox 1299 2686 1577 2744; x_wconf 88' lang='lat' dir='ltr'>liberetur</span> <span class='ocrx_word' id='word_1_185' title='bbox 1605 2708 1618 2743; x_wconf 90' lang='lat'>:</span> <span class='ocrx_word' id='word_1_186' title='bbox 1646 2702 1782 2759; x_wconf 85' lang='lat' dir='ltr'>ergo</span> 
     </span>
     <span class='ocr_line' id='line_1_34' title="bbox 416 2762 1781 2842; baseline 0.001 -23"><span class='ocrx_word' id='word_1_187' title='bbox 416 2762 675 2835; x_wconf 83' lang='lat' dir='ltr'>praedicti</span> <span class='ocrx_word' id='word_1_188' title='bbox 716 2772 871 2822; x_wconf 88' lang='lat' dir='ltr'>actus</span> <span class='ocrx_word' id='word_1_189' title='bbox 912 2767 1236 2840; x_wconf 85' lang='lat' dir='ltr'>praecedunt</span> <span class='ocrx_word' id='word_1_190' title='bbox 1262 2783 1332 2824; x_wconf 86' lang='lat' dir='ltr'>ex</span> <span class='ocrx_word' id='word_1_191' title='bbox 1363 2774 1523 2842; x_wconf 88' lang='lat' dir='ltr'>parte</span> <span class='ocrx_word' id='word_1_192' title='bbox 1548 2766 1781 2824; x_wconf 91' lang='lat' dir='ltr'>mobilis</span> 
     </span>
     <span class='ocr_line' id='line_1_35' title="bbox 415 2843 1782 2922; baseline 0.004 -23"><span class='ocrx_word' id='word_1_193' title='bbox 415 2843 593 2917; x_wconf 79' lang='lat' dir='ltr'>culpes</span> <span class='ocrx_word' id='word_1_194' title='bbox 623 2845 1046 2904; x_wconf 86' lang='lat' dir='ltr'>remissionem.</span> <span class='ocrx_word' id='word_1_195' title='bbox 1076 2850 1224 2904; x_wconf 92' lang='lat' dir='ltr'>Tum</span> <span class='ocrx_word' id='word_1_196' title='bbox 1245 2848 1440 2909; x_wconf 85' lang='lat' dir='ltr'>etiam.</span> <span class='ocrx_word' id='word_1_197' title='bbox 1465 2848 1600 2922; x_wconf 89' lang='lat' dir='ltr'>quia</span> <span class='ocrx_word' id='word_1_198' title='bbox 1628 2863 1782 2921; x_wconf 82' lang='lat' dir='ltr'>prae-</span> 
     </span>
     <span class='ocr_line' id='line_1_36' title="bbox 415 2924 1781 3006; baseline 0.003 -25"><span class='ocrx_word' id='word_1_199' title='bbox 415 2924 550 2983; x_wconf 89' lang='lat' dir='ltr'>dicti</span> <span class='ocrx_word' id='word_1_200' title='bbox 579 2934 734 2984; x_wconf 88' lang='lat' dir='ltr'>actus</span> <span class='ocrx_word' id='word_1_201' title='bbox 762 2929 1085 3003; x_wconf 85' lang='lat' dir='ltr'>praecedunt</span> <span class='ocrx_word' id='word_1_202' title='bbox 1112 2931 1177 2988; x_wconf 91' lang='lat' dir='ltr'>in</span> <span class='ocrx_word' id='word_1_203' title='bbox 1213 2947 1423 3006; x_wconf 84' lang='lat' dir='ltr'>genere</span> <span class='ocrx_word' id='word_1_204' title='bbox 1448 2946 1630 2988; x_wconf 77' lang='lat' dir='ltr'>causae</span> <span class='ocrx_word' id='word_1_205' title='bbox 1657 2929 1781 2985; x_wconf 90' lang='lat' dir='ltr'>dis-</span> 
     </span>
     <span class='ocr_line' id='line_1_37' title="bbox 417 3006 1781 3086; baseline 0.004 -23"><span class='ocrx_word' id='word_1_206' title='bbox 417 3006 676 3079; x_wconf 79' lang='lat' dir='ltr'>positivae</span> <span class='ocrx_word' id='word_1_207' title='bbox 715 3011 1222 3084; x_wconf 91' lang='lat' dir='ltr'>consequutionem</span> <span class='ocrx_word' id='word_1_208' title='bbox 1266 3012 1501 3086; x_wconf 80' lang='lat' dir='ltr'>gratiae:</span> <span class='ocrx_word' id='word_1_209' title='bbox 1534 3027 1671 3086; x_wconf 89' lang='lat' dir='ltr'>ergo</span> <span class='ocrx_word' id='word_1_210' title='bbox 1714 3012 1781 3068; x_wconf 92' lang='lat' dir='ltr'>in</span> 
     </span>
     <span class='ocr_line' id='line_1_38' title="bbox 414 3088 1781 3168; baseline 0.004 -21"><span class='ocrx_word' id='word_1_211' title='bbox 414 3088 613 3147; x_wconf 86' lang='lat' dir='ltr'>eodem</span> <span class='ocrx_word' id='word_1_212' title='bbox 652 3108 879 3166; x_wconf 85' lang='lat' dir='ltr'>genere,</span> <span class='ocrx_word' id='word_1_213' title='bbox 911 3099 967 3150; x_wconf 91' lang='lat' dir='ltr'>et</span> <span class='ocrx_word' id='word_1_214' title='bbox 1005 3110 1077 3150; x_wconf 88' lang='lat' dir='ltr'>ex</span> <span class='ocrx_word' id='word_1_215' title='bbox 1106 3099 1266 3168; x_wconf 89' lang='lat' dir='ltr'>parte</span> <span class='ocrx_word' id='word_1_216' title='bbox 1307 3095 1540 3153; x_wconf 89' lang='lat' dir='ltr'>mobilis</span> <span class='ocrx_word' id='word_1_217' title='bbox 1569 3111 1781 3168; x_wconf 85' lang='lat' dir='ltr'>praece-</span> 
     </span>
     <span class='ocr_line' id='line_1_39' title="bbox 415 3170 1781 3253; baseline 0.006 -27"><span class='ocrx_word' id='word_1_218' title='bbox 415 3170 561 3228; x_wconf 91' lang='lat' dir='ltr'>dunt</span> <span class='ocrx_word' id='word_1_219' title='bbox 620 3176 798 3248; x_wconf 70' lang='lat' dir='ltr'>culpas</span> <span class='ocrx_word' id='word_1_220' title='bbox 860 3177 1292 3247; x_wconf 89' lang='lat' dir='ltr'>remissionem,</span> <span class='ocrx_word' id='word_1_221' title='bbox 1353 3195 1479 3252; x_wconf 80' lang='lat' dir='ltr'>quae</span> <span class='ocrx_word' id='word_1_222' title='bbox 1522 3184 1607 3235; x_wconf 92' lang='lat' dir='ltr'>est</span> <span class='ocrx_word' id='word_1_223' title='bbox 1657 3179 1781 3253; x_wconf 86' lang='lat' dir='ltr'>ejus</span> 
     </span>
     <span class='ocr_line' id='line_1_40' title="bbox 415 3251 1777 3333; baseline 0.006 -25"><span class='ocrx_word' id='word_1_224' title='bbox 415 3251 644 3310; x_wconf 86' lang='lat' dir='ltr'>effectus</span> <span class='ocrx_word' id='word_1_225' title='bbox 690 3257 955 3314; x_wconf 82' lang='lat' dir='ltr'>formalis</span> <span class='ocrx_word' id='word_1_226' title='bbox 993 3258 1365 3317; x_wconf 88' lang='lat' dir='ltr'>secundarius</span> <span class='ocrx_word' id='word_1_227' title='bbox 1386 3284 1401 3328; x_wconf 87' lang='lat'>;</span> <span class='ocrx_word' id='word_1_228' title='bbox 1429 3260 1576 3333; x_wconf 91' lang='lat' dir='ltr'>quod</span> <span class='ocrx_word' id='word_1_229' title='bbox 1617 3261 1777 3316; x_wconf 90' lang='lat' dir='ltr'>enim</span> 
     </span>
     <span class='ocr_line' id='line_1_41' title="bbox 415 3333 1778 3417; baseline 0.007 -28"><span class='ocrx_word' id='word_1_230' title='bbox 415 3333 670 3407; x_wconf 87' lang='lat' dir='ltr'>disponit</span> <span class='ocrx_word' id='word_1_231' title='bbox 720 3338 791 3396; x_wconf 89' lang='lat' dir='ltr'>ad</span> <span class='ocrx_word' id='word_1_232' title='bbox 846 3340 1121 3410; x_wconf 84' lang='lat' dir='ltr'>formam,</span> <span class='ocrx_word' id='word_1_233' title='bbox 1179 3341 1432 3417; x_wconf 88' lang='lat' dir='ltr'>disponit</span> <span class='ocrx_word' id='word_1_234' title='bbox 1481 3341 1656 3399; x_wconf 89' lang='lat' dir='ltr'>etiam</span> <span class='ocrx_word' id='word_1_235' title='bbox 1708 3342 1778 3399; x_wconf 87' lang='lat' dir='ltr'>ad</span> 
     </span>
     <span class='ocr_line' id='line_1_42' title="bbox 415 3415 844 3477; baseline 0.014 -6"><span class='ocrx_word' id='word_1_236' title='bbox 415 3415 645 3474; x_wconf 80' lang='lat' dir='ltr'>effectus</span> <span class='ocrx_word' id='word_1_237' title='bbox 666 3420 844 3477; x_wconf 92' lang='lat' dir='ltr'>illius.</span> 
     </span>
    </p>

    <p class='ocr_par' dir='ltr' id='par_1_9' title="bbox 408 3500 1777 3984">
     <span class='ocr_line' id='line_1_43' title="bbox 490 3500 1777 3577; baseline 0.005 -24"><span class='ocrx_word' id='word_1_238' title='bbox 490 3500 606 3555; x_wconf 86' lang='lat' dir='ltr'>Nos</span> <span class='ocrx_word' id='word_1_239' title='bbox 657 3506 849 3558; x_wconf 90' lang='lat' dir='ltr'>autem</span> <span class='ocrx_word' id='word_1_240' title='bbox 913 3508 1323 3576; x_wconf 82' lang='lat' dir='ltr'>consequenter</span> <span class='ocrx_word' id='word_1_241' title='bbox 1381 3502 1452 3560; x_wconf 89' lang='lat' dir='ltr'>ad</span> <span class='ocrx_word' id='word_1_242' title='bbox 1512 3505 1777 3577; x_wconf 89' lang='lat' dir='ltr'>superius</span> 
     </span>
     <span class='ocr_line' id='line_1_44' title="bbox 414 3576 1776 3656; baseline 0.006 -24"><span class='ocrx_word' id='word_1_243' title='bbox 414 3576 563 3635; x_wconf 90' lang='lat' dir='ltr'>dicta</span> <span class='ocrx_word' id='word_1_244' title='bbox 583 3598 735 3639; x_wconf 83' lang='lat' dir='ltr'>num.</span> <span class='ocrx_word' id='word_1_245' title='bbox 776 3584 896 3651; x_wconf 75' lang='lat'>128,</span> <span class='ocrx_word' id='word_1_246' title='bbox 918 3583 1347 3656; x_wconf 88' lang='lat' dir='ltr'>respondemus,</span> <span class='ocrx_word' id='word_1_247' title='bbox 1375 3584 1776 3642; x_wconf 89' lang='lat' dir='ltr'>remissionem</span> 
     </span>
     <span class='ocr_line' id='line_1_45' title="bbox 415 3660 1777 3738; baseline 0.006 -23"><span class='ocrx_word' id='word_1_248' title='bbox 415 3660 596 3733; x_wconf 82' lang='lat' dir='ltr'>culpae</span> <span class='ocrx_word' id='word_1_249' title='bbox 622 3662 1005 3720; x_wconf 84' lang='lat' dir='ltr'>essentialiter</span> <span class='ocrx_word' id='word_1_250' title='bbox 1032 3664 1449 3722; x_wconf 85' lang='lat' dir='ltr'>consideratam</span> <span class='ocrx_word' id='word_1_251' title='bbox 1477 3681 1599 3721; x_wconf 91' lang='lat' dir='ltr'>esse</span> <span class='ocrx_word' id='word_1_252' title='bbox 1627 3666 1777 3738; x_wconf 90' lang='lat' dir='ltr'>prio·</span> 
     </span>
     <span class='ocr_line' id='line_1_46' title="bbox 418 3743 1777 3818; baseline 0.004 -22"><span class='ocrx_word' id='word_1_253' title='bbox 418 3756 540 3798; x_wconf 92' lang='lat' dir='ltr'>rem</span> <span class='ocrx_word' id='word_1_254' title='bbox 581 3744 816 3810; x_wconf 88' lang='lat' dir='ltr'>actibus,</span> <span class='ocrx_word' id='word_1_255' title='bbox 849 3745 1053 3818; x_wconf 89' lang='lat' dir='ltr'>quibus</span> <span class='ocrx_word' id='word_1_256' title='bbox 1082 3744 1151 3802; x_wconf 91' lang='lat' dir='ltr'>ad</span> <span class='ocrx_word' id='word_1_257' title='bbox 1186 3743 1652 3818; x_wconf 83' lang='lat' dir='ltr'>justificationem</span> <span class='ocrx_word' id='word_1_258' title='bbox 1682 3747 1777 3802; x_wconf 85' lang='lat' dir='ltr'>ul-</span> 
     </span>
     <span class='ocr_line' id='line_1_47' title="bbox 414 3821 1777 3899; baseline 0.004 -22"><span class='ocrx_word' id='word_1_259' title='bbox 414 3821 558 3880; x_wconf 89' lang='lat' dir='ltr'>timo</span> <span class='ocrx_word' id='word_1_260' title='bbox 598 3823 980 3896; x_wconf 87' lang='lat' dir='ltr'>disponimur.</span> <span class='ocrx_word' id='word_1_261' title='bbox 1014 3827 1299 3891; x_wconf 88' lang='lat' dir='ltr'>Quoniam</span> <span class='ocrx_word' id='word_1_262' title='bbox 1337 3826 1591 3899; x_wconf 78' lang='lat' dir='ltr'>praedicti</span> <span class='ocrx_word' id='word_1_263' title='bbox 1621 3832 1777 3884; x_wconf 92' lang='lat' dir='ltr'>actus</span> 
     </span>
     <span class='ocr_line' id='line_1_48' title="bbox 408 3906 1777 3984; baseline 0.003 -24"><span class='ocrx_word' id='word_1_264' title='bbox 408 3909 544 3961; x_wconf 91' lang='lat' dir='ltr'>sunt</span> <span class='ocrx_word' id='word_1_265' title='bbox 591 3906 810 3979; x_wconf 91' lang='lat' dir='ltr'>proprii</span> <span class='ocrx_word' id='word_1_266' title='bbox 865 3907 1119 3964; x_wconf 91' lang='lat' dir='ltr'>hominis</span> <span class='ocrx_word' id='word_1_267' title='bbox 1163 3908 1339 3982; x_wconf 86' lang='lat' dir='ltr'>justi,</span> <span class='ocrx_word' id='word_1_268' title='bbox 1391 3913 1452 3964; x_wconf 92' lang='lat' dir='ltr'>ut</span> <span class='ocrx_word' id='word_1_269' title='bbox 1498 3909 1668 3984; x_wconf 73' lang='lat' dir='ltr'>Justi,</span> <span class='ocrx_word' id='word_1_270' title='bbox 1720 3913 1777 3966; x_wconf 88' lang='lat' dir='ltr'>et</span> 
     </span>
    </p>
   </div>
   <div class='ocr_carea' id='block_1_8' title="bbox 400 3987 1776 4062">
    <p class='ocr_par' dir='ltr' id='par_1_10' title="bbox 400 3987 1776 4062">
     <span class='ocr_line' id='line_1_49' title="bbox 400 3987 1776 4062; baseline 0.005 -20"><span class='ocrx_word' id='word_1_271' title='bbox 400 3987 614 4043; x_wconf 86' lang='lat' dir='ltr'>mundi</span> <span class='ocrx_word' id='word_1_272' title='bbox 656 4004 689 4045; x_wconf 88' lang='lat' dir='ltr'>a</span> <span class='ocrx_word' id='word_1_273' title='bbox 717 3990 988 4062; x_wconf 88' lang='lat' dir='ltr'>peccatis:</span> <span class='ocrx_word' id='word_1_274' title='bbox 1031 3990 1184 4048; x_wconf 90' lang='lat' dir='ltr'>unde</span> <span class='ocrx_word' id='word_1_275' title='bbox 1222 3990 1366 4047; x_wconf 88' lang='lat' dir='ltr'>sicut</span> <span class='ocrx_word' id='word_1_276' title='bbox 1406 3993 1509 4049; x_wconf 88' lang='lat' dir='ltr'>hac</span> <span class='ocrx_word' id='word_1_277' title='bbox 1552 3993 1776 4049; x_wconf 88' lang='lat' dir='ltr'>ratione</span> 
     </span>
    </p>
   </div>
   <div class='ocr_carea' id='block_1_9' title="bbox 407 4067 1776 5134">
    <p class='ocr_par' dir='ltr' id='par_1_11' title="bbox 407 4067 1776 5134">
     <span class='ocr_line' id='line_1_50' title="bbox 409 4067 1775 4146; baseline 0.004 -22"><span class='ocrx_word' id='word_1_278' title='bbox 409 4067 621 4127; x_wconf 89' lang='lat' dir='ltr'>debent</span> <span class='ocrx_word' id='word_1_279' title='bbox 647 4086 967 4143; x_wconf 88' lang='lat' dir='ltr'>supponere</span> <span class='ocrx_word' id='word_1_280' title='bbox 991 4073 1260 4145; x_wconf 88' lang='lat' dir='ltr'>gratiam,</span> <span class='ocrx_word' id='word_1_281' title='bbox 1287 4074 1368 4130; x_wconf 91' lang='lat' dir='ltr'>ita</span> <span class='ocrx_word' id='word_1_282' title='bbox 1401 4072 1612 4132; x_wconf 88' lang='lat' dir='ltr'>debent</span> <span class='ocrx_word' id='word_1_283' title='bbox 1636 4090 1775 4146; x_wconf 90' lang='lat' dir='ltr'>sup-</span> 
     </span>
     <span class='ocr_line' id='line_1_51' title="bbox 410 4152 1776 4230; baseline 0.002 -23"><span class='ocrx_word' id='word_1_284' title='bbox 410 4166 624 4223; x_wconf 89' lang='lat' dir='ltr'>ponere</span> <span class='ocrx_word' id='word_1_285' title='bbox 672 4153 1070 4209; x_wconf 83' lang='lat' dir='ltr'>remissionem</span> <span class='ocrx_word' id='word_1_286' title='bbox 1116 4156 1313 4230; x_wconf 82' lang='lat' dir='ltr'>culpae.</span> <span class='ocrx_word' id='word_1_287' title='bbox 1367 4157 1435 4210; x_wconf 85' lang='lat' dir='ltr'>Et</span> <span class='ocrx_word' id='word_1_288' title='bbox 1482 4152 1776 4228; x_wconf 83' lang='lat' dir='ltr'>quaemad-</span> 
     </span>
     <span class='ocr_line' id='line_1_52' title="bbox 410 4232 1776 4311; baseline 0.004 -22"><span class='ocrx_word' id='word_1_289' title='bbox 410 4232 647 4291; x_wconf 91' lang='lat' dir='ltr'>modum</span> <span class='ocrx_word' id='word_1_290' title='bbox 675 4234 892 4291; x_wconf 82' lang='lat' dir='ltr'>infusio</span> <span class='ocrx_word' id='word_1_291' title='bbox 917 4236 1115 4310; x_wconf 81' lang='lat' dir='ltr'>gratiae</span> <span class='ocrx_word' id='word_1_292' title='bbox 1139 4238 1521 4294; x_wconf 82' lang='lat' dir='ltr'>essentialiter</span> <span class='ocrx_word' id='word_1_293' title='bbox 1548 4242 1776 4311; x_wconf 90' lang='lat' dir='ltr'>sumpta</span> 
     </span>
     <span class='ocr_line' id='line_1_53' title="bbox 409 4316 1775 4394; baseline 0.004 -21"><span class='ocrx_word' id='word_1_294' title='bbox 409 4332 528 4374; x_wconf 92' lang='lat' dir='ltr'>non</span> <span class='ocrx_word' id='word_1_295' title='bbox 575 4316 854 4392; x_wconf 89' lang='lat' dir='ltr'>dependet</span> <span class='ocrx_word' id='word_1_296' title='bbox 898 4336 931 4376; x_wconf 88' lang='lat' dir='ltr'>a</span> <span class='ocrx_word' id='word_1_297' title='bbox 975 4318 1349 4393; x_wconf 85' lang='lat' dir='ltr'>dispositione</span> <span class='ocrx_word' id='word_1_298' title='bbox 1396 4337 1497 4394; x_wconf 89' lang='lat' dir='ltr'>per</span> <span class='ocrx_word' id='word_1_299' title='bbox 1550 4325 1775 4378; x_wconf 89' lang='lat' dir='ltr'>nostros</span> 
     </span>
     <span class='ocr_line' id='line_1_54' title="bbox 408 4401 1776 4476; baseline 0.005 -21"><span class='ocrx_word' id='word_1_300' title='bbox 408 4404 586 4464; x_wconf 89' lang='lat' dir='ltr'>actus;</span> <span class='ocrx_word' id='word_1_301' title='bbox 615 4401 695 4457; x_wconf 87' lang='lat' dir='ltr'>ita</span> <span class='ocrx_word' id='word_1_302' title='bbox 722 4417 825 4459; x_wconf 90' lang='lat' dir='ltr'>nec</span> <span class='ocrx_word' id='word_1_303' title='bbox 854 4402 1116 4459; x_wconf 89' lang='lat' dir='ltr'>remissio</span> <span class='ocrx_word' id='word_1_304' title='bbox 1144 4403 1480 4476; x_wconf 74' lang='lat' dir='ltr'>culpae‚qua³</span> <span class='ocrx_word' id='word_1_305' title='bbox 1507 4409 1591 4460; x_wconf 89' lang='lat' dir='ltr'>est</span> <span class='ocrx_word' id='word_1_306' title='bbox 1615 4402 1776 4461; x_wconf 85' lang='lat' dir='ltr'>effec-</span> 
     </span>
     <span class='ocr_line' id='line_1_55' title="bbox 407 4484 1774 4559; baseline 0.007 -23"><span class='ocrx_word' id='word_1_307' title='bbox 407 4486 498 4537; x_wconf 91' lang='lat' dir='ltr'>tus</span> <span class='ocrx_word' id='word_1_308' title='bbox 526 4499 558 4539; x_wconf 88' lang='lat' dir='ltr'>a</span> <span class='ocrx_word' id='word_1_309' title='bbox 577 4484 763 4558; x_wconf 87' lang='lat' dir='ltr'>gratia</span> <span class='ocrx_word' id='word_1_310' title='bbox 789 4486 971 4559; x_wconf 90' lang='lat' dir='ltr'>impio</span> <span class='ocrx_word' id='word_1_311' title='bbox 992 4485 1122 4543; x_wconf 88' lang='lat' dir='ltr'>data</span> <span class='ocrx_word' id='word_1_312' title='bbox 1162 4485 1587 4559; x_wconf 84' lang='lat' dir='ltr'>inseparabilis.</span> <span class='ocrx_word' id='word_1_313' title='bbox 1620 4489 1688 4543; x_wconf 87' lang='lat' dir='ltr'>Et</span> <span class='ocrx_word' id='word_1_314' title='bbox 1710 4488 1774 4545; x_wconf 91' lang='lat' dir='ltr'>in</span> 
     </span>
     <span class='ocr_line' id='line_1_56' title="bbox 412 4564 1768 4643; baseline 0.004 -23"><span class='ocrx_word' id='word_1_315' title='bbox 412 4564 520 4621; x_wconf 92' lang='lat' dir='ltr'>hoc</span> <span class='ocrx_word' id='word_1_316' title='bbox 543 4580 713 4622; x_wconf 90' lang='lat' dir='ltr'>sensu</span> <span class='ocrx_word' id='word_1_317' title='bbox 734 4570 1080 4627; x_wconf 85' lang='lat' dir='ltr'>sententiam</span> <span class='ocrx_word' id='word_1_318' title='bbox 1106 4567 1340 4642; x_wconf 89' lang='lat' dir='ltr'>Vasquii</span> <span class='ocrx_word' id='word_1_319' title='bbox 1364 4568 1768 4643; x_wconf 86' lang='lat' dir='ltr'>approbamus.</span> 
     </span>
     <span class='ocr_line' id='line_1_57' title="bbox 409 4648 1775 4726; baseline 0.003 -23"><span class='ocrx_word' id='word_1_320' title='bbox 409 4650 525 4705; x_wconf 90' lang='lat' dir='ltr'>Nec</span> <span class='ocrx_word' id='word_1_321' title='bbox 563 4648 695 4706; x_wconf 88' lang='lat' dir='ltr'>hinc</span> <span class='ocrx_word' id='word_1_322' title='bbox 721 4653 997 4724; x_wconf 82' lang='lat' dir='ltr'>sequitur,</span> <span class='ocrx_word' id='word_1_323' title='bbox 1029 4650 1177 4724; x_wconf 90' lang='lat' dir='ltr'>quod</span> <span class='ocrx_word' id='word_1_324' title='bbox 1205 4651 1470 4709; x_wconf 87' lang='lat' dir='ltr'>remissio</span> <span class='ocrx_word' id='word_1_325' title='bbox 1496 4655 1674 4726; x_wconf 67' lang='lat' dir='ltr'>culpae</span> <span class='ocrx_word' id='word_1_326' title='bbox 1700 4652 1775 4708; x_wconf 88' lang='lat' dir='ltr'>sit</span> 
     </span>
     <span class='ocr_line' id='line_1_58' title="bbox 409 4729 1774 4807; baseline 0.003 -21"><span class='ocrx_word' id='word_1_327' title='bbox 409 4729 710 4804; x_wconf 89' lang='lat' dir='ltr'>dispositio</span> <span class='ocrx_word' id='word_1_328' title='bbox 736 4732 805 4789; x_wconf 89' lang='lat' dir='ltr'>ad</span> <span class='ocrx_word' id='word_1_329' title='bbox 834 4732 1133 4807; x_wconf 82' lang='lat' dir='ltr'>praedictos</span> <span class='ocrx_word' id='word_1_330' title='bbox 1154 4740 1335 4805; x_wconf 86' lang='lat' dir='ltr'>actus;</span> <span class='ocrx_word' id='word_1_331' title='bbox 1364 4733 1499 4807; x_wconf 86' lang='lat' dir='ltr'>quia</span> <span class='ocrx_word' id='word_1_332' title='bbox 1526 4732 1774 4807; x_wconf 88' lang='lat' dir='ltr'>disposi-</span> 
     </span>
     <span class='ocr_line' id='line_1_59' title="bbox 411 4812 1768 4889; baseline 0.002 -20"><span class='ocrx_word' id='word_1_333' title='bbox 411 4813 491 4871; x_wconf 91' lang='lat' dir='ltr'>tio</span> <span class='ocrx_word' id='word_1_334' title='bbox 517 4830 637 4872; x_wconf 91' lang='lat' dir='ltr'>non</span> <span class='ocrx_word' id='word_1_335' title='bbox 664 4812 874 4871; x_wconf 88' lang='lat' dir='ltr'>dicitur</span> <span class='ocrx_word' id='word_1_336' title='bbox 901 4815 1015 4871; x_wconf 88' lang='lat' dir='ltr'>nisi</span> <span class='ocrx_word' id='word_1_337' title='bbox 1062 4814 1372 4889; x_wconf 88' lang='lat' dir='ltr'>respective</span> <span class='ocrx_word' id='word_1_338' title='bbox 1398 4813 1469 4871; x_wconf 91' lang='lat' dir='ltr'>ad</span> <span class='ocrx_word' id='word_1_339' title='bbox 1499 4815 1768 4882; x_wconf 83' lang='lat' dir='ltr'>formam,</span> 
     </span>
     <span class='ocr_line' id='line_1_60' title="bbox 409 4894 1770 4971; baseline 0.002 -20"><span class='ocrx_word' id='word_1_340' title='bbox 409 4911 535 4968; x_wconf 81' lang='lat' dir='ltr'>quae</span> <span class='ocrx_word' id='word_1_341' title='bbox 560 4896 625 4952; x_wconf 92' lang='lat' dir='ltr'>in</span> <span class='ocrx_word' id='word_1_342' title='bbox 654 4897 921 4969; x_wconf 86' lang='lat' dir='ltr'>praesenti</span> <span class='ocrx_word' id='word_1_343' title='bbox 962 4912 1080 4953; x_wconf 92' lang='lat' dir='ltr'>non</span> <span class='ocrx_word' id='word_1_344' title='bbox 1112 4902 1198 4952; x_wconf 91' lang='lat' dir='ltr'>est</span> <span class='ocrx_word' id='word_1_345' title='bbox 1237 4902 1408 4963; x_wconf 88' lang='lat' dir='ltr'>actus,</span> <span class='ocrx_word' id='word_1_346' title='bbox 1439 4894 1536 4952; x_wconf 91' lang='lat' dir='ltr'>sed</span> <span class='ocrx_word' id='word_1_347' title='bbox 1562 4899 1770 4971; x_wconf 88' lang='lat' dir='ltr'>gratia.</span> 
     </span>
     <span class='ocr_line' id='line_1_61' title="bbox 410 4979 1768 5054; baseline 0.001 -20"><span class='ocrx_word' id='word_1_348' title='bbox 410 4979 691 5037; x_wconf 83' lang='lat' dir='ltr'>Praecedit</span> <span class='ocrx_word' id='word_1_349' title='bbox 727 4994 863 5054; x_wconf 87' lang='lat' dir='ltr'>ergo</span> <span class='ocrx_word' id='word_1_350' title='bbox 902 4981 1080 5052; x_wconf 82' lang='lat' dir='ltr'>culpae</span> <span class='ocrx_word' id='word_1_351' title='bbox 1119 4979 1385 5037; x_wconf 88' lang='lat' dir='ltr'>remissio</span> <span class='ocrx_word' id='word_1_352' title='bbox 1424 4979 1556 5037; x_wconf 93' lang='lat' dir='ltr'>illos</span> <span class='ocrx_word' id='word_1_353' title='bbox 1595 4986 1768 5049; x_wconf 88' lang='lat' dir='ltr'>actus,</span> 
     </span>
     <span class='ocr_line' id='line_1_62' title="bbox 410 5060 1768 5134; baseline 0.004 -18"><span class='ocrx_word' id='word_1_354' title='bbox 410 5075 529 5117; x_wconf 90' lang='lat' dir='ltr'>non</span> <span class='ocrx_word' id='word_1_355' title='bbox 551 5067 613 5117; x_wconf 88' lang='lat' dir='ltr'>ut</span> <span class='ocrx_word' id='word_1_356' title='bbox 633 5060 949 5134; x_wconf 87' lang='lat' dir='ltr'>dispositio,</span> <span class='ocrx_word' id='word_1_357' title='bbox 969 5062 1060 5119; x_wconf 90' lang='lat' dir='ltr'>vel</span> <span class='ocrx_word' id='word_1_358' title='bbox 1075 5077 1270 5125; x_wconf 86' lang='lat' dir='ltr'>causa;</span> <span class='ocrx_word' id='word_1_359' title='bbox 1297 5063 1396 5121; x_wconf 88' lang='lat' dir='ltr'>sed</span> <span class='ocrx_word' id='word_1_360' title='bbox 1422 5066 1480 5119; x_wconf 90' lang='lat' dir='ltr'>ut</span> <span class='ocrx_word' id='word_1_361' title='bbox 1499 5061 1768 5132; x_wconf 81' lang='lat' dir='ltr'>conditio,</span> 
     </span>
    </p>
   </div>
   <div class='ocr_carea' id='block_1_10' title="bbox 1046 389 2634 470">
    <p class='ocr_par' dir='ltr' id='par_1_12' title="bbox 1046 389 2634 470">
     <span class='ocr_line' id='line_1_63' title="bbox 1046 389 2634 470; baseline 0.001 -22"><span class='ocrx_word' id='word_1_362' title='bbox 1046 392 1139 448; x_wconf 88' lang='lat' dir='ltr'>DE</span> <span class='ocrx_word' id='word_1_363' title='bbox 1177 389 1786 470; x_wconf 86' lang='lat' dir='ltr'>DISPOSITIONIBUS</span> <span class='ocrx_word' id='word_1_364' title='bbox 1829 390 1922 444; x_wconf 77' lang='lat' dir='ltr'>AD</span> <span class='ocrx_word' id='word_1_365' title='bbox 1960 390 2634 450; x_wconf 84' lang='lat' dir='ltr'>JUSTIFICATIONEM.</span> 
     </span>
    </p>
   </div>
   <div class='ocr_carea' id='block_1_11' title="bbox 1908 558 3505 5056">
    <p class='ocr_par' dir='ltr' id='par_1_13' title="bbox 1917 558 3296 1693">
     <span class='ocr_line' id='line_1_64' title="bbox 1922 558 3295 638; baseline -0.001 -20"><span class='ocrx_word' id='word_1_366' title='bbox 1922 565 1978 618; x_wconf 91' lang='lat' dir='ltr'>et</span> <span class='ocrx_word' id='word_1_367' title='bbox 2015 567 2077 618; x_wconf 92' lang='lat' dir='ltr'>ut</span> <span class='ocrx_word' id='word_1_368' title='bbox 2103 562 2334 620; x_wconf 80' lang='lat' dir='ltr'>effectus</span> <span class='ocrx_word' id='word_1_369' title='bbox 2374 563 2618 621; x_wconf 90' lang='lat' dir='ltr'>intimus</span> <span class='ocrx_word' id='word_1_370' title='bbox 2644 563 2864 638; x_wconf 61' lang='lat' dir='ltr'>gratias,</span> <span class='ocrx_word' id='word_1_371' title='bbox 2896 577 3020 635; x_wconf 82' lang='lat' dir='ltr'>qnae</span> <span class='ocrx_word' id='word_1_372' title='bbox 3044 564 3130 618; x_wconf 90' lang='lat' dir='ltr'>est</span> <span class='ocrx_word' id='word_1_373' title='bbox 3157 558 3295 616; x_wconf 89' lang='lat' dir='ltr'>illo·</span> 
     </span>
     <span class='ocr_line' id='line_1_65' title="bbox 1924 641 3295 717; baseline -0.001 -20"><span class='ocrx_word' id='word_1_374' title='bbox 1924 656 2059 711; x_wconf 88' lang='lat' dir='ltr'>rum</span> <span class='ocrx_word' id='word_1_375' title='bbox 2106 647 2335 699; x_wconf 88' lang='lat' dir='ltr'>actuum</span> <span class='ocrx_word' id='word_1_376' title='bbox 2386 641 2756 717; x_wconf 88' lang='lat' dir='ltr'>principium,</span> <span class='ocrx_word' id='word_1_377' title='bbox 2788 648 2844 700; x_wconf 90' lang='lat' dir='ltr'>et</span> <span class='ocrx_word' id='word_1_378' title='bbox 2884 648 2945 699; x_wconf 93' lang='lat' dir='ltr'>ut</span> <span class='ocrx_word' id='word_1_379' title='bbox 2988 654 3295 698; x_wconf 81' lang='lat' dir='ltr'>removens</span> 
     </span>
     <span class='ocr_line' id='line_1_66' title="bbox 1922 721 3295 798; baseline -0.002 -18"><span class='ocrx_word' id='word_1_380' title='bbox 1922 724 2408 798; x_wconf 87' lang='lat' dir='ltr'>impedimentum</span> <span class='ocrx_word' id='word_1_381' title='bbox 2439 726 2670 798; x_wconf 86' lang='lat' dir='ltr'>peccati.</span> <span class='ocrx_word' id='word_1_382' title='bbox 2702 727 2982 784; x_wconf 84' lang='lat' dir='ltr'>Caeterum</span> <span class='ocrx_word' id='word_1_383' title='bbox 3027 721 3295 780; x_wconf 88' lang='lat' dir='ltr'>remissio</span> 
     </span>
     <span class='ocr_line' id='line_1_67' title="bbox 1921 805 3295 880; baseline -0.002 -18"><span class='ocrx_word' id='word_1_384' title='bbox 1921 807 2101 880; x_wconf 81' lang='lat' dir='ltr'>culpae</span> <span class='ocrx_word' id='word_1_385' title='bbox 2128 813 2189 863; x_wconf 90' lang='lat' dir='ltr'>ut</span> <span class='ocrx_word' id='word_1_386' title='bbox 2214 807 2690 874; x_wconf 85' lang='lat' dir='ltr'>connaturaliter,</span> <span class='ocrx_word' id='word_1_387' title='bbox 2722 812 2778 865; x_wconf 89' lang='lat' dir='ltr'>et</span> <span class='ocrx_word' id='word_1_388' title='bbox 2807 806 2988 864; x_wconf 89' lang='lat' dir='ltr'>libere</span> <span class='ocrx_word' id='word_1_389' title='bbox 3017 805 3185 871; x_wconf 82' lang='lat' dir='ltr'>facta,</span> <span class='ocrx_word' id='word_1_390' title='bbox 3208 808 3295 861; x_wconf 82' lang='lat' dir='ltr'>est</span> 
     </span>
     <span class='ocr_line' id='line_1_68' title="bbox 1923 888 3296 964; baseline -0.001 -19"><span class='ocrx_word' id='word_1_391' title='bbox 1923 889 2202 961; x_wconf 90' lang='lat' dir='ltr'>posterior</span> <span class='ocrx_word' id='word_1_392' title='bbox 2243 889 2524 964; x_wconf 81' lang='lat' dir='ltr'>praedictis</span> <span class='ocrx_word' id='word_1_393' title='bbox 2566 890 2784 946; x_wconf 92' lang='lat' dir='ltr'>actibus</span> <span class='ocrx_word' id='word_1_394' title='bbox 2822 888 3006 946; x_wconf 88' lang='lat' dir='ltr'>adhuc</span> <span class='ocrx_word' id='word_1_395' title='bbox 3032 904 3103 946; x_wconf 88' lang='lat' dir='ltr'>ex</span> <span class='ocrx_word' id='word_1_396' title='bbox 3132 890 3296 961; x_wconf 82' lang='lat' dir='ltr'>parte</span> 
     </span>
     <span class='ocr_line' id='line_1_69' title="bbox 1920 967 3296 1044; baseline -0.002 -18"><span class='ocrx_word' id='word_1_397' title='bbox 1920 968 2185 1036; x_wconf 88' lang='lat' dir='ltr'>mobilis;</span> <span class='ocrx_word' id='word_1_398' title='bbox 2213 971 2347 1044; x_wconf 90' lang='lat' dir='ltr'>quia</span> <span class='ocrx_word' id='word_1_399' title='bbox 2374 969 2547 1028; x_wconf 92' lang='lat' dir='ltr'>homo</span> <span class='ocrx_word' id='word_1_400' title='bbox 2575 987 2676 1043; x_wconf 91' lang='lat' dir='ltr'>per</span> <span class='ocrx_word' id='word_1_401' title='bbox 2700 971 2833 1028; x_wconf 91' lang='lat' dir='ltr'>illos</span> <span class='ocrx_word' id='word_1_402' title='bbox 2860 974 3013 1027; x_wconf 86' lang='lat' dir='ltr'>actus</span> <span class='ocrx_word' id='word_1_403' title='bbox 3038 967 3296 1041; x_wconf 88' lang='lat' dir='ltr'>disponi·</span> 
     </span>
     <span class='ocr_line' id='line_1_70' title="bbox 1919 1051 3295 1126; baseline -0.001 -18"><span class='ocrx_word' id='word_1_404' title='bbox 1919 1057 2017 1109; x_wconf 87' lang='lat' dir='ltr'>tur</span> <span class='ocrx_word' id='word_1_405' title='bbox 2046 1052 2117 1110; x_wconf 88' lang='lat' dir='ltr'>ad</span> <span class='ocrx_word' id='word_1_406' title='bbox 2143 1051 2604 1126; x_wconf 88' lang='lat' dir='ltr'>consequendum</span> <span class='ocrx_word' id='word_1_407' title='bbox 2635 1052 2817 1110; x_wconf 91' lang='lat' dir='ltr'>libere</span> <span class='ocrx_word' id='word_1_408' title='bbox 2843 1059 2899 1110; x_wconf 92' lang='lat' dir='ltr'>et</span> <span class='ocrx_word' id='word_1_409' title='bbox 2937 1051 3207 1126; x_wconf 86' lang='lat' dir='ltr'>gratiam,</span> <span class='ocrx_word' id='word_1_410' title='bbox 3238 1054 3295 1106; x_wconf 89' lang='lat' dir='ltr'>et</span> 
     </span>
     <span class='ocr_line' id='line_1_71' title="bbox 1919 1132 3293 1207; baseline -0.001 -18"><span class='ocrx_word' id='word_1_411' title='bbox 1919 1135 2102 1207; x_wconf 83' lang='lat' dir='ltr'>culpae</span> <span class='ocrx_word' id='word_1_412' title='bbox 2131 1134 2554 1200; x_wconf 85' lang='lat' dir='ltr'>remissionem,</span> <span class='ocrx_word' id='word_1_413' title='bbox 2599 1139 2663 1190; x_wconf 89' lang='lat' dir='ltr'>ut</span> <span class='ocrx_word' id='word_1_414' title='bbox 2701 1134 2921 1191; x_wconf 83' lang='lat' dir='ltr'>motiva</span> <span class='ocrx_word' id='word_1_415' title='bbox 2960 1132 3293 1189; x_wconf 87' lang='lat' dir='ltr'>Thomista·</span> 
     </span>
     <span class='ocr_line' id='line_1_72' title="bbox 1921 1212 3292 1287; baseline -0.002 -16"><span class='ocrx_word' id='word_1_416' title='bbox 1921 1230 2055 1272; x_wconf 90' lang='lat' dir='ltr'>rum</span> <span class='ocrx_word' id='word_1_417' title='bbox 2081 1215 2456 1273; x_wconf 84' lang='lat' dir='ltr'>convincunt.</span> <span class='ocrx_word' id='word_1_418' title='bbox 2480 1217 2592 1272; x_wconf 86' lang='lat' dir='ltr'>Nec</span> <span class='ocrx_word' id='word_1_419' title='bbox 2611 1220 2851 1287; x_wconf 88' lang='lat' dir='ltr'>oportet,</span> <span class='ocrx_word' id='word_1_420' title='bbox 2878 1212 3026 1286; x_wconf 90' lang='lat' dir='ltr'>quod</span> <span class='ocrx_word' id='word_1_421' title='bbox 3055 1212 3195 1270; x_wconf 92' lang='lat' dir='ltr'>ordo</span> <span class='ocrx_word' id='word_1_422' title='bbox 3220 1227 3292 1269; x_wconf 85' lang='lat' dir='ltr'>ex</span> 
     </span>
     <span class='ocr_line' id='line_1_73' title="bbox 1922 1292 3291 1369; baseline -0.002 -17"><span class='ocrx_word' id='word_1_423' title='bbox 1922 1301 2082 1369; x_wconf 89' lang='lat' dir='ltr'>parte</span> <span class='ocrx_word' id='word_1_424' title='bbox 2109 1295 2343 1354; x_wconf 87' lang='lat' dir='ltr'>mobilis</span> <span class='ocrx_word' id='word_1_425' title='bbox 2369 1296 2444 1352; x_wconf 86' lang='lat' dir='ltr'>sit</span> <span class='ocrx_word' id='word_1_426' title='bbox 2484 1295 2747 1362; x_wconf 90' lang='lat' dir='ltr'>omnin0,</span> <span class='ocrx_word' id='word_1_427' title='bbox 2782 1300 2838 1352; x_wconf 87' lang='lat' dir='ltr'>et</span> <span class='ocrx_word' id='word_1_428' title='bbox 2862 1293 3048 1367; x_wconf 91' lang='lat' dir='ltr'>quoad</span> <span class='ocrx_word' id='word_1_429' title='bbox 3092 1292 3291 1351; x_wconf 88' lang='lat' dir='ltr'>omnia</span> 
     </span>
     <span class='ocr_line' id='line_1_74' title="bbox 1919 1374 3292 1450; baseline -0.001 -19"><span class='ocrx_word' id='word_1_430' title='bbox 1919 1375 2134 1434; x_wconf 88' lang='lat' dir='ltr'>directe</span> <span class='ocrx_word' id='word_1_431' title='bbox 2159 1375 2449 1450; x_wconf 89' lang='lat' dir='ltr'>oppositus</span> <span class='ocrx_word' id='word_1_432' title='bbox 2469 1374 2665 1433; x_wconf 91' lang='lat' dir='ltr'>ordini</span> <span class='ocrx_word' id='word_1_433' title='bbox 2685 1390 2757 1432; x_wconf 87' lang='lat' dir='ltr'>ex</span> <span class='ocrx_word' id='word_1_434' title='bbox 2780 1380 2938 1449; x_wconf 90' lang='lat' dir='ltr'>parte</span> <span class='ocrx_word' id='word_1_435' title='bbox 2962 1374 3202 1449; x_wconf 68' lang='lat' dir='ltr'>agentis»,</span> <span class='ocrx_word' id='word_1_436' title='bbox 3229 1378 3292 1430; x_wconf 90' lang='lat' dir='ltr'>ut</span> 
     </span>
     <span class='ocr_line' id='line_1_75' title="bbox 1919 1455 3293 1532; baseline -0.001 -19"><span class='ocrx_word' id='word_1_437' title='bbox 1919 1458 2065 1516; x_wconf 82' lang='lat' dir='ltr'>falso</span> <span class='ocrx_word' id='word_1_438' title='bbox 2112 1458 2333 1532; x_wconf 85' lang='lat' dir='ltr'>putavit</span> <span class='ocrx_word' id='word_1_439' title='bbox 2384 1459 2660 1531; x_wconf 81' lang='lat' dir='ltr'>vasquez,</span> <span class='ocrx_word' id='word_1_440' title='bbox 2707 1457 2799 1513; x_wconf 91' lang='lat' dir='ltr'>cui</span> <span class='ocrx_word' id='word_1_441' title='bbox 2845 1456 3095 1513; x_wconf 89' lang='lat' dir='ltr'>minime</span> <span class='ocrx_word' id='word_1_442' title='bbox 3140 1455 3293 1513; x_wconf 82' lang='lat' dir='ltr'>favet</span> 
     </span>
     <span class='ocr_line' id='line_1_76' title="bbox 1921 1535 3292 1611; baseline -0.001 -18"><span class='ocrx_word' id='word_1_443' title='bbox 1921 1541 1984 1597; x_wconf 92' lang='lat' dir='ltr'>D.</span> <span class='ocrx_word' id='word_1_444' title='bbox 2017 1539 2221 1596; x_wconf 83' lang='lat' dir='ltr'>Thom.</span> <span class='ocrx_word' id='word_1_445' title='bbox 2253 1541 2314 1594; x_wconf 81' lang='lat' dir='ltr'>in</span> <span class='ocrx_word' id='word_1_446' title='bbox 2338 1557 2402 1595; x_wconf 82' lang='lat' dir='ltr'>ea</span> <span class='ocrx_word' id='word_1_447' title='bbox 2440 1555 2582 1611; x_wconf 83' lang='lat' dir='ltr'>resp.</span> <span class='ocrx_word' id='word_1_448' title='bbox 2613 1538 2687 1593; x_wconf 85' lang='lat' dir='ltr'>ad</span> <span class='ocrx_word' id='word_1_449' title='bbox 2734 1539 2780 1604; x_wconf 91' lang='lat' dir='ltr'>l,</span> <span class='ocrx_word' id='word_1_450' title='bbox 2825 1542 2887 1592; x_wconf 91' lang='lat' dir='ltr'>ut</span> <span class='ocrx_word' id='word_1_451' title='bbox 2923 1553 2995 1594; x_wconf 85' lang='lat' dir='ltr'>ex</span> <span class='ocrx_word' id='word_1_452' title='bbox 3036 1541 3194 1593; x_wconf 80' lang='lat' dir='ltr'>textu</span> <span class='ocrx_word' id='word_1_453' title='bbox 3224 1535 3292 1591; x_wconf 87' lang='lat' dir='ltr'>li-</span> 
     </span>
     <span class='ocr_line' id='line_1_77' title="bbox 1917 1619 2880 1693; baseline -0.006 -17"><span class='ocrx_word' id='word_1_454' title='bbox 1917 1619 2091 1693; x_wconf 90' lang='lat' dir='ltr'>quido</span> <span class='ocrx_word' id='word_1_455' title='bbox 2117 1625 2354 1677; x_wconf 88' lang='lat' dir='ltr'>constat.</span> <span class='ocrx_word' id='word_1_456' title='bbox 2877 1667 2880 1670; x_wconf 87' lang='lat'>.</span> 
     </span>
    </p>

    <p class='ocr_par' dir='ltr' id='par_1_14' title="bbox 1914 1698 3505 3006">
     <span class='ocr_line' id='line_1_78' title="bbox 2001 1698 3505 1774; baseline -0.004 -15"><span class='ocrx_word' id='word_1_457' title='bbox 2001 1704 2120 1759; x_wconf 89' lang='lat'>133.</span> <span class='ocrx_word' id='word_1_458' title='bbox 2164 1701 2420 1774; x_wconf 89' lang='lat' dir='ltr'>Denique</span> <span class='ocrx_word' id='word_1_459' title='bbox 2444 1700 2493 1756; x_wconf 94' lang='lat' dir='ltr'>si</span> <span class='ocrx_word' id='word_1_460' title='bbox 2525 1706 2684 1757; x_wconf 89' lang='lat' dir='ltr'>actus</span> <span class='ocrx_word' id='word_1_461' title='bbox 2711 1698 3027 1764; x_wconf 89' lang='lat' dir='ltr'>charitatis,</span> <span class='ocrx_word' id='word_1_462' title='bbox 3061 1703 3124 1756; x_wconf 89' lang='lat' dir='ltr'>et</span> <span class='ocrx_word' id='word_1_463' title='bbox 3148 1703 3505 1756; x_wconf 64' lang='lat' dir='ltr'>con-Anticus</span> 
     </span>
     <span class='ocr_line' id='line_1_79' title="bbox 1918 1754 3458 1858; baseline -0.003 -17"><span class='ocrx_word' id='word_1_464' title='bbox 1918 1784 2192 1851; x_wconf 91' lang='lat' dir='ltr'>tritionis,</span> <span class='ocrx_word' id='word_1_465' title='bbox 2224 1782 2433 1858; x_wconf 89' lang='lat' dir='ltr'>quibus</span> <span class='ocrx_word' id='word_1_466' title='bbox 2485 1783 2717 1842; x_wconf 87' lang='lat' dir='ltr'>adultus</span> <span class='ocrx_word' id='word_1_467' title='bbox 2745 1782 2951 1838; x_wconf 90' lang='lat' dir='ltr'>ultimo</span> <span class='ocrx_word' id='word_1_468' title='bbox 2979 1782 3049 1838; x_wconf 91' lang='lat' dir='ltr'>ad</span> <span class='ocrx_word' id='word_1_469' title='bbox 3073 1780 3289 1857; x_wconf 85' lang='lat' dir='ltr'>justifi-</span> <span class='ocrx_word' id='word_1_470' title='bbox 3344 1754 3458 1848; x_wconf 61' lang='grc' dir='ltr'>ῗζξὲἓ</span> 
     </span>
     <span class='ocr_line' id='line_1_80' title="bbox 1918 1860 3463 1948; baseline -0.001 -24"><span class='ocrx_word' id='word_1_471' title='bbox 1918 1869 2200 1925; x_wconf 89' lang='lat' dir='ltr'>cationem</span> <span class='ocrx_word' id='word_1_472' title='bbox 2222 1865 2571 1940; x_wconf 88' lang='lat' dir='ltr'>disponitur,</span> <span class='ocrx_word' id='word_1_473' title='bbox 2597 1871 3006 1938; x_wconf 89' lang='lat' dir='ltr'>comparentur</span> <span class='ocrx_word' id='word_1_474' title='bbox 3029 1866 3182 1923; x_wconf 88' lang='lat' dir='ltr'>inter</span> <span class='ocrx_word' id='word_1_475' title='bbox 3202 1881 3283 1933; x_wconf 89' lang='lat' dir='ltr'>se,</span> <span class='ocrx_word' id='word_1_476' title='bbox 3325 1860 3463 1948; x_wconf 60' lang='lat' dir='ltr'>ffifl!</span> 
     </span>
     <span class='ocr_line' id='line_1_81' title="bbox 1919 1947 3487 2023; baseline -0.003 -17"><span class='ocrx_word' id='word_1_477' title='bbox 1919 1951 2144 2006; x_wconf 90' lang='lat' dir='ltr'>nullam</span> <span class='ocrx_word' id='word_1_478' title='bbox 2184 1949 2248 2005; x_wconf 93' lang='lat' dir='ltr'>in</span> <span class='ocrx_word' id='word_1_479' title='bbox 2295 1950 2486 2023; x_wconf 88' lang='lat' dir='ltr'>rigore</span> <span class='ocrx_word' id='word_1_480' title='bbox 2525 1947 2829 2021; x_wconf 89' lang='lat' dir='ltr'>loquendo,</span> <span class='ocrx_word' id='word_1_481' title='bbox 2861 1953 3123 2005; x_wconf 88' lang='lat' dir='ltr'>mutuam</span> <span class='ocrx_word' id='word_1_482' title='bbox 3148 1964 3287 2005; x_wconf 88' lang='lat' dir='ltr'>cau·</span> <span class='ocrx_word' id='word_1_483' title='bbox 3314 1953 3487 2003; x_wconf 60' lang='lat' dir='ltr'>miset</span> 
     </span>
     <span class='ocr_line' id='line_1_82' title="bbox 1917 2007 3476 2111; baseline -0.005 -21"><span class='ocrx_word' id='word_1_484' title='bbox 1917 2035 2206 2090; x_wconf 88' lang='lat' dir='ltr'>salitatem</span> <span class='ocrx_word' id='word_1_485' title='bbox 2228 2031 2556 2089; x_wconf 83' lang='lat' dir='ltr'>adinvicem</span> <span class='ocrx_word' id='word_1_486' title='bbox 2585 2036 2871 2088; x_wconf 89' lang='lat' dir='ltr'>exercent.</span> <span class='ocrx_word' id='word_1_487' title='bbox 2905 2033 3053 2094; x_wconf 85' lang='lat' dir='ltr'>Quia</span> <span class='ocrx_word' id='word_1_488' title='bbox 3085 2036 3287 2089; x_wconf 88' lang='lat' dir='ltr'>neuter</span> <span class='ocrx_word' id='word_1_489' title='bbox 3324 2007 3476 2111; x_wconf 57' lang='grc' dir='ltr'>ἓξὲ’,ἓ</span> 
     </span>
     <span class='ocr_line' id='line_1_83' title="bbox 1918 2108 3473 2187; baseline -0.003 -16"><span class='ocrx_word' id='word_1_490' title='bbox 1918 2115 2185 2181; x_wconf 89' lang='lat' dir='ltr'>alterum,</span> <span class='ocrx_word' id='word_1_491' title='bbox 2219 2114 2453 2187; x_wconf 91' lang='lat' dir='ltr'>proprie</span> <span class='ocrx_word' id='word_1_492' title='bbox 2498 2112 2802 2187; x_wconf 76' lang='lat' dir='ltr'>loquendo,</span> <span class='ocrx_word' id='word_1_493' title='bbox 2835 2114 2927 2171; x_wconf 84' lang='lat' dir='ltr'>vel</span> <span class='ocrx_word' id='word_1_494' title='bbox 2956 2113 3141 2176; x_wconf 87' lang='lat' dir='ltr'>efficit,</span> <span class='ocrx_word' id='word_1_495' title='bbox 3191 2111 3287 2168; x_wconf 87' lang='lat' dir='ltr'>vel</span> <span class='ocrx_word' id='word_1_496' title='bbox 3332 2108 3473 2146; x_wconf 60' lang='grc' dir='ltr'>ΜΨ*</span> 
     </span>
     <span class='ocr_line' id='line_1_84' title="bbox 1917 2192 3286 2267; baseline -0.002 -15"><span class='ocrx_word' id='word_1_497' title='bbox 1917 2196 2221 2261; x_wconf 84' lang='lat' dir='ltr'>informat,</span> <span class='ocrx_word' id='word_1_498' title='bbox 2249 2195 2342 2251; x_wconf 90' lang='lat' dir='ltr'>vel</span> <span class='ocrx_word' id='word_1_499' title='bbox 2372 2194 2441 2251; x_wconf 90' lang='lat' dir='ltr'>ad</span> <span class='ocrx_word' id='word_1_500' title='bbox 2471 2194 2661 2267; x_wconf 90' lang='lat' dir='ltr'>ipsum</span> <span class='ocrx_word' id='word_1_501' title='bbox 2684 2192 2973 2267; x_wconf 85' lang='lat' dir='ltr'>disponit;</span> <span class='ocrx_word' id='word_1_502' title='bbox 3004 2193 3102 2250; x_wconf 91' lang='lat' dir='ltr'>sed</span> <span class='ocrx_word' id='word_1_503' title='bbox 3125 2198 3286 2250; x_wconf 88' lang='lat' dir='ltr'>uter-</span> 
     </span>
     <span class='ocr_line' id='line_1_85' title="bbox 1916 2276 3288 2353; baseline -0.003 -18"><span class='ocrx_word' id='word_1_504' title='bbox 1916 2296 2026 2353; x_wconf 89' lang='lat' dir='ltr'>que</span> <span class='ocrx_word' id='word_1_505' title='bbox 2054 2278 2225 2336; x_wconf 89' lang='lat' dir='ltr'>habet</span> <span class='ocrx_word' id='word_1_506' title='bbox 2272 2277 2560 2334; x_wconf 87' lang='lat' dir='ltr'>rationem</span> <span class='ocrx_word' id='word_1_507' title='bbox 2606 2276 3004 2349; x_wconf 87' lang='lat' dir='ltr'>dispositionis</span> <span class='ocrx_word' id='word_1_508' title='bbox 3034 2281 3288 2350; x_wconf 89' lang='lat' dir='ltr'>respectu</span> 
     </span>
     <span class='ocr_line' id='line_1_86' title="bbox 1916 2358 3290 2437; baseline -0.002 -19"><span class='ocrx_word' id='word_1_509' title='bbox 1916 2363 2116 2437; x_wconf 84' lang='lat' dir='ltr'>gratiae</span> <span class='ocrx_word' id='word_1_510' title='bbox 2144 2359 2571 2418; x_wconf 66' lang='lat' dir='ltr'>sanctificantis</span> <span class='ocrx_word' id='word_1_511' title='bbox 2603 2359 2875 2417; x_wconf 86' lang='lat' dir='ltr'>Absolute</span> <span class='ocrx_word' id='word_1_512' title='bbox 2903 2366 3097 2417; x_wconf 90' lang='lat' dir='ltr'>tamen</span> <span class='ocrx_word' id='word_1_513' title='bbox 3127 2358 3290 2432; x_wconf 91' lang='lat' dir='ltr'>prior</span> 
     </span>
     <span class='ocr_line' id='line_1_87' title="bbox 1915 2443 3291 2517; baseline -0.004 -14"><span class='ocrx_word' id='word_1_514' title='bbox 1915 2452 2001 2503; x_wconf 91' lang='lat' dir='ltr'>est</span> <span class='ocrx_word' id='word_1_515' title='bbox 2040 2452 2194 2502; x_wconf 87' lang='lat' dir='ltr'>actus</span> <span class='ocrx_word' id='word_1_516' title='bbox 2223 2444 2457 2509; x_wconf 86' lang='lat' dir='ltr'>amoris,</span> <span class='ocrx_word' id='word_1_517' title='bbox 2483 2458 2657 2517; x_wconf 90' lang='lat' dir='ltr'>quam</span> <span class='ocrx_word' id='word_1_518' title='bbox 2686 2443 2956 2501; x_wconf 90' lang='lat' dir='ltr'>contritio</span> <span class='ocrx_word' id='word_1_519' title='bbox 2988 2464 3002 2499; x_wconf 76' lang='grc' dir='ltr'><strong><em>ε</em></strong></span> <span class='ocrx_word' id='word_1_520' title='bbox 3046 2458 3182 2499; x_wconf 88' lang='lat' dir='ltr'>nam</span> <span class='ocrx_word' id='word_1_521' title='bbox 3229 2457 3291 2498; x_wconf 88' lang='lat' dir='ltr'>se</span> 
     </span>
     <span class='ocr_line' id='line_1_88' title="bbox 1916 2522 3289 2598; baseline -0.004 -14"><span class='ocrx_word' id='word_1_522' title='bbox 1916 2531 2072 2584; x_wconf 89' lang='lat' dir='ltr'>tenet</span> <span class='ocrx_word' id='word_1_523' title='bbox 2098 2541 2167 2583; x_wconf 86' lang='lat' dir='ltr'>ex</span> <span class='ocrx_word' id='word_1_524' title='bbox 2196 2530 2358 2598; x_wconf 88' lang='lat' dir='ltr'>parte</span> <span class='ocrx_word' id='word_1_525' title='bbox 2385 2524 2621 2598; x_wconf 83' lang='lat' dir='ltr'>agentis,</span> <span class='ocrx_word' id='word_1_526' title='bbox 2648 2528 2704 2579; x_wconf 91' lang='lat' dir='ltr'>et</span> <span class='ocrx_word' id='word_1_527' title='bbox 2726 2522 2880 2593; x_wconf 76' lang='lat' dir='ltr'>finiS,</span> <span class='ocrx_word' id='word_1_528' title='bbox 2914 2539 3162 2597; x_wconf 87' lang='lat' dir='ltr'>quorum</span> <span class='ocrx_word' id='word_1_529' title='bbox 3189 2522 3289 2578; x_wconf 90' lang='lat' dir='ltr'>in-</span> 
     </span>
     <span class='ocr_line' id='line_1_89' title="bbox 1916 2603 3289 2678; baseline -0.003 -16"><span class='ocrx_word' id='word_1_530' title='bbox 1916 2606 2105 2662; x_wconf 84' lang='lat' dir='ltr'>fluxus</span> <span class='ocrx_word' id='word_1_531' title='bbox 2134 2606 2450 2678; x_wconf 90' lang='lat' dir='ltr'>primatum</span> <span class='ocrx_word' id='word_1_532' title='bbox 2493 2603 2664 2660; x_wconf 88' lang='lat' dir='ltr'>habet</span> <span class='ocrx_word' id='word_1_533' title='bbox 2691 2603 2844 2661; x_wconf 89' lang='lat' dir='ltr'>inter</span> <span class='ocrx_word' id='word_1_534' title='bbox 2891 2611 3125 2660; x_wconf 80' lang='lat' dir='ltr'>caeteras</span> <span class='ocrx_word' id='word_1_535' title='bbox 3152 2618 3289 2659; x_wconf 87' lang='lat' dir='ltr'>cau-</span> 
     </span>
     <span class='ocr_line' id='line_1_90' title="bbox 1915 2683 3484 2760; baseline -0.008 -17"><span class='ocrx_word' id='word_1_536' title='bbox 1915 2703 2024 2760; x_wconf 79' lang='lat' dir='ltr'>saS.</span> <span class='ocrx_word' id='word_1_537' title='bbox 2071 2688 2141 2741; x_wconf 91' lang='lat' dir='ltr'>Et</span> <span class='ocrx_word' id='word_1_538' title='bbox 2162 2686 2266 2741; x_wconf 90' lang='lat' dir='ltr'>hoc</span> <span class='ocrx_word' id='word_1_539' title='bbox 2293 2683 2579 2760; x_wconf 86' lang='lat' dir='ltr'>significat</span> <span class='ocrx_word' id='word_1_540' title='bbox 2600 2686 2662 2740; x_wconf 91' lang='lat' dir='ltr'>D.</span> <span class='ocrx_word' id='word_1_541' title='bbox 2685 2684 2888 2741; x_wconf 86' lang='lat' dir='ltr'>Thom.</span> <span class='ocrx_word' id='word_1_542' title='bbox 2923 2684 2987 2740; x_wconf 90' lang='lat' dir='ltr'>in</span> <span class='ocrx_word' id='word_1_543' title='bbox 3016 2683 3283 2757; x_wconf 63' lang='lat' dir='ltr'>praesenti</span> <span class='ocrx_word' id='word_1_544' title='bbox 3316 2691 3484 2735; x_wconf 68' lang='lat' dir='ltr'>urm.</span> 
     </span>
     <span class='ocr_line' id='line_1_91' title="bbox 1914 2765 3285 2841; baseline -0.003 -16"><span class='ocrx_word' id='word_1_545' title='bbox 1914 2776 2024 2826; x_wconf 77' lang='lat' dir='ltr'>art.</span> <span class='ocrx_word' id='word_1_546' title='bbox 2059 2771 2113 2837; x_wconf 89' lang='lat'>8,</span> <span class='ocrx_word' id='word_1_547' title='bbox 2143 2771 2200 2823; x_wconf 81' lang='lat' dir='ltr'>in</span> <span class='ocrx_word' id='word_1_548' title='bbox 2241 2786 2389 2841; x_wconf 83' lang='lat' dir='ltr'>corp.</span> <span class='ocrx_word' id='word_1_549' title='bbox 2420 2767 2520 2824; x_wconf 90' lang='lat' dir='ltr'>ubi</span> <span class='ocrx_word' id='word_1_550' title='bbox 2548 2767 2627 2823; x_wconf 86' lang='lat' dir='ltr'>ait</span> <span class='ocrx_word' id='word_1_551' title='bbox 2660 2788 2672 2822; x_wconf 89' lang='lat'>:</span> <span class='ocrx_word' id='word_1_552' title='bbox 2701 2787 2727 2819; x_wconf 71' lang='grc' dir='ltr'><strong>α</strong></span> <span class='ocrx_word' id='word_1_553' title='bbox 2761 2768 2830 2821; x_wconf 86' lang='lat' dir='ltr'>Et</span> <span class='ocrx_word' id='word_1_554' title='bbox 2856 2765 2983 2823; x_wconf 87' lang='lat' dir='ltr'>ideo</span> <span class='ocrx_word' id='word_1_555' title='bbox 3026 2766 3285 2822; x_wconf 88' lang='lat' dir='ltr'>naturali</span> 
     </span>
     <span class='ocr_line' id='line_1_92' title="bbox 1921 2846 3288 2924; baseline 0 -19"><span class='ocrx_word' id='word_1_556' title='bbox 1921 2873 1946 2905; x_wconf 75' lang='grc' dir='ltr'><em>α</em></span> <span class='ocrx_word' id='word_1_557' title='bbox 1977 2848 2182 2908; x_wconf 89' lang='lat' dir='ltr'>ordine</span> <span class='ocrx_word' id='word_1_558' title='bbox 2209 2850 2465 2924; x_wconf 90' lang='lat' dir='ltr'>primum</span> <span class='ocrx_word' id='word_1_559' title='bbox 2489 2849 2551 2906; x_wconf 90' lang='lat' dir='ltr'>in</span> <span class='ocrx_word' id='word_1_560' title='bbox 2570 2846 2977 2922; x_wconf 83' lang='lat' dir='ltr'>justificatione</span> <span class='ocrx_word' id='word_1_561' title='bbox 3003 2847 3172 2923; x_wconf 90' lang='lat' dir='ltr'>impii</span> <span class='ocrx_word' id='word_1_562' title='bbox 3201 2852 3288 2905; x_wconf 88' lang='lat' dir='ltr'>est</span> 
     </span>
     <span class='ocr_line' id='line_1_93' title="bbox 1920 2928 3289 3006; baseline 0.001 -21"><span class='ocrx_word' id='word_1_563' title='bbox 1920 2953 1946 2985; x_wconf 88' lang='lat'><strong><em>«</em></strong></span> <span class='ocrx_word' id='word_1_564' title='bbox 1975 2931 2173 3006; x_wconf 81' lang='lat' dir='ltr'>gratiae</span> <span class='ocrx_word' id='word_1_565' title='bbox 2216 2930 2435 2988; x_wconf 80' lang='lat' dir='ltr'>infusio</span> <span class='ocrx_word' id='word_1_566' title='bbox 2470 2952 2483 2988; x_wconf 75' lang='grc' dir='ltr'><strong><em>ε</em></strong></span> <span class='ocrx_word' id='word_1_567' title='bbox 2515 2928 2829 2987; x_wconf 87' lang='lat' dir='ltr'>secundum</span> <span class='ocrx_word' id='word_1_568' title='bbox 2866 2933 2951 2985; x_wconf 92' lang='lat' dir='ltr'>est</span> <span class='ocrx_word' id='word_1_569' title='bbox 2991 2935 3183 2987; x_wconf 89' lang='lat' dir='ltr'>motus</span> <span class='ocrx_word' id='word_1_570' title='bbox 3209 2930 3289 2986; x_wconf 93' lang='lat' dir='ltr'>li—</span> 
     </span>
    </p>

    <p class='ocr_par' dir='ltr' id='par_1_15' title="bbox 1908 3010 3293 5056">
     <span class='ocr_line' id='line_1_94' title="bbox 1921 3010 3289 3069; baseline 0.001 -2"><span class='ocrx_word' id='word_1_571' title='bbox 1921 3035 1947 3067; x_wconf 82' lang='lat'>«</span> <span class='ocrx_word' id='word_1_572' title='bbox 1977 3012 2099 3068; x_wconf 91' lang='lat' dir='ltr'>beri</span> <span class='ocrx_word' id='word_1_573' title='bbox 2128 3012 2357 3069; x_wconf 88' lang='lat' dir='ltr'>arbitrii</span> <span class='ocrx_word' id='word_1_574' title='bbox 2402 3012 2467 3067; x_wconf 92' lang='lat' dir='ltr'>in</span> <span class='ocrx_word' id='word_1_575' title='bbox 2510 3014 2690 3068; x_wconf 91' lang='lat' dir='ltr'>Deum</span> <span class='ocrx_word' id='word_1_576' title='bbox 2716 3033 2730 3068; x_wconf 74' lang='grc' dir='ltr'><strong>ε</strong></span> <span class='ocrx_word' id='word_1_577' title='bbox 2769 3010 3008 3066; x_wconf 90' lang='lat' dir='ltr'>tertium</span> <span class='ocrx_word' id='word_1_578' title='bbox 3036 3027 3175 3068; x_wconf 80' lang='lat' dir='ltr'>vero</span> <span class='ocrx_word' id='word_1_579' title='bbox 3202 3016 3289 3068; x_wconf 88' lang='lat' dir='ltr'>est</span> 
     </span>
     <span class='ocr_line' id='line_1_95' title="bbox 1920 3090 3289 3166; baseline 0.001 -18"><span class='ocrx_word' id='word_1_580' title='bbox 1920 3117 1945 3148; x_wconf 79' lang='grc' dir='ltr'>α</span> <span class='ocrx_word' id='word_1_581' title='bbox 1975 3100 2164 3152; x_wconf 89' lang='lat' dir='ltr'>motus</span> <span class='ocrx_word' id='word_1_582' title='bbox 2181 3094 2350 3151; x_wconf 88' lang='lat' dir='ltr'>liberi</span> <span class='ocrx_word' id='word_1_583' title='bbox 2375 3090 2607 3151; x_wconf 85' lang='lat' dir='ltr'>arbitrii</span> <span class='ocrx_word' id='word_1_584' title='bbox 2630 3094 2694 3149; x_wconf 87' lang='lat' dir='ltr'>in</span> <span class='ocrx_word' id='word_1_585' title='bbox 2712 3099 3025 3166; x_wconf 89' lang='lat' dir='ltr'>peccatum.</span> <span class='ocrx_word' id='word_1_586' title='bbox 3047 3094 3289 3166; x_wconf 89' lang='lat' dir='ltr'>Propter</span> 
     </span>
     <span class='ocr_line' id='line_1_96' title="bbox 1920 3175 3289 3251; baseline 0.002 -20"><span class='ocrx_word' id='word_1_587' title='bbox 1920 3200 1945 3231; x_wconf 71' lang='grc' dir='ltr'><strong>α</strong></span> <span class='ocrx_word' id='word_1_588' title='bbox 1975 3178 2079 3235; x_wconf 91' lang='lat' dir='ltr'>hoc</span> <span class='ocrx_word' id='word_1_589' title='bbox 2103 3177 2262 3233; x_wconf 88' lang='lat' dir='ltr'>enim</span> <span class='ocrx_word' id='word_1_590' title='bbox 2297 3177 2416 3244; x_wconf 86' lang='lat' dir='ltr'>ille,</span> <span class='ocrx_word' id='word_1_591' title='bbox 2450 3177 2548 3251; x_wconf 94' lang='lat' dir='ltr'>qui</span> <span class='ocrx_word' id='word_1_592' title='bbox 2579 3176 2944 3250; x_wconf 83' lang='lat' dir='ltr'>justificatur,</span> <span class='ocrx_word' id='word_1_593' title='bbox 2977 3175 3289 3234; x_wconf 89' lang='lat' dir='ltr'>detestatur</span> 
     </span>
     <span class='ocr_line' id='line_1_97' title="bbox 1919 3257 3291 3331; baseline 0.003 -18"><span class='ocrx_word' id='word_1_594' title='bbox 1919 3279 1945 3312; x_wconf 75' lang='grc' dir='ltr'>α</span> <span class='ocrx_word' id='word_1_595' title='bbox 1977 3263 2282 3331; x_wconf 82' lang='lat' dir='ltr'>peccatum.</span> <span class='ocrx_word' id='word_1_596' title='bbox 2336 3259 2469 3331; x_wconf 89' lang='lat' dir='ltr'>quia</span> <span class='ocrx_word' id='word_1_597' title='bbox 2509 3262 2594 3315; x_wconf 90' lang='lat' dir='ltr'>est</span> <span class='ocrx_word' id='word_1_598' title='bbox 2638 3263 2839 3314; x_wconf 90' lang='lat' dir='ltr'>contra</span> <span class='ocrx_word' id='word_1_599' title='bbox 2888 3259 3090 3315; x_wconf 91' lang='lat' dir='ltr'>Deum.</span> <span class='ocrx_word' id='word_1_600' title='bbox 3123 3257 3291 3317; x_wconf 86' lang='lat' dir='ltr'>Unde</span> 
     </span>
     <span class='ocr_line' id='line_1_98' title="bbox 1918 3337 3293 3413; baseline 0.001 -19"><span class='ocrx_word' id='word_1_601' title='bbox 1918 3361 1945 3395; x_wconf 75' lang='grc' dir='ltr'><strong>α</strong></span> <span class='ocrx_word' id='word_1_602' title='bbox 1974 3343 2163 3395; x_wconf 91' lang='lat' dir='ltr'>motus</span> <span class='ocrx_word' id='word_1_603' title='bbox 2193 3337 2365 3396; x_wconf 91' lang='lat' dir='ltr'>liberi</span> <span class='ocrx_word' id='word_1_604' title='bbox 2414 3338 2645 3395; x_wconf 89' lang='lat' dir='ltr'>arbitrii</span> <span class='ocrx_word' id='word_1_605' title='bbox 2694 3339 2756 3394; x_wconf 91' lang='lat' dir='ltr'>in</span> <span class='ocrx_word' id='word_1_606' title='bbox 2811 3341 2992 3395; x_wconf 91' lang='lat' dir='ltr'>Deum</span> <span class='ocrx_word' id='word_1_607' title='bbox 3024 3338 3293 3413; x_wconf 83' lang='lat' dir='ltr'>praecedit</span> 
     </span>
     <span class='ocr_line' id='line_1_99' title="bbox 1919 3419 3290 3494; baseline 0 -17"><span class='ocrx_word' id='word_1_608' title='bbox 1919 3444 1945 3477; x_wconf 77' lang='grc' dir='ltr'><strong>α</strong></span> <span class='ocrx_word' id='word_1_609' title='bbox 1975 3422 2323 3479; x_wconf 90' lang='lat' dir='ltr'>naturaliter</span> <span class='ocrx_word' id='word_1_610' title='bbox 2351 3427 2574 3478; x_wconf 90' lang='lat' dir='ltr'>motum</span> <span class='ocrx_word' id='word_1_611' title='bbox 2605 3419 2777 3477; x_wconf 87' lang='lat' dir='ltr'>liberi</span> <span class='ocrx_word' id='word_1_612' title='bbox 2807 3419 3040 3477; x_wconf 89' lang='lat' dir='ltr'>arbitrii</span> <span class='ocrx_word' id='word_1_613' title='bbox 3069 3421 3131 3477; x_wconf 91' lang='lat' dir='ltr'>in</span> <span class='ocrx_word' id='word_1_614' title='bbox 3161 3437 3290 3494; x_wconf 86' lang='lat' dir='ltr'>pec-</span> 
     </span>
     <span class='ocr_line' id='line_1_100' title="bbox 1915 3501 3282 3577; baseline -0.001 -20"><span class='ocrx_word' id='word_1_615' title='bbox 1915 3525 1943 3557; x_wconf 78' lang='lat'>«</span> <span class='ocrx_word' id='word_1_616' title='bbox 1973 3510 2184 3569; x_wconf 85' lang='lat' dir='ltr'>catum,</span> <span class='ocrx_word' id='word_1_617' title='bbox 2228 3518 2359 3559; x_wconf 89' lang='lat' dir='ltr'>cum</span> <span class='ocrx_word' id='word_1_618' title='bbox 2407 3503 2482 3559; x_wconf 91' lang='lat' dir='ltr'>sit</span> <span class='ocrx_word' id='word_1_619' title='bbox 2528 3517 2728 3568; x_wconf 88' lang='lat' dir='ltr'>causa,</span> <span class='ocrx_word' id='word_1_620' title='bbox 2777 3507 2832 3559; x_wconf 92' lang='lat' dir='ltr'>et</span> <span class='ocrx_word' id='word_1_621' title='bbox 2880 3501 3029 3558; x_wconf 88' lang='lat' dir='ltr'>ratio</span> <span class='ocrx_word' id='word_1_622' title='bbox 3081 3502 3220 3577; x_wconf 83' lang='lat' dir='ltr'>ejus.</span> <span class='ocrx_word' id='word_1_623' title='bbox 3256 3524 3282 3556; x_wconf 74' lang='lat' dir='ltr'>n</span> 
     </span>
     <span class='ocr_line' id='line_1_101' title="bbox 1912 3583 3288 3658; baseline 0.001 -17"><span class='ocrx_word' id='word_1_624' title='bbox 1912 3588 1981 3642; x_wconf 91' lang='lat' dir='ltr'>Et</span> <span class='ocrx_word' id='word_1_625' title='bbox 2006 3588 2067 3641; x_wconf 84' lang='lat' dir='ltr'>in</span> <span class='ocrx_word' id='word_1_626' title='bbox 2086 3603 2226 3658; x_wconf 82' lang='lat' dir='ltr'>resp.</span> <span class='ocrx_word' id='word_1_627' title='bbox 2254 3586 2345 3642; x_wconf 85' lang='lat' dir='ltr'>ad.</span> <span class='ocrx_word' id='word_1_628' title='bbox 2373 3585 2427 3649; x_wconf 89' lang='lat'>3,</span> <span class='ocrx_word' id='word_1_629' title='bbox 2456 3584 2682 3658; x_wconf 86' lang='lat' dir='ltr'>inquit:</span> <span class='ocrx_word' id='word_1_630' title='bbox 2709 3606 2745 3637; x_wconf 89' lang='lat'>.«</span> <span class='ocrx_word' id='word_1_631' title='bbox 2774 3583 3115 3652; x_wconf 87' lang='lat' dir='ltr'>Dicendum,</span> <span class='ocrx_word' id='word_1_632' title='bbox 3138 3585 3288 3658; x_wconf 90' lang='lat' dir='ltr'>quod</span> 
     </span>
     <span class='ocr_line' id='line_1_102' title="bbox 1917 3666 3285 3741; baseline 0.001 -19"><span class='ocrx_word' id='word_1_633' title='bbox 1917 3690 1944 3722; x_wconf 77' lang='grc' dir='ltr'><em>α</em></span> <span class='ocrx_word' id='word_1_634' title='bbox 1972 3668 2114 3724; x_wconf 89' lang='lat' dir='ltr'>sicut</span> <span class='ocrx_word' id='word_1_635' title='bbox 2145 3667 2531 3738; x_wconf 88' lang='lat' dir='ltr'>Philosophus</span> <span class='ocrx_word' id='word_1_636' title='bbox 2560 3666 2700 3724; x_wconf 90' lang='lat' dir='ltr'>dicit</span> <span class='ocrx_word' id='word_1_637' title='bbox 2727 3666 2791 3722; x_wconf 92' lang='lat' dir='ltr'>in</span> <span class='ocrx_word' id='word_1_638' title='bbox 2817 3668 2854 3722; x_wconf 78' lang='lat'><strong>2</strong></span> <span class='ocrx_word' id='word_1_639' title='bbox 2901 3667 3196 3741; x_wconf 77' lang='lat' dir='ltr'>Physicor.</span> <span class='ocrx_word' id='word_1_640' title='bbox 3221 3666 3285 3723; x_wconf 92' lang='lat' dir='ltr'>in</span> 
     </span>
     <span class='ocr_line' id='line_1_103' title="bbox 1917 3747 3284 3822; baseline -0.001 -18"><span class='ocrx_word' id='word_1_641' title='bbox 1917 3772 1942 3804; x_wconf 82' lang='grc' dir='ltr'><strong>α</strong></span> <span class='ocrx_word' id='word_1_642' title='bbox 1972 3748 2224 3808; x_wconf 89' lang='lat' dir='ltr'>motibus</span> <span class='ocrx_word' id='word_1_643' title='bbox 2268 3748 2454 3804; x_wconf 89' lang='lat' dir='ltr'>animi</span> <span class='ocrx_word' id='word_1_644' title='bbox 2504 3748 2750 3806; x_wconf 90' lang='lat' dir='ltr'>omnino</span> <span class='ocrx_word' id='word_1_645' title='bbox 2787 3747 3053 3822; x_wconf 81' lang='lat' dir='ltr'>praecedit</span> <span class='ocrx_word' id='word_1_646' title='bbox 3097 3753 3284 3804; x_wconf 88' lang='lat' dir='ltr'>motus</span> 
     </span>
     <span class='ocr_line' id='line_1_104' title="bbox 1914 3828 3280 3906; baseline 0 -21"><span class='ocrx_word' id='word_1_647' title='bbox 1914 3853 1941 3885; x_wconf 70' lang='grc' dir='ltr'><strong><em>κ</em></strong></span> <span class='ocrx_word' id='word_1_648' title='bbox 1971 3833 2035 3888; x_wconf 90' lang='lat' dir='ltr'>in</span> <span class='ocrx_word' id='word_1_649' title='bbox 2062 3832 2418 3906; x_wconf 89' lang='lat' dir='ltr'>principium</span> <span class='ocrx_word' id='word_1_650' title='bbox 2440 3831 2870 3905; x_wconf 88' lang='lat' dir='ltr'>speculationis,</span> <span class='ocrx_word' id='word_1_651' title='bbox 2902 3833 2995 3888; x_wconf 86' lang='lat' dir='ltr'>vel</span> <span class='ocrx_word' id='word_1_652' title='bbox 3018 3831 3079 3887; x_wconf 90' lang='lat' dir='ltr'>in</span> <span class='ocrx_word' id='word_1_653' title='bbox 3106 3828 3280 3886; x_wconf 89' lang='lat' dir='ltr'>finem</span> 
     </span>
     <span class='ocr_line' id='line_1_105' title="bbox 1916 3911 3286 3971; baseline -0.001 -2"><span class='ocrx_word' id='word_1_654' title='bbox 1916 3937 1944 3969; x_wconf 75' lang='grc' dir='ltr'><strong>α</strong></span> <span class='ocrx_word' id='word_1_655' title='bbox 1973 3914 2219 3971; x_wconf 91' lang='lat' dir='ltr'>actionis</span> <span class='ocrx_word' id='word_1_656' title='bbox 2255 3935 2267 3969; x_wconf 71' lang='grc' dir='ltr'><strong><em>ε</em></strong></span> <span class='ocrx_word' id='word_1_657' title='bbox 2299 3913 2398 3970; x_wconf 88' lang='lat' dir='ltr'>sed</span> <span class='ocrx_word' id='word_1_658' title='bbox 2430 3914 2492 3969; x_wconf 91' lang='lat' dir='ltr'>in</span> <span class='ocrx_word' id='word_1_659' title='bbox 2521 3912 2776 3969; x_wconf 89' lang='lat' dir='ltr'>motibus</span> <span class='ocrx_word' id='word_1_660' title='bbox 2797 3911 3178 3970; x_wconf 87' lang='lat' dir='ltr'>exterioribus</span> <span class='ocrx_word' id='word_1_661' title='bbox 3200 3925 3286 3968; x_wconf 91' lang='lat' dir='ltr'>re·</span> 
     </span>
     <span class='ocr_line' id='line_1_106' title="bbox 1917 3992 3287 4076; baseline 0 -25"><span class='ocrx_word' id='word_1_662' title='bbox 1917 4020 1942 4051; x_wconf 77' lang='grc' dir='ltr'>α</span> <span class='ocrx_word' id='word_1_663' title='bbox 1970 3997 2153 4054; x_wconf 91' lang='lat' dir='ltr'>motio</span> <span class='ocrx_word' id='word_1_664' title='bbox 2182 3996 2593 4076; x_wconf 71' lang='lat' dir='ltr'>impedimenti</span> <span class='ocrx_word' id='word_1_665' title='bbox 2641 3994 2906 4069; x_wconf 83' lang='lat' dir='ltr'>praecedit</span> <span class='ocrx_word' id='word_1_666' title='bbox 2931 3992 3287 4066; x_wconf 89' lang='lat' dir='ltr'>assequutio-</span> 
     </span>
     <span class='ocr_line' id='line_1_107' title="bbox 1916 4074 3285 4152; baseline -0.002 -19"><span class='ocrx_word' id='word_1_667' title='bbox 1916 4101 1942 4133; x_wconf 75' lang='grc' dir='ltr'><strong>α</strong></span> <span class='ocrx_word' id='word_1_668' title='bbox 1972 4094 2106 4136; x_wconf 90' lang='lat' dir='ltr'>nem</span> <span class='ocrx_word' id='word_1_669' title='bbox 2157 4076 2313 4135; x_wconf 86' lang='lat' dir='ltr'>finis.</span> <span class='ocrx_word' id='word_1_670' title='bbox 2361 4080 2430 4133; x_wconf 91' lang='lat' dir='ltr'>Et</span> <span class='ocrx_word' id='word_1_671' title='bbox 2471 4078 2606 4152; x_wconf 88' lang='lat' dir='ltr'>quia</span> <span class='ocrx_word' id='word_1_672' title='bbox 2637 4084 2827 4136; x_wconf 92' lang='lat' dir='ltr'>motus</span> <span class='ocrx_word' id='word_1_673' title='bbox 2855 4076 3026 4133; x_wconf 89' lang='lat' dir='ltr'>liberi</span> <span class='ocrx_word' id='word_1_674' title='bbox 3055 4074 3285 4132; x_wconf 90' lang='lat' dir='ltr'>arbitrii</span> 
     </span>
     <span class='ocr_line' id='line_1_108' title="bbox 1915 4155 3288 4232; baseline -0.001 -17"><span class='ocrx_word' id='word_1_675' title='bbox 1915 4183 1942 4215; x_wconf 75' lang='grc' dir='ltr'><strong>α</strong></span> <span class='ocrx_word' id='word_1_676' title='bbox 1970 4165 2056 4218; x_wconf 90' lang='lat' dir='ltr'>est</span> <span class='ocrx_word' id='word_1_677' title='bbox 2104 4165 2296 4218; x_wconf 90' lang='lat' dir='ltr'>motus</span> <span class='ocrx_word' id='word_1_678' title='bbox 2341 4160 2548 4225; x_wconf 91' lang='lat' dir='ltr'>animi,</span> <span class='ocrx_word' id='word_1_679' title='bbox 2602 4160 2766 4232; x_wconf 88' lang='lat' dir='ltr'>prius</span> <span class='ocrx_word' id='word_1_680' title='bbox 2812 4163 3035 4215; x_wconf 82' lang='lat' dir='ltr'>naturae</span> <span class='ocrx_word' id='word_1_681' title='bbox 3082 4155 3288 4215; x_wconf 88' lang='lat' dir='ltr'>ordine</span> 
     </span>
     <span class='ocr_line' id='line_1_109' title="bbox 1915 4239 3286 4311; baseline -0.001 -15"><span class='ocrx_word' id='word_1_682' title='bbox 1915 4264 1943 4296; x_wconf 74' lang='grc' dir='ltr'><em>α</em></span> <span class='ocrx_word' id='word_1_683' title='bbox 1970 4248 2239 4300; x_wconf 90' lang='lat' dir='ltr'>movetur</span> <span class='ocrx_word' id='word_1_684' title='bbox 2286 4242 2351 4298; x_wconf 91' lang='lat' dir='ltr'>in</span> <span class='ocrx_word' id='word_1_685' title='bbox 2402 4245 2584 4299; x_wconf 89' lang='lat' dir='ltr'>Deum</span> <span class='ocrx_word' id='word_1_686' title='bbox 2612 4242 2758 4298; x_wconf 89' lang='lat' dir='ltr'>sicut</span> <span class='ocrx_word' id='word_1_687' title='bbox 2789 4242 2852 4297; x_wconf 93' lang='lat' dir='ltr'>in</span> <span class='ocrx_word' id='word_1_688' title='bbox 2880 4239 3078 4305; x_wconf 88' lang='lat' dir='ltr'>finem,</span> <span class='ocrx_word' id='word_1_689' title='bbox 3110 4254 3286 4311; x_wconf 88' lang='lat' dir='ltr'>quam</span> 
     </span>
     <span class='ocr_line' id='line_1_110' title="bbox 1913 4320 3282 4398; baseline -0.004 -19"><span class='ocrx_word' id='word_1_690' title='bbox 1913 4346 1940 4378; x_wconf 83' lang='grc'><strong>«</strong></span> <span class='ocrx_word' id='word_1_691' title='bbox 1972 4324 2044 4382; x_wconf 89' lang='lat' dir='ltr'>ad</span> <span class='ocrx_word' id='word_1_692' title='bbox 2072 4325 2489 4383; x_wconf 84' lang='lat' dir='ltr'>removendum</span> <span class='ocrx_word' id='word_1_693' title='bbox 2507 4324 2988 4398; x_wconf 90' lang='lat' dir='ltr'>impedimentum</span> <span class='ocrx_word' id='word_1_694' title='bbox 3013 4320 3282 4395; x_wconf 76' lang='lat' dir='ltr'>peccati.»</span> 
     </span>
     <span class='ocr_line' id='line_1_111' title="bbox 1908 4402 3285 4485; baseline -0.003 -22"><span class='ocrx_word' id='word_1_695' title='bbox 1908 4409 2139 4466; x_wconf 88' lang='lat' dir='ltr'>Similia</span> <span class='ocrx_word' id='word_1_696' title='bbox 2174 4408 2353 4466; x_wconf 87' lang='lat' dir='ltr'>tradit</span> <span class='ocrx_word' id='word_1_697' title='bbox 2382 4410 2416 4464; x_wconf 88' lang='lat'>3</span> <span class='ocrx_word' id='word_1_698' title='bbox 2451 4416 2600 4482; x_wconf 81' lang='lat' dir='ltr'>part.</span> <span class='ocrx_word' id='word_1_699' title='bbox 2629 4414 2812 4485; x_wconf 70' lang='lat' dir='ltr'>quoest.</span> <span class='ocrx_word' id='word_1_700' title='bbox 2837 4407 2927 4475; x_wconf 82' lang='lat'>85,</span> <span class='ocrx_word' id='word_1_701' title='bbox 2953 4412 3061 4461; x_wconf 80' lang='lat' dir='ltr'>art.</span> <span class='ocrx_word' id='word_1_702' title='bbox 3094 4406 3150 4471; x_wconf 88' lang='grc'>6,</span> <span class='ocrx_word' id='word_1_703' title='bbox 3183 4402 3285 4460; x_wconf 86' lang='lat' dir='ltr'>uhi</span> 
     </span>
     <span class='ocr_line' id='line_1_112' title="bbox 1909 4490 3290 4564; baseline -0.004 -16"><span class='ocrx_word' id='word_1_704' title='bbox 1909 4491 1990 4548; x_wconf 90' lang='lat' dir='ltr'>ait</span> <span class='ocrx_word' id='word_1_705' title='bbox 2023 4512 2037 4548; x_wconf 73' lang='grc' dir='ltr'><strong><em>ε</em></strong></span> <span class='ocrx_word' id='word_1_706' title='bbox 2074 4512 2100 4544; x_wconf 72' lang='grc' dir='ltr'><strong><em>α</em></strong></span> <span class='ocrx_word' id='word_1_707' title='bbox 2131 4492 2303 4548; x_wconf 90' lang='lat' dir='ltr'>Actus</span> <span class='ocrx_word' id='word_1_708' title='bbox 2329 4490 2571 4547; x_wconf 87' lang='lat' dir='ltr'>virtutis</span> <span class='ocrx_word' id='word_1_709' title='bbox 2599 4490 2949 4564; x_wconf 64' lang='lat' dir='ltr'>poenitentiae</span> <span class='ocrx_word' id='word_1_710' title='bbox 2970 4492 3055 4543; x_wconf 88' lang='lat' dir='ltr'>est</span> <span class='ocrx_word' id='word_1_711' title='bbox 3086 4491 3290 4543; x_wconf 88' lang='lat' dir='ltr'>contra</span> 
     </span>
     <span class='ocr_line' id='line_1_113' title="bbox 1914 4568 3287 4646; baseline -0.002 -20"><span class='ocrx_word' id='word_1_712' title='bbox 1914 4594 1942 4626; x_wconf 74' lang='grc' dir='ltr'><em>α</em></span> <span class='ocrx_word' id='word_1_713' title='bbox 1971 4577 2262 4646; x_wconf 90' lang='lat' dir='ltr'>peccatum</span> <span class='ocrx_word' id='word_1_714' title='bbox 2306 4589 2379 4630; x_wconf 85' lang='lat' dir='ltr'>ex</span> <span class='ocrx_word' id='word_1_715' title='bbox 2425 4588 2623 4630; x_wconf 89' lang='lat' dir='ltr'>amore</span> <span class='ocrx_word' id='word_1_716' title='bbox 2681 4570 2812 4632; x_wconf 85' lang='lat' dir='ltr'>Dei;</span> <span class='ocrx_word' id='word_1_717' title='bbox 2859 4568 3013 4626; x_wconf 92' lang='lat' dir='ltr'>unde</span> <span class='ocrx_word' id='word_1_718' title='bbox 3058 4568 3287 4641; x_wconf 90' lang='lat' dir='ltr'>primus</span> 
     </span>
     <span class='ocr_line' id='line_1_114' title="bbox 1912 4649 3286 4724; baseline -0.001 -16"><span class='ocrx_word' id='word_1_719' title='bbox 1912 4674 1938 4707; x_wconf 77' lang='grc' dir='ltr'><strong>α</strong></span> <span class='ocrx_word' id='word_1_720' title='bbox 1971 4659 2129 4711; x_wconf 90' lang='lat' dir='ltr'>actus</span> <span class='ocrx_word' id='word_1_721' title='bbox 2155 4661 2239 4711; x_wconf 92' lang='lat' dir='ltr'>est</span> <span class='ocrx_word' id='word_1_722' title='bbox 2273 4655 2438 4721; x_wconf 90' lang='lat' dir='ltr'>ratio,</span> <span class='ocrx_word' id='word_1_723' title='bbox 2471 4659 2526 4711; x_wconf 91' lang='lat' dir='ltr'>et</span> <span class='ocrx_word' id='word_1_724' title='bbox 2553 4670 2719 4710; x_wconf 88' lang='lat' dir='ltr'>causa</span> <span class='ocrx_word' id='word_1_725' title='bbox 2745 4649 3000 4710; x_wconf 91' lang='lat' dir='ltr'>secundi.</span> <span class='ocrx_word' id='word_1_726' title='bbox 3051 4649 3143 4706; x_wconf 90' lang='lat' dir='ltr'>Sic</span> <span class='ocrx_word' id='word_1_727' title='bbox 3168 4650 3286 4724; x_wconf 86' lang='lat' dir='ltr'>igi-</span> 
     </span>
     <span class='ocr_line' id='line_1_115' title="bbox 1914 4732 3288 4808; baseline -0.001 -18"><span class='ocrx_word' id='word_1_728' title='bbox 1914 4756 1939 4790; x_wconf 78' lang='lat'>«</span> <span class='ocrx_word' id='word_1_729' title='bbox 1975 4740 2072 4791; x_wconf 93' lang='lat' dir='ltr'>tur</span> <span class='ocrx_word' id='word_1_730' title='bbox 2098 4736 2436 4808; x_wconf 86' lang='lat' dir='ltr'>poenitentia</span> <span class='ocrx_word' id='word_1_731' title='bbox 2464 4752 2581 4793; x_wconf 89' lang='lat' dir='ltr'>non</span> <span class='ocrx_word' id='word_1_732' title='bbox 2611 4740 2695 4792; x_wconf 90' lang='lat' dir='ltr'>est</span> <span class='ocrx_word' id='word_1_733' title='bbox 2721 4732 3062 4806; x_wconf 90' lang='lat' dir='ltr'>simpliciter</span> <span class='ocrx_word' id='word_1_734' title='bbox 3092 4732 3288 4806; x_wconf 85' lang='lat' dir='ltr'>prima</span> 
     </span>
     <span class='ocr_line' id='line_1_116' title="bbox 1914 4815 3288 4887; baseline -0.001 -17"><span class='ocrx_word' id='word_1_735' title='bbox 1914 4837 1940 4870; x_wconf 78' lang='grc' dir='ltr'><em>α</em></span> <span class='ocrx_word' id='word_1_736' title='bbox 1970 4816 2283 4879; x_wconf 88' lang='lat' dir='ltr'>virtutum,</span> <span class='ocrx_word' id='word_1_737' title='bbox 2316 4833 2419 4875; x_wconf 88' lang='lat' dir='ltr'>nec</span> <span class='ocrx_word' id='word_1_738' title='bbox 2463 4816 2670 4876; x_wconf 89' lang='lat' dir='ltr'>ordine</span> <span class='ocrx_word' id='word_1_739' title='bbox 2712 4815 3008 4887; x_wconf 87' lang='lat' dir='ltr'>temporis,</span> <span class='ocrx_word' id='word_1_740' title='bbox 3042 4828 3146 4870; x_wconf 90' lang='lat' dir='ltr'>nec</span> <span class='ocrx_word' id='word_1_741' title='bbox 3183 4828 3288 4870; x_wconf 90' lang='lat' dir='ltr'>or-</span> 
     </span>
     <span class='ocr_line' id='line_1_117' title="bbox 1911 4894 3286 4971; baseline 0.001 -21"><span class='ocrx_word' id='word_1_742' title='bbox 1911 4919 1937 4950; x_wconf 79' lang='lat'>«</span> <span class='ocrx_word' id='word_1_743' title='bbox 1973 4897 2114 4955; x_wconf 89' lang='lat' dir='ltr'>dine</span> <span class='ocrx_word' id='word_1_744' title='bbox 2166 4903 2420 4966; x_wconf 80' lang='lat' dir='ltr'>naturae3</span> <span class='ocrx_word' id='word_1_745' title='bbox 2468 4900 2603 4971; x_wconf 87' lang='lat' dir='ltr'>quia</span> <span class='ocrx_word' id='word_1_746' title='bbox 2647 4895 2962 4956; x_wconf 89' lang='lat' dir='ltr'>secundum</span> <span class='ocrx_word' id='word_1_747' title='bbox 3014 4894 3286 4952; x_wconf 89' lang='lat' dir='ltr'>ordinem</span> 
     </span>
     <span class='ocr_line' id='line_1_118' title="bbox 1912 4978 3288 5056; baseline 0 -21"><span class='ocrx_word' id='word_1_748' title='bbox 1912 5002 1938 5034; x_wconf 78' lang='grc' dir='ltr'><strong>α</strong></span> <span class='ocrx_word' id='word_1_749' title='bbox 1972 4986 2196 5037; x_wconf 82' lang='lat' dir='ltr'>naturae</span> <span class='ocrx_word' id='word_1_750' title='bbox 2220 4981 2565 5054; x_wconf 90' lang='lat' dir='ltr'>simpliciter</span> <span class='ocrx_word' id='word_1_751' title='bbox 2594 4980 2920 5056; x_wconf 83' lang='lat' dir='ltr'>praecedunt</span> <span class='ocrx_word' id='word_1_752' title='bbox 2941 4979 3127 5051; x_wconf 89' lang='lat' dir='ltr'>ipsam</span> <span class='ocrx_word' id='word_1_753' title='bbox 3158 4978 3288 5035; x_wconf 84' lang='lat' dir='ltr'>vir-</span> 
     </span>
    </p>
   </div>
   <div class='ocr_carea' id='block_1_12' title="bbox 1911 5060 3288 5206">
    <p class='ocr_par' dir='ltr' id='par_1_16' title="bbox 1911 5060 3288 5206">
     <span class='ocr_line' id='line_1_119' title="bbox 1911 5060 3287 5137; baseline 0.002 -24"><span class='ocrx_word' id='word_1_754' title='bbox 1911 5081 1938 5113; x_wconf 74' lang='lat'><strong><em>«</em></strong></span> <span class='ocrx_word' id='word_1_755' title='bbox 1971 5066 2119 5120; x_wconf 86' lang='lat' dir='ltr'>tutes</span> <span class='ocrx_word' id='word_1_756' title='bbox 2158 5062 2530 5137; x_wconf 81' lang='lat' dir='ltr'>Theologicae.</span> <span class='ocrx_word' id='word_1_757' title='bbox 2585 5082 2610 5114; x_wconf 83' lang='lat'>»</span> <span class='ocrx_word' id='word_1_758' title='bbox 2664 5063 2733 5117; x_wconf 88' lang='lat' dir='ltr'>Et</span> <span class='ocrx_word' id='word_1_759' title='bbox 2773 5060 2920 5119; x_wconf 90' lang='lat' dir='ltr'>ratio</span> <span class='ocrx_word' id='word_1_760' title='bbox 2970 5063 3074 5125; x_wconf 90' lang='lat' dir='ltr'>est,</span> <span class='ocrx_word' id='word_1_761' title='bbox 3106 5074 3287 5130; x_wconf 90' lang='lat' dir='ltr'>quam</span> 
     </span>
     <span class='ocr_line' id='line_1_120' title="bbox 2511 5148 3288 5206; baseline 0.009 -22"><span class='ocrx_word' id='word_1_762' title='bbox 2511 5181 2514 5184; x_wconf 21' lang='lat'><strong>⁴</strong></span> <span class='ocrx_word' id='word_1_763' title='bbox 3103 5148 3288 5206; x_wconf 84' lang='lat' dir='ltr'>supra</span> 
     </span>
    </p>
   </div>
  </div>
 </body>
</html>
