<?xml version="1.0" encoding="UTF-8"?>
<!DOCTYPE html PUBLIC "-//W3C//DTD XHTML 1.0 Transitional//EN"
    "http://www.w3.org/TR/xhtml1/DTD/xhtml1-transitional.dtd">
<html xmlns="http://www.w3.org/1999/xhtml" xml:lang="en" lang="en">
 <head>
  <title>
</title>
<meta http-equiv="Content-Type" content="text/html;charset=utf-8" />
  <meta name='ocr-system' content='tesseract 3.04.00' />
  <meta name='ocr-capabilities' content='ocr_page ocr_carea ocr_par ocr_line ocrx_word'/>
</head>
<body>
  <div class='ocr_page' id='page_1' title='image "./collegiisalmant00carmgoog_0177.png"; bbox 0 0 3647 5753; ppageno 0'>
   <div class='ocr_carea' id='block_1_1' title="bbox 129 2001 174 2044">
    <p class='ocr_par' dir='ltr' id='par_1_1' title="bbox 129 2001 174 2044">
     <span class='ocr_line' id='line_1_1' title="bbox 129 2001 174 2044; baseline 0.022 -1"><span class='ocrx_word' id='word_1_1' title='bbox 129 2001 174 2044; x_wconf 73' lang='lat' dir='ltr'><strong>iz.</strong></span> 
     </span>
    </p>
   </div>
   <div class='ocr_carea' id='block_1_2' title="bbox 130 4350 178 4388">
    <p class='ocr_par' dir='ltr' id='par_1_2' title="bbox 130 4350 178 4388">
     <span class='ocr_line' id='line_1_2' title="bbox 130 4350 178 4388; baseline 0.021 -7"><span class='ocrx_word' id='word_1_2' title='bbox 130 4350 178 4388; x_wconf 71' lang='lat'><strong>123,</strong></span> 
     </span>
    </p>
   </div>
   <div class='ocr_carea' id='block_1_3' title="bbox 1294 473 1998 543">
    <p class='ocr_par' dir='ltr' id='par_1_3' title="bbox 1294 473 1998 543">
     <span class='ocr_line' id='line_1_3' title="bbox 1294 473 1998 543; baseline 0.017 -16"><span class='ocrx_word' id='word_1_3' title='bbox 1294 473 1472 530; x_wconf 87' lang='lat' dir='ltr'><strong>DISP.</strong></span> <span class='ocrx_word' id='word_1_4' title='bbox 1517 476 1639 543; x_wconf 88' lang='lat' dir='ltr'><strong>VII,</strong></span> <span class='ocrx_word' id='word_1_5' title='bbox 1684 479 1852 537; x_wconf 89' lang='lat' dir='ltr'><strong>DUB.</strong></span> <span class='ocrx_word' id='word_1_6' title='bbox 1905 483 1998 539; x_wconf 90' lang='lat' dir='ltr'><strong>IV.</strong></span> 
     </span>
    </p>
   </div>
   <div class='ocr_carea' id='block_1_4' title="bbox 197 619 1608 5153">
    <p class='ocr_par' dir='ltr' id='par_1_4' title="bbox 211 619 1608 1978">
     <span class='ocr_line' id='line_1_4' title="bbox 232 619 1608 711; baseline 0.024 -39"><span class='ocrx_word' id='word_1_7' title='bbox 232 619 482 692; x_wconf 77' lang='lat' dir='ltr'><strong>efficaci,</strong></span> <span class='ocrx_word' id='word_1_8' title='bbox 518 641 627 681; x_wconf 82' lang='lat' dir='ltr'><strong>non</strong></span> <span class='ocrx_word' id='word_1_9' title='bbox 648 646 932 701; x_wconf 76' lang='lat' dir='ltr'><strong>possumus</strong></span> <span class='ocrx_word' id='word_1_10' title='bbox 970 652 1078 691; x_wconf 86' lang='lat' dir='ltr'><strong>non</strong></span> <span class='ocrx_word' id='word_1_11' title='bbox 1124 642 1272 708; x_wconf 83' lang='lat' dir='ltr'><strong>velle,</strong></span> <span class='ocrx_word' id='word_1_12' title='bbox 1323 648 1450 711; x_wconf 67' lang='lat' dir='ltr'><strong>etc„</strong></span> <span class='ocrx_word' id='word_1_13' title='bbox 1505 645 1608 702; x_wconf 88' lang='lat' dir='ltr'><strong>ab-</strong></span> 
     </span>
     <span class='ocr_line' id='line_1_5' title="bbox 232 700 1602 796; baseline 0.022 -42"><span class='ocrx_word' id='word_1_14' title='bbox 232 700 434 759; x_wconf 84' lang='lat' dir='ltr'><strong>solute</strong></span> <span class='ocrx_word' id='word_1_15' title='bbox 456 707 677 777; x_wconf 90' lang='lat' dir='ltr'><strong>prolata</strong></span> <span class='ocrx_word' id='word_1_16' title='bbox 696 716 779 766; x_wconf 89' lang='lat' dir='ltr'><strong>est</strong></span> <span class='ocrx_word' id='word_1_17' title='bbox 822 712 1101 786; x_wconf 81' lang='lat' dir='ltr'><strong>haeretica,</strong></span> <span class='ocrx_word' id='word_1_18' title='bbox 1129 726 1185 776; x_wconf 91' lang='lat' dir='ltr'><strong>et</strong></span> <span class='ocrx_word' id='word_1_19' title='bbox 1211 723 1602 796; x_wconf 84' lang='lat' dir='ltr'><strong>calvinistica,</strong></span> 
     </span>
     <span class='ocr_line' id='line_1_6' title="bbox 231 779 1601 876; baseline 0.023 -43"><span class='ocrx_word' id='word_1_20' title='bbox 231 782 294 834; x_wconf 85' lang='lat' dir='ltr'><strong>et</strong></span> <span class='ocrx_word' id='word_1_21' title='bbox 337 779 624 843; x_wconf 84' lang='lat' dir='ltr'><strong>damnata</strong></span> <span class='ocrx_word' id='word_1_22' title='bbox 672 789 733 845; x_wconf 90' lang='lat' dir='ltr'><strong>in</strong></span> <span class='ocrx_word' id='word_1_23' title='bbox 773 793 1024 853; x_wconf 84' lang='lat' dir='ltr'>Concilio</span> <span class='ocrx_word' id='word_1_24' title='bbox 1065 799 1323 860; x_wconf 89' lang='lat' dir='ltr'><strong>Trident.</strong></span> <span class='ocrx_word' id='word_1_25' title='bbox 1374 822 1501 861; x_wconf 80' lang='lat' dir='ltr'><strong>sess.</strong></span> <span class='ocrx_word' id='word_1_26' title='bbox 1545 810 1601 876; x_wconf 84' lang='lat'><strong>6,</strong></span> 
     </span>
     <span class='ocr_line' id='line_1_7' title="bbox 229 864 1605 956; baseline 0.023 -43"><span class='ocrx_word' id='word_1_27' title='bbox 229 876 363 916; x_wconf 83' lang='lat' dir='ltr'><strong>can.</strong></span> <span class='ocrx_word' id='word_1_28' title='bbox 398 864 457 918; x_wconf 82' lang='lat'><strong>4.</strong></span> <span class='ocrx_word' id='word_1_29' title='bbox 484 866 592 921; x_wconf 89' lang='lat' dir='ltr'><strong>Sed</strong></span> <span class='ocrx_word' id='word_1_30' title='bbox 619 869 926 930; x_wconf 80' lang='lat' dir='ltr'><strong>Thomistae</strong></span> <span class='ocrx_word' id='word_1_31' title='bbox 945 874 1109 933; x_wconf 88' lang='lat' dir='ltr'><strong>illam</strong></span> <span class='ocrx_word' id='word_1_32' title='bbox 1133 888 1307 952; x_wconf 86' lang='lat' dir='ltr'><strong>prout</strong></span> <span class='ocrx_word' id='word_1_33' title='bbox 1325 882 1474 956; x_wconf 81' lang='lat' dir='ltr'><strong>J‘acet</strong></span> <span class='ocrx_word' id='word_1_34' title='bbox 1499 901 1605 944; x_wconf 87' lang='lat' dir='ltr'><strong>ne-</strong></span> 
     </span>
     <span class='ocr_line' id='line_1_8' title="bbox 225 945 1603 1030; baseline 0.022 -37"><span class='ocrx_word' id='word_1_35' title='bbox 225 946 396 1013; x_wconf 76' lang='lat' dir='ltr'><strong>gant,</strong></span> <span class='ocrx_word' id='word_1_36' title='bbox 428 945 519 1000; x_wconf 80' lang='lat' dir='ltr'><strong>vel</strong></span> <span class='ocrx_word' id='word_1_37' title='bbox 554 946 603 1002; x_wconf 91' lang='lat' dir='ltr'><strong>si</strong></span> <span class='ocrx_word' id='word_1_38' title='bbox 631 948 1031 1022; x_wconf 81' lang='lat' dir='ltr'><strong>disputationis</strong></span> <span class='ocrx_word' id='word_1_39' title='bbox 1059 963 1381 1030; x_wconf 56' lang='lat' dir='ltr'><strong>necessitas</strong></span> <span class='ocrx_word' id='word_1_40' title='bbox 1407 969 1464 1021; x_wconf 89' lang='lat' dir='ltr'><strong>et</strong></span> <span class='ocrx_word' id='word_1_41' title='bbox 1483 966 1603 1023; x_wconf 89' lang='lat' dir='ltr'><strong>cla-</strong></span> 
     </span>
     <span class='ocr_line' id='line_1_9' title="bbox 229 1021 1605 1117; baseline 0.021 -42"><span class='ocrx_word' id='word_1_42' title='bbox 229 1021 380 1077; x_wconf 82' lang='lat' dir='ltr'><strong>ritas</strong></span> <span class='ocrx_word' id='word_1_43' title='bbox 436 1027 854 1097; x_wconf 90' lang='lat' dir='ltr'><strong>postulaverit,</strong></span> <span class='ocrx_word' id='word_1_44' title='bbox 905 1033 1070 1092; x_wconf 88' lang='lat' dir='ltr'><strong>illam</strong></span> <span class='ocrx_word' id='word_1_45' title='bbox 1117 1038 1498 1117; x_wconf 83' lang='lat' dir='ltr'><strong>distinguunt,</strong></span> <span class='ocrx_word' id='word_1_46' title='bbox 1547 1051 1605 1104; x_wconf 82' lang='lat' dir='ltr'><strong>et</strong></span> 
     </span>
     <span class='ocr_line' id='line_1_10' title="bbox 222 1099 1596 1186; baseline 0.021 -31"><span class='ocrx_word' id='word_1_47' title='bbox 222 1099 438 1158; x_wconf 87' lang='lat' dir='ltr'><strong>dicunt</strong></span> <span class='ocrx_word' id='word_1_48' title='bbox 484 1105 782 1165; x_wconf 89' lang='lat' dir='ltr'><strong>hominem</strong></span> <span class='ocrx_word' id='word_1_49' title='bbox 831 1115 1019 1186; x_wconf 82' lang='lat' dir='ltr'><strong>gratia</strong></span> <span class='ocrx_word' id='word_1_50' title='bbox 1068 1118 1275 1177; x_wconf 85' lang='lat' dir='ltr'><strong>efficaci</strong></span> <span class='ocrx_word' id='word_1_51' title='bbox 1332 1123 1596 1184; x_wconf 82' lang='lat' dir='ltr'><strong>affectum</strong></span> 
     </span>
     <span class='ocr_line' id='line_1_11' title="bbox 220 1185 1601 1274; baseline 0.023 -38"><span class='ocrx_word' id='word_1_52' title='bbox 220 1198 396 1254; x_wconf 85' lang='lat' dir='ltr'><strong>posse</strong></span> <span class='ocrx_word' id='word_1_53' title='bbox 422 1185 748 1259; x_wconf 84' lang='lat' dir='ltr'><strong>dissentire,</strong></span> <span class='ocrx_word' id='word_1_54' title='bbox 767 1199 1036 1264; x_wconf 81' lang='lat' dir='ltr'><strong>potestate</strong></span> <span class='ocrx_word' id='word_1_55' title='bbox 1056 1201 1427 1274; x_wconf 84' lang='lat' dir='ltr'><strong>antecedenti,</strong></span> <span class='ocrx_word' id='word_1_56' title='bbox 1453 1214 1509 1265; x_wconf 90' lang='lat' dir='ltr'><strong>et</strong></span> <span class='ocrx_word' id='word_1_57' title='bbox 1536 1209 1601 1267; x_wconf 92' lang='lat' dir='ltr'><strong>in</strong></span> 
     </span>
     <span class='ocr_line' id='line_1_12' title="bbox 217 1263 1589 1358; baseline 0.022 -41"><span class='ocrx_word' id='word_1_58' title='bbox 217 1278 396 1319; x_wconf 86' lang='lat' dir='ltr'><strong>sensu</strong></span> <span class='ocrx_word' id='word_1_59' title='bbox 437 1263 642 1334; x_wconf 87' lang='lat' dir='ltr'><strong>diviso,</strong></span> <span class='ocrx_word' id='word_1_60' title='bbox 676 1287 800 1344; x_wconf 62' lang='lat' dir='ltr'><strong>quie</strong></span> <span class='ocrx_word' id='word_1_61' title='bbox 830 1279 914 1330; x_wconf 86' lang='lat' dir='ltr'><strong>est</strong></span> <span class='ocrx_word' id='word_1_62' title='bbox 939 1285 1186 1349; x_wconf 86' lang='lat' dir='ltr'><strong>potestas</strong></span> <span class='ocrx_word' id='word_1_63' title='bbox 1225 1283 1589 1358; x_wconf 87' lang='lat' dir='ltr'><strong>simpliciter,</strong></span> 
     </span>
     <span class='ocr_line' id='line_1_13' title="bbox 214 1348 1590 1438; baseline 0.023 -43"><span class='ocrx_word' id='word_1_64' title='bbox 214 1358 398 1415; x_wconf 83' lang='lat' dir='ltr'><strong>quam</strong></span> <span class='ocrx_word' id='word_1_65' title='bbox 441 1348 714 1405; x_wconf 87' lang='lat' dir='ltr'><strong>Calvinus</strong></span> <span class='ocrx_word' id='word_1_66' title='bbox 760 1353 1323 1428; x_wconf 81' lang='lat' dir='ltr'><strong>negavit3‘asserunt</strong></span> <span class='ocrx_word' id='word_1_67' title='bbox 1374 1370 1590 1438; x_wconf 88' lang='lat' dir='ltr'><strong>tamen,</strong></span> 
     </span>
     <span class='ocr_line' id='line_1_14' title="bbox 214 1424 1586 1512; baseline 0.022 -35"><span class='ocrx_word' id='word_1_68' title='bbox 214 1424 371 1496; x_wconf 84' lang='lat' dir='ltr'><strong>quod</strong></span> <span class='ocrx_word' id='word_1_69' title='bbox 429 1429 629 1500; x_wconf 90' lang='lat' dir='ltr'><strong>nequit</strong></span> <span class='ocrx_word' id='word_1_70' title='bbox 672 1430 977 1494; x_wconf 84' lang='lat' dir='ltr'><strong>dissentire</strong></span> <span class='ocrx_word' id='word_1_71' title='bbox 1042 1446 1317 1512; x_wconf 82' lang='lat' dir='ltr'><strong>potestate</strong></span> <span class='ocrx_word' id='word_1_72' title='bbox 1390 1463 1586 1507; x_wconf 86' lang='lat' dir='ltr'><strong>conse—</strong></span> 
     </span>
     <span class='ocr_line' id='line_1_15' title="bbox 212 1507 1596 1601; baseline 0.023 -42"><span class='ocrx_word' id='word_1_73' title='bbox 212 1507 444 1576; x_wconf 83' lang='lat' dir='ltr'><strong>quenti,</strong></span> <span class='ocrx_word' id='word_1_74' title='bbox 463 1510 605 1566; x_wconf 89' lang='lat' dir='ltr'><strong>etin</strong></span> <span class='ocrx_word' id='word_1_75' title='bbox 627 1528 794 1571; x_wconf 90' lang='lat' dir='ltr'><strong>sensu</strong></span> <span class='ocrx_word' id='word_1_76' title='bbox 819 1522 1151 1592; x_wconf 85' lang='lat' dir='ltr'><strong>composito,</strong></span> <span class='ocrx_word' id='word_1_77' title='bbox 1173 1526 1470 1601; x_wconf 83' lang='lat' dir='ltr'><strong>jungendo</strong></span> <span class='ocrx_word' id='word_1_78' title='bbox 1502 1533 1596 1590; x_wconf 83' lang='lat' dir='ltr'><strong>vi·-</strong></span> 
     </span>
     <span class='ocr_line' id='line_1_16' title="bbox 213 1583 1595 1684; baseline 0.023 -45"><span class='ocrx_word' id='word_1_79' title='bbox 213 1583 425 1643; x_wconf 83' lang='lat' dir='ltr'><strong>delicet</strong></span> <span class='ocrx_word' id='word_1_80' title='bbox 448 1587 772 1650; x_wconf 84' lang='lat' dir='ltr'><strong>dissensum</strong></span> <span class='ocrx_word' id='word_1_81' title='bbox 798 1613 929 1654; x_wconf 91' lang='lat' dir='ltr'><strong>cum</strong></span> <span class='ocrx_word' id='word_1_82' title='bbox 959 1602 1179 1660; x_wconf 83' lang='lat' dir='ltr'><strong>auxilio</strong></span> <span class='ocrx_word' id='word_1_83' title='bbox 1200 1606 1595 1684; x_wconf 80' lang='lat' dir='ltr'><strong>efficaci,juxta</strong></span> 
     </span>
     <span class='ocr_line' id='line_1_17' title="bbox 216 1664 1594 1765; baseline 0.022 -46"><span class='ocrx_word' id='word_1_84' title='bbox 216 1664 367 1721; x_wconf 88' lang='lat' dir='ltr'><strong>illud</strong></span> <span class='ocrx_word' id='word_1_85' title='bbox 418 1670 678 1741; x_wconf 82' lang='lat' dir='ltr'><strong>Apostoli</strong></span> <span class='ocrx_word' id='word_1_86' title='bbox 721 1674 789 1731; x_wconf 81' lang='lat' dir='ltr'><strong>ad</strong></span> <span class='ocrx_word' id='word_1_87' title='bbox 826 1679 990 1737; x_wconf 87' lang='lat' dir='ltr'><strong>Rom.</strong></span> <span class='ocrx_word' id='word_1_88' title='bbox 1023 1683 1103 1739; x_wconf 83' lang='lat'><strong>9:</strong></span> <span class='ocrx_word' id='word_1_89' title='bbox 1150 1686 1433 1746; x_wconf 80' lang='lat' dir='ltr'><strong>Voluntati</strong></span> <span class='ocrx_word' id='word_1_90' title='bbox 1476 1695 1594 1765; x_wconf 78' lang='lat' dir='ltr'><strong>ejus·</strong></span> 
     </span>
     <span class='ocr_line' id='line_1_18' title="bbox 215 1749 1591 1843; baseline 0.023 -43"><span class='ocrx_word' id='word_1_91' title='bbox 215 1749 341 1818; x_wconf 79' lang='lat' dir='ltr'><strong>quis</strong></span> <span class='ocrx_word' id='word_1_92' title='bbox 360 1751 616 1808; x_wconf 78' lang='lat' dir='ltr'><strong>resistit?</strong></span> <span class='ocrx_word' id='word_1_93' title='bbox 640 1755 708 1809; x_wconf 87' lang='lat' dir='ltr'><strong>Et</strong></span> <span class='ocrx_word' id='word_1_94' title='bbox 732 1755 793 1810; x_wconf 92' lang='lat' dir='ltr'><strong>in</strong></span> <span class='ocrx_word' id='word_1_95' title='bbox 820 1756 925 1814; x_wconf 88' lang='lat' dir='ltr'><strong>hoc</strong></span> <span class='ocrx_word' id='word_1_96' title='bbox 949 1775 1120 1819; x_wconf 91' lang='lat' dir='ltr'><strong>sensu</strong></span> <span class='ocrx_word' id='word_1_97' title='bbox 1144 1763 1248 1821; x_wconf 91' lang='lat' dir='ltr'><strong>illa</strong></span> <span class='ocrx_word' id='word_1_98' title='bbox 1276 1773 1591 1843; x_wconf 88' lang='lat' dir='ltr'><strong>propositio</strong></span> 
     </span>
     <span class='ocr_line' id='line_1_19' title="bbox 214 1829 1590 1923; baseline 0.023 -43"><span class='ocrx_word' id='word_1_99' title='bbox 214 1832 301 1881; x_wconf 78' lang='lat' dir='ltr'><strong>est</strong></span> <span class='ocrx_word' id='word_1_100' title='bbox 325 1829 645 1899; x_wconf 78' lang='lat' dir='ltr'><strong>catholica,</strong></span> <span class='ocrx_word' id='word_1_101' title='bbox 676 1839 730 1890; x_wconf 87' lang='lat' dir='ltr'><strong>et</strong></span> <span class='ocrx_word' id='word_1_102' title='bbox 753 1838 1195 1913; x_wconf 82' lang='lat' dir='ltr'><strong>Augustiniana,</strong></span> <span class='ocrx_word' id='word_1_103' title='bbox 1230 1854 1291 1903; x_wconf 88' lang='lat' dir='ltr'><strong>ut</strong></span> <span class='ocrx_word' id='word_1_104' title='bbox 1308 1865 1483 1923; x_wconf 87' lang='lat' dir='ltr'><strong>supra</strong></span> <span class='ocrx_word' id='word_1_105' title='bbox 1497 1854 1590 1910; x_wconf 90' lang='lat' dir='ltr'><strong>vi-</strong></span> 
     </span>
     <span class='ocr_line' id='line_1_20' title="bbox 211 1903 547 1978; baseline 0.021 -19"><span class='ocrx_word' id='word_1_106' title='bbox 211 1903 409 1963; x_wconf 88' lang='lat' dir='ltr'><strong>dimus</strong></span> <span class='ocrx_word' id='word_1_107' title='bbox 430 1913 465 1978; x_wconf 63' lang='lat' dir='ltr'>g</span> <span class='ocrx_word' id='word_1_108' title='bbox 485 1912 547 1967; x_wconf 78' lang='lat'><strong>4.</strong></span> 
     </span>
    </p>

    <p class='ocr_par' dir='ltr' id='par_1_5' title="bbox 205 1986 1585 2797">
     <span class='ocr_line' id='line_1_21' title="bbox 293 1986 1585 2080; baseline 0.019 -36"><span class='ocrx_word' id='word_1_109' title='bbox 293 1986 487 2044; x_wconf 72' lang='lat' dir='ltr'><strong>Tertia</strong></span> <span class='ocrx_word' id='word_1_110' title='bbox 525 1994 854 2065; x_wconf 87' lang='lat' dir='ltr'><strong>propositio,</strong></span> <span class='ocrx_word' id='word_1_111' title='bbox 881 2013 1088 2074; x_wconf 88' lang='lat' dir='ltr'><strong>nempe</strong></span> <span class='ocrx_word' id='word_1_112' title='bbox 1113 2026 1127 2060; x_wconf 75' lang='grc' dir='ltr'><strong><em>ε</em></strong></span> <span class='ocrx_word' id='word_1_113' title='bbox 1158 2005 1377 2063; x_wconf 74' lang='lat' dir='ltr'><strong>Exhac</strong></span> <span class='ocrx_word' id='word_1_114' title='bbox 1397 2014 1585 2080; x_wconf 71' lang='lat' dir='ltr'><strong>qratia</strong></span> 
     </span>
     <span class='ocr_line' id='line_1_22' title="bbox 210 2072 1580 2156; baseline 0.022 -36"><span class='ocrx_word' id='word_1_115' title='bbox 210 2075 371 2123; x_wconf 70' lang='lat' dir='ltr'><strong>actus</strong></span> <span class='ocrx_word' id='word_1_116' title='bbox 415 2072 724 2128; x_wconf 59' lang='lat' dir='ltr'><strong>volutantis</strong></span> <span class='ocrx_word' id='word_1_117' title='bbox 768 2080 1012 2150; x_wconf 79' lang='lat' dir='ltr'><strong>sequitur</strong></span> <span class='ocrx_word' id='word_1_118' title='bbox 1054 2089 1360 2156; x_wconf 75' lang='lat' dir='ltr'><strong>necessitas,</strong></span> <span class='ocrx_word' id='word_1_119' title='bbox 1385 2098 1482 2148; x_wconf 80' lang='lat' dir='ltr'><strong>etc.</strong></span> <span class='ocrx_word' id='word_1_120' title='bbox 1528 2093 1580 2149; x_wconf 85' lang='lat' dir='ltr'><strong>si</strong></span> 
     </span>
     <span class='ocr_line' id='line_1_23' title="bbox 209 2147 1585 2245; baseline 0.02 -43"><span class='ocrx_word' id='word_1_121' title='bbox 209 2147 500 2223; x_wconf 82' lang='lat' dir='ltr'><strong>significet</strong></span> <span class='ocrx_word' id='word_1_122' title='bbox 540 2155 929 2214; x_wconf 87' lang='lat' dir='ltr'><strong>necessitatem</strong></span> <span class='ocrx_word' id='word_1_123' title='bbox 972 2160 1427 2236; x_wconf 76' lang='lat' dir='ltr'><strong>infallibilitatis,</strong></span> <span class='ocrx_word' id='word_1_124' title='bbox 1460 2189 1585 2245; x_wconf 84' lang='lat' dir='ltr'><strong>quae</strong></span> 
     </span>
     <span class='ocr_line' id='line_1_24' title="bbox 210 2231 1583 2317; baseline 0.02 -32"><span class='ocrx_word' id='word_1_125' title='bbox 210 2231 507 2305; x_wconf 86' lang='lat' dir='ltr'><strong>relinquat</strong></span> <span class='ocrx_word' id='word_1_126' title='bbox 530 2240 865 2306; x_wconf 89' lang='lat' dir='ltr'><strong>potestatem</strong></span> <span class='ocrx_word' id='word_1_127' title='bbox 912 2240 981 2296; x_wconf 87' lang='lat' dir='ltr'><strong>ad</strong></span> <span class='ocrx_word' id='word_1_128' title='bbox 1009 2248 1352 2317; x_wconf 89' lang='lat' dir='ltr'><strong>oppositum,</strong></span> <span class='ocrx_word' id='word_1_129' title='bbox 1384 2254 1583 2312; x_wconf 87' lang='lat' dir='ltr'><strong>Catho-</strong></span> 
     </span>
     <span class='ocr_line' id='line_1_25' title="bbox 207 2310 1580 2393; baseline 0.02 -28"><span class='ocrx_word' id='word_1_130' title='bbox 207 2310 311 2367; x_wconf 90' lang='lat' dir='ltr'><strong>lica</strong></span> <span class='ocrx_word' id='word_1_131' title='bbox 331 2318 438 2380; x_wconf 90' lang='lat' dir='ltr'><strong>est,</strong></span> <span class='ocrx_word' id='word_1_132' title='bbox 473 2318 534 2370; x_wconf 88' lang='lat' dir='ltr'><strong>et</strong></span> <span class='ocrx_word' id='word_1_133' title='bbox 554 2315 885 2375; x_wconf 88' lang='lat' dir='ltr'><strong>conceditur</strong></span> <span class='ocrx_word' id='word_1_134' title='bbox 926 2337 958 2377; x_wconf 89' lang='lat' dir='ltr'><strong>a</strong></span> <span class='ocrx_word' id='word_1_135' title='bbox 980 2323 1295 2385; x_wconf 82' lang='lat' dir='ltr'><strong>Themistis</strong></span> <span class='ocrx_word' id='word_1_136' title='bbox 1326 2354 1339 2387; x_wconf 85' lang='lat'><strong>:</strong></span> <span class='ocrx_word' id='word_1_137' title='bbox 1363 2334 1413 2388; x_wconf 90' lang='lat' dir='ltr'><strong>si</strong></span> <span class='ocrx_word' id='word_1_138' title='bbox 1442 2351 1580 2393; x_wconf 90' lang='lat' dir='ltr'><strong>vero</strong></span> 
     </span>
     <span class='ocr_line' id='line_1_26' title="bbox 205 2393 1580 2475; baseline 0.019 -28"><span class='ocrx_word' id='word_1_139' title='bbox 205 2393 491 2469; x_wconf 83' lang='lat' dir='ltr'><strong>significet</strong></span> <span class='ocrx_word' id='word_1_140' title='bbox 519 2402 739 2455; x_wconf 85' lang='lat' dir='ltr'><strong>tantam</strong></span> <span class='ocrx_word' id='word_1_141' title='bbox 774 2406 1184 2474; x_wconf 87' lang='lat' dir='ltr'><strong>necessitatem,</strong></span> <span class='ocrx_word' id='word_1_142' title='bbox 1219 2417 1276 2466; x_wconf 91' lang='lat' dir='ltr'><strong>ut</strong></span> <span class='ocrx_word' id='word_1_143' title='bbox 1315 2417 1580 2475; x_wconf 87' lang='lat' dir='ltr'><strong>excludat</strong></span> 
     </span>
     <span class='ocr_line' id='line_1_27' title="bbox 206 2477 1576 2562; baseline 0.02 -35"><span class='ocrx_word' id='word_1_144' title='bbox 206 2480 546 2544; x_wconf 84' lang='lat' dir='ltr'><strong>potestatem</strong></span> <span class='ocrx_word' id='word_1_145' title='bbox 589 2477 659 2533; x_wconf 85' lang='lat' dir='ltr'><strong>ad</strong></span> <span class='ocrx_word' id='word_1_146' title='bbox 706 2484 1046 2554; x_wconf 87' lang='lat' dir='ltr'><strong>oppositum,</strong></span> <span class='ocrx_word' id='word_1_147' title='bbox 1105 2490 1331 2547; x_wconf 75' lang='lat' dir='ltr'><strong>Calvini</strong></span> <span class='ocrx_word' id='word_1_148' title='bbox 1380 2501 1485 2562; x_wconf 85' lang='lat' dir='ltr'><strong>est,</strong></span> <span class='ocrx_word' id='word_1_149' title='bbox 1516 2503 1576 2553; x_wconf 91' lang='lat' dir='ltr'><strong>ut</strong></span> 
     </span>
     <span class='ocr_line' id='line_1_28' title="bbox 206 2556 1575 2641; baseline 0.02 -32"><span class='ocrx_word' id='word_1_150' title='bbox 206 2556 462 2614; x_wconf 72' lang='lat' dir='ltr'><strong>vidimus</strong></span> <span class='ocrx_word' id='word_1_151' title='bbox 504 2578 657 2617; x_wconf 78' lang='lat' dir='ltr'><strong>num.</strong></span> <span class='ocrx_word' id='word_1_152' title='bbox 690 2566 819 2630; x_wconf 75' lang='lat'><strong>222,</strong></span> <span class='ocrx_word' id='word_1_153' title='bbox 840 2572 897 2621; x_wconf 88' lang='lat' dir='ltr'><strong>et</strong></span> <span class='ocrx_word' id='word_1_154' title='bbox 925 2569 1175 2641; x_wconf 91' lang='lat' dir='ltr'><strong>amplius</strong></span> <span class='ocrx_word' id='word_1_155' title='bbox 1200 2575 1480 2633; x_wconf 84' lang='lat' dir='ltr'><strong>constabit</strong></span> <span class='ocrx_word' id='word_1_156' title='bbox 1504 2594 1575 2636; x_wconf 87' lang='lat' dir='ltr'><strong>ex</strong></span> 
     </span>
     <span class='ocr_line' id='line_1_29' title="bbox 208 2638 1574 2714; baseline 0.019 -25"><span class='ocrx_word' id='word_1_157' title='bbox 208 2638 585 2707; x_wconf 77' lang='lat' dir='ltr'><strong>responsione</strong></span> <span class='ocrx_word' id='word_1_158' title='bbox 606 2642 674 2697; x_wconf 87' lang='lat' dir='ltr'><strong>ad</strong></span> <span class='ocrx_word' id='word_1_159' title='bbox 702 2645 950 2714; x_wconf 84' lang='lat' dir='ltr'><strong>primam</strong></span> <span class='ocrx_word' id='word_1_160' title='bbox 973 2648 1574 2714; x_wconf 88' lang='lat' dir='ltr'><strong>confirmationem.Et</strong></span> 
     </span>
     <span class='ocr_line' id='line_1_30' title="bbox 208 2714 1565 2797; baseline 0.018 -27"><span class='ocrx_word' id='word_1_161' title='bbox 208 2714 267 2771; x_wconf 90' lang='lat' dir='ltr'><strong>in</strong></span> <span class='ocrx_word' id='word_1_162' title='bbox 288 2716 394 2774; x_wconf 89' lang='lat' dir='ltr'><strong>hoc</strong></span> <span class='ocrx_word' id='word_1_163' title='bbox 415 2734 590 2778; x_wconf 88' lang='lat' dir='ltr'><strong>sensu</strong></span> <span class='ocrx_word' id='word_1_164' title='bbox 623 2731 863 2797; x_wconf 83' lang='lat' dir='ltr'><strong>negatur</strong></span> <span class='ocrx_word' id='word_1_165' title='bbox 892 2727 1148 2787; x_wconf 88' lang='lat' dir='ltr'><strong>absolute</strong></span> <span class='ocrx_word' id='word_1_166' title='bbox 1172 2748 1204 2788; x_wconf 93' lang='lat' dir='ltr'><strong>a</strong></span> <span class='ocrx_word' id='word_1_167' title='bbox 1231 2734 1565 2796; x_wconf 75' lang='lat' dir='ltr'><strong>ThomistiS.</strong></span> 
     </span>
    </p>

    <p class='ocr_par' dir='ltr' id='par_1_6' title="bbox 197 2798 1571 4329">
     <span class='ocr_line' id='line_1_31' title="bbox 274 2798 1570 2880; baseline 0.02 -27"><span class='ocrx_word' id='word_1_168' title='bbox 274 2798 852 2876; x_wconf 76' lang='lat' dir='ltr'><strong>QuartapropositiO,</strong></span> <span class='ocrx_word' id='word_1_169' title='bbox 880 2809 1165 2880; x_wconf 38' lang='lat' dir='ltr'><strong>nimi-rum</strong></span> <span class='ocrx_word' id='word_1_170' title='bbox 1194 2836 1207 2870; x_wconf 75' lang='lat' dir='ltr'>e</span> <span class='ocrx_word' id='word_1_171' title='bbox 1236 2815 1371 2874; x_wconf 83' lang='lat' dir='ltr'><strong>Sine</strong></span> <span class='ocrx_word' id='word_1_172' title='bbox 1395 2824 1570 2878; x_wconf 73' lang='lat' dir='ltr'><strong>auxi-</strong></span> 
     </span>
     <span class='ocr_line' id='line_1_32' title="bbox 198 2880 1571 2976; baseline 0.019 -42"><span class='ocrx_word' id='word_1_173' title='bbox 198 2880 272 2934; x_wconf 83' lang='lat' dir='ltr'><strong>lio</strong></span> <span class='ocrx_word' id='word_1_174' title='bbox 294 2885 540 2956; x_wconf 79' lang='lat' dir='ltr'><strong>efficacis</strong></span> <span class='ocrx_word' id='word_1_175' title='bbox 559 2890 756 2955; x_wconf 72' lang='lat' dir='ltr'><strong>9ratize</strong></span> <span class='ocrx_word' id='word_1_176' title='bbox 781 2890 938 2946; x_wconf 78' lang='lat' dir='ltr'><strong>homo</strong></span> <span class='ocrx_word' id='word_1_177' title='bbox 965 2910 1074 2949; x_wconf 85' lang='lat' dir='ltr'><strong>non</strong></span> <span class='ocrx_word' id='word_1_178' title='bbox 1101 2904 1269 2968; x_wconf 77' lang='lat' dir='ltr'><strong>potest</strong></span> <span class='ocrx_word' id='word_1_179' title='bbox 1295 2899 1420 2956; x_wconf 86' lang='lat' dir='ltr'><strong>bene</strong></span> <span class='ocrx_word' id='word_1_180' title='bbox 1453 2920 1571 2976; x_wconf 77' lang='lat' dir='ltr'><strong>ope-</strong></span> 
     </span>
     <span class='ocr_line' id='line_1_33' title="bbox 197 2963 1568 3049; baseline 0.019 -35"><span class='ocrx_word' id='word_1_181' title='bbox 197 2963 332 3027; x_wconf 78' lang='lat' dir='ltr'><strong>rari,</strong></span> <span class='ocrx_word' id='word_1_182' title='bbox 364 2970 465 3019; x_wconf 83' lang='lat' dir='ltr'><strong>etc.</strong></span> <span class='ocrx_word' id='word_1_183' title='bbox 494 2963 755 3024; x_wconf 86' lang='lat' dir='ltr'><strong>absolute</strong></span> <span class='ocrx_word' id='word_1_184' title='bbox 782 2972 1005 3041; x_wconf 87' lang='lat' dir='ltr'><strong>prolata</strong></span> <span class='ocrx_word' id='word_1_185' title='bbox 1047 2982 1287 3049; x_wconf 86' lang='lat' dir='ltr'><strong>negatur</strong></span> <span class='ocrx_word' id='word_1_186' title='bbox 1310 2979 1568 3041; x_wconf 88' lang='lat' dir='ltr'><strong>absolute</strong></span> 
     </span>
     <span class='ocr_line' id='line_1_34' title="bbox 198 3043 1566 3123; baseline 0.018 -26"><span class='ocrx_word' id='word_1_187' title='bbox 198 3043 593 3115; x_wconf 86' lang='lat' dir='ltr'><strong>aThomistis‚</strong></span> <span class='ocrx_word' id='word_1_188' title='bbox 618 3050 716 3120; x_wconf 91' lang='lat' dir='ltr'><strong>qui</strong></span> <span class='ocrx_word' id='word_1_189' title='bbox 759 3053 948 3122; x_wconf 86' lang='lat' dir='ltr'><strong>potius</strong></span> <span class='ocrx_word' id='word_1_190' title='bbox 993 3054 1213 3123; x_wconf 87' lang='lat' dir='ltr'><strong>docent,</strong></span> <span class='ocrx_word' id='word_1_191' title='bbox 1269 3062 1566 3122; x_wconf 90' lang='lat' dir='ltr'><strong>hominem</strong></span> 
     </span>
     <span class='ocr_line' id='line_1_35' title="bbox 199 3127 1560 3213; baseline 0.018 -35"><span class='ocrx_word' id='word_1_192' title='bbox 199 3137 295 3193; x_wconf 88' lang='lat' dir='ltr'><strong>per</strong></span> <span class='ocrx_word' id='word_1_193' title='bbox 313 3127 538 3184; x_wconf 86' lang='lat' dir='ltr'><strong>auxilia</strong></span> <span class='ocrx_word' id='word_1_194' title='bbox 558 3129 920 3198; x_wconf 87' lang='lat' dir='ltr'><strong>sufficientia,</strong></span> <span class='ocrx_word' id='word_1_195' title='bbox 948 3135 1019 3190; x_wconf 87' lang='lat' dir='ltr'><strong>ab</strong></span> <span class='ocrx_word' id='word_1_196' title='bbox 1040 3136 1247 3196; x_wconf 88' lang='lat' dir='ltr'><strong>efficaci</strong></span> <span class='ocrx_word' id='word_1_197' title='bbox 1271 3140 1560 3213; x_wconf 86' lang='lat' dir='ltr'><strong>distincta,</strong></span> 
     </span>
     <span class='ocr_line' id='line_1_36' title="bbox 200 3199 1557 3295; baseline 0.02 -39"><span class='ocrx_word' id='word_1_198' title='bbox 200 3199 321 3260; x_wconf 84' lang='lat' dir='ltr'><strong>fieri</strong></span> <span class='ocrx_word' id='word_1_199' title='bbox 355 3209 627 3278; x_wconf 83' lang='lat' dir='ltr'><strong>proxime</strong></span> <span class='ocrx_word' id='word_1_200' title='bbox 674 3217 963 3283; x_wconf 89' lang='lat' dir='ltr'><strong>potentem</strong></span> <span class='ocrx_word' id='word_1_201' title='bbox 1001 3215 1069 3271; x_wconf 90' lang='lat' dir='ltr'><strong>ad</strong></span> <span class='ocrx_word' id='word_1_202' title='bbox 1120 3218 1262 3277; x_wconf 91' lang='lat' dir='ltr'><strong>bene</strong></span> <span class='ocrx_word' id='word_1_203' title='bbox 1315 3238 1557 3295; x_wconf 88' lang='lat' dir='ltr'><strong>operan—</strong></span> 
     </span>
     <span class='ocr_line' id='line_1_37' title="bbox 201 3281 1562 3367; baseline 0.02 -31"><span class='ocrx_word' id='word_1_204' title='bbox 201 3281 349 3351; x_wconf 89' lang='lat' dir='ltr'><strong>dum,</strong></span> <span class='ocrx_word' id='word_1_205' title='bbox 379 3292 440 3341; x_wconf 89' lang='lat' dir='ltr'><strong>ut</strong></span> <span class='ocrx_word' id='word_1_206' title='bbox 470 3287 725 3346; x_wconf 79' lang='lat' dir='ltr'><strong>vidimus</strong></span> <span class='ocrx_word' id='word_1_207' title='bbox 746 3293 889 3365; x_wconf 80' lang='lat' dir='ltr'><strong>disp.</strong></span> <span class='ocrx_word' id='word_1_208' title='bbox 917 3299 1140 3367; x_wconf 60' lang='lat' dir='ltr'><strong>praeced.</strong></span> <span class='ocrx_word' id='word_1_209' title='bbox 1166 3300 1295 3357; x_wconf 83' lang='lat' dir='ltr'><strong>dub.</strong></span> <span class='ocrx_word' id='word_1_210' title='bbox 1322 3305 1367 3358; x_wconf 86' lang='lat'><strong>1.</strong></span> <span class='ocrx_word' id='word_1_211' title='bbox 1398 3305 1562 3365; x_wconf 90' lang='lat' dir='ltr'><strong>Unde</strong></span> 
     </span>
     <span class='ocr_line' id='line_1_38' title="bbox 203 3362 1564 3453; baseline 0.019 -35"><span class='ocrx_word' id='word_1_212' title='bbox 203 3362 261 3418; x_wconf 92' lang='lat' dir='ltr'><strong>in</strong></span> <span class='ocrx_word' id='word_1_213' title='bbox 275 3364 536 3423; x_wconf 86' lang='lat' dir='ltr'><strong>absentia</strong></span> <span class='ocrx_word' id='word_1_214' title='bbox 558 3371 761 3426; x_wconf 86' lang='lat' dir='ltr'><strong>auxilii</strong></span> <span class='ocrx_word' id='word_1_215' title='bbox 785 3373 1021 3431; x_wconf 86' lang='lat' dir='ltr'><strong>efficacis</strong></span> <span class='ocrx_word' id='word_1_216' title='bbox 1043 3389 1449 3453; x_wconf 83' lang='lat' dir='ltr'><strong>recognoscunt</strong></span> <span class='ocrx_word' id='word_1_217' title='bbox 1471 3402 1564 3444; x_wconf 86' lang='lat' dir='ltr'><strong>ve-</strong></span> 
     </span>
     <span class='ocr_line' id='line_1_39' title="bbox 204 3451 1559 3524; baseline 0.018 -25"><span class='ocrx_word' id='word_1_218' title='bbox 204 3460 321 3501; x_wconf 88' lang='lat' dir='ltr'><strong>ram</strong></span> <span class='ocrx_word' id='word_1_219' title='bbox 365 3451 682 3520; x_wconf 86' lang='lat' dir='ltr'><strong>potentiam</strong></span> <span class='ocrx_word' id='word_1_220' title='bbox 711 3455 1136 3515; x_wconf 85' lang='lat' dir='ltr'><strong>antecedentem</strong></span> <span class='ocrx_word' id='word_1_221' title='bbox 1166 3460 1237 3517; x_wconf 89' lang='lat' dir='ltr'><strong>ad</strong></span> <span class='ocrx_word' id='word_1_222' title='bbox 1278 3470 1465 3522; x_wconf 90' lang='lat' dir='ltr'><strong>actum</strong></span> <span class='ocrx_word' id='word_1_223' title='bbox 1497 3468 1559 3524; x_wconf 93' lang='lat' dir='ltr'><strong>in</strong></span> 
     </span>
     <span class='ocr_line' id='line_1_40' title="bbox 200 3529 1556 3605; baseline 0.017 -23"><span class='ocrx_word' id='word_1_224' title='bbox 200 3542 361 3583; x_wconf 86' lang='lat' dir='ltr'><strong>sensu</strong></span> <span class='ocrx_word' id='word_1_225' title='bbox 388 3529 599 3598; x_wconf 89' lang='lat' dir='ltr'><strong>diviso,</strong></span> <span class='ocrx_word' id='word_1_226' title='bbox 644 3537 911 3605; x_wconf 86' lang='lat' dir='ltr'><strong>quamvis</strong></span> <span class='ocrx_word' id='word_1_227' title='bbox 953 3549 1211 3598; x_wconf 86' lang='lat' dir='ltr'><strong>asserant</strong></span> <span class='ocrx_word' id='word_1_228' title='bbox 1258 3544 1556 3603; x_wconf 89' lang='lat' dir='ltr'><strong>hominem</strong></span> 
     </span>
     <span class='ocr_line' id='line_1_41' title="bbox 201 3609 1557 3699; baseline 0.018 -37"><span class='ocrx_word' id='word_1_229' title='bbox 201 3622 311 3664; x_wconf 88' lang='lat' dir='ltr'><strong>non</strong></span> <span class='ocrx_word' id='word_1_230' title='bbox 367 3609 581 3667; x_wconf 86' lang='lat' dir='ltr'><strong>habere</strong></span> <span class='ocrx_word' id='word_1_231' title='bbox 627 3616 939 3685; x_wconf 89' lang='lat' dir='ltr'><strong>potentiam</strong></span> <span class='ocrx_word' id='word_1_232' title='bbox 985 3619 1055 3675; x_wconf 88' lang='lat' dir='ltr'><strong>ad</strong></span> <span class='ocrx_word' id='word_1_233' title='bbox 1095 3624 1557 3699; x_wconf 82' lang='lat' dir='ltr'><strong>conjungendum</strong></span> 
     </span>
     <span class='ocr_line' id='line_1_42' title="bbox 201 3693 1556 3779; baseline 0.018 -38"><span class='ocrx_word' id='word_1_234' title='bbox 201 3693 376 3744; x_wconf 86' lang='lat' dir='ltr'><strong>actum</strong></span> <span class='ocrx_word' id='word_1_235' title='bbox 426 3707 558 3756; x_wconf 82' lang='lat' dir='ltr'><strong>cum</strong></span> <span class='ocrx_word' id='word_1_236' title='bbox 599 3696 857 3752; x_wconf 88' lang='lat' dir='ltr'><strong>carentia</strong></span> <span class='ocrx_word' id='word_1_237' title='bbox 903 3701 1104 3757; x_wconf 84' lang='lat' dir='ltr'><strong>auxilii</strong></span> <span class='ocrx_word' id='word_1_238' title='bbox 1134 3703 1387 3772; x_wconf 86' lang='lat' dir='ltr'><strong>efficacis,</strong></span> <span class='ocrx_word' id='word_1_239' title='bbox 1431 3724 1556 3779; x_wconf 80' lang='lat' dir='ltr'><strong>quae</strong></span> 
     </span>
     <span class='ocr_line' id='line_1_43' title="bbox 198 3770 1555 3854; baseline 0.019 -32"><span class='ocrx_word' id='word_1_240' title='bbox 198 3773 278 3823; x_wconf 88' lang='lat' dir='ltr'><strong>est</strong></span> <span class='ocrx_word' id='word_1_241' title='bbox 295 3770 638 3843; x_wconf 88' lang='lat' dir='ltr'><strong>impotentia</strong></span> <span class='ocrx_word' id='word_1_242' title='bbox 678 3777 993 3835; x_wconf 88' lang='lat' dir='ltr'><strong>secundum</strong></span> <span class='ocrx_word' id='word_1_243' title='bbox 1019 3783 1175 3854; x_wconf 89' lang='lat' dir='ltr'><strong>quid,</strong></span> <span class='ocrx_word' id='word_1_244' title='bbox 1208 3790 1263 3841; x_wconf 90' lang='lat' dir='ltr'><strong>et</strong></span> <span class='ocrx_word' id='word_1_245' title='bbox 1303 3787 1555 3848; x_wconf 88' lang='lat' dir='ltr'><strong>libertati</strong></span> 
     </span>
     <span class='ocr_line' id='line_1_44' title="bbox 202 3850 1556 3934; baseline 0.018 -32"><span class='ocrx_word' id='word_1_246' title='bbox 202 3850 528 3921; x_wconf 88' lang='lat' dir='ltr'><strong>neutiquam</strong></span> <span class='ocrx_word' id='word_1_247' title='bbox 560 3854 952 3927; x_wconf 74' lang='lat' dir='ltr'><strong>praeJudicans.</strong></span> <span class='ocrx_word' id='word_1_248' title='bbox 1006 3863 1278 3920; x_wconf 83' lang='lat' dir='ltr'><strong>Calvinus</strong></span> <span class='ocrx_word' id='word_1_249' title='bbox 1323 3883 1476 3934; x_wconf 88' lang='lat' dir='ltr'><strong>vero,</strong></span> <span class='ocrx_word' id='word_1_250' title='bbox 1501 3876 1556 3925; x_wconf 90' lang='lat' dir='ltr'><strong>et</strong></span> 
     </span>
     <span class='ocr_line' id='line_1_45' title="bbox 200 3930 1551 4006; baseline 0.019 -24"><span class='ocrx_word' id='word_1_251' title='bbox 200 3930 288 3998; x_wconf 85' lang='lat' dir='ltr'><strong>qui</strong></span> <span class='ocrx_word' id='word_1_252' title='bbox 334 3946 461 3987; x_wconf 92' lang='lat' dir='ltr'><strong>cum</strong></span> <span class='ocrx_word' id='word_1_253' title='bbox 511 3950 578 3989; x_wconf 88' lang='lat' dir='ltr'><strong>eo</strong></span> <span class='ocrx_word' id='word_1_254' title='bbox 628 3942 908 4005; x_wconf 83' lang='lat' dir='ltr'><strong>asserunt,</strong></span> <span class='ocrx_word' id='word_1_255' title='bbox 959 3958 1193 4000; x_wconf 89' lang='lat' dir='ltr'><strong>omnem</strong></span> <span class='ocrx_word' id='word_1_256' title='bbox 1237 3950 1551 4006; x_wconf 89' lang='lat' dir='ltr'><strong>motionem</strong></span> 
     </span>
     <span class='ocr_line' id='line_1_46' title="bbox 201 4008 1554 4097; baseline 0.02 -37"><span class='ocrx_word' id='word_1_257' title='bbox 201 4008 435 4079; x_wconf 82' lang='lat' dir='ltr'><strong>Spiritus</strong></span> <span class='ocrx_word' id='word_1_258' title='bbox 474 4014 655 4070; x_wconf 88' lang='lat' dir='ltr'><strong>sancti</strong></span> <span class='ocrx_word' id='word_1_259' title='bbox 684 4015 985 4086; x_wconf 71' lang='lat' dir='ltr'><strong>effic-arem,</strong></span> <span class='ocrx_word' id='word_1_260' title='bbox 1019 4032 1451 4097; x_wconf 86' lang='lat' dir='ltr'><strong>consequenter,</strong></span> <span class='ocrx_word' id='word_1_261' title='bbox 1498 4037 1554 4087; x_wconf 89' lang='lat' dir='ltr'><strong>et</strong></span> 
     </span>
     <span class='ocr_line' id='line_1_47' title="bbox 205 4087 1552 4178; baseline 0.021 -38"><span class='ocrx_word' id='word_1_262' title='bbox 205 4087 451 4150; x_wconf 67' lang='lat' dir='ltr'><strong>liaeretice</strong></span> <span class='ocrx_word' id='word_1_263' title='bbox 472 4093 693 4160; x_wconf 86' lang='lat' dir='ltr'><strong>docent,</strong></span> <span class='ocrx_word' id='word_1_264' title='bbox 727 4096 1023 4157; x_wconf 81' lang='lat' dir='ltr'><strong>hominem</strong></span> <span class='ocrx_word' id='word_1_265' title='bbox 1057 4119 1171 4160; x_wconf 91' lang='lat' dir='ltr'><strong>non</strong></span> <span class='ocrx_word' id='word_1_266' title='bbox 1212 4123 1371 4178; x_wconf 89' lang='lat' dir='ltr'><strong>posse</strong></span> <span class='ocrx_word' id='word_1_267' title='bbox 1407 4108 1552 4168; x_wconf 88' lang='lat' dir='ltr'><strong>hene</strong></span> 
     </span>
     <span class='ocr_line' id='line_1_48' title="bbox 204 4175 1551 4254; baseline 0.017 -28"><span class='ocrx_word' id='word_1_268' title='bbox 204 4175 435 4242; x_wconf 83' lang='lat' dir='ltr'><strong>operari,</strong></span> <span class='ocrx_word' id='word_1_269' title='bbox 470 4175 584 4231; x_wconf 89' lang='lat' dir='ltr'><strong>nisi</strong></span> <span class='ocrx_word' id='word_1_270' title='bbox 606 4193 736 4232; x_wconf 90' lang='lat' dir='ltr'><strong>cum</strong></span> <span class='ocrx_word' id='word_1_271' title='bbox 754 4184 878 4234; x_wconf 88' lang='lat' dir='ltr'><strong>actu</strong></span> <span class='ocrx_word' id='word_1_272' title='bbox 901 4192 1188 4254; x_wconf 63' lang='lat' dir='ltr'><strong>operatun,</strong></span> <span class='ocrx_word' id='word_1_273' title='bbox 1226 4190 1551 4249; x_wconf 66' lang='lat' dir='ltr'><strong>atvidimus</strong></span> 
     </span>
     <span class='ocr_line' id='line_1_49' title="bbox 204 4253 1122 4329; baseline 0.015 -22"><span class='ocrx_word' id='word_1_274' title='bbox 204 4253 329 4327; x_wconf 68' lang='lat' dir='ltr'><strong>disp.</strong></span> <span class='ocrx_word' id='word_1_275' title='bbox 352 4258 577 4329; x_wconf 54' lang='lat' dir='ltr'><strong>praeca,</strong></span> <span class='ocrx_word' id='word_1_276' title='bbox 608 4259 736 4315; x_wconf 78' lang='lat' dir='ltr'><strong>dub.</strong></span> <span class='ocrx_word' id='word_1_277' title='bbox 772 4264 817 4317; x_wconf 85' lang='grc' dir='ltr'><strong>Ι.</strong></span> <span class='ocrx_word' id='word_1_278' title='bbox 1116 4314 1122 4320; x_wconf 92' lang='grc'><em>.</em></span> 
     </span>
    </p>

    <p class='ocr_par' dir='ltr' id='par_1_7' title="bbox 204 4338 1551 5153">
     <span class='ocr_line' id='line_1_50' title="bbox 283 4338 1551 4418; baseline 0.018 -29"><span class='ocrx_word' id='word_1_279' title='bbox 283 4338 486 4410; x_wconf 74' lang='lat' dir='ltr'><strong>Quinta</strong></span> <span class='ocrx_word' id='word_1_280' title='bbox 552 4341 865 4412; x_wconf 84' lang='lat' dir='ltr'><strong>propositio</strong></span> <span class='ocrx_word' id='word_1_281' title='bbox 916 4364 928 4398; x_wconf 75' lang='grc' dir='ltr'>ε</span> <span class='ocrx_word' id='word_1_282' title='bbox 984 4345 1140 4418; x_wconf 84' lang='lat' dir='ltr'><strong>Quod</strong></span> <span class='ocrx_word' id='word_1_283' title='bbox 1207 4367 1278 4405; x_wconf 72' lang='lat' dir='ltr'><strong>ex</strong></span> <span class='ocrx_word' id='word_1_284' title='bbox 1346 4354 1551 4412; x_wconf 81' lang='lat' dir='ltr'><strong>duobus</strong></span> 
     </span>
     <span class='ocr_line' id='line_1_51' title="bbox 205 4413 1543 4503; baseline 0.019 -36"><span class='ocrx_word' id='word_1_285' title='bbox 205 4413 501 4471; x_wconf 74' lang='lat' dir='ltr'><strong>hominibus</strong></span> <span class='ocrx_word' id='word_1_286' title='bbox 545 4435 689 4473; x_wconf 77' lang='lat' dir='ltr'><strong>unus</strong></span> <span class='ocrx_word' id='word_1_287' title='bbox 728 4430 1096 4493; x_wconf 74' lang='lat' dir='ltr'><strong>convertatur,</strong></span> <span class='ocrx_word' id='word_1_288' title='bbox 1147 4436 1196 4483; x_wconf 82' lang='lat' dir='ltr'><strong>el</strong></span> <span class='ocrx_word' id='word_1_289' title='bbox 1240 4433 1389 4488; x_wconf 81' lang='lat' dir='ltr'><strong>alius</strong></span> <span class='ocrx_word' id='word_1_290' title='bbox 1415 4453 1543 4503; x_wconf 83' lang='lat' dir='ltr'><strong>non,</strong></span> 
     </span>
     <span class='ocr_line' id='line_1_52' title="bbox 207 4499 1550 4585; baseline 0.018 -36"><span class='ocrx_word' id='word_1_291' title='bbox 207 4512 301 4550; x_wconf 80' lang='lat' dir='ltr'><strong>non</strong></span> <span class='ocrx_word' id='word_1_292' title='bbox 342 4499 569 4553; x_wconf 82' lang='lat' dir='ltr'><strong>aliunde</strong></span> <span class='ocrx_word' id='word_1_293' title='bbox 614 4519 782 4578; x_wconf 76' lang='lat' dir='ltr'><strong>quam</strong></span> <span class='ocrx_word' id='word_1_294' title='bbox 834 4522 907 4558; x_wconf 70' lang='lat' dir='ltr'><strong>ex</strong></span> <span class='ocrx_word' id='word_1_295' title='bbox 950 4508 1319 4585; x_wconf 62' lang='lat' dir='ltr'><strong>inaequalitate</strong></span> <span class='ocrx_word' id='word_1_296' title='bbox 1357 4520 1550 4585; x_wconf 65' lang='lat' dir='ltr'><strong>qratiso</strong></span> 
     </span>
     <span class='ocr_line' id='line_1_53' title="bbox 206 4579 1549 4657; baseline 0.021 -27"><span class='ocrx_word' id='word_1_297' title='bbox 206 4586 269 4631; x_wconf 68' lang='lat' dir='ltr'><strong>est</strong></span> <span class='ocrx_word' id='word_1_298' title='bbox 316 4597 334 4645; x_wconf 92' lang='lat'><strong>‚·</strong></span> <span class='ocrx_word' id='word_1_299' title='bbox 382 4579 429 4634; x_wconf 87' lang='lat' dir='ltr'><strong>si</strong></span> <span class='ocrx_word' id='word_1_300' title='bbox 476 4580 728 4647; x_wconf 86' lang='lat' dir='ltr'><strong>denotet,</strong></span> <span class='ocrx_word' id='word_1_301' title='bbox 785 4586 933 4656; x_wconf 91' lang='lat' dir='ltr'><strong>quod</strong></span> <span class='ocrx_word' id='word_1_302' title='bbox 980 4592 1093 4647; x_wconf 89' lang='lat' dir='ltr'><strong>tota</strong></span> <span class='ocrx_word' id='word_1_303' title='bbox 1132 4593 1280 4650; x_wconf 88' lang='lat' dir='ltr'><strong>ratio</strong></span> <span class='ocrx_word' id='word_1_304' title='bbox 1328 4596 1549 4657; x_wconf 85' lang='lat' dir='ltr'><strong>sorma-</strong></span> 
     </span>
     <span class='ocr_line' id='line_1_54' title="bbox 209 4658 1550 4743; baseline 0.019 -31"><span class='ocrx_word' id='word_1_305' title='bbox 209 4658 271 4712; x_wconf 88' lang='lat' dir='ltr'><strong>lis</strong></span> <span class='ocrx_word' id='word_1_306' title='bbox 333 4663 598 4731; x_wconf 86' lang='lat' dir='ltr'><strong>proxima</strong></span> <span class='ocrx_word' id='word_1_307' title='bbox 650 4665 919 4722; x_wconf 87' lang='lat' dir='ltr'><strong>eliciendi</strong></span> <span class='ocrx_word' id='word_1_308' title='bbox 971 4675 1429 4743; x_wconf 79' lang='lat' dir='ltr'><strong>conversionem,</strong></span> <span class='ocrx_word' id='word_1_309' title='bbox 1492 4688 1550 4738; x_wconf 91' lang='lat' dir='ltr'><strong>et</strong></span> 
     </span>
     <span class='ocr_line' id='line_1_55' title="bbox 206 4737 1541 4827; baseline 0.019 -34"><span class='ocrx_word' id='word_1_310' title='bbox 206 4737 548 4798; x_wconf 85' lang='lat' dir='ltr'><strong>discernendi</strong></span> <span class='ocrx_word' id='word_1_311' title='bbox 619 4761 960 4804; x_wconf 77' lang='lat' dir='ltr'><strong>conversum</strong></span> <span class='ocrx_word' id='word_1_312' title='bbox 1012 4767 1045 4807; x_wconf 94' lang='lat' dir='ltr'><strong>a</strong></span> <span class='ocrx_word' id='word_1_313' title='bbox 1086 4769 1203 4810; x_wconf 91' lang='lat' dir='ltr'><strong>non</strong></span> <span class='ocrx_word' id='word_1_314' title='bbox 1247 4772 1541 4827; x_wconf 88' lang='lat' dir='ltr'><strong>converso,</strong></span> 
     </span>
     <span class='ocr_line' id='line_1_56' title="bbox 204 4817 1547 4910; baseline 0.02 -39"><span class='ocrx_word' id='word_1_315' title='bbox 204 4817 270 4871; x_wconf 82' lang='lat' dir='ltr'><strong>sit</strong></span> <span class='ocrx_word' id='word_1_316' title='bbox 290 4821 565 4877; x_wconf 81' lang='lat' dir='ltr'><strong>auxilium</strong></span> <span class='ocrx_word' id='word_1_317' title='bbox 588 4826 810 4897; x_wconf 57' lang='lat' dir='ltr'><strong>gratias,</strong></span> <span class='ocrx_word' id='word_1_318' title='bbox 854 4830 1130 4889; x_wconf 87' lang='lat' dir='ltr'><strong>catholica</strong></span> <span class='ocrx_word' id='word_1_319' title='bbox 1158 4840 1257 4903; x_wconf 90' lang='lat' dir='ltr'><strong>est,</strong></span> <span class='ocrx_word' id='word_1_320' title='bbox 1280 4837 1442 4910; x_wconf 82' lang='lat' dir='ltr'><strong>J&#39;uxta</strong></span> <span class='ocrx_word' id='word_1_321' title='bbox 1472 4841 1547 4897; x_wconf 93' lang='lat' dir='ltr'><strong>il-</strong></span> 
     </span>
     <span class='ocr_line' id='line_1_57' title="bbox 208 4897 1546 4978; baseline 0.02 -28"><span class='ocrx_word' id='word_1_322' title='bbox 208 4897 295 4952; x_wconf 84' lang='lat' dir='ltr'><strong>lud</strong></span> <span class='ocrx_word' id='word_1_323' title='bbox 315 4902 497 4971; x_wconf 78' lang='lat' dir='ltr'><strong>Apost.</strong></span> <span class='ocrx_word' id='word_1_324' title='bbox 535 4902 674 4968; x_wconf 66' lang='lat' dir='ltr'><strong>Quis</strong></span> <span class='ocrx_word' id='word_1_325' title='bbox 704 4908 847 4960; x_wconf 82' lang='lat' dir='ltr'><strong>enim</strong></span> <span class='ocrx_word' id='word_1_326' title='bbox 877 4915 924 4963; x_wconf 80' lang='lat' dir='ltr'><strong>te</strong></span> <span class='ocrx_word' id='word_1_327' title='bbox 967 4911 1277 4970; x_wconf 75' lang='lat' dir='ltr'><strong>discernit?</strong></span> <span class='ocrx_word' id='word_1_328' title='bbox 1303 4919 1361 4973; x_wconf 89' lang='lat' dir='ltr'><strong>Si</strong></span> <span class='ocrx_word' id='word_1_329' title='bbox 1408 4936 1546 4978; x_wconf 81' lang='lat' dir='ltr'><strong>vero</strong></span> 
     </span>
     <span class='ocr_line' id='line_1_58' title="bbox 206 4978 1546 5071; baseline 0.022 -41"><span class='ocrx_word' id='word_1_330' title='bbox 206 4978 449 5035; x_wconf 79' lang='lat' dir='ltr'><strong>excludat</strong></span> <span class='ocrx_word' id='word_1_331' title='bbox 474 4984 848 5051; x_wconf 85' lang='lat' dir='ltr'><strong>activitatem,</strong></span> <span class='ocrx_word' id='word_1_332' title='bbox 877 4992 934 5043; x_wconf 90' lang='lat' dir='ltr'><strong>et</strong></span> <span class='ocrx_word' id='word_1_333' title='bbox 985 4990 1227 5049; x_wconf 86' lang='lat' dir='ltr'><strong>liberam</strong></span> <span class='ocrx_word' id='word_1_334' title='bbox 1273 5013 1546 5071; x_wconf 85' lang='lat' dir='ltr'><strong>coopera-</strong></span> 
     </span>
     <span class='ocr_line' id='line_1_59' title="bbox 208 5055 1544 5153; baseline 0.02 -44"><span class='ocrx_word' id='word_1_335' title='bbox 208 5055 403 5113; x_wconf 84' lang='lat' dir='ltr'><strong>tionem</strong></span> <span class='ocrx_word' id='word_1_336' title='bbox 444 5060 703 5126; x_wconf 86' lang='lat' dir='ltr'><strong>arbitrii,</strong></span> <span class='ocrx_word' id='word_1_337' title='bbox 739 5066 959 5125; x_wconf 83' lang='lat' dir='ltr'><strong>Calvini</strong></span> <span class='ocrx_word' id='word_1_338' title='bbox 1005 5078 1107 5138; x_wconf 89' lang='lat' dir='ltr'><strong>est,</strong></span> <span class='ocrx_word' id='word_1_339' title='bbox 1155 5076 1252 5147; x_wconf 91' lang='lat' dir='ltr'><strong>qui</strong></span> <span class='ocrx_word' id='word_1_340' title='bbox 1316 5082 1544 5153; x_wconf 83' lang='lat' dir='ltr'><strong>negavit</strong></span> 
     </span>
    </p>
   </div>
   <div class='ocr_carea' id='block_1_5' title="bbox 3004 500 3107 554">
    <p class='ocr_par' dir='ltr' id='par_1_8' title="bbox 3004 500 3107 554">
     <span class='ocr_line' id='line_1_60' title="bbox 3004 500 3107 554; baseline 0 0"><span class='ocrx_word' id='word_1_341' title='bbox 3004 500 3107 554; x_wconf 85' lang='lat'><strong>155</strong></span> 
     </span>
    </p>
   </div>
   <div class='ocr_carea' id='block_1_6' title="bbox 1684 649 3280 4364">
    <p class='ocr_par' dir='ltr' id='par_1_9' title="bbox 1737 649 3097 1061">
     <span class='ocr_line' id='line_1_61' title="bbox 1742 649 3093 740; baseline 0.014 -34"><span class='ocrx_word' id='word_1_342' title='bbox 1742 649 2039 711; x_wconf 87' lang='lat' dir='ltr'><strong>hominem</strong></span> <span class='ocrx_word' id='word_1_343' title='bbox 2062 659 2175 714; x_wconf 90' lang='lat' dir='ltr'><strong>Deo</strong></span> <span class='ocrx_word' id='word_1_344' title='bbox 2204 658 2267 715; x_wconf 93' lang='lat' dir='ltr'><strong>in</strong></span> <span class='ocrx_word' id='word_1_345' title='bbox 2289 664 2514 735; x_wconf 83' lang='lat' dir='ltr'><strong>negotio</strong></span> <span class='ocrx_word' id='word_1_346' title='bbox 2555 666 2757 722; x_wconf 85' lang='lat' dir='ltr'><strong>salutis</strong></span> <span class='ocrx_word' id='word_1_347' title='bbox 2778 669 3093 740; x_wconf 86' lang='lat' dir='ltr'><strong>cooperari.</strong></span> 
     </span>
     <span class='ocr_line' id='line_1_62' title="bbox 1742 733 3092 816; baseline 0.014 -29"><span class='ocrx_word' id='word_1_348' title='bbox 1742 733 2006 791; x_wconf 90' lang='lat' dir='ltr'><strong>Primum</strong></span> <span class='ocrx_word' id='word_1_349' title='bbox 2028 736 2346 811; x_wconf 77' lang='lat' dir='ltr'><strong>Justissime</strong></span> <span class='ocrx_word' id='word_1_350' title='bbox 2396 747 2671 803; x_wconf 87' lang='lat' dir='ltr'><strong>asseritur</strong></span> <span class='ocrx_word' id='word_1_351' title='bbox 2699 763 2730 804; x_wconf 91' lang='lat' dir='ltr'><strong>a</strong></span> <span class='ocrx_word' id='word_1_352' title='bbox 2758 748 3092 816; x_wconf 83' lang='lat' dir='ltr'><strong>Themistis‚</strong></span> 
     </span>
     <span class='ocr_line' id='line_1_63' title="bbox 1740 814 3093 889; baseline 0.016 -22"><span class='ocrx_word' id='word_1_353' title='bbox 1740 818 1803 868; x_wconf 92' lang='lat' dir='ltr'><strong>ut</strong></span> <span class='ocrx_word' id='word_1_354' title='bbox 1854 814 1989 872; x_wconf 89' lang='lat' dir='ltr'><strong>dub.</strong></span> <span class='ocrx_word' id='word_1_355' title='bbox 2042 819 2059 873; x_wconf 94' lang='lat' dir='ltr'><strong>l</strong></span> <span class='ocrx_word' id='word_1_356' title='bbox 2118 827 2315 878; x_wconf 87' lang='lat' dir='ltr'><strong>contra</strong></span> <span class='ocrx_word' id='word_1_357' title='bbox 2353 825 2675 884; x_wconf 87' lang='lat' dir='ltr'><strong>Molinistas</strong></span> <span class='ocrx_word' id='word_1_358' title='bbox 2718 829 3093 889; x_wconf 86' lang='lat' dir='ltr'><strong>ostendimus.</strong></span> 
     </span>
     <span class='ocr_line' id='line_1_64' title="bbox 1738 894 3097 982; baseline 0.015 -33"><span class='ocrx_word' id='word_1_359' title='bbox 1738 894 2058 953; x_wconf 89' lang='lat' dir='ltr'><strong>Secundum</strong></span> <span class='ocrx_word' id='word_1_360' title='bbox 2080 915 2218 959; x_wconf 88' lang='lat' dir='ltr'><strong>vero</strong></span> <span class='ocrx_word' id='word_1_361' title='bbox 2243 910 2566 963; x_wconf 88' lang='lat' dir='ltr'><strong>constanter</strong></span> <span class='ocrx_word' id='word_1_362' title='bbox 2577 914 2785 982; x_wconf 83' lang='lat' dir='ltr'><strong>negant</strong></span> <span class='ocrx_word' id='word_1_363' title='bbox 2802 925 2934 968; x_wconf 89' lang='lat' dir='ltr'><strong>cum</strong></span> <span class='ocrx_word' id='word_1_364' title='bbox 2955 912 3097 970; x_wconf 91' lang='lat' dir='ltr'><strong>Con·</strong></span> 
     </span>
     <span class='ocr_line' id='line_1_65' title="bbox 1737 975 2619 1061; baseline 0.016 -30"><span class='ocrx_word' id='word_1_365' title='bbox 1737 975 1871 1034; x_wconf 89' lang='lat' dir='ltr'><strong>cilio</strong></span> <span class='ocrx_word' id='word_1_366' title='bbox 1892 980 2149 1039; x_wconf 90' lang='lat' dir='ltr'><strong>Trident.</strong></span> <span class='ocrx_word' id='word_1_367' title='bbox 2180 1002 2306 1042; x_wconf 78' lang='lat' dir='ltr'><strong>sess.</strong></span> <span class='ocrx_word' id='word_1_368' title='bbox 2331 988 2387 1053; x_wconf 84' lang='lat'><strong>6,</strong></span> <span class='ocrx_word' id='word_1_369' title='bbox 2412 1005 2536 1061; x_wconf 82' lang='lat' dir='ltr'><strong>cap.</strong></span> <span class='ocrx_word' id='word_1_370' title='bbox 2564 991 2619 1046; x_wconf 88' lang='lat'><strong>4.</strong></span> 
     </span>
    </p>

    <p class='ocr_par' dir='ltr' id='par_1_10' title="bbox 1702 1055 3280 2899">
     <span class='ocr_line' id='line_1_66' title="bbox 1807 1055 3280 1148; baseline 0.013 -35"><span class='ocrx_word' id='word_1_371' title='bbox 1807 1055 1987 1115; x_wconf 68' lang='lat' dir='ltr'><strong>Sexta</strong></span> <span class='ocrx_word' id='word_1_372' title='bbox 2045 1065 2357 1136; x_wconf 86' lang='lat' dir='ltr'><strong>propositio</strong></span> <span class='ocrx_word' id='word_1_373' title='bbox 2390 1067 2542 1124; x_wconf 85' lang='lat' dir='ltr'><strong>:Eos</strong></span> <span class='ocrx_word' id='word_1_374' title='bbox 2589 1070 2784 1142; x_wconf 70' lang='lat' dir='ltr'><strong>quibus</strong></span> <span class='ocrx_word' id='word_1_375' title='bbox 2827 1074 3089 1148; x_wconf 58' lang='lat' dir='ltr'><strong>&amp;qualem</strong></span> <span class='ocrx_word' id='word_1_376' title='bbox 3132 1083 3280 1130; x_wconf 67' lang='lat' dir='ltr'><strong>sexta.</strong></span> 
     </span>
     <span class='ocr_line' id='line_1_67' title="bbox 1729 1142 3091 1229; baseline 0.013 -37"><span class='ocrx_word' id='word_1_377' title='bbox 1729 1142 1976 1208; x_wconf 69' lang='lat' dir='ltr'><strong>qratiam</strong></span> <span class='ocrx_word' id='word_1_378' title='bbox 2000 1143 2252 1215; x_wconf 68' lang='lat' dir='ltr'><strong>Spiritus</strong></span> <span class='ocrx_word' id='word_1_379' title='bbox 2270 1155 2493 1203; x_wconf 78' lang='lat' dir='ltr'><strong>sanctus</strong></span> <span class='ocrx_word' id='word_1_380' title='bbox 2513 1154 2780 1222; x_wconf 75' lang='lat' dir='ltr'><strong>partitur,</strong></span> <span class='ocrx_word' id='word_1_381' title='bbox 2810 1156 3091 1229; x_wconf 58' lang='lat' dir='ltr'><strong>&amp;qualiter</strong></span> 
     </span>
     <span class='ocr_line' id='line_1_68' title="bbox 1733 1221 3093 1296; baseline 0.014 -23"><span class='ocrx_word' id='word_1_382' title='bbox 1733 1236 1859 1274; x_wconf 80' lang='lat' dir='ltr'><strong>cum</strong></span> <span class='ocrx_word' id='word_1_383' title='bbox 1885 1221 1984 1277; x_wconf 77' lang='lat' dir='ltr'><strong>illa</strong></span> <span class='ocrx_word' id='word_1_384' title='bbox 2005 1226 2197 1281; x_wconf 83' lang='lat' dir='ltr'><strong>conari</strong></span> <span class='ocrx_word' id='word_1_385' title='bbox 2221 1244 2425 1284; x_wconf 80' lang='lat' dir='ltr'><strong>necesse</strong></span> <span class='ocrx_word' id='word_1_386' title='bbox 2448 1238 2543 1296; x_wconf 80' lang='lat' dir='ltr'><strong>est,</strong></span> <span class='ocrx_word' id='word_1_387' title='bbox 2569 1231 2616 1286; x_wconf 88' lang='lat' dir='ltr'><strong>si</strong></span> <span class='ocrx_word' id='word_1_388' title='bbox 2640 1231 2867 1290; x_wconf 90' lang='lat' dir='ltr'><strong>denotet</strong></span> <span class='ocrx_word' id='word_1_389' title='bbox 2894 1251 3093 1293; x_wconf 84' lang='lat' dir='ltr'><strong>neces·-</strong></span> 
     </span>
     <span class='ocr_line' id='line_1_69' title="bbox 1731 1299 3092 1387; baseline 0.015 -34"><span class='ocrx_word' id='word_1_390' title='bbox 1731 1299 1956 1358; x_wconf 90' lang='lat' dir='ltr'><strong>sitatem</strong></span> <span class='ocrx_word' id='word_1_391' title='bbox 1985 1301 2322 1373; x_wconf 88' lang='lat' dir='ltr'><strong>absolutam,</strong></span> <span class='ocrx_word' id='word_1_392' title='bbox 2348 1314 2405 1366; x_wconf 90' lang='lat' dir='ltr'><strong>et</strong></span> <span class='ocrx_word' id='word_1_393' title='bbox 2423 1311 2819 1370; x_wconf 86' lang='lat' dir='ltr'><strong>excludentem</strong></span> <span class='ocrx_word' id='word_1_394' title='bbox 2850 1321 3092 1387; x_wconf 87' lang='lat' dir='ltr'><strong>potesta-</strong></span> 
     </span>
     <span class='ocr_line' id='line_1_70' title="bbox 1731 1380 3088 1458; baseline 0.013 -24"><span class='ocrx_word' id='word_1_395' title='bbox 1731 1380 1847 1435; x_wconf 88' lang='lat' dir='ltr'><strong>tem</strong></span> <span class='ocrx_word' id='word_1_396' title='bbox 1877 1397 1995 1438; x_wconf 92' lang='lat' dir='ltr'><strong>non</strong></span> <span class='ocrx_word' id='word_1_397' title='bbox 2020 1386 2288 1453; x_wconf 88' lang='lat' dir='ltr'><strong>conandi,</strong></span> <span class='ocrx_word' id='word_1_398' title='bbox 2320 1404 2418 1445; x_wconf 92' lang='lat' dir='ltr'><strong>seu</strong></span> <span class='ocrx_word' id='word_1_399' title='bbox 2465 1390 2860 1458; x_wconf 87' lang='lat' dir='ltr'><strong>dissentiendi,</strong></span> <span class='ocrx_word' id='word_1_400' title='bbox 2894 1391 3088 1451; x_wconf 86' lang='lat' dir='ltr'><strong>Calvi-</strong></span> 
     </span>
     <span class='ocr_line' id='line_1_71' title="bbox 1730 1460 3081 1546; baseline 0.016 -33"><span class='ocrx_word' id='word_1_401' title='bbox 1730 1460 1933 1518; x_wconf 90' lang='lat' dir='ltr'><strong>nistica</strong></span> <span class='ocrx_word' id='word_1_402' title='bbox 1972 1468 2074 1534; x_wconf 84' lang='lat' dir='ltr'><strong>est,</strong></span> <span class='ocrx_word' id='word_1_403' title='bbox 2105 1471 2162 1522; x_wconf 89' lang='lat' dir='ltr'><strong>et</strong></span> <span class='ocrx_word' id='word_1_404' title='bbox 2207 1473 2332 1526; x_wconf 85' lang='lat' dir='ltr'><strong>orta</strong></span> <span class='ocrx_word' id='word_1_405' title='bbox 2375 1486 2446 1526; x_wconf 85' lang='lat' dir='ltr'><strong>ex</strong></span> <span class='ocrx_word' id='word_1_406' title='bbox 2487 1472 2771 1546; x_wconf 89' lang='lat' dir='ltr'><strong>principio</strong></span> <span class='ocrx_word' id='word_1_407' title='bbox 2800 1475 3081 1545; x_wconf 79' lang='lat' dir='ltr'><strong>haereticO,</strong></span> 
     </span>
     <span class='ocr_line' id='line_1_72' title="bbox 1728 1546 3082 1628; baseline 0.014 -31"><span class='ocrx_word' id='word_1_408' title='bbox 1728 1557 1936 1616; x_wconf 90' lang='lat' dir='ltr'><strong>nempe</strong></span> <span class='ocrx_word' id='word_1_409' title='bbox 1964 1546 2248 1604; x_wconf 86' lang='lat' dir='ltr'><strong>auxilium</strong></span> <span class='ocrx_word' id='word_1_410' title='bbox 2287 1549 2482 1608; x_wconf 84' lang='lat' dir='ltr'><strong>efficax</strong></span> <span class='ocrx_word' id='word_1_411' title='bbox 2523 1555 2724 1612; x_wconf 90' lang='lat' dir='ltr'><strong>tollere</strong></span> <span class='ocrx_word' id='word_1_412' title='bbox 2752 1562 3082 1628; x_wconf 86' lang='lat' dir='ltr'><strong>potestatem</strong></span> 
     </span>
     <span class='ocr_line' id='line_1_73' title="bbox 1726 1622 3080 1710; baseline 0.013 -30"><span class='ocrx_word' id='word_1_413' title='bbox 1726 1622 1797 1680; x_wconf 89' lang='lat' dir='ltr'><strong>ad</strong></span> <span class='ocrx_word' id='word_1_414' title='bbox 1823 1627 2170 1699; x_wconf 90' lang='lat' dir='ltr'><strong>oppositum.</strong></span> <span class='ocrx_word' id='word_1_415' title='bbox 2193 1631 2251 1686; x_wconf 93' lang='lat' dir='ltr'><strong>Si</strong></span> <span class='ocrx_word' id='word_1_416' title='bbox 2268 1647 2406 1689; x_wconf 88' lang='lat' dir='ltr'><strong>vero</strong></span> <span class='ocrx_word' id='word_1_417' title='bbox 2426 1632 2657 1693; x_wconf 88' lang='lat' dir='ltr'><strong>denotet</strong></span> <span class='ocrx_word' id='word_1_418' title='bbox 2683 1638 3080 1710; x_wconf 78' lang='lat' dir='ltr'><strong>impotentiam</strong></span> 
     </span>
     <span class='ocr_line' id='line_1_74' title="bbox 1723 1712 3083 1793; baseline 0.013 -33"><span class='ocrx_word' id='word_1_419' title='bbox 1723 1714 2182 1779; x_wconf 88' lang='lat' dir='ltr'><strong>consequentem,</strong></span> <span class='ocrx_word' id='word_1_420' title='bbox 2231 1712 2355 1768; x_wconf 85' lang='lat' dir='ltr'><strong>sive</strong></span> <span class='ocrx_word' id='word_1_421' title='bbox 2393 1712 2516 1770; x_wconf 86' lang='lat' dir='ltr'><strong>fieri</strong></span> <span class='ocrx_word' id='word_1_422' title='bbox 2566 1732 2681 1772; x_wconf 90' lang='lat' dir='ltr'><strong>non</strong></span> <span class='ocrx_word' id='word_1_423' title='bbox 2725 1735 2900 1790; x_wconf 88' lang='lat' dir='ltr'><strong>posse,</strong></span> <span class='ocrx_word' id='word_1_424' title='bbox 2933 1721 3083 1793; x_wconf 90' lang='lat' dir='ltr'><strong>quod</strong></span> 
     </span>
     <span class='ocr_line' id='line_1_75' title="bbox 1722 1788 3083 1870; baseline 0.013 -30"><span class='ocrx_word' id='word_1_425' title='bbox 1722 1800 1853 1842; x_wconf 92' lang='lat' dir='ltr'><strong>cum</strong></span> <span class='ocrx_word' id='word_1_426' title='bbox 1899 1788 2211 1861; x_wconf 86' lang='lat' dir='ltr'><strong>aequalibus</strong></span> <span class='ocrx_word' id='word_1_427' title='bbox 2256 1794 2490 1850; x_wconf 89' lang='lat' dir='ltr'><strong>auxiliis</strong></span> <span class='ocrx_word' id='word_1_428' title='bbox 2539 1806 2975 1870; x_wconf 86' lang='lat' dir='ltr'><strong>componantur,</strong></span> <span class='ocrx_word' id='word_1_429' title='bbox 3026 1806 3083 1860; x_wconf 89' lang='lat' dir='ltr'><strong>et</strong></span> 
     </span>
     <span class='ocr_line' id='line_1_76' title="bbox 1720 1867 3075 1945; baseline 0.014 -25"><span class='ocrx_word' id='word_1_430' title='bbox 1720 1867 2144 1942; x_wconf 82' lang='lat' dir='ltr'><strong>conjungantur</strong></span> <span class='ocrx_word' id='word_1_431' title='bbox 2183 1870 2493 1944; x_wconf 80' lang='lat' dir='ltr'><strong>inaequales</strong></span> <span class='ocrx_word' id='word_1_432' title='bbox 2513 1875 2758 1945; x_wconf 80' lang='lat' dir='ltr'><strong>effeetus,</strong></span> <span class='ocrx_word' id='word_1_433' title='bbox 2787 1881 3075 1939; x_wconf 85' lang='lat' dir='ltr'><strong>Catholica</strong></span> 
     </span>
     <span class='ocr_line' id='line_1_77' title="bbox 1719 1949 3075 2020; baseline 0.014 -21"><span class='ocrx_word' id='word_1_434' title='bbox 1719 1949 1823 2010; x_wconf 88' lang='lat' dir='ltr'><strong>est,</strong></span> <span class='ocrx_word' id='word_1_435' title='bbox 1855 1951 1911 2002; x_wconf 90' lang='lat' dir='ltr'><strong>et</strong></span> <span class='ocrx_word' id='word_1_436' title='bbox 1956 1950 2232 2006; x_wconf 88' lang='lat' dir='ltr'><strong>asseritur</strong></span> <span class='ocrx_word' id='word_1_437' title='bbox 2273 1967 2306 2008; x_wconf 90' lang='lat' dir='ltr'><strong>a</strong></span> <span class='ocrx_word' id='word_1_438' title='bbox 2349 1952 2679 2012; x_wconf 85' lang='lat' dir='ltr'><strong>Themistis.</strong></span> <span class='ocrx_word' id='word_1_439' title='bbox 2712 1961 2858 2015; x_wconf 89' lang='lat' dir='ltr'><strong>Nam</strong></span> <span class='ocrx_word' id='word_1_440' title='bbox 2885 1961 2933 2015; x_wconf 90' lang='lat' dir='ltr'><strong>si</strong></span> <span class='ocrx_word' id='word_1_441' title='bbox 2962 1960 3075 2020; x_wconf 91' lang='lat' dir='ltr'><strong>duo</strong></span> 
     </span>
     <span class='ocr_line' id='line_1_78' title="bbox 1719 2024 3077 2110; baseline 0.013 -29"><span class='ocrx_word' id='word_1_442' title='bbox 1719 2024 1985 2085; x_wconf 87' lang='lat' dir='ltr'><strong>homines</strong></span> <span class='ocrx_word' id='word_1_443' title='bbox 2014 2031 2291 2104; x_wconf 87' lang='lat' dir='ltr'><strong>recipiant</strong></span> <span class='ocrx_word' id='word_1_444' title='bbox 2318 2035 2535 2092; x_wconf 85' lang='lat' dir='ltr'><strong>auxilia</strong></span> <span class='ocrx_word' id='word_1_445' title='bbox 2553 2053 2694 2109; x_wconf 90' lang='lat' dir='ltr'><strong>pure</strong></span> <span class='ocrx_word' id='word_1_446' title='bbox 2720 2040 3077 2110; x_wconf 85' lang='lat' dir='ltr'><strong>sufficientia,</strong></span> 
     </span>
     <span class='ocr_line' id='line_1_79' title="bbox 1718 2112 3074 2185; baseline 0.014 -23"><span class='ocrx_word' id='word_1_447' title='bbox 1718 2112 1956 2182; x_wconf 83' lang='lat' dir='ltr'><strong>uterque</strong></span> <span class='ocrx_word' id='word_1_448' title='bbox 1983 2112 2191 2185; x_wconf 91' lang='lat' dir='ltr'><strong>poterit</strong></span> <span class='ocrx_word' id='word_1_449' title='bbox 2230 2116 2441 2184; x_wconf 88' lang='lat' dir='ltr'><strong>conari,</strong></span> <span class='ocrx_word' id='word_1_450' title='bbox 2466 2123 2521 2173; x_wconf 87' lang='lat' dir='ltr'><strong>et</strong></span> <span class='ocrx_word' id='word_1_451' title='bbox 2559 2121 2836 2185; x_wconf 88' lang='lat' dir='ltr'><strong>converti,</strong></span> <span class='ocrx_word' id='word_1_452' title='bbox 2871 2128 3074 2180; x_wconf 89' lang='lat' dir='ltr'><strong>neuter</strong></span> 
     </span>
     <span class='ocr_line' id='line_1_80' title="bbox 1717 2192 3078 2272; baseline 0.012 -29"><span class='ocrx_word' id='word_1_453' title='bbox 1717 2192 1911 2245; x_wconf 86' lang='lat' dir='ltr'><strong>tamen</strong></span> <span class='ocrx_word' id='word_1_454' title='bbox 1937 2196 2301 2250; x_wconf 89' lang='lat' dir='ltr'><strong>convertetur</strong></span> <span class='ocrx_word' id='word_1_455' title='bbox 2325 2216 2339 2251; x_wconf 74' lang='grc' dir='ltr'><em>ε</em></span> <span class='ocrx_word' id='word_1_456' title='bbox 2367 2196 2416 2251; x_wconf 86' lang='lat' dir='ltr'><strong>si</strong></span> <span class='ocrx_word' id='word_1_457' title='bbox 2444 2212 2581 2254; x_wconf 91' lang='lat' dir='ltr'><strong>vero</strong></span> <span class='ocrx_word' id='word_1_458' title='bbox 2610 2199 2886 2272; x_wconf 88' lang='lat' dir='ltr'><strong>recipiant</strong></span> <span class='ocrx_word' id='word_1_459' title='bbox 2907 2204 3078 2260; x_wconf 83' lang='lat' dir='ltr'><strong>auxi-</strong></span> 
     </span>
     <span class='ocr_line' id='line_1_81' title="bbox 1716 2268 3070 2351; baseline 0.012 -27"><span class='ocrx_word' id='word_1_460' title='bbox 1716 2268 1795 2326; x_wconf 88' lang='lat' dir='ltr'><strong>lia</strong></span> <span class='ocrx_word' id='word_1_461' title='bbox 1839 2270 2099 2339; x_wconf 82' lang='lat' dir='ltr'><strong>efficacia,</strong></span> <span class='ocrx_word' id='word_1_462' title='bbox 2153 2279 2388 2347; x_wconf 85' lang='lat' dir='ltr'><strong>uterque</strong></span> <span class='ocrx_word' id='word_1_463' title='bbox 2435 2279 2644 2351; x_wconf 90' lang='lat' dir='ltr'><strong>poterit</strong></span> <span class='ocrx_word' id='word_1_464' title='bbox 2685 2283 2965 2348; x_wconf 87' lang='lat' dir='ltr'><strong>converti,</strong></span> <span class='ocrx_word' id='word_1_465' title='bbox 3016 2289 3070 2340; x_wconf 86' lang='lat' dir='ltr'><strong>et</strong></span> 
     </span>
     <span class='ocr_line' id='line_1_82' title="bbox 1713 2357 3076 2430; baseline 0.012 -26"><span class='ocrx_word' id='word_1_466' title='bbox 1713 2357 2093 2419; x_wconf 84' lang='lat' dir='ltr'><strong>convertetur,</strong></span> <span class='ocrx_word' id='word_1_467' title='bbox 2113 2357 2377 2428; x_wconf 90' lang='lat' dir='ltr'><strong>quamvis</strong></span> <span class='ocrx_word' id='word_1_468' title='bbox 2403 2358 2578 2413; x_wconf 88' lang='lat' dir='ltr'><strong>simul</strong></span> <span class='ocrx_word' id='word_1_469' title='bbox 2608 2361 2781 2430; x_wconf 88' lang='lat' dir='ltr'><strong>possit</strong></span> <span class='ocrx_word' id='word_1_470' title='bbox 2803 2378 2916 2420; x_wconf 88' lang='lat' dir='ltr'><strong>non</strong></span> <span class='ocrx_word' id='word_1_471' title='bbox 2941 2379 3076 2420; x_wconf 90' lang='lat' dir='ltr'><strong>con-</strong></span> 
     </span>
     <span class='ocr_line' id='line_1_83' title="bbox 1713 2431 3069 2501; baseline 0.012 -16"><span class='ocrx_word' id='word_1_472' title='bbox 1713 2431 1861 2488; x_wconf 85' lang='lat' dir='ltr'><strong>verti</strong></span> <span class='ocrx_word' id='word_1_473' title='bbox 1901 2432 1962 2489; x_wconf 91' lang='lat' dir='ltr'><strong>in</strong></span> <span class='ocrx_word' id='word_1_474' title='bbox 1989 2450 2157 2491; x_wconf 89' lang='lat' dir='ltr'><strong>sensu</strong></span> <span class='ocrx_word' id='word_1_475' title='bbox 2179 2436 2384 2493; x_wconf 88' lang='lat' dir='ltr'><strong>diviso.</strong></span> <span class='ocrx_word' id='word_1_476' title='bbox 2413 2440 2480 2492; x_wconf 83' lang='lat' dir='ltr'><strong>Et</strong></span> <span class='ocrx_word' id='word_1_477' title='bbox 2508 2440 2617 2494; x_wconf 89' lang='lat' dir='ltr'><strong>nisi</strong></span> <span class='ocrx_word' id='word_1_478' title='bbox 2664 2440 2781 2497; x_wconf 83' lang='lat' dir='ltr'><strong>haec</strong></span> <span class='ocrx_word' id='word_1_479' title='bbox 2809 2442 3069 2501; x_wconf 87' lang='lat' dir='ltr'><strong>doctrina</strong></span> 
     </span>
     <span class='ocr_line' id='line_1_84' title="bbox 1711 2508 3073 2588; baseline 0.012 -23"><span class='ocrx_word' id='word_1_480' title='bbox 1711 2508 2066 2581; x_wconf 86' lang='lat' dir='ltr'><strong>admittatur,</strong></span> <span class='ocrx_word' id='word_1_481' title='bbox 2111 2531 2251 2588; x_wconf 88' lang='lat' dir='ltr'><strong>opus</strong></span> <span class='ocrx_word' id='word_1_482' title='bbox 2289 2522 2375 2573; x_wconf 87' lang='lat' dir='ltr'><strong>est</strong></span> <span class='ocrx_word' id='word_1_483' title='bbox 2417 2519 2740 2587; x_wconf 89' lang='lat' dir='ltr'><strong>concedere,</strong></span> <span class='ocrx_word' id='word_1_484' title='bbox 2773 2521 3073 2582; x_wconf 87' lang='lat' dir='ltr'><strong>discretio-</strong></span> 
     </span>
     <span class='ocr_line' id='line_1_85' title="bbox 1710 2592 3067 2672; baseline 0.011 -26"><span class='ocrx_word' id='word_1_485' title='bbox 1710 2605 1844 2647; x_wconf 91' lang='lat' dir='ltr'><strong>nem</strong></span> <span class='ocrx_word' id='word_1_486' title='bbox 1874 2592 2178 2651; x_wconf 87' lang='lat' dir='ltr'><strong>hominum</strong></span> <span class='ocrx_word' id='word_1_487' title='bbox 2203 2596 2265 2652; x_wconf 92' lang='lat' dir='ltr'><strong>in</strong></span> <span class='ocrx_word' id='word_1_488' title='bbox 2283 2599 2507 2672; x_wconf 84' lang='lat' dir='ltr'><strong>negotio</strong></span> <span class='ocrx_word' id='word_1_489' title='bbox 2521 2601 2719 2656; x_wconf 88' lang='lat' dir='ltr'><strong>salutis</strong></span> <span class='ocrx_word' id='word_1_490' title='bbox 2736 2617 2852 2658; x_wconf 93' lang='lat' dir='ltr'><strong>non</strong></span> <span class='ocrx_word' id='word_1_491' title='bbox 2876 2604 3067 2661; x_wconf 88' lang='lat' dir='ltr'><strong>reduci</strong></span> 
     </span>
     <span class='ocr_line' id='line_1_86' title="bbox 1708 2670 3066 2749; baseline 0.012 -24"><span class='ocrx_word' id='word_1_492' title='bbox 1708 2670 1990 2742; x_wconf 89' lang='lat' dir='ltr'><strong>primario</strong></span> <span class='ocrx_word' id='word_1_493' title='bbox 2018 2674 2087 2731; x_wconf 91' lang='lat' dir='ltr'><strong>ad</strong></span> <span class='ocrx_word' id='word_1_494' title='bbox 2107 2676 2374 2749; x_wconf 83' lang='lat' dir='ltr'><strong>gratiam,</strong></span> <span class='ocrx_word' id='word_1_495' title='bbox 2404 2678 2503 2735; x_wconf 90' lang='lat' dir='ltr'><strong>sed</strong></span> <span class='ocrx_word' id='word_1_496' title='bbox 2533 2680 2593 2735; x_wconf 91' lang='lat' dir='ltr'><strong>in</strong></span> <span class='ocrx_word' id='word_1_497' title='bbox 2631 2681 2879 2738; x_wconf 89' lang='lat' dir='ltr'><strong>liberum</strong></span> <span class='ocrx_word' id='word_1_498' title='bbox 2905 2683 3066 2740; x_wconf 91' lang='lat' dir='ltr'><strong>arbi-</strong></span> 
     </span>
     <span class='ocr_line' id='line_1_87' title="bbox 1707 2750 3062 2838; baseline 0.012 -33"><span class='ocrx_word' id='word_1_499' title='bbox 1707 2750 1886 2807; x_wconf 90' lang='lat' dir='ltr'><strong>trium</strong></span> <span class='ocrx_word' id='word_1_500' title='bbox 1922 2774 1935 2807; x_wconf 90' lang='lat'>:</span> <span class='ocrx_word' id='word_1_501' title='bbox 1975 2754 2123 2826; x_wconf 88' lang='lat' dir='ltr'><strong>quod</strong></span> <span class='ocrx_word' id='word_1_502' title='bbox 2166 2772 2338 2828; x_wconf 92' lang='lat' dir='ltr'><strong>quam</strong></span> <span class='ocrx_word' id='word_1_503' title='bbox 2380 2758 2692 2816; x_wconf 89' lang='lat' dir='ltr'><strong>absurdum</strong></span> <span class='ocrx_word' id='word_1_504' title='bbox 2746 2763 2837 2829; x_wconf 90' lang='lat' dir='ltr'><strong>sit,</strong></span> <span class='ocrx_word' id='word_1_505' title='bbox 2888 2780 3062 2838; x_wconf 82' lang='lat' dir='ltr'><strong>supra</strong></span> 
     </span>
     <span class='ocr_line' id='line_1_88' title="bbox 1702 2828 2810 2899; baseline 0.013 -14"><span class='ocrx_word' id='word_1_506' title='bbox 1702 2828 1829 2887; x_wconf 81' lang='lat' dir='ltr'><strong>dub.</strong></span> <span class='ocrx_word' id='word_1_507' title='bbox 1862 2833 1878 2887; x_wconf 92' lang='lat' dir='ltr'><strong>l</strong></span> <span class='ocrx_word' id='word_1_508' title='bbox 1913 2833 2267 2892; x_wconf 91' lang='lat' dir='ltr'><strong>ostendimus</strong></span> <span class='ocrx_word' id='word_1_509' title='bbox 2291 2843 2488 2895; x_wconf 90' lang='lat' dir='ltr'><strong>contra</strong></span> <span class='ocrx_word' id='word_1_510' title='bbox 2509 2841 2810 2899; x_wconf 87' lang='lat' dir='ltr'><strong>Molinam.</strong></span> 
     </span>
    </p>

    <p class='ocr_par' dir='ltr' id='par_1_11' title="bbox 1684 2913 3274 4111">
     <span class='ocr_line' id='line_1_89' title="bbox 1776 2913 3274 3019; baseline 0.013 -53"><span class='ocrx_word' id='word_1_511' title='bbox 1776 2913 1906 2969; x_wconf 76' lang='lat'><strong>228.</strong></span> <span class='ocrx_word' id='word_1_512' title='bbox 1926 2914 2174 2988; x_wconf 80' lang='lat' dir='ltr'><strong>Septima</strong></span> <span class='ocrx_word' id='word_1_513' title='bbox 2204 2920 2534 2992; x_wconf 90' lang='lat' dir='ltr'><strong>propositio,</strong></span> <span class='ocrx_word' id='word_1_514' title='bbox 2561 2922 2822 2980; x_wconf 86' lang='lat' dir='ltr'><strong>videlicet</strong></span> <span class='ocrx_word' id='word_1_515' title='bbox 2856 2945 2868 2979; x_wconf 82' lang='lat' dir='ltr'><strong>t</strong></span> <span class='ocrx_word' id='word_1_516' title='bbox 2900 2925 3274 3019; x_wconf 70' lang='lat' dir='ltr'><strong>0b²⁰·s.·puma.</strong></span> 
     </span>
     <span class='ocr_line' id='line_1_90' title="bbox 1702 2996 3063 3076; baseline 0.012 -31"><span class='ocrx_word' id='word_1_517' title='bbox 1702 2996 1817 3047; x_wconf 78' lang='lat' dir='ltr'><strong>lam</strong></span> <span class='ocrx_word' id='word_1_518' title='bbox 1839 2997 2085 3063; x_wconf 68' lang='lat' dir='ltr'><strong>,qratiam</strong></span> <span class='ocrx_word' id='word_1_519' title='bbox 2112 3000 2361 3071; x_wconf 79' lang='lat' dir='ltr'><strong>recipere,</strong></span> <span class='ocrx_word' id='word_1_520' title='bbox 2393 3000 2491 3055; x_wconf 76' lang='lat' dir='ltr'><strong>hoc</strong></span> <span class='ocrx_word' id='word_1_521' title='bbox 2515 3010 2590 3056; x_wconf 79' lang='lat' dir='ltr'><strong>cst</strong></span> <span class='ocrx_word' id='word_1_522' title='bbox 2624 3011 2919 3076; x_wconf 73' lang='lat' dir='ltr'><strong>acceptare,</strong></span> <span class='ocrx_word' id='word_1_523' title='bbox 2953 3022 3063 3062; x_wconf 83' lang='lat' dir='ltr'><strong>non</strong></span> 
     </span>
     <span class='ocr_line' id='line_1_91' title="bbox 1700 3080 3054 3157; baseline 0.013 -29"><span class='ocrx_word' id='word_1_524' title='bbox 1700 3080 1894 3131; x_wconf 65' lang='grc' dir='ltr'><strong>ποεῖν-ω</strong></span> <span class='ocrx_word' id='word_1_525' title='bbox 1909 3082 2193 3148; x_wconf 80' lang='lat' dir='ltr'><strong>potestatis</strong></span> <span class='ocrx_word' id='word_1_526' title='bbox 2203 3089 2297 3149; x_wconf 82' lang='lat' dir='ltr'><strong>cst,</strong></span> <span class='ocrx_word' id='word_1_527' title='bbox 2321 3089 2486 3155; x_wconf 85' lang='lat' dir='ltr'><strong>prout</strong></span> <span class='ocrx_word' id='word_1_528' title='bbox 2495 3084 2659 3157; x_wconf 72' lang='lat' dir='ltr'><strong>Jacet,</strong></span> <span class='ocrx_word' id='word_1_529' title='bbox 2671 3086 2933 3143; x_wconf 79' lang='lat' dir='ltr'><strong>haeretica</strong></span> <span class='ocrx_word' id='word_1_530' title='bbox 2951 3098 3054 3157; x_wconf 87' lang='lat' dir='ltr'><strong>est,</strong></span> 
     </span>
     <span class='ocr_line' id='line_1_92' title="bbox 1698 3156 3061 3235; baseline 0.011 -24"><span class='ocrx_word' id='word_1_531' title='bbox 1698 3158 1755 3211; x_wconf 86' lang='lat' dir='ltr'><strong>et</strong></span> <span class='ocrx_word' id='word_1_532' title='bbox 1780 3170 1812 3210; x_wconf 91' lang='lat' dir='ltr'><strong>a</strong></span> <span class='ocrx_word' id='word_1_533' title='bbox 1841 3156 2080 3214; x_wconf 86' lang='lat' dir='ltr'><strong>Calvino</strong></span> <span class='ocrx_word' id='word_1_534' title='bbox 2107 3166 2333 3229; x_wconf 87' lang='lat' dir='ltr'><strong>asserta,</strong></span> <span class='ocrx_word' id='word_1_535' title='bbox 2365 3164 2460 3235; x_wconf 92' lang='lat' dir='ltr'><strong>qui</strong></span> <span class='ocrx_word' id='word_1_536' title='bbox 2487 3170 2815 3235; x_wconf 85' lang='lat' dir='ltr'><strong>potestatem</strong></span> <span class='ocrx_word' id='word_1_537' title='bbox 2843 3166 3061 3225; x_wconf 90' lang='lat' dir='ltr'><strong>dissen-</strong></span> 
     </span>
     <span class='ocr_line' id='line_1_93' title="bbox 1698 3236 3058 3317; baseline 0.013 -26"><span class='ocrx_word' id='word_1_538' title='bbox 1698 3236 1880 3293; x_wconf 90' lang='lat' dir='ltr'><strong>tiendi</strong></span> <span class='ocrx_word' id='word_1_539' title='bbox 1925 3240 2141 3296; x_wconf 83' lang='lat' dir='ltr'><strong>auferri</strong></span> <span class='ocrx_word' id='word_1_540' title='bbox 2172 3259 2271 3315; x_wconf 91' lang='lat' dir='ltr'><strong>per</strong></span> <span class='ocrx_word' id='word_1_541' title='bbox 2297 3246 2544 3317; x_wconf 83' lang='lat' dir='ltr'><strong>gratiam</strong></span> <span class='ocrx_word' id='word_1_542' title='bbox 2590 3247 2867 3306; x_wconf 82' lang='lat' dir='ltr'><strong>efficacem</strong></span> <span class='ocrx_word' id='word_1_543' title='bbox 2898 3267 3058 3308; x_wconf 88' lang='lat' dir='ltr'><strong>asse—</strong></span> 
     </span>
     <span class='ocr_line' id='line_1_94' title="bbox 1699 3318 3049 3398; baseline 0.011 -25"><span class='ocrx_word' id='word_1_544' title='bbox 1699 3318 1816 3373; x_wconf 87' lang='lat' dir='ltr'><strong>ruit</strong></span> <span class='ocrx_word' id='word_1_545' title='bbox 1862 3318 1999 3376; x_wconf 91' lang='lat' dir='ltr'><strong>locis</strong></span> <span class='ocrx_word' id='word_1_546' title='bbox 2036 3337 2210 3394; x_wconf 88' lang='lat' dir='ltr'><strong>supra</strong></span> <span class='ocrx_word' id='word_1_547' title='bbox 2249 3324 2455 3381; x_wconf 88' lang='lat' dir='ltr'><strong>citatis.</strong></span> <span class='ocrx_word' id='word_1_548' title='bbox 2485 3326 2794 3384; x_wconf 84' lang='lat' dir='ltr'><strong>Thomistae</strong></span> <span class='ocrx_word' id='word_1_549' title='bbox 2835 3337 3049 3398; x_wconf 88' lang='lat' dir='ltr'><strong>autem,</strong></span> 
     </span>
     <span class='ocr_line' id='line_1_95' title="bbox 1694 3398 3049 3468; baseline 0.012 -17"><span class='ocrx_word' id='word_1_550' title='bbox 1694 3398 1958 3467; x_wconf 86' lang='lat' dir='ltr'><strong>quamvis</strong></span> <span class='ocrx_word' id='word_1_551' title='bbox 1984 3399 2174 3457; x_wconf 89' lang='lat' dir='ltr'><strong>dicant</strong></span> <span class='ocrx_word' id='word_1_552' title='bbox 2196 3403 2489 3460; x_wconf 90' lang='lat' dir='ltr'><strong>hominem</strong></span> <span class='ocrx_word' id='word_1_553' title='bbox 2520 3421 2636 3462; x_wconf 91' lang='lat' dir='ltr'><strong>non</strong></span> <span class='ocrx_word' id='word_1_554' title='bbox 2669 3407 2907 3465; x_wconf 88' lang='lat' dir='ltr'><strong>reddere</strong></span> <span class='ocrx_word' id='word_1_555' title='bbox 2947 3412 3049 3468; x_wconf 92' lang='lat' dir='ltr'><strong>Dei</strong></span> 
     </span>
     <span class='ocr_line' id='line_1_96' title="bbox 1694 3477 3053 3555; baseline 0.011 -25"><span class='ocrx_word' id='word_1_556' title='bbox 1694 3477 1978 3533; x_wconf 85' lang='lat' dir='ltr'><strong>auxilium</strong></span> <span class='ocrx_word' id='word_1_557' title='bbox 2024 3480 2237 3549; x_wconf 81' lang='lat' dir='ltr'><strong>efficax,</strong></span> <span class='ocrx_word' id='word_1_558' title='bbox 2268 3482 2367 3539; x_wconf 88' lang='lat' dir='ltr'><strong>sed</strong></span> <span class='ocrx_word' id='word_1_559' title='bbox 2397 3484 2583 3555; x_wconf 90' lang='lat' dir='ltr'><strong>ipsum</strong></span> <span class='ocrx_word' id='word_1_560' title='bbox 2623 3503 2751 3542; x_wconf 87' lang='lat' dir='ltr'><strong>cum</strong></span> <span class='ocrx_word' id='word_1_561' title='bbox 2799 3504 2901 3543; x_wconf 88' lang='lat' dir='ltr'><strong>sua</strong></span> <span class='ocrx_word' id='word_1_562' title='bbox 2928 3490 3053 3545; x_wconf 87' lang='lat' dir='ltr'><strong>effi-</strong></span> 
     </span>
     <span class='ocr_line' id='line_1_97' title="bbox 1691 3557 3048 3637; baseline 0.01 -25"><span class='ocrx_word' id='word_1_563' title='bbox 1691 3557 1843 3613; x_wconf 89' lang='lat' dir='ltr'><strong>cacia</strong></span> <span class='ocrx_word' id='word_1_564' title='bbox 1908 3559 2195 3637; x_wconf 79' lang='lat' dir='ltr'><strong>adaequate</strong></span> <span class='ocrx_word' id='word_1_565' title='bbox 2263 3580 2724 3637; x_wconf 82' lang='lat' dir='ltr'><strong>praesupponere,</strong></span> <span class='ocrx_word' id='word_1_566' title='bbox 2783 3576 3048 3626; x_wconf 89' lang='lat' dir='ltr'><strong>asserunt</strong></span> 
     </span>
     <span class='ocr_line' id='line_1_98' title="bbox 1693 3641 3047 3711; baseline 0.013 -20"><span class='ocrx_word' id='word_1_567' title='bbox 1693 3641 1886 3694; x_wconf 89' lang='lat' dir='ltr'><strong>tamen</strong></span> <span class='ocrx_word' id='word_1_568' title='bbox 1914 3655 2042 3695; x_wconf 91' lang='lat' dir='ltr'><strong>cum</strong></span> <span class='ocrx_word' id='word_1_569' title='bbox 2071 3641 2323 3699; x_wconf 88' lang='lat' dir='ltr'><strong>Concilio</strong></span> <span class='ocrx_word' id='word_1_570' title='bbox 2362 3643 2721 3711; x_wconf 87' lang='lat' dir='ltr'><strong>Tridentino,</strong></span> <span class='ocrx_word' id='word_1_571' title='bbox 2750 3648 3047 3708; x_wconf 89' lang='lat' dir='ltr'><strong>hominem</strong></span> 
     </span>
     <span class='ocr_line' id='line_1_99' title="bbox 1691 3718 3043 3796; baseline 0.011 -24"><span class='ocrx_word' id='word_1_572' title='bbox 1691 3718 1909 3775; x_wconf 86' lang='lat' dir='ltr'><strong>auxilio</strong></span> <span class='ocrx_word' id='word_1_573' title='bbox 1936 3719 2141 3777; x_wconf 84' lang='lat' dir='ltr'><strong>efficaci</strong></span> <span class='ocrx_word' id='word_1_574' title='bbox 2187 3727 2406 3779; x_wconf 91' lang='lat' dir='ltr'><strong>motum</strong></span> <span class='ocrx_word' id='word_1_575' title='bbox 2449 3741 2607 3796; x_wconf 89' lang='lat' dir='ltr'><strong>posse</strong></span> <span class='ocrx_word' id='word_1_576' title='bbox 2634 3727 2891 3785; x_wconf 88' lang='lat' dir='ltr'><strong>absolute</strong></span> <span class='ocrx_word' id='word_1_577' title='bbox 2917 3730 3043 3786; x_wconf 90' lang='lat' dir='ltr'><strong>dis-</strong></span> 
     </span>
     <span class='ocr_line' id='line_1_100' title="bbox 1688 3800 3046 3875; baseline 0.011 -22"><span class='ocrx_word' id='word_1_578' title='bbox 1688 3800 1923 3865; x_wconf 88' lang='lat' dir='ltr'><strong>sentire,</strong></span> <span class='ocrx_word' id='word_1_579' title='bbox 1955 3801 2003 3856; x_wconf 91' lang='lat' dir='ltr'><strong>si</strong></span> <span class='ocrx_word' id='word_1_580' title='bbox 2033 3802 2171 3858; x_wconf 90' lang='lat' dir='ltr'><strong>velit</strong></span> <span class='ocrx_word' id='word_1_581' title='bbox 2189 3826 2202 3870; x_wconf 91' lang='lat'>;</span> <span class='ocrx_word' id='word_1_582' title='bbox 2233 3804 2367 3875; x_wconf 90' lang='lat' dir='ltr'><strong>quia</strong></span> <span class='ocrx_word' id='word_1_583' title='bbox 2405 3807 2690 3863; x_wconf 86' lang='lat' dir='ltr'><strong>auxilium</strong></span> <span class='ocrx_word' id='word_1_584' title='bbox 2718 3809 2914 3866; x_wconf 80' lang='lat' dir='ltr'><strong>efficax</strong></span> <span class='ocrx_word' id='word_1_585' title='bbox 2940 3827 3046 3868; x_wconf 88' lang='lat' dir='ltr'><strong>ex—</strong></span> 
     </span>
     <span class='ocr_line' id='line_1_101' title="bbox 1688 3879 3045 3954; baseline 0.01 -18"><span class='ocrx_word' id='word_1_586' title='bbox 1688 3879 1866 3936; x_wconf 88' lang='lat' dir='ltr'><strong>cludit</strong></span> <span class='ocrx_word' id='word_1_587' title='bbox 1892 3882 2123 3954; x_wconf 90' lang='lat' dir='ltr'><strong>quidem</strong></span> <span class='ocrx_word' id='word_1_588' title='bbox 2168 3883 2508 3953; x_wconf 87' lang='lat' dir='ltr'><strong>dissensum,</strong></span> <span class='ocrx_word' id='word_1_589' title='bbox 2549 3904 2665 3945; x_wconf 90' lang='lat' dir='ltr'><strong>non</strong></span> <span class='ocrx_word' id='word_1_590' title='bbox 2699 3895 2888 3947; x_wconf 89' lang='lat' dir='ltr'><strong>tamen</strong></span> <span class='ocrx_word' id='word_1_591' title='bbox 2919 3891 3045 3949; x_wconf 91' lang='lat' dir='ltr'><strong>dis-</strong></span> 
     </span>
     <span class='ocr_line' id='line_1_102' title="bbox 1686 3960 3042 4043; baseline 0.011 -28"><span class='ocrx_word' id='word_1_592' title='bbox 1686 3960 1970 4016; x_wconf 86' lang='lat' dir='ltr'><strong>sentiendi</strong></span> <span class='ocrx_word' id='word_1_593' title='bbox 1999 3968 2350 4034; x_wconf 89' lang='lat' dir='ltr'><strong>potestatem,</strong></span> <span class='ocrx_word' id='word_1_594' title='bbox 2386 3973 2636 4041; x_wconf 89' lang='lat' dir='ltr'><strong>utsupra</strong></span> <span class='ocrx_word' id='word_1_595' title='bbox 2661 3971 3042 4043; x_wconf 87' lang='lat' dir='ltr'><strong>explicuimus</strong></span> 
     </span>
     <span class='ocr_line' id='line_1_103' title="bbox 1684 4042 2056 4111; baseline 0.011 -16"><span class='ocrx_word' id='word_1_596' title='bbox 1684 4043 1716 4111; x_wconf 66' lang='grc' dir='ltr'><strong>ξ</strong></span> <span class='ocrx_word' id='word_1_597' title='bbox 1742 4042 1778 4096; x_wconf 90' lang='grc'><strong>3</strong></span> <span class='ocrx_word' id='word_1_598' title='bbox 1803 4046 1859 4097; x_wconf 90' lang='lat' dir='ltr'><strong>et</strong></span> <span class='ocrx_word' id='word_1_599' title='bbox 1881 4044 1937 4097; x_wconf 86' lang='lat'><strong>7.</strong></span> <span class='ocrx_word' id='word_1_600' title='bbox 2049 4059 2056 4066; x_wconf 91' lang='lat'><strong>·</strong></span> 
     </span>
    </p>

    <p class='ocr_par' dir='ltr' id='par_1_12' title="bbox 1684 4120 3235 4364">
     <span class='ocr_line' id='line_1_104' title="bbox 1760 4120 3235 4200; baseline 0.012 -22"><span class='ocrx_word' id='word_1_601' title='bbox 1760 4120 1970 4178; x_wconf 82' lang='lat' dir='ltr'><strong>Octava</strong></span> <span class='ocrx_word' id='word_1_602' title='bbox 1997 4126 2307 4198; x_wconf 83' lang='lat' dir='ltr'><strong>propositio</strong></span> <span class='ocrx_word' id='word_1_603' title='bbox 2341 4148 2353 4182; x_wconf 92' lang='lat'>:</span> <span class='ocrx_word' id='word_1_604' title='bbox 2383 4128 2509 4185; x_wconf 73' lang='lat' dir='ltr'><strong>Haec</strong></span> <span class='ocrx_word' id='word_1_605' title='bbox 2523 4132 2710 4200; x_wconf 70' lang='lat' dir='ltr'><strong>qratia</strong></span> <span class='ocrx_word' id='word_1_606' title='bbox 2734 4134 2814 4187; x_wconf 76' lang='lat' dir='ltr'><strong>ita</strong></span> <span class='ocrx_word' id='word_1_607' title='bbox 2841 4135 3040 4190; x_wconf 80' lang='lat' dir='ltr'><strong>volun-</strong></span> <span class='ocrx_word' id='word_1_608' title='bbox 3069 4151 3235 4196; x_wconf 68' lang='lat' dir='ltr'><strong>ocima.</strong></span> 
     </span>
     <span class='ocr_line' id='line_1_105' title="bbox 1684 4205 3041 4284; baseline 0.011 -28"><span class='ocrx_word' id='word_1_609' title='bbox 1684 4211 1849 4258; x_wconf 79' lang='lat' dir='ltr'><strong>tatem</strong></span> <span class='ocrx_word' id='word_1_610' title='bbox 1875 4205 2010 4274; x_wconf 69' lang='lat' dir='ltr'><strong>aqit,</strong></span> <span class='ocrx_word' id='word_1_611' title='bbox 2035 4213 2095 4260; x_wconf 85' lang='lat' dir='ltr'><strong>ut</strong></span> <span class='ocrx_word' id='word_1_612' title='bbox 2124 4210 2376 4284; x_wconf 80' lang='lat' dir='ltr'><strong>quamvis</strong></span> <span class='ocrx_word' id='word_1_613' title='bbox 2409 4212 2667 4267; x_wconf 74' lang='lat' dir='ltr'><strong>voluntas</strong></span> <span class='ocrx_word' id='word_1_614' title='bbox 2692 4221 2842 4283; x_wconf 71' lang='grc' dir='ltr'><em>αῃαι,</em></span> <span class='ocrx_word' id='word_1_615' title='bbox 2886 4217 3041 4272; x_wconf 76' lang='lat' dir='ltr'><strong>nihi-</strong></span> 
     </span>
     <span class='ocr_line' id='line_1_106' title="bbox 1684 4283 3037 4364; baseline 0.01 -27"><span class='ocrx_word' id='word_1_616' title='bbox 1684 4283 1923 4341; x_wconf 79' lang='lat' dir='ltr'><strong>lominus</strong></span> <span class='ocrx_word' id='word_1_617' title='bbox 1973 4287 2258 4364; x_wconf 75' lang='lat' dir='ltr'><strong>adoequala</strong></span> <span class='ocrx_word' id='word_1_618' title='bbox 2298 4305 2467 4344; x_wconf 81' lang='lat' dir='ltr'><strong>causa</strong></span> <span class='ocrx_word' id='word_1_619' title='bbox 2514 4294 2876 4348; x_wconf 76' lang='lat' dir='ltr'><strong>conversionis</strong></span> <span class='ocrx_word' id='word_1_620' title='bbox 2921 4297 3037 4351; x_wconf 84' lang='lat' dir='ltr'><strong>sola</strong></span> 
     </span>
    </p>
   </div>
   <div class='ocr_carea' id='block_1_7' title="bbox 1677 4366 3038 4435">
    <p class='ocr_par' dir='ltr' id='par_1_13' title="bbox 1677 4366 3038 4435">
     <span class='ocr_line' id='line_1_107' title="bbox 1677 4366 3038 4435; baseline 0.009 -16"><span class='ocrx_word' id='word_1_621' title='bbox 1677 4369 1866 4433; x_wconf 68' lang='lat' dir='ltr'><strong>qratia</strong></span> <span class='ocrx_word' id='word_1_622' title='bbox 1887 4371 1992 4435; x_wconf 81' lang='lat' dir='ltr'><strong>sit,·</strong></span> <span class='ocrx_word' id='word_1_623' title='bbox 2015 4367 2064 4422; x_wconf 90' lang='lat' dir='ltr'><strong>si</strong></span> <span class='ocrx_word' id='word_1_624' title='bbox 2096 4366 2356 4423; x_wconf 87' lang='lat' dir='ltr'><strong>excludat</strong></span> <span class='ocrx_word' id='word_1_625' title='bbox 2380 4368 2661 4425; x_wconf 79' lang='lat' dir='ltr'><strong>influxum</strong></span> <span class='ocrx_word' id='word_1_626' title='bbox 2692 4371 2860 4428; x_wconf 88' lang='lat' dir='ltr'><strong>liberi</strong></span> <span class='ocrx_word' id='word_1_627' title='bbox 2886 4373 3038 4432; x_wconf 87' lang='lat' dir='ltr'><strong>arbi-</strong></span> 
     </span>
    </p>
   </div>
   <div class='ocr_carea' id='block_1_8' title="bbox 1676 4443 3042 5164">
    <p class='ocr_par' dir='ltr' id='par_1_14' title="bbox 1676 4443 3042 5164">
     <span class='ocr_line' id='line_1_108' title="bbox 1683 4443 3036 4520; baseline 0.011 -24"><span class='ocrx_word' id='word_1_628' title='bbox 1683 4443 1780 4500; x_wconf 91' lang='lat' dir='ltr'><strong>trii</strong></span> <span class='ocrx_word' id='word_1_629' title='bbox 1810 4449 1950 4504; x_wconf 89' lang='lat' dir='ltr'><strong>moti</strong></span> <span class='ocrx_word' id='word_1_630' title='bbox 1975 4463 2075 4519; x_wconf 91' lang='lat' dir='ltr'><strong>per</strong></span> <span class='ocrx_word' id='word_1_631' title='bbox 2112 4447 2377 4520; x_wconf 83' lang='lat' dir='ltr'><strong>gratiam,</strong></span> <span class='ocrx_word' id='word_1_632' title='bbox 2412 4449 2779 4507; x_wconf 87' lang='lat' dir='ltr'><strong>Calvinistica</strong></span> <span class='ocrx_word' id='word_1_633' title='bbox 2807 4459 2908 4517; x_wconf 87' lang='lat' dir='ltr'><strong>est,</strong></span> <span class='ocrx_word' id='word_1_634' title='bbox 2940 4457 3036 4511; x_wconf 87' lang='lat' dir='ltr'><strong>vel</strong></span> 
     </span>
     <span class='ocr_line' id='line_1_109' title="bbox 1682 4525 3038 4594; baseline 0.009 -16"><span class='ocrx_word' id='word_1_635' title='bbox 1682 4525 1871 4594; x_wconf 85' lang='lat' dir='ltr'><strong>potius</strong></span> <span class='ocrx_word' id='word_1_636' title='bbox 1916 4526 2241 4582; x_wconf 87' lang='lat' dir='ltr'><strong>Lutherana</strong></span> <span class='ocrx_word' id='word_1_637' title='bbox 2275 4546 2288 4581; x_wconf 77' lang='lat' dir='ltr'><strong><em>z</em></strong></span> <span class='ocrx_word' id='word_1_638' title='bbox 2320 4543 2453 4581; x_wconf 87' lang='lat' dir='ltr'><strong>narn</strong></span> <span class='ocrx_word' id='word_1_639' title='bbox 2484 4529 2756 4584; x_wconf 87' lang='lat' dir='ltr'><strong>Calvinus</strong></span> <span class='ocrx_word' id='word_1_640' title='bbox 2797 4535 3038 4589; x_wconf 88' lang='lat' dir='ltr'><strong>asseruit</strong></span> 
     </span>
     <span class='ocr_line' id='line_1_110' title="bbox 1682 4604 3034 4686; baseline 0.01 -29"><span class='ocrx_word' id='word_1_641' title='bbox 1682 4604 2037 4662; x_wconf 85' lang='lat' dir='ltr'><strong>voluntatem</strong></span> <span class='ocrx_word' id='word_1_642' title='bbox 2085 4606 2301 4661; x_wconf 84' lang='lat' dir='ltr'><strong>auxilio</strong></span> <span class='ocrx_word' id='word_1_643' title='bbox 2346 4606 2551 4662; x_wconf 82' lang='lat' dir='ltr'><strong>efficaci</strong></span> <span class='ocrx_word' id='word_1_644' title='bbox 2600 4616 2812 4665; x_wconf 85' lang='lat' dir='ltr'><strong>motam</strong></span> <span class='ocrx_word' id='word_1_645' title='bbox 2863 4628 3034 4686; x_wconf 86' lang='lat' dir='ltr'><strong>agere</strong></span> 
     </span>
     <span class='ocr_line' id='line_1_111' title="bbox 1680 4683 3038 4757; baseline 0.01 -20"><span class='ocrx_word' id='word_1_646' title='bbox 1680 4683 1949 4752; x_wconf 83' lang='lat' dir='ltr'><strong>vitaliter,</strong></span> <span class='ocrx_word' id='word_1_647' title='bbox 1994 4690 2049 4741; x_wconf 88' lang='lat' dir='ltr'><strong>et</strong></span> <span class='ocrx_word' id='word_1_648' title='bbox 2085 4690 2412 4757; x_wconf 88' lang='lat' dir='ltr'><strong>spontanee,</strong></span> <span class='ocrx_word' id='word_1_649' title='bbox 2441 4702 2557 4741; x_wconf 91' lang='lat' dir='ltr'><strong>non</strong></span> <span class='ocrx_word' id='word_1_650' title='bbox 2599 4693 2791 4745; x_wconf 89' lang='lat' dir='ltr'><strong>tamen</strong></span> <span class='ocrx_word' id='word_1_651' title='bbox 2832 4690 3038 4757; x_wconf 84' lang='lat' dir='ltr'><strong>libere,</strong></span> 
     </span>
     <span class='ocr_line' id='line_1_112' title="bbox 1679 4763 3040 4837; baseline 0.009 -20"><span class='ocrx_word' id='word_1_652' title='bbox 1679 4778 1777 4818; x_wconf 89' lang='lat' dir='ltr'><strong>seu</strong></span> <span class='ocrx_word' id='word_1_653' title='bbox 1808 4780 1937 4820; x_wconf 88' lang='lat' dir='ltr'><strong>cum</strong></span> <span class='ocrx_word' id='word_1_654' title='bbox 1966 4769 2237 4836; x_wconf 88' lang='lat' dir='ltr'><strong>potestate</strong></span> <span class='ocrx_word' id='word_1_655' title='bbox 2262 4763 2331 4819; x_wconf 88' lang='lat' dir='ltr'><strong>ad</strong></span> <span class='ocrx_word' id='word_1_656' title='bbox 2359 4767 2681 4837; x_wconf 85' lang='lat' dir='ltr'><strong>oppositum</strong></span> <span class='ocrx_word' id='word_1_657' title='bbox 2713 4790 2724 4823; x_wconf 90' lang='lat'>:</span> <span class='ocrx_word' id='word_1_658' title='bbox 2750 4771 3040 4829; x_wconf 81' lang='lat' dir='ltr'><strong>Lutherus</strong></span> 
     </span>
     <span class='ocr_line' id='line_1_113' title="bbox 1678 4844 3042 4917; baseline 0.008 -20"><span class='ocrx_word' id='word_1_659' title='bbox 1678 4859 1818 4901; x_wconf 86' lang='lat' dir='ltr'><strong>vero</strong></span> <span class='ocrx_word' id='word_1_660' title='bbox 1858 4844 2181 4910; x_wconf 83' lang='lat' dir='ltr'><strong>affirmavit,</strong></span> <span class='ocrx_word' id='word_1_661' title='bbox 2215 4860 2354 4916; x_wconf 88' lang='lat' dir='ltr'><strong>pure</strong></span> <span class='ocrx_word' id='word_1_662' title='bbox 2381 4847 2602 4917; x_wconf 81' lang='lat' dir='ltr'><strong>passive</strong></span> <span class='ocrx_word' id='word_1_663' title='bbox 2641 4863 2700 4904; x_wconf 89' lang='lat' dir='ltr'><strong>se</strong></span> <span class='ocrx_word' id='word_1_664' title='bbox 2730 4850 2960 4917; x_wconf 88' lang='lat' dir='ltr'><strong>habere,</strong></span> <span class='ocrx_word' id='word_1_665' title='bbox 2986 4860 3042 4910; x_wconf 90' lang='lat' dir='ltr'><strong>et</strong></span> 
     </span>
     <span class='ocr_line' id='line_1_114' title="bbox 1678 4926 3026 4996; baseline 0.01 -18"><span class='ocrx_word' id='word_1_666' title='bbox 1678 4927 1908 4979; x_wconf 86' lang='lat' dir='ltr'><strong>tantum</strong></span> <span class='ocrx_word' id='word_1_667' title='bbox 1951 4926 2200 4996; x_wconf 89' lang='lat' dir='ltr'><strong>recipere</strong></span> <span class='ocrx_word' id='word_1_668' title='bbox 2225 4926 2656 4983; x_wconf 86' lang='lat' dir='ltr'><strong>conversionem</strong></span> <span class='ocrx_word' id='word_1_669' title='bbox 2692 4945 2722 4986; x_wconf 91' lang='lat' dir='ltr'><strong>a</strong></span> <span class='ocrx_word' id='word_1_670' title='bbox 2762 4932 2883 4987; x_wconf 89' lang='lat' dir='ltr'><strong>solo</strong></span> <span class='ocrx_word' id='word_1_671' title='bbox 2914 4935 3026 4990; x_wconf 87' lang='lat' dir='ltr'><strong>Deo</strong></span> 
     </span>
     <span class='ocr_line' id='line_1_115' title="bbox 1676 5003 3026 5084; baseline 0.009 -27"><span class='ocrx_word' id='word_1_672' title='bbox 1676 5003 1785 5059; x_wconf 88' lang='lat' dir='ltr'><strong>sibi</strong></span> <span class='ocrx_word' id='word_1_673' title='bbox 1829 5006 2188 5077; x_wconf 90' lang='lat' dir='ltr'><strong>impressam.</strong></span> <span class='ocrx_word' id='word_1_674' title='bbox 2228 5006 2284 5060; x_wconf 92' lang='lat' dir='ltr'><strong>Si</strong></span> <span class='ocrx_word' id='word_1_675' title='bbox 2316 5012 2502 5063; x_wconf 89' lang='lat' dir='ltr'><strong>autem</strong></span> <span class='ocrx_word' id='word_1_676' title='bbox 2542 5008 2839 5081; x_wconf 79' lang='lat' dir='ltr'><strong>significet,</strong></span> <span class='ocrx_word' id='word_1_677' title='bbox 2878 5013 3026 5084; x_wconf 86' lang='lat' dir='ltr'><strong>quod</strong></span> 
     </span>
     <span class='ocr_line' id='line_1_116' title="bbox 1678 5084 3018 5164; baseline 0.009 -27"><span class='ocrx_word' id='word_1_678' title='bbox 1678 5087 1791 5139; x_wconf 86' lang='lat' dir='ltr'><strong>tota</strong></span> <span class='ocrx_word' id='word_1_679' title='bbox 1832 5085 1977 5141; x_wconf 87' lang='lat' dir='ltr'><strong>ratio</strong></span> <span class='ocrx_word' id='word_1_680' title='bbox 2017 5084 2278 5158; x_wconf 88' lang='lat' dir='ltr'><strong>proxima</strong></span> <span class='ocrx_word' id='word_1_681' title='bbox 2298 5089 2687 5144; x_wconf 82' lang='lat' dir='ltr'><strong>conversionis</strong></span> <span class='ocrx_word' id='word_1_682' title='bbox 2712 5091 2786 5145; x_wconf 88' lang='lat' dir='ltr'><strong>sit</strong></span> <span class='ocrx_word' id='word_1_683' title='bbox 2813 5094 3018 5164; x_wconf 85' lang='lat' dir='ltr'><strong>gratia,</strong></span> 
     </span>
    </p>
   </div>
  </div>
 </body>
</html>
