3647 5753
490 414 600 469 324

489 583 654 641 facile
674 583 969 657 apparebit
988 586 1374 645 consideranti
1387 591 1706 648 maximam
1722 593 1848 668 ejus

489 663 911 737 perfectionem,
936 667 1163 739 qualem
1186 676 1345 727 tract.
1371 672 1595 743 praeccd.
1619 673 1760 745 disp.
1791 675 1843 741 4,

486 759 590 817 per
652 750 828 801 totam
873 746 1339 823 descripsimus:
1399 766 1536 824 ergo
1581 752 1848 823 praedicta

480 824 670 897 gratia
706 831 791 881 est
830 841 995 882 causa
1042 826 1304 885 formalis
1343 830 1835 898 sanctificationis,

485 912 543 963 et
586 906 1015 988 emundationis
1052 909 1306 966 hominis
1328 928 1358 967 a
1387 918 1610 985 peccato
1633 937 1648 980 3
1679 919 1847 987 atque

486 990 616 1047 ideo
655 990 981 1062 hujusmodi
1002 992 1230 1049 effectus
1251 1009 1368 1050 non
1411 1009 1473 1050 se
1500 994 1713 1053 habent
1732 996 1845 1052 dis-

485 1079 697 1146 parate,
730 1074 822 1129 vel
843 1075 1289 1133 concomitanter
1315 1077 1377 1132 in
1412 1076 1838 1150 justificatione,

475 1152 575 1209 sed
603 1157 837 1209 servant
856 1155 1296 1221 connexionem,
1322 1161 1378 1212 et
1397 1156 1661 1215 ordinem
1687 1160 1842 1218 inter

475 1250 555 1299 se,
585 1238 641 1289 et
661 1232 732 1288 ab
771 1231 970 1290 eadem
1017 1234 1202 1290 forma
1227 1237 1595 1308 proveniunt.
1623 1241 1842 1298 Caetera

475 1320 754 1372 constant.
770 1317 839 1369 Et
859 1317 1054 1372 minor
1071 1317 1247 1388 primi
1269 1318 1615 1392 syllogismi,
1651 1321 1713 1376 in
1728 1339 1840 1395 qua

471 1398 597 1453 sola
617 1404 936 1470 potestesse
973 1396 1293 1463 difficultas,
1341 1399 1653 1471 probatur;
1703 1406 1840 1475 quia

470 1480 692 1553 justitia
714 1481 966 1535 increata
991 1479 1091 1535 Dei
1120 1480 1430 1538 sanctificat
1454 1498 1557 1538 nos
1583 1483 1839 1542 effective

476 1562 728 1636 physice,
771 1566 828 1618 et
867 1561 1087 1634 Justitia
1131 1568 1318 1618 creata
1361 1563 1573 1620 Christi
1603 1567 1836 1624 Domini

473 1643 787 1700 sanctificat
834 1660 936 1699 nos
962 1642 1218 1699 effective
1263 1646 1608 1702 moraliter:
1668 1664 1837 1705 causa

473 1730 664 1782 autem
691 1725 937 1781 efficiens
983 1741 1097 1781 non
1149 1724 1486 1783 denominat
1511 1729 1837 1786 formaliter

474 1821 699 1878 passum
751 1805 1083 1862 immediate
1104 1822 1205 1878 per
1225 1807 1490 1879 seipsam,
1515 1808 1613 1865 sed
1643 1808 1836 1866 medio

439 1958 444 1961 .
471 1887 689 1954 effectu,
720 1903 889 1960 quern
920 1887 1180 1960 producit
1211 1904 1385 1963 :ergo
1412 1905 1529 1947 non
1557 1890 1829 1948 denomi-

275 2394 438 2436 Confir-

282 2448 434 2487 matur.

475 1984 685 2026 namur
706 1970 1028 2026 formaliter
1053 1969 1253 2037 sancti,
1279 1976 1336 2027 et
1356 1972 1561 2028 mundi
1591 1989 1623 2029 a
1646 1989 1834 2045 pecca-

477 2051 550 2106 tis
576 2053 666 2108 vel
701 2068 801 2125 per
828 2051 1112 2125 justitiam
1135 2051 1451 2109 increatam
1473 2055 1591 2119 Dei,
1617 2055 1707 2110 vel
1732 2071 1833 2128 per

473 2133 755 2206 justitiam
782 2138 1032 2189 creatam
1049 2133 1261 2189 Christi
1286 2135 1516 2190 Domini
1534 2158 1547 2201 3
1575 2135 1674 2192 sed
1691 2153 1833 2210 opus

477 2219 563 2272 est
583 2217 755 2273 aliam
785 2216 1033 2272 formam
1059 2231 1160 2288 pro
1181 2215 1453 2289 praedicto
1471 2217 1670 2309 effectg
1696 2219 1833 2274 assi-

518 2313 673 2354 nare.

477 2314 512 2373 g
551 2377 956 2444 confirmatur,
988 2376 1374 2449 etexplicatur
1397 2380 1671 2453 amplius;
1692 2396 1829 2437 nam

478 2460 603 2517 ideo
642 2460 895 2516 hominis
921 2458 1309 2525 sanctificatio,
1340 2466 1396 2517 et
1437 2462 1772 2521 emundatio
1799 2480 1832 2520 a

480 2541 714 2614 peccatis
760 2556 876 2596 non
906 2538 1067 2597 fieret
1108 2540 1430 2597 formaliter
1459 2559 1560 2614 per
1580 2545 1829 2617 gratiam

475 2620 922 2678 sanctificantem
952 2621 1014 2675 in
1036 2619 1440 2692 justificatione
1462 2622 1826 2695 impressam,

473 2703 608 2774 quia
648 2700 707 2755 id
777 2699 1071 2757 dedeceret
1121 2698 1538 2757 abundantiam
1591 2703 1831 2775 justitia:

475 2783 741 2838 increatae
780 2780 898 2845 Dei,
963 2781 1056 2835 vel
1090 2780 1327 2852 justitias
1364 2786 1566 2837 creatae
1614 2783 1827 2839 Christi

475 2861 705 2924 Domini
735 2884 748 2928 ;
780 2876 846 2916 eo
879 2858 1023 2932 quod
1054 2865 1318 2934 argueret
1343 2876 1437 2917 eas
1457 2876 1579 2919 esse
1607 2863 1831 2937 imper-

376 2955 380 2959 *
475 2942 664 3009 sectas,
709 2947 765 2998 et
794 2941 1159 2997 inefficientes
1206 2941 1276 2996 ad
1312 2947 1569 2998 nostram
1612 2944 1828 3016 justifi-

473 3022 778 3088 cationem,
823 3021 1193 3097 indigere-que
1231 3022 1425 3095 aliquo
1470 3023 1586 3081 alio
1612 3023 1682 3080 ad
1725 3042 1828 3083 nos

472 3102 925 3169 sanctificandOS,
975 3109 1030 3158 et
1081 3101 1519 3159 emundandos:
1577 3104 1673 3160 sed
1722 3106 1828 3164 hoc

471 3179 885 3240 inconveniens
926 3197 1043 3239 non
1088 3182 1358 3248 infertur,
1404 3183 1524 3250 imo
1569 3185 1827 3256 sequitur

467 3262 790 3336 oppositum
819 3284 831 3317 :
860 3279 995 3336 ergo
1042 3262 1297 3318 hominis
1345 3260 1738 3331 sanctificatio,
1769 3271 1828 3322 et

465 3348 819 3415 peccatorum
846 3342 1108 3399 remissio
1130 3341 1193 3397 fit
1215 3341 1540 3400 formaliter
1564 3361 1666 3417 per
1686 3362 1826 3419 gra·
1850 3391 1857 3404 .

461 3424 600 3479 tiam
651 3423 1103 3480 sanctificantem
1151 3424 1213 3478 in
1257 3422 1665 3495 justificatione
1719 3426 1818 3481 in-

464 3504 670 3561 fusam.
699 3504 984 3562 Probatur
1005 3504 1202 3561 minor
1235 3525 1248 3560 :
1275 3504 1552 3575 quoniam
1600 3506 1716 3571 Sol,
1762 3523 1820 3562 v.

451 3604 516 3660 g.
540 3593 625 3643 est
646 3603 812 3643 causa
837 3587 1101 3660 perfecta,
1120 3593 1176 3643 et
1195 3587 1482 3643 sufficiens
1505 3587 1574 3644 ad
1599 3589 1819 3644 illumi-

463 3666 740 3734 nandum,
761 3673 817 3723 et
842 3665 1264 3738 dispellendum
1280 3666 1564 3732 tenebraS,
1589 3673 1650 3722 ut
1669 3684 1739 3723 ex
1760 3684 1822 3726 se

464 3749 641 3821 liquet
661 3773 676 3816 3
731 3754 785 3803 et
809 3746 1195 3803 nihilominus
1241 3747 1617 3812 illuminatio,
1643 3764 1705 3804 ac
1728 3754 1814 3804 te-

459 3829 774 3886 nebrarum
821 3830 1082 3902 expulsio
1122 3845 1238 3885 non
1281 3828 1344 3884 fit
1389 3828 1740 3894 immediate,
1767 3834 1823 3886 et

461 3909 783 3966 formaliter
832 3925 932 3982 per
974 3910 1156 3965 lucem
1198 3908 1540 3964 existentem
1575 3908 1637 3963 in
1667 3910 1814 3976 Sole,

457 3988 557 4045 sed
581 4006 681 4062 per
703 3990 888 4046 lucem
912 3988 1032 4044 aeri
1052 3987 1558 4051 communicatam,
1578 3987 1820 4061 impres·

459 4086 601 4136 sam,
653 4074 708 4127 et
750 4070 1148 4132 inhaerentem,
1197 4068 1338 4140 quin
1379 4083 1449 4123 ex
1496 4067 1601 4124 hoc
1626 4068 1820 4140 aliqua

462 4152 835 4224 imperfectio,
869 4151 960 4206 vel
989 4150 1221 4206 virtutis
1241 4149 1489 4206 defectus
1515 4149 1623 4206 soli
1650 4152 1817 4208 attri—

460 4233 697 4290 buatur:
725 4250 859 4307 ergo
884 4233 1105 4288 nullam
1129 4231 1621 4303 imperfectionem
1673 4233 1820 4292 irro-

453 4332 656 4389 gamus
670 4316 904 4389 justitiae
933 4314 1052 4381 Dei,
1078 4319 1135 4370 et
1155 4313 1364 4369 Christi
1393 4330 1492 4386 per
1514 4314 1645 4379 hoc,
1669 4316 1817 4387 quod

454 4398 710 4454 dicamus
738 4397 1034 4454 hominem
1056 4394 1425 4462 sanctificari,
1451 4403 1506 4454 et
1534 4397 1816 4455 mundari

457 4495 489 4534 a
511 4478 746 4551 peccatis
768 4494 867 4551 per
891 4477 1138 4533 formam
1161 4475 1543 4534 inhaerentem
1572 4477 1633 4533 in
1653 4478 1818 4551 justi-

456 4558 715 4617 ficatione
736 4559 1139 4615 infusam.1mo
1159 4573 1297 4614 vero
1315 4558 1461 4614 sicut
1495 4564 1582 4615 est
1605 4576 1816 4634 magna

454 4640 600 4696 Solis
616 4639 885 4711 perfectio
909 4636 1218 4710 producere
1245 4638 1429 4694 lucem
1454 4637 1517 4692 in
1535 4639 1669 4695 aliis
1696 4655 1817 4696 cor-

455 4719 819 4793 poribus,per
838 4733 1010 4791 quam
1035 4718 1345 4775 intrinsece
1366 4718 1816 4784 illustrentur,et

452 4800 839 4856 emundentur
867 4816 900 4855 a
921 4796 1174 4855 tenebris
1201 4820 1214 4854 :
1239 4799 1318 4855 ita
1339 4805 1424 4855 est
1443 4816 1654 4874 magna
1680 4816 1814 4872 per-

454 4879 620 4937 fectio
656 4882 776 4947 Dei,
821 4885 876 4936 et
914 4879 1127 4935 Christi
1181 4877 1507 4937 diffundere
1559 4881 1621 4936 in
1648 4879 1814 4936 nobis

446 4963 1013 5035 gratiam,perquam
1029 4960 1340 5017 intrinsece
1362 4960 1806 5030 sanctificemur,

446 5048 841 5117 etpurgemur
871 5058 903 5098 a
926 5042 1182 5114 peccatis,
1204 5042 1369 5115 juxta
1393 5041 1539 5099 illud
1562 5045 1628 5098 D.
1658 5044 1812 5100 Petri

1416 418 1509 472 DE
1547 420 1577 472 J
1583 420 2079 480 USTIFICATION
2083 426 2127 480 E
2167 427 2371 481 lMPn.

1981 596 2098 653 in2
2141 599 2399 656 canonic.
2448 616 2568 673 cap.
2610 604 2627 657 1
2671 600 2918 658 :Gratia
2951 603 3119 671 vobis,
3147 612 3195 659 et
3221 620 3377 677 paaes
3410 620 3520 664 rein

1977 680 2347 753 adimpleatur
2391 683 2451 737 in
2491 686 2792 752 coquitione
2833 684 2955 752 Dei,
3013 694 3062 740 et
3118 685 3340 744 Christi

1976 759 2109 816 ‚lesu
2148 760 2374 818 Domini
2401 767 2578 819 nostri
2606 783 2624 831 ,·
2659 766 2922 839 quomodo
2968 768 3159 821 omnia
3186 766 3342 822 nobis

1975 841 2174 896 divinar
2197 844 2423 898 virtutis
2454 862 2579 910 sum,
2605 863 2720 921 quar
2744 846 2819 899 ad
2842 848 3036 913 vitam,
3080 854 3131 902 et
3151 849 3340 920 pieta-

1977 928 2081 976 tem
2104 923 2309 978 donata
2353 931 2480 978 sunt
2502 942 2602 997 per
2638 926 2997 997 coynitionem
3044 929 3184 999 ejus,
3237 931 3336 1004 qui

1973 1009 2190 1061 vocavit
2217 1024 2314 1062 nos
2348 1011 2581 1080 propria
2606 1010 2804 1079 ylario,
2853 1018 2901 1064 et
2952 1011 3160 1064 virtute
3182 1020 3204 1062 ·.·
3236 1026 3340 1081 per

1974 1103 2132 1163 quem
2176 1090 2452 1157 maxima,
2490 1099 2538 1145 et
2584 1093 2828 1164 pretiosa
2873 1090 3028 1145 nobis
3062 1092 3337 1163 promissa

1972 1166 2219 1236 donavit,
2245 1178 2304 1225 ut
2325 1189 2425 1245 per
2449 1173 2555 1226 haic
2598 1172 2923 1244 efficiamini
2966 1170 3167 1225 divina:
3202 1188 3338 1225 con-

1970 1257 2138 1305 sortes
2174 1260 2401 1320 naturae,
2424 1255 2692 1326 sapientes:
2732 1255 2867 1325 ejus,
2899 1271 3014 1332 quai
3039 1255 3100 1307 in
3130 1253 3335 1308 mundo

1970 1336 2506 1399 est,‹·oncupiscentiae
2525 1332 3118 1406 corruptionem.Unde
3142 1335 3333 1390 elucet

1970 1410 2445 1471 Adversariorum
2474 1415 2536 1471 in
2565 1415 2667 1471 hac
2707 1421 2867 1489 parte
2896 1415 3278 1471 hallucinatio
3306 1439 3320 1481 ;

1970 1490 2109 1547 dum
2158 1494 2314 1550 enim
2364 1495 2605 1552 audiunt
2642 1511 2745 1551 nos
2784 1495 2973 1551 dicere
3025 1495 3325 1551 hominem

1969 1573 2331 1641 sanctificari,
2377 1583 2433 1633 et
2458 1594 2491 1633 a
2533 1576 2757 1633 delictis
2800 1576 3032 1650 purgari
3079 1593 3179 1648 per
3205 1575 3329 1632 for-

1969 1670 2124 1710 mam
2147 1662 2395 1712 creatam
2423 1658 2533 1713 sibi
2557 1658 2620 1713 in
2638 1657 3045 1731 justificatione
3074 1657 3326 1729 impres-

1966 1749 2090 1789 sam
2117 1758 2131 1801 ;
2160 1735 2512 1801 existimant,
2540 1738 2633 1793 vel
2678 1737 2867 1809 potius
2892 1735 3333 1793 calumniantur

1968 1828 2072 1870 nos
2095 1830 2303 1887 negare
2330 1816 2625 1873 hominem
2647 1815 3013 1881 sanctificari,
3045 1822 3100 1872 et
3120 1832 3325 1872 emun-

1966 1894 2094 1951 dari
2142 1912 2242 1969 per
2281 1897 2566 1969 justitiam
2609 1898 2730 1963 Dei,
2775 1903 2831 1953 et
2876 1898 3132 1953 Christi:
3173 1897 3330 1970 quod

1966 1980 2159 2032 tamen
2210 1992 2476 2049 expresse
2504 1979 2781 2034 asseritur
2808 1977 2870 2032 in
2917 1978 3229 2050 Scriptura.
3264 1977 3325 2033 Id

1968 2071 2103 2111 vero
2130 2072 2232 2112 nec
2282 2058 2661 2123 somniamus,
2711 2056 2811 2113 sed
2839 2056 3085 2112 dicimus
3127 2057 3323 2113 homi-

1966 2151 2099 2192 nem
2137 2136 2504 2203 sanctificari,
2539 2144 2705 2209 atque
2726 2153 2759 2192 a
2786 2138 3023 2209 peccatis
3051 2136 3327 2194 mundari

1967 2231 2068 2288 per
2095 2216 2214 2282 Dei,
2259 2224 2314 2274 et
2354 2218 2565 2273 Christi
2589 2218 2895 2290 justitiam,
2934 2223 2989 2274 et
3015 2219 3193 2274 simul
3224 2234 3327 2290 per

1958 2298 2240 2371 justitiam
2269 2306 2519 2356 creatam
2562 2299 2674 2355 sibi
2714 2300 3126 2365 inhaerentem:
3156 2301 3328 2357 aliter

1964 2382 2177 2443 tamen,
2201 2384 2255 2435 et
2278 2380 2447 2435 aliter
2474 2401 2486 2434 :
2518 2395 2653 2434 nam
2683 2380 2742 2452 ly
2757 2396 2872 2450 per,
2899 2394 3029 2434 cum
3058 2380 3319 2451 applica-

1965 2463 2058 2514 tur
2077 2459 2313 2532 justitiae
2338 2462 2678 2518 extrinseca!
2717 2459 2833 2524 Dei,
2878 2464 2934 2514 et
2961 2459 3171 2516 Christi
3209 2464 3325 2518 Do—

1963 2540 2132 2605 mini,
2192 2540 2473 2614 significat
2501 2557 2729 2597 causam
2759 2539 3096 2596 efficientem
3121 2542 3327 2614 physi-

1961 2637 2106 2688 cam,
2138 2624 2228 2678 vel
2272 2625 2551 2680 moralem
2597 2629 2806 2680 nostrae
2830 2621 3319 2689 sanctificationis,

1961 2706 2018 2758 et
2054 2702 2484 2760 emundationis
2524 2720 2557 2759 a
2584 2704 2824 2776 peccatis
2870 2723 2883 2757 ε
2930 2702 3158 2775 quando
3184 2719 3324 2761 vero

1962 2782 2280 2855 applicatur
2304 2783 2542 2857 justitias
2572 2781 2738 2839 nobis
2779 2782 3105 2849 inhaerenti,
3131 2782 3320 2856 signi-

1961 2862 2090 2921 ficat
2142 2882 2373 2921 causam
2420 2865 2724 2922 formalem
2785 2864 3203 2930 immediatam,
3258 2872 3316 2923 et

1961 2946 2330 3003 intrinsecam
2358 2945 2851 3011 sanctificationiS,
2876 2951 2933 3002 et
2956 2947 3316 3003 remissionis

1961 3030 2312 3098 peccatorum
2342 3046 2355 3080 :
2383 3042 2554 3098 quam
2598 3025 2848 3081 formam
2875 3031 3066 3081 causat
3094 3025 3317 3097 princi-

1962 3107 2167 3180 paliter
2204 3107 2434 3180 physice
2453 3110 2600 3163 Deus
2621 3107 2692 3163 ob
2714 3107 2942 3170 merita,
2963 3113 3020 3161 et
3035 3107 3324 3180 Justitiam

1959 3185 2169 3240 Christi
2219 3186 2452 3241 Domini
2513 3187 2813 3242 moraliter
2861 3185 3184 3243 influentia.
3235 3188 3318 3243 Eo

1960 3266 2375 3337 proportionali
2422 3265 2612 3332 modo,
2644 3282 2756 3338 quo
2777 3266 3135 3323 illuminatio
3156 3266 3309 3322 aeris

1958 3345 2023 3401 fit
2048 3362 2148 3418 per
2175 3347 2386 3412 Solem,
2411 3353 2468 3403 et
2496 3364 2596 3421 per
2639 3349 2820 3404 lucem
2860 3348 2980 3403 aeri
3019 3347 3320 3405 inhaeren-

1957 3433 2071 3485 tem
2104 3427 2238 3494 ;sed
2263 3444 2363 3501 per
2387 3430 2554 3484 illam
2580 3428 2855 3494 effective,
2889 3446 2989 3501 per
3013 3429 3157 3485 hanc
3181 3445 3320 3486 vero

1957 3509 2278 3565 formaliter
2296 3533 2311 3576 ;
2340 3525 2465 3581 quse
2493 3526 2595 3565 nec
2622 3509 2775 3564 inter
2800 3526 2861 3566 se
2891 3514 3166 3583 pugnant,
3200 3524 3306 3565 nec

1955 3607 2071 3647 una
2100 3591 2287 3665 arguit
2326 3592 2819 3664 imperfectionem
2850 3592 3086 3647 alterius
3116 3591 3179 3647 iu
3206 3608 3315 3649 suo

1953 3688 2162 3745 genere
2195 3695 2208 3737 ;
2238 3671 2334 3728 sed
2384 3679 2609 3727 tautum
2634 3670 2833 3743 probat
2859 3671 3108 3728 eundem
3143 3671 3317 3728 effec-

1955 3758 2078 3808 tum
2108 3751 2413 3808 formalem
2443 3768 2475 3807 a
2504 3751 2786 3824 pluribuS,
2819 3768 2881 3807 ac
2916 3751 3158 3809 diversis
3177 3767 3319 3807 cau-

1952 3833 2032 3888 sis
2060 3832 2330 3905 pendere.
2832 3855 2833 3858 ¹

2547 3995 2578 4061 ,s
2621 3994 2713 4047 111.

2089 4154 2360 4212 Posterior
2380 4153 2533 4208 dubii
2560 4151 2865 4225 difficultas
2884 4154 3174 4209 deciditur.

2024 4317 2115 4372 36.
2164 4314 2474 4371 Dicendum
2501 4320 2585 4370 est
2608 4314 2798 4376 tertio,
2827 4315 3075 4386 gratiam
3099 4314 3310 4371 sancti-

1950 4395 2217 4453 ficantem
2243 4412 2363 4452 esse
2392 4394 2638 4451 formam
2663 4393 3035 4451 sufficientem
3060 4393 3128 4449 ad
3140 4411 3312 4452 sanc-

1950 4477 2320 4534 tificationem
2362 4475 2639 4542 hominiS,
2670 4482 2725 4532 et
2754 4475 3155 4532 remissionem
3181 4492 3312 4548 pec—

1949 4564 2226 4624 catorum,
2260 4555 2717 4629 independenter
2746 4556 2816 4612 ab
2844 4556 2959 4612 alio
2987 4556 3184 4614 favore
3205 4558 3307 4614 Dei

1948 4637 2267 4694 extrinseco
2319 4635 2587 4691 distincto
2609 4634 2679 4691 ab
2708 4651 2796 4701 e0,
2822 4650 2934 4706 quo
2962 4637 3144 4707 ipsam
3173 4652 3314 4710 gra-

1950 4718 2087 4773 tiam
2132 4717 2357 4774 homini
2387 4715 2664 4772 infundit.
2700 4717 2856 4771 Hanc
2882 4717 3310 4773 conclusionem

1947 4797 2147 4854 docent
2173 4797 2559 4855 communiter
2586 4797 2914 4860 Thomistae,
2944 4795 3153 4868 quibus
3179 4811 3309 4854 con·

1945 4881 2206 4937 sentiunt
2234 4883 2401 4952 Vasq.
2424 4881 2565 4952 disp.
2598 4881 2728 4944 201,
2753 4897 2871 4952 cap.
2898 4881 2935 4933 2
2954 4886 3003 4933 et
3026 4880 3079 4944 3,
3112 4878 3309 4937 dicens
3326 4896 3545 4950 vasquez.
3646 4941 3647 4952 ¹

1947 4961 2229 5017 Authores
2254 4960 2575 5017 contrarios
2597 4975 2627 5015 e
2654 4958 2844 5016 medio
2873 4960 3076 5015 tollere
3106 4975 3307 5016 veram

1949 5043 2230 5098 rationem
2254 5041 2490 5113 justitia:
2530 5040 2887 5104 inhaerentis,
2911 5056 3083 5112 quam
3110 5040 3311 5096 Patres

3066 5122 3311 5178 Concilii

3432 672 3469 710 1.

3352 4347 3507 4390 Tertia

3342 4399 3521 4454 conclu·

3397 4456 3486 4490 suo.

3352 4945 3521 4988 Bccau.
