3647 5753
1298 468 1478 524 DISP.
1520 468 1643 535 vn,
1688 468 1854 524 DUB.
1901 468 1995 524 IV.
2949 459 3042 515 191

176 634 280 692 sed
306 636 451 708 quia
475 639 840 711 consequitur
869 638 1195 712 praedictam
1221 639 1550 697 libertatem

180 720 246 770 ut
283 714 713 784 decernentem,
738 719 888 792 quod
917 719 1100 777 libere
1120 736 1377 795 agamuS,
1409 723 1467 776 et
1490 723 1552 774 ut

176 795 597 868 producentem
619 804 737 855 tam
748 799 1127 857 substantiam
1144 807 1355 858 nostrae
1368 800 1556 857 deter-

177 877 548 946 minationis,
563 894 735 952 quam
750 883 871 956 ejus
888 878 1233 938 libertatem.
1253 880 1554 937 Auxilium

177 966 379 1016 autem
400 960 697 1027 efficax,de
719 980 832 1036 quo
850 965 1095 1038 agimus,
1116 965 1221 1021 hoc
1248 963 1554 1036 posteriori

179 1041 361 1099 modo
374 1045 744 1118 consequitur
761 1045 1086 1102 libertatem
1108 1045 1395 1103 divinam:
1419 1059 1557 1117 qua-

181 1130 424 1196 propter
432 1140 554 1182 non
572 1124 790 1183 inducit
803 1127 1195 1184 necessitatem
1207 1126 1549 1194 absolutam,

182 1221 295 1263 nec
340 1207 672 1280 praejudicat
723 1208 994 1266 libertati.
1045 1208 1360 1284 Traditque
1400 1208 1555 1264 hanc

121 1303 168 1338 n.
184 1287 630 1360 responsionem
654 1289 927 1347 D.Thom.
956 1292 975 1345 l
994 1296 1204 1368 pai-tq.
1221 1290 1465 1356 19,art.8
1478 1288 1556 1344 ad

183 1369 244 1434 3,
275 1367 379 1424 ubi
398 1373 587 1425 totum
608 1369 796 1426 Suarii
817 1375 1087 1427 conatum
1115 1367 1553 1443 praeoccupavit,

183 1466 250 1507 ac
274 1449 617 1506 extenuavit
642 1450 734 1506 his
756 1450 983 1507 verbis:
1006 1472 1033 1506 α
1057 1448 1557 1524 Dicendum,quod

186 1555 214 1582 a
260 1529 583 1604 posteriora
612 1529 824 1588 habent
852 1531 1246 1589 necessitatem
1275 1547 1308 1588 a
1337 1531 1557 1604 priori-

186 1634 215 1662 α
258 1612 367 1668 bus
385 1611 705 1670 secundum
735 1613 971 1670 modum
995 1614 1278 1687 priorum.
1306 1612 1474 1669 Unde
1499 1617 1558 1669 et

186 1713 214 1745 «ι
255 1709 325 1749 ea
353 1709 483 1766 quae
532 1691 682 1748 fiunt
719 1709 752 1750 a
803 1697 1098 1751 voluntate
1133 1694 1335 1751 divina
1382 1694 1555 1751 talem

189 1797 216 1824 «
260 1776 659 1831 necessitatem
708 1773 939 1842 habent,
972 1776 1203 1848 qualem
1251 1776 1379 1830 vult
1409 1776 1557 1831 Deus

188 1879 215 1910 a
257 1871 326 1913 ea
365 1854 599 1922 habere,
653 1857 868 1913 scilicet
919 1858 1011 1915 vel
1059 1856 1404 1922 absolutam,
1462 1858 1557 1914 vel

191 1960 216 1989 a
257 1936 714 1994 conditionatum
739 1942 985 2006 tantum;
1013 1944 1073 1996 et
1103 1939 1185 1994 sic
1212 1954 1331 1996 non
1353 1938 1557 1995 omnia

191 2043 217 2070 u
258 2025 396 2075 sunt
420 2020 742 2076 necessaria
765 2019 1046 2078 absolute.
1079 2040 1104 2072 »

257 2101 393 2155 270.
428 2098 592 2156 Unde
609 2101 786 2157 etiam
811 2107 963 2172 patet
991 2100 1061 2158 ad
1082 2101 1357 2178 quintam,
1383 2104 1440 2158 et
1471 2101 1558 2156 ul-

184 2184 390 2238 timam
448 2180 893 2254 probationem;
944 2183 1196 2239 fatemur
1240 2183 1401 2239 enim
1430 2185 1557 2237 An-

182 2264 433 2320 selmum
470 2262 579 2319 sub
624 2265 958 2321 necessitate
1007 2263 1376 2321 antecedente
1396 2280 1558 2321 com-

187 2342 561 2415 prehendisse
607 2345 783 2400 etiam
838 2345 1094 2416 aliquam
1151 2344 1551 2402 necessitatem

189 2432 377 2482 ortam
405 2441 477 2482 ex
502 2424 986 2484 determinatione
1014 2427 1216 2484 divina
1249 2450 1262 2494 ;
1293 2426 1391 2484 sed
1417 2426 1560 2485 dici-

196 2522 328 2561 mus
348 2507 496 2561 hanc
536 2521 674 2574 esse,
705 2523 819 2579 qua
851 2510 994 2563 Deus
1022 2509 1166 2573 vult,
1203 2513 1265 2562 ut
1292 2523 1556 2564 necessa-

201 2588 291 2645 rio
343 2603 591 2662 agamus,
622 2589 769 2645 sicut
813 2588 1014 2645 accidit
1056 2590 1121 2646 in
1149 2605 1346 2646 amore
1375 2588 1559 2646 beati-

197 2667 325 2732 fico,
354 2673 411 2724 et
449 2668 507 2724 in
528 2669 817 2740 aliquibus
861 2668 1081 2726 actibus
1129 2669 1551 2732 indeliberatis.

195 2750 269 2803 At
281 2748 582 2803 necessitas
603 2747 841 2804 fundata
858 2748 920 2803 in
943 2748 1162 2805 auxilio
1179 2751 1557 2822 praevenienti

193 2826 401 2884 effioeci
454 2841 571 2883 non
609 2832 694 2884 est
734 2826 1084 2902 hujusmodi,
1141 2826 1241 2885 sed
1269 2829 1460 2887 oritur
1486 2847 1558 2889 ex

191 2908 673 2967 determinatione
719 2910 839 2975 Dei,
889 2925 1004 2982 qua
1050 2911 1175 2965 vult
1218 2926 1321 2966 nos
1376 2912 1559 2972 libere

194 3006 359 3064 agere
390 3011 405 3045 :
443 2989 595 3046 unde
636 2995 721 3046 est
762 2991 1065 3047 necessitas
1092 2989 1297 3064 agendi
1343 2992 1550 3061 libere,

194 3086 315 3144 quae
343 3076 407 3125 ut
450 3086 524 3126 ex
556 3071 826 3127 terminis
881 3070 1074 3143 liquet,
1127 3086 1245 3128 non
1281 3071 1559 3144 importat

194 3152 586 3209 necessitatem
598 3151 919 3209 absolutam
935 3152 1252 3224 oppositam
1276 3152 1530 3210 libertati
1538 3178 1553 3223 ;

192 3233 286 3291 sed
306 3233 500 3307 potius
544 3232 728 3306 ipsam
765 3232 1091 3290 libertatem
1120 3236 1401 3291 actualem
1429 3237 1558 3311 gig-

190 3314 292 3379 nit,
314 3320 374 3370 et
395 3312 611 3378 firmat,
637 3314 804 3386 juxta
823 3313 1032 3385 saepius
1059 3314 1407 3370 inculcatam
1429 3331 1559 3372 sen-

189 3397 429 3452 tentiam
478 3394 732 3469 ejusdem
781 3394 1044 3452 Anselmi
1077 3419 1109 3451 ε7
1153 3418 1179 3448 «
1228 3399 1371 3453 Cum
1407 3402 1556 3455 Deus

196 3498 221 3527 κ
260 3477 384 3532 vult
413 3477 768 3533 voluntatem
811 3475 1070 3532 hominis
1099 3477 1263 3533 nulla
1296 3478 1417 3552 cogi
1448 3495 1553 3535 ne-

197 3580 221 3609 s<
260 3557 519 3613 cessitate
558 3556 628 3613 ad
675 3555 1011 3622 volendum,
1042 3561 1099 3611 et
1145 3558 1271 3613 vult
1289 3557 1553 3615 effectum

198 3661 223 3689 α
260 3642 443 3712 sequi,
493 3645 625 3697 tunc
672 3655 899 3697 necesse
942 3644 1028 3696 est
1053 3640 1407 3697 voluntatem
1434 3655 1557 3698 esse

200 3744 223 3771 a
265 3721 530 3788 liberam,
562 3727 618 3775 et
642 3736 765 3777 esse
789 3716 942 3792 quod
966 3721 1108 3776 vult.
1137 3740 1161 3770 n
1211 3723 1323 3775 Nec
1346 3722 1555 3777 Ansel-

196 3816 321 3857 mus
335 3802 428 3857 vel
453 3800 655 3856 leviter
683 3799 961 3861 insinuat,
988 3796 1139 3871 quod
1162 3798 1552 3871 praedefinitio

193 3880 383 3937 efficax
407 3881 508 3937 Dei
526 3879 597 3936 de
612 3879 827 3936 nostris
853 3877 1073 3935 actibus
1092 3877 1295 3935 debeat
1319 3878 1552 3936 eosdem

198 3969 255 4017 ut
272 3961 657 4019 conditionate
677 3960 905 4016 futuros
930 3975 1366 4031 praesupponere
1396 3984 1412 4027 ;
1456 3959 1556 4017 sed

198 4048 417 4098 tantum
465 4039 738 4106 intendit,
786 4037 938 4110 quod
978 4055 1072 4096 eos
1121 4039 1401 4107 involvat,
1459 4041 1554 4098 vel

197 4127 459 4180 connotet
482 4126 756 4192 tanquam
778 4117 1066 4176 effectum.
1084 4117 1242 4184 Quod
1263 4124 1346 4177 est
1373 4121 1557 4178 veris-

202 4202 433 4268 simum,
458 4199 552 4256 sed
580 4199 747 4256 nobis
775 4213 894 4254 non
920 4198 1275 4255 contrarium
1307 4222 1321 4267 ;
1352 4200 1557 4272 impli—

203 4290 289 4340 cat
327 4281 509 4345 enim,
555 4278 706 4353 quod
752 4280 902 4335 Deus
928 4276 1287 4350 praedefiniat
1331 4285 1556 4337 nostros

204 4370 354 4421 actus
396 4360 603 4433 absque
636 4360 871 4416 laesione
924 4364 1132 4415 nostrae
1164 4358 1465 4425 libertatis,
1498 4366 1556 4418 et

203 4444 348 4519 quod
375 4441 663 4499 indivulse
684 4456 804 4497 non
817 4444 1100 4509 connotet,
1125 4446 1181 4498 et
1203 4442 1417 4499 inferat
1437 4449 1555 4500 tam

206 4523 512 4584 voluntatis
537 4527 769 4587 nostrae,
788 4536 964 4593 quam
980 4528 1210 4578 actuum
1239 4523 1311 4581 ab
1339 4539 1403 4580 ea
1431 4540 1559 4596 pro-

121 4619 189 4654 Γᾶ·
206 4605 520 4665 cedentium
565 4604 913 4677 libertatem.
985 4602 1264 4661 Videatur
1314 4605 1558 4663 Alvarez

210 4688 297 4744 lib.
345 4690 403 4750 4,
444 4686 699 4758 Respons.
742 4702 790 4745 c.
838 4685 898 4750 4,
941 4684 1041 4741 ubi
1079 4685 1215 4742 aliis
1245 4684 1561 4743 levioribus

209 4769 396 4827 Suarii
415 4767 645 4824 motivis
656 4772 860 4823 contra
879 4766 1024 4824 hanc
1032 4765 1352 4825 doctrinam
1372 4784 1562 4825 occur-

213 4853 324 4908 rit:
375 4858 424 4906 et
464 4852 637 4922 cupite
663 4849 701 4903 ὅ
744 4850 1005 4924 sequenti,
1055 4848 1228 4905 diluit
1248 4849 1366 4906 alia
1385 4865 1561 4925 argu-

212 4940 421 4997 menta,
460 4930 667 5004 quibus
693 4929 935 4986 Suarius
971 4934 1209 4989 conatur
1236 4931 1469 4989 trahere
1491 4935 1555 4989 D.

217 5014 582 5089 augustinum
633 5008 710 5067 ad
762 5010 929 5066 illam
973 5013 1327 5085 opinionem,
1387 5029 1562 5086 quam

220 5098 333 5169 ipse
373 5092 636 5169 impingit
680 5091 1006 5150 Anselmo:
1054 5108 1121 5150 ea
1174 5109 1313 5151 vero
1339 5093 1565 5151 omitti-

1688 655 1837 704 mus,
1892 638 2027 710 quia
2075 638 2243 694 facile
2286 635 2695 695 convelluntur
2744 648 2816 689 ex
2857 630 3043 688 dictis.

1761 719 1848 775 Ad
1870 719 2322 776 additamentum
2350 715 2697 774 difficultatis
2735 711 3042 769 dicendum
3058 731 3265 825 ssffiffifff:

1687 804 1790 867 est,
1815 802 1994 857 Deum
2023 814 2186 873 posse
2211 797 2515 871 dupliciter
2545 791 2825 866 impedire
2849 805 3044 865 pecca-

1690 964 1867 1036 possit
1887 980 2154 1038 peccare;
2186 964 2301 1020 alio
2332 960 2500 1017 modo
2533 956 2723 1015 dando
2759 955 3046 1013 auxilium

1688 1043 1901 1110 efficax,
1928 1060 2003 1101 ne
2023 1047 2223 1116 peccet,
2245 1042 2374 1105 licet
2400 1040 2574 1095 simul
2600 1037 2774 1110 possit
2796 1048 3043 1108 peccare.

1690 1126 1955 1182 Primum
1976 1141 2156 1194 genus
2171 1120 2570 1196 impedimenti
2594 1119 2769 1175 violat
2790 1114 3043 1189 quidem,

1689 1207 1782 1264 vel
1820 1212 1883 1263 ut
1913 1206 2177 1279 proprius
2205 1206 2527 1276 loquamur,
2558 1202 2788 1270 superat
2811 1197 2946 1270 jura
2972 1193 3051 1249 li-

1690 1287 1926 1346 bertatis
1976 1288 2244 1343 humanae
2305 1281 2619 1341 secundum
2678 1290 3048 1336 communem

1690 1367 2078 1426 conditionem
2103 1371 2283 1423 status
2309 1365 2421 1422 viae
2446 1388 2461 1431 3
2512 1378 2651 1418 nam
2692 1360 2865 1416 homo
2893 1372 2964 1413 ex
2990 1371 3050 1411 se

1690 1451 2030 1508 defectibilis
2049 1455 2151 1516 est,
2181 1454 2237 1506 et
2263 1446 2431 1505 habet
2452 1444 2776 1502 libertatem
2806 1456 2923 1498 non
2951 1455 3050 1496 so—

1691 1533 1812 1589 lum
1842 1531 1911 1588 ad
1934 1530 2168 1597 bonum,
2216 1527 2316 1585 sed
2342 1527 2518 1584 etiam
2559 1523 2630 1581 ad
2671 1523 2913 1579 malum.
2947 1521 3049 1576 Se-

1689 1612 1940 1671 cundum
1957 1627 2094 1669 vero
2113 1625 2292 1685 genus
2309 1605 2710 1681 impedimenti
2736 1619 2855 1660 non
2870 1602 3048 1684 violat

1692 1694 1973 1769 praedictas
2014 1691 2294 1750 libertatis
2317 1691 2488 1763 jura3
2542 1687 2677 1761 quia
2705 1685 2836 1742 licet
2876 1684 3049 1740 homo

1689 1776 1800 1833 sibi
1849 1775 2080 1833 relictus
2126 1772 2300 1846 possit
2345 1784 2591 1843 peccare,
2642 1771 2694 1823 et
2738 1770 2888 1838 petat
2934 1765 3050 1820 ali-

1690 1857 1918 1932 quando
1973 1854 2252 1919 deficere;
2304 1848 2690 1908 nihilominus
2739 1863 2855 1905 non
2909 1846 3049 1918 petit

1689 1954 1918 2011 semper
1947 1950 2192 2010 peccare.
2226 1936 2294 1988 Et
2332 1930 2461 1988 ideo
2506 1929 2787 1994 voluntaS,
2821 1931 3048 1983 servata

1689 2020 1946 2095 ejusdem
1972 2017 2218 2075 naturali
2235 2013 2578 2078 conditione,
2599 2010 2724 2084 quit
2738 2008 3049 2082 aliquando

1693 2119 1793 2177 per
1838 2101 2122 2159 auxilium
2151 2097 2344 2156 efficax
2391 2091 2788 2159 determinari,
2818 2106 2889 2148 ne
2917 2105 3049 2163 pec-

1689 2189 1792 2248 cet,
1827 2179 2128 2239 retinendo
2153 2178 2331 2234 simul
2360 2174 2706 2238 libertatem,
2739 2187 2838 2227 seu
2870 2177 3050 2242 potes-

1690 2267 1866 2320 tatem
1904 2259 2190 2335 peccandi,
2230 2263 2293 2313 ut
2321 2261 2471 2328 patet
2500 2255 2564 2309 iu
2605 2250 3042 2325 praedestinatiS,

1688 2343 1784 2415 qui
1841 2343 1971 2399 licet
2035 2340 2254 2413 possint
2299 2335 2554 2392 finaliter
2619 2347 2869 2405 peccare,
2926 2345 3047 2387 non

1689 2424 2104 2497 permittuntur
2156 2419 2412 2476 finaliter
2437 2430 2684 2490 peccare.
2718 2416 2913 2469 Patres
2941 2427 3049 2468 au-

1690 2511 1826 2570 tem,
1896 2503 1993 2577 qui
2042 2503 2103 2559 in
2150 2498 2506 2559 contrarium
2550 2495 2901 2557 referuntur,
2952 2508 3048 2549 so-

1692 2589 1813 2644 lum
1843 2584 2153 2642 excludunt
2179 2582 2338 2656 prius
2375 2578 2520 2636 illud
2543 2575 3044 2649 impedimentum,

1691 2675 1748 2727 et
1809 2665 2119 2723 intendunt
2180 2661 2500 2735 oppositam
2555 2656 3045 2732 permissionem:

1692 2750 1939 2807 minime
1964 2762 2101 2804 vero
2126 2745 2347 2809 docent,
2379 2742 2529 2817 quod
2559 2738 2838 2814 posterius
2860 2737 3031 2809 impe·

1690 2831 2013 2888 dimentum
2080 2825 2404 2902 praejudicet
2453 2822 2723 2880 libertati.
2787 2817 3049 2892 Oportuit

1691 2930 1844 2981 ver0,
1868 2910 2017 2985 quod
2059 2912 2205 2966 Deus
2227 2906 2583 2981 permitteret
2624 2907 2912 2978 peccatum
2941 2900 3052 2957 ho-

1692 2995 1890 3060 minis,
1952 2998 2016 3048 ut
2070 2991 2151 3047 sic
2193 3005 2265 3046 ex
2310 2989 2433 3060 ipso
2478 2987 2675 3043 effectu
2723 2982 3051 3041 evidentius

1690 3087 2156 3150 cognosceremus
2203 3069 2499 3126 hominem
2558 3082 2680 3123 esse
2729 3064 2896 3122 liberi
2952 3080 3050 3119 ar-

1692 3155 1852 3212 bitrii
1906 3152 1977 3211 ad
2026 3149 2390 3226 peccandum,
2447 3154 2502 3204 et
2554 3162 2673 3203 non
2704 3143 3050 3219 peccandum

1690 3233 1976 3312 (quamvis
2024 3247 2140 3290 non
2160 3231 2240 3287 sic
2279 3231 2548 3294 eluceret,
2579 3230 2628 3285 si
2655 3230 2927 3300 perpetuo
2957 3239 3052 3281 re·

1690 3318 1956 3375 tinuisset
1978 3315 2261 3389 justitiam
2290 3311 2659 3385 originalem)
2686 3313 2742 3366 et
2765 3308 2944 3364 simul
2980 3322 3054 3363 ne

1692 3396 2115 3473 impedirentur
2154 3395 2268 3449 alia
2315 3394 2484 3464 plura
2532 3390 2702 3456 bona,
2749 3404 2875 3462 quae
2918 3402 3054 3460 per-

1690 3478 2026 3535 missionem
2075 3473 2280 3546 peccati
2309 3475 2652 3542 consequuta
2679 3473 2831 3536 sunt,
2868 3472 2930 3522 ut
2954 3467 3052 3522 in-

1690 3557 1947 3617 carnatio
1974 3552 2207 3618 Christi,
2240 3551 2629 3608 manifestatio
2675 3548 2889 3603 divinae
2931 3546 3051 3618 jus-

1689 3642 1846 3705 titiae,
1905 3634 2260 3710 poenitentia,
2306 3632 2627 3694 humilitas,
2677 3635 2735 3687 et
2779 3629 2896 3684 alia
2934 3628 3048 3683 hu-

1684 3717 1957 3798 jusmodi.
2014 3714 2457 3785 Desumiturque
2510 3711 2589 3766 ita
2637 3708 2930 3781 responsio
2974 3724 3047 3765 ex

1690 3809 1754 3862 D.
1781 3800 1989 3856 Thom.
2019 3798 2079 3851 in
2098 3797 2135 3849 2
2158 3795 2233 3850 ad
2252 3793 2296 3851 A
2311 3793 2555 3848 unibald.
2584 3792 2715 3847 dist.
2733 3791 2824 3855 23,
2857 3798 3038 3867 quaest.
3057 3799 3262 3845 DJrhom.

1688 3887 1876 3945 unica.
1926 3886 2054 3936 arc.
2101 3880 2147 3944 1,
2206 3874 2303 3932 ubi
2351 3874 2583 3948 inquit:
2638 3896 2665 3927 «
2707 3871 3040 3941 Dicendum,

1696 3992 1722 4022 α
1762 3961 1911 4039 quod
1933 3959 2239 4033 dupliciter
2260 3956 2531 4028 potuisset
2573 3953 2830 4011 hominis
2853 3969 3049 4027 pecca-

1696 4072 1722 4103 «
1764 4052 1888 4102 tum
1918 4037 2188 4114 impediri
2211 4053 2244 4093 a
2271 4039 2406 4093 Deo.
2438 4038 2565 4093 Uno
2585 4034 2755 4091 modo
2777 4039 2837 4090 ut
2864 4034 3050 4091 aufer·
3149 4054 3154 4059 ·

1696 4152 1720 4182 α
1765 4132 1926 4184 retur
1965 4119 2232 4196 peccandi
2274 4118 2566 4190 potentia3
2612 4116 2729 4173 alio
2767 4115 2955 4184 mod0,
2989 4120 3051 4171 ut

1697 4232 1722 4264 «
1764 4204 2145 4279 impediretur
2167 4198 2376 4273 peccati
2420 4204 2593 4254 actus,
2620 4197 2884 4254 Potentia
2918 4197 3052 4268 qui-

1697 4313 1723 4344 «
1765 4288 1897 4346 dem
1925 4280 2192 4359 peccandi
2216 4296 2316 4354 per
2357 4283 2626 4335 naturam
2667 4292 2865 4334 carere
2891 4292 3057 4334 crea-

1697 4392 1724 4423 α
1765 4373 1896 4424 tura
1927 4360 2227 4422 rationalis
2252 4375 2368 4416 non
2397 4363 2591 4430 potest,
2623 4358 2760 4431 quia
2781 4356 2883 4413 hoc
2907 4356 3049 4428 ipso,

1699 4473 1726 4504 «
1765 4446 1915 4523 quod
1954 4448 2039 4502 est
2088 4458 2158 4500 ex
2203 4440 2412 4507 nihilo,
2451 4439 2575 4513 ejus
2603 4441 2848 4510 potestas
2875 4441 3055 4508 potest

1699 4556 1725 4587 α
1766 4543 2006 4604 vergere
2056 4526 2118 4581 in
2159 4522 2465 4580 defectum.
2516 4521 2706 4577 Potest
2733 4524 2928 4575 tamen
2952 4534 3055 4591 per

1700 4635 1727 4667 α
1766 4610 2014 4687 gratiam
2034 4603 2477 4663 confirmantem
2497 4600 2627 4657 talis
2644 4598 2896 4673 potentia
2917 4603 3056 4656 tota-

1700 4716 1727 4748 α
1768 4693 1903 4749 liter
1930 4686 2122 4763 ligari,
2150 4698 2223 4739 ne
2245 4683 2308 4738 in
2335 4687 2622 4754 peccatum
2652 4695 2819 4737 ruere
2843 4678 3053 4752 possit:

1701 4796 1727 4826 α
1767 4767 1918 4843 quod
1961 4764 2196 4840 quidem
2224 4777 2341 4817 non
2367 4758 2606 4817 debetur
2633 4764 2855 4816 naturae
2883 4758 3057 4815 insti-

1701 4876 1728 4907 «
1768 4854 1926 4913 tutas,
1958 4845 2054 4902 sed
2078 4850 2299 4900 naturae
2326 4840 2533 4897 ultima
2554 4840 2901 4912 perfectione
2915 4854 3058 4912 ¹per-

1701 4955 1728 4988 α
1770 4933 1947 4989 fectae.
1994 4923 2157 4981 Unde
2182 4928 2235 4980 et
2257 4921 2511 4997 Angelis,
2542 4920 2750 4993 quibus
2769 4924 2896 4978 erat
2921 4918 3057 4977 bre-

1702 5036 1728 5068 «
1768 5010 1899 5068 vior
1925 5007 2024 5063 via
2050 5008 2259 5061 statuta
2288 5001 2358 5058 ad
2406 5000 2818 5058 beatitudinem
2849 5015 3057 5072 perve-

1702 5116 1729 5148 «
1772 5086 1990 5155 niendi,
2018 5084 2212 5142 statim
2239 5082 2455 5158 quasia
2477 5081 2764 5156 principio
2787 5079 3058 5154 praedicta

3077 832 3244 875 cultatis

1688 887 1834 949 tum,
1866 899 1981 940 uno
1996 883 2165 940 modo
2180 878 2492 937 auferendo
2514 895 2547 935 a
2569 869 3044 946 voluntate,quod
3071 886 3250 974 pggsutlpr-
