3647 5753
472 534 761 609 condigni)
788 532 953 590 debet
996 546 1118 588 esse
1168 528 1402 603 aequalis
1442 525 1659 583 valoris
1699 538 1830 580 cum

473 616 732 690 praemio,

276 719 431 762 seeun-
543 701 599 753 7.
644 694 920 769 Arguitur
964 691 1256 750 secundo:
1312 694 1468 746 actus
1530 683 1831 745 charitatis

256 767 458 869 ffiffleff·
473 793 572 851 per
590 794 651 834 se
672 782 754 833 est
769 774 838 831 de
856 773 1138 847 condigno
1161 771 1496 828 meritorius
1517 769 1650 826 vitae
1670 771 1832 823 aeter-

308 870 405 910 tum.
473 874 597 915 nze:
627 855 724 913 sed
755 872 871 912 non
900 859 1178 928 repugnat
1217 852 1344 908 dari
1375 847 1704 926 hujusmodi
1734 861 1829 902 ac-

468 947 592 997 tum
636 939 763 995 sine
807 936 991 1011 gratia
1022 958 1033 992 :
1066 951 1219 1010 ergo,
1251 939 1357 991 etc.
1387 933 1574 1007 Maj0r
1598 928 1831 987 videtur

468 1021 781 1094 perspicua,
814 1017 1088 1090 quoniam
1144 1021 1299 1072 actus
1343 1020 1680 1072 caeterarum
1705 1010 1831 1066 vir-

294 1100 327 1117 ‘
466 1106 651 1156 tutum
683 1115 797 1155 non
820 1096 1049 1161 habent,
1071 1095 1221 1169 quod
1243 1096 1359 1150 sint
1383 1092 1685 1159 meritorii,
1715 1089 1829 1145 nisi

466 1180 685 1238 ratione
712 1180 1007 1236 charitatis
1041 1198 1053 1232 ε
1082 1193 1217 1250 ergo
1240 1184 1394 1233 actus
1424 1177 1543 1248 ipse
1575 1173 1831 1231 charita·-

461 1262 537 1317 tis
577 1277 677 1335 per
726 1260 977 1332 seipsum
1025 1258 1255 1315 habebit
1287 1257 1573 1314 rationem
1604 1250 1825 1310 meriti.

464 1343 656 1400 Minor
679 1358 815 1398 vera
844 1341 1115 1414 probatur
1150 1361 1162 1396 :
1196 1345 1319 1395 tum
1350 1339 1489 1412 quia
1519 1353 1635 1394 non
1664 1333 1831 1391 vide-

466 1430 560 1479 tur
600 1423 898 1496 implicare
937 1421 1470 1486 contradictionem,
1499 1416 1648 1493 quod
1684 1418 1830 1471 Deus

464 1512 686 1581 separet
723 1505 1058 1562 charitatem
1109 1521 1140 1561 a
1180 1504 1383 1579 gratia,
1446 1508 1501 1560 et
1539 1502 1669 1557 sine
1724 1499 1830 1554 hac

462 1594 636 1662 ponat
662 1588 823 1644 illam
848 1587 910 1641 in
932 1587 1244 1653 voluntate,
1279 1600 1407 1642 cum
1441 1584 1560 1640 sint
1590 1598 1680 1638 res
1708 1595 1831 1637 om-

462 1671 603 1726 nino
630 1668 927 1725 distinctae.
959 1669 1106 1723 Tum
1134 1667 1330 1731 etiam,
1364 1665 1503 1738 quia
1529 1670 1647 1721 esto
1677 1658 1827 1735 quod

462 1748 688 1806 habitus
727 1750 847 1820 ipse
884 1748 1181 1804 charitatis
1210 1762 1327 1803 non
1357 1744 1529 1818 possit
1576 1761 1609 1800 a
1639 1740 1829 1819 gratia

463 1829 741 1904 separari,
775 1834 831 1884 at
861 1845 978 1886 non
1010 1834 1308 1903 repugnat,
1340 1826 1490 1899 quod
1519 1823 1665 1883 Deus
1689 1838 1830 1880 con-

468 1911 612 1968 ferat
634 1911 801 1967 alicui
828 1925 945 1965 non
967 1908 1203 1966 habenti
1233 1907 1496 1964 habitum
1525 1902 1829 1963 charitatis

468 1992 696 2067 aliquod
737 1995 857 2067 ejus
923 1992 1228 2054 auxilium,
1278 2006 1389 2064 quo
1441 2006 1544 2063 per
1591 1987 1828 2046 modum

468 2077 819 2133 transeuntis
872 2075 1040 2131 faciat
1086 2073 1419 2147 praedictum
1467 2076 1654 2128 actum
1688 2090 1700 2126 ε
1729 2084 1828 2126 er-

505 2175 553 2225 0,
581 2166 684 2215 etc.

253 2268 439 2320 Respon-
465 2176 500 2233 g
544 2231 939 2305 Respondetur
980 2230 1239 2307 negando
1285 2231 1586 2304 maj0rem,
1642 2226 1691 2282 si
1738 2227 1829 2283 lo-

305 2317 387 2362 sio.
467 2330 713 2387 quamur
753 2312 822 2369 de
863 2317 986 2367 actu
1035 2312 1330 2368 charitatis
1376 2316 1438 2367 ut
1488 2312 1749 2380 separato
1795 2322 1828 2363 a

467 2397 650 2470 gratia
692 2396 834 2465 (sive
886 2394 1015 2448 talis
1057 2401 1212 2450 actus
1267 2391 1557 2467 possibilis
1582 2390 1673 2454 sit,
1705 2388 1829 2445 sive

468 2495 586 2536 non
623 2477 732 2533 :de
772 2493 883 2547 quo
921 2475 1175 2533 diximus
1215 2484 1376 2533 tract.
1437 2477 1520 2540 15,
1568 2474 1710 2544 disp.
1766 2473 1821 2537 2,

463 2560 591 2615 dub.
623 2562 698 2629 6),
726 2558 859 2629 quia
889 2574 1070 2630 neque
1103 2566 1256 2616 actus
1302 2555 1616 2619 charitatiS,
1645 2568 1829 2624 neque

461 2639 698 2696 alterius
726 2639 978 2703 virtutis,
1010 2646 1156 2697 esset
1182 2639 1393 2714 dignus
1432 2637 1552 2693 vita
1587 2640 1822 2700 aeterna,

452 2721 577 2776 nisi
607 2722 668 2777 in
689 2719 959 2794 subjecto,
987 2736 1020 2776 a
1041 2737 1152 2793 quo
1176 2717 1445 2792 procedit,
1471 2719 1829 2788 supponatur

461 2803 666 2879 gratia,
699 2818 823 2874 quae
867 2809 924 2858 et
957 2803 1105 2859 illud
1151 2807 1401 2875 gratum.
1432 2804 1488 2855 et
1535 2803 1826 2869 acceptum

466 2882 663 2941 reddat
691 2888 821 2950 De0,
854 2889 910 2938 et
937 2885 1045 2957 ipsi
1071 2883 1218 2940 actui
1246 2881 1504 2939 conferat
1546 2880 1827 2952 aequalem

464 2968 724 3023 valorem
765 2982 894 3021 cum
934 2966 1159 3023 visione
1210 2964 1391 3021 beata.
1425 2961 1584 3028 Quod
1611 2963 1829 3036 optime

463 3047 656 3105 docuit
683 3050 745 3104 D.
782 3048 984 3104 Thom.
1038 3053 1219 3124 quoest.
1251 3048 1323 3101 27
1349 3045 1412 3100 de
1454 3043 1617 3102 Verit.
1649 3051 1759 3099 art.
1791 3046 1828 3099 2

464 3133 525 3186 in
544 3130 810 3186 solutione
831 3132 905 3185 ad
924 3132 979 3196 4,
1006 3129 1097 3185 his
1126 3128 1319 3185 verbis
1353 3149 1366 3184 ε
1414 3149 1439 3180 α
1485 3125 1822 3191 Dicendum,

470 3235 497 3265 (ι
537 3213 687 3285 quod
726 3214 974 3270 charitas
1017 3227 1131 3269 non
1176 3210 1459 3268 sufficeret
1494 3207 1565 3265 ad
1592 3223 1829 3265 meren-

473 3318 499 3348 «
541 3295 679 3352 dum
709 3295 923 3354 bonum
947 3300 1243 3357 aeternum,
1271 3293 1385 3349 nisi
1419 3290 1830 3366 praesupposita

474 3401 500 3433 α
543 3379 852 3436 idoneitate
873 3377 1168 3445 merentis,
1184 3391 1308 3450 quae
1327 3381 1412 3433 est
1434 3391 1532 3447 per
1552 3373 1822 3449 gratiam;

476 3481 501 3511 α
545 3460 713 3516 aliter
729 3458 888 3515 enim
910 3458 1137 3515 dilectio
1161 3461 1357 3514 nostra
1374 3470 1490 3512 non
1505 3459 1648 3511 esset
1669 3458 1827 3510 tanto

475 3563 501 3593 α
545 3540 784 3614 praemio
805 3538 998 3613 digna.
1044 3560 1069 3592 »
1117 3539 1185 3594 Et
1225 3536 1371 3593 ratio
1410 3541 1511 3597 est.
1544 3533 1678 3607 quia
1709 3539 1825 3590 tam

466 3621 736 3687 charitaS,
756 3637 928 3693 quam
949 3617 1220 3693 quaelibet
1240 3617 1353 3674 alia
1377 3615 1563 3671 virtus
1583 3619 1668 3670 est
1690 3628 1828 3687 par—-

470 3701 722 3775 ticipatio
774 3701 1015 3774 alicujus
1059 3716 1129 3756 ex
1173 3698 1391 3754 divinis
1433 3692 1744 3759 attributiS,
1771 3698 1827 3751 et

469 3784 547 3839 ita
576 3799 690 3840 non
719 3788 898 3855 potest
936 3781 1233 3853 adaequare
1278 3779 1341 3834 in
1382 3777 1744 3851 perfectione,
1770 3779 1827 3831 et

468 3864 665 3920 valore
691 3864 975 3919 visionem
1004 3860 1247 3926 beatam,
1279 3874 1406 3932 quae
1432 3864 1515 3914 est
1562 3855 1827 3915 formalis

470 3945 829 4018 participatio
869 3944 1048 4016 ipsius
1068 3941 1285 3998 divinae
1299 3942 1561 3997 essentiae
1581 3944 1636 3997 et
1654 3943 1828 3993 natu-

470 4043 565 4094 rae,
595 4029 740 4082 utin
760 4025 1004 4083 secunda
1030 4025 1270 4090 ratione,
1301 4042 1454 4080 num.
1486 4024 1521 4078 3
1549 4021 1819 4077 vidimus.

252 4133 442 4179 'renium
542 4112 595 4166 8.
642 4110 832 4166 Tertio
879 4109 1157 4183 arguitur,
1189 4107 1325 4179 quia
1365 4121 1483 4163 non
1518 4103 1702 4179 magis
1731 4117 1827 4159 re-

254 4195 452 4278 afflig&
468 4192 720 4266 quiritur
758 4192 942 4266 gratia
969 4191 1039 4248 ad
1076 4189 1419 4247 merendum
1448 4187 1628 4243 vitam
1656 4191 1826 4242 aeter-

264 4284 318 4327 n.
339 4283 443 4329 atio.
470 4293 627 4342 nam,
647 4293 821 4350 quam
843 4275 912 4332 ad
939 4272 1407 4332 satisfaciendum
1435 4288 1539 4344 pro
1561 4275 1781 4344 peccato
1807 4289 1820 4325 :

468 4357 565 4413 sed
596 4357 906 4413 satisfactio
943 4360 1123 4429 potest
1169 4354 1296 4412 fieri
1338 4352 1547 4425 absque
1589 4349 1774 4425 gratia
1808 4368 1821 4404 ι

464 4453 601 4513 ergo
640 4445 696 4495 et
742 4438 1036 4495 meritum.
1091 4437 1275 4509 MaJ'or
1309 4433 1541 4491 videtur
1579 4446 1702 4489 esse
1753 4432 1818 4485 D.

467 4520 674 4576 Thom.
724 4522 784 4574 in
834 4522 889 4584 4,
937 4519 1065 4574 dist.
1124 4519 1206 4582 17,
1252 4520 1434 4593 quaest.
1484 4516 1540 4580 2,
1603 4518 1712 4567 art.
1763 4511 1820 4576 4,

462 4601 778 4677 quaestiunc.
809 4600 844 4654 3
869 4600 947 4654 ad
967 4600 1021 4665 3,
1055 4595 1152 4653 uhi
1181 4593 1356 4661 docet,
1388 4593 1538 4668 quod
1565 4590 1825 4649 satisfac-

464 4680 547 4737 tio
568 4679 733 4738 debet
751 4679 877 4737 fieri
907 4696 1008 4753 per
1029 4695 1171 4751 opus
1199 4675 1588 4734 meritorium.
1616 4676 1685 4729 Et
1706 4672 1825 4729 mi-

463 4775 573 4817 nor
594 4760 883 4826 suadetur,
907 4760 1043 4835 quia
1069 4760 1117 4816 si
1139 4758 1269 4832 quis
1315 4756 1380 4813 in
1418 4762 1568 4813 statu
1613 4754 1822 4828 peccati

462 4842 779 4917 adimpleat
806 4843 1203 4915 poenitentiam
1250 4838 1360 4897 sibi
1402 4855 1434 4896 a
1472 4835 1823 4896 confessario

466 4925 815 4998 impositam,
843 4941 978 4983 vere
1017 4924 1291 4981 satisfacit
1332 4937 1434 4996 per
1460 4921 1645 4987 illam,
1677 4919 1825 4976 alias

466 5022 586 5065 non
642 5006 983 5080 adimpleret
1043 5010 1388 5078 praeceptum
1448 5000 1819 5068 confessarii,

480 366 593 422 710
1411 356 1504 411 DE
1543 346 2029 410 NECESSITATE
2070 340 2386 399 GRATIAE.

1965 514 2116 592 quod
2138 517 2224 571 est
2243 513 2313 569 de
2333 511 2738 577 satisfactione,
2764 517 2819 568 et
2843 512 2920 568 ita
2948 515 3249 567 teneretur
3270 526 3342 568 ex

1963 600 2025 656 vi
2052 598 2210 653 illius
2235 594 2494 667 praecepti
2519 593 2753 657 iterum,
2787 609 2915 650 cum
2940 597 3087 649 esset
3109 592 3176 647 in
3199 607 3340 665 gra-

1965 680 2076 746 tia,
2123 675 2451 750 praedictam
2510 675 2910 746 poenitentiam
2977 669 3339 744 adimplere;

1963 758 2114 834 quod
2132 759 2352 814 constat
2376 769 2496 810 esse
2523 754 2753 811 falsum.
2784 756 2851 810 Et
2873 759 3170 828 praeterea,
3199 753 3342 826 quia

1963 842 2272 900 satisfactio
2314 839 2435 903 illa,
2480 854 2609 894 cum
2657 838 2731 892 sit
2778 854 2910 909 pars
2960 836 3332 893 sacramenti.

1963 940 2081 980 non
2106 924 2285 995 potest
2305 934 2421 976 non
2446 916 2742 974 recedente
2765 922 3007 990 peccato,
3028 921 3083 973 et
3104 915 3341 972 fictione

1963 1003 2174 1061 habere
2226 1018 2393 1058 suum
2439 998 2721 1062 effectum,
2762 999 2860 1069 qui
2902 1006 2986 1055 est
3032 997 3339 1070 acquisitio

1962 1084 2177 1160 gratiae,
2209 1089 2265 1140 et
2305 1082 2566 1139 remissio
2607 1096 2789 1153 poeuae
2825 1102 2837 1134 e
2880 1094 3016 1153 ergo
3065 1078 3338 1151 praedicta

1962 1165 2268 1222 satisfactio
2291 1163 2460 1219 habet
2487 1163 2762 1225 valorem,
2783 1160 3011 1216 etiamsi
3042 1158 3140 1215 fiat
3168 1166 3333 1216 extra

1963 1251 2174 1302 statum
2202 1246 2426 1319 gratiae.
3629 1092 3647 1357 j

2040 1319 2435 1394 Respondetur
2479 1317 2668 1390 primo
2709 1315 2958 1371 admissa
2987 1313 3192 1389 majori
3225 1330 3337 1370 ne·
3369 1323 3534 1366 sotem

1962 1400 2149 1478 gando
2180 1401 2468 1457 minbrem
2497 1424 2509 1465 ;
2540 1400 2674 1470 quia
2717 1397 2947 1452 nullum
2989 1412 3129 1468 opus
3169 1400 3339 1451 extra
3609 1362 3647 1705 Ὗ

1961 1484 2209 1558 gratiam
2239 1483 2450 1540 factum
2477 1487 2562 1538 est
2589 1478 2737 1552 apud
2787 1480 2964 1533 Deum
3014 1477 3339 1533 satisfacto·

1965 1565 2139 1629 rium,
2193 1570 2253 1620 ut
2307 1566 2372 1619 D.
2422 1563 2626 1617 Thom.
2671 1574 2938 1632 expresse
2989 1556 3152 1615 docet
3192 1560 3256 1612 in
3277 1559 3334 1620 4,
3373 1552 3524 1594 1)·Τῶ

1961 1646 2091 1702 dist.
2131 1647 2214 1710 15,
2241 1652 2426 1722 φησει.
2474 1645 2516 1710 1,
2549 1649 2658 1697 art.
2691 1643 2744 1704 3,
2777 1640 3072 1718 quaestiunc
3110 1640 3166 1704 2,
3201 1637 3290 1694 ibi
3323 1658 3338 1692 ε

1968 1749 1993 1781 α
2039 1726 2183 1793 Quia
2221 1727 2285 1782 in
2336 1724 2721 1783 satisfactione
2759 1720 2961 1793 (verba
3004 1725 3140 1777 sunt
3180 1724 3335 1796 Aug.

1965 1810 2218 1868 Doctoris
2256 1811 2377 1867 loco
2423 1809 2563 1876 cit.)
2614 1811 2839 1878 oportet
2880 1803 3029 1877 quod
3076 1804 3338 1861 amicitia

1969 1915 1995 1947 α
2039 1894 2317 1958 restituta,
2338 1891 2573 1964 justitiae
2619 1888 2914 1961 aequalitas
2968 1886 3331 1944 restituatur.

1970 1976 2195 2049 «cujus
2244 1973 2601 2033 contrarium
2656 1972 2972 2027 amicitiam
3024 1969 3218 2032 solvit,
3275 1974 3338 2024 ut

1970 2079 1995 2110 α
2039 2057 2418 2128 Philosophus
2446 2054 2506 2109 in
2535 2055 2570 2108 8
2613 2052 2793 2108 Ethic.
2825 2048 2980 2106 dicit.
3015 2050 3342 2122 AEqualitas

1967 2158 1994 2190 α
2038 2142 2227 2194 autem
2276 2139 2337 2193 in
2383 2135 2769 2192 satisfactione
2792 2131 2861 2187 ad
2894 2132 3071 2187 Deum
3101 2147 3220 2187 non
3249 2138 3337 2187 est

1970 2238 1996 2271 α
2036 2217 2350 2275 secundum
2391 2213 2876 2289 aequivalentiam,
2910 2211 3005 2267 sed
3037 2211 3219 2285 magis
3238 2227 3340 2268 se-

1967 2321 1992 2353 «
2037 2298 2287 2356 cundum
2334 2299 2780 2370 acceptationem
2834 2294 3047 2366 ipsius;
3096 2298 3151 2348 et
3205 2291 3340 2350 ideo

1969 2404 1995 2436 α
2037 2386 2275 2454 oportet,
2302 2380 2451 2453 quod
2492 2380 2733 2454 etsijam
2757 2377 2974 2435 offensa
2993 2376 3068 2433 sit
3089 2375 3339 2431 dimissa

1967 2484 1992 2517 «
2039 2479 2139 2535 per
2208 2460 2619 2535 praecedentem
2691 2457 3127 2524 contritionem,
3178 2457 3340 2530 quod

1970 2566 1995 2597 α
2037 2559 2212 2616 opera
2232 2541 2610 2598 satisfactoria
2636 2541 2884 2595 sintDeo
2913 2542 3151 2611 accepta,
3179 2537 3339 2609 quod

1969 2648 1996 2680 <z
2038 2625 2133 2682 dat
2158 2627 2241 2683 eis
2259 2623 2508 2681 charitas
2535 2624 2794 2694 (intelliye
2819 2620 2988 2676 simul
3025 2636 3149 2674 cum
3195 2636 3338 2690 qra-

1962 2712 2123 2779 tia);
2175 2713 2231 2765 et
2282 2706 2406 2764 ideo
2447 2706 2574 2762 sine
2619 2706 2898 2762 charitate
2946 2705 3141 2779 (atque
3193 2702 3335 2757 adeo

1960 2795 2078 2848 sinc
2136 2792 2345 2861 qratia)
2409 2803 2582 2860 opera
2650 2787 2794 2843 facta
2846 2801 2962 2842 non
3003 2791 3136 2842 sunt
3188 2786 3336 2841 satis

1968 2897 1993 2929 α
2039 2873 2300 2932 factoria.
2350 2894 2375 2924 n

2037 2947 2293 3005 Secundo
2346 2944 2722 3020 respondetur
2786 2942 3142 3001 admittendo
3201 2957 3337 2998 cum
3407 2971 3501 3013 M„

1963 3030 2231 3103 Caietano
2280 3028 2341 3085 in
2393 3029 2651 3091 Summa,
2685 3024 2861 3081 verbo
2898 3024 3208 3096 satisfactio
3235 3039 3338 3077 sa·
3369 3029 3536 3113 regigen-

1958 3112 2329 3174 oramentaliS,
2362 3109 2813 3165 satisfactionem
2849 3106 3336 3164 sacramentalem
3392 3101 3524 3171 daie«,

1957 3192 2022 3248 in
2054 3198 2274 3264 peccato
2301 3190 2536 3248 mortali
2563 3188 2883 3246 exhibitam
2909 3186 3205 3245 recedente
3236 3184 3336 3242 fic-

1958 3272 2113 3330 tione
2163 3273 2374 3330 habere
2426 3272 2721 3335 effectum,
2773 3271 2870 3343 qui
2926 3266 3334 3340 correspondet

1963 3352 2072 3420 illi,
2103 3359 2268 3426 prout
2296 3358 2381 3410 est
2435 3369 2566 3425 pars
2611 3349 3162 3421 sacramenti,atque
3190 3346 3334 3403 adeo

1961 3448 2033 3490 ex
2059 3451 2230 3508 opere
2257 3440 2487 3507 operato
2521 3455 2532 3489 :
2562 3432 2808 3489 dicimus
2844 3437 3039 3488 tamen
3083 3426 3332 3501 praedic-

1961 3519 2080 3571 tam
2108 3515 2554 3572 satisfactionem
2585 3514 2814 3569 nullum
2839 3512 3038 3568 sortiri
3066 3509 3336 3566 valorem

1960 3611 2031 3652 ex
2057 3612 2228 3670 opere
2255 3596 2566 3668 operantis,
2597 3595 2734 3667 quia
2782 3591 2913 3650 licet
2958 3608 3098 3665 opus
3137 3606 3337 3647 sacra-

1961 3678 2216 3735 mentale
2243 3682 2406 3735 extra
2427 3677 2677 3750 gratiam
2715 3675 2925 3730 factum
2957 3673 3132 3746 possit
3153 3670 3335 3728 adve-

1964 3762 2157 3817 niente
2185 3761 2373 3836 gratia
2421 3761 2482 3816 in
2523 3760 2735 3814 virtute
2782 3757 2962 3829 ipsius
2987 3755 3336 3812 sacramenti

1959 3844 2221 3901 effectum
2268 3842 2450 3915 ipsius
2498 3838 2843 3897 sacramenti
2889 3840 3173 3904 conferre,
3197 3837 3339 3910 quia

1961 3933 2156 3984 tamen
2183 3924 2495 3982 secundum
2524 3940 2605 3990 se,
2636 3930 2689 3980 et
2736 3938 2806 3979 ex
2853 3928 3012 3995 parte
3039 3920 3339 3994 operantis

1959 4012 2180 4067 nullius
2236 4009 2448 4066 valoris
2493 4008 2599 4063 fuit
2646 4005 2795 4078 apud
2842 4007 3040 4072 Deum,
3075 4002 3202 4059 ideo
3226 4003 3336 4059 etsi

1950 4098 2249 4167 peccatum
2300 4090 2541 4154 recedat,
2577 4091 2809 4145 nullum
2854 4093 3034 4160 potest
3072 4086 3335 4144 valorem

1957 4176 2156 4233 sortiri
2196 4175 2259 4229 in
2313 4173 2519 4230 ordine
2571 4172 2642 4229 ad
2699 4172 2887 4245 ipsum
2915 4193 2930 4236 3
2980 4175 3147 4242 atque
3195 4167 3338 4227 adeo

1961 4273 2144 4331 neque
2204 4255 2416 4312 habere
2486 4256 2770 4313 rationem
2831 4248 3199 4308 satisfactorii
3263 4266 3338 4308 ex

1959 4356 2130 4413 opere
2178 4337 2490 4410 operantiS,
2550 4352 2650 4393 nec
2697 4334 3021 4395 meritorii:
3053 4334 3335 4390 meritum

1958 4422 2119 4479 enim
2149 4436 2265 4477 non
2293 4419 2563 4476 convenit
2612 4417 2823 4474 nostris
2871 4415 3088 4473 actibus
3133 4430 3339 4472 secun-

1958 4502 2099 4558 dum
2123 4501 2201 4566 id,
2227 4498 2376 4575 quod
2400 4498 2609 4556 habere
2639 4503 2872 4571 possunt
2897 4513 2968 4554 ex
2995 4511 3167 4570 opere
3194 4511 3336 4568 ope·
3363 4531 3370 4538 -

1963 4589 2103 4650 rato,
2136 4589 2191 4641 et
2219 4584 2283 4640 in
2325 4583 2539 4639 virtute
2583 4577 3085 4647 sacramenti;sed
3123 4592 3336 4634 secun-

1958 4668 2100 4724 dum
2141 4665 2218 4732 id,
2249 4663 2399 4739 quod
2449 4663 2661 4720 habent
2705 4678 2776 4720 ex
2829 4677 3001 4735 opere
3033 4660 3335 4734 operantis

1960 4766 2062 4824 per
2087 4748 2363 4825 gratiam.

2034 4833 2087 4889 9.
2133 4830 2389 4887 Tandem
2412 4828 2709 4904 arguitur:
2740 4827 3016 4901 quoniam
3044 4825 3329 4891 Christus„
3349 4843 3552 4888 mum

1957 4914 2063 4972 etsi
2087 4928 2204 4969 non
2236 4909 2470 4967 haberet
2509 4908 2757 4984 gratiam
2794 4907 3168 4974 habitualem,
3200 4920 3333 4963 me-
3348 4904 3449 4989 „¹22

1958 5000 2186 5054 teretur
2212 4991 2281 5049 de
2301 4990 2587 5065 condigno
2612 5004 2729 5047 non
2750 4990 2939 5046 solum
2962 4989 3145 5045 vitam
3166 4991 3336 5044 aeter-

3167 5084 3330 5136 nam,
