3647 5753
506 380 619 437 284
1475 370 1568 423 DE
1608 365 2095 423 CERTITUDINE
2134 364 2447 419 GRATIAE.

948 507 956 516 ⁸
1007 545 1292 599 DUBIUM
1332 545 1376 598 1.

517 690 710 750 Vtrum
750 693 908 747 homo
946 693 1120 765 possit
1158 697 1300 746 cerlo
1339 704 1646 761 coynoscere
1683 704 1738 770 se
1762 702 1871 743 esse

1031 773 1092 826 in
1116 770 1351 842 qratia?

584 922 661 976 Ut
686 935 810 993 quae
836 919 1172 975 communia
1196 918 1316 973 sint
1341 917 1493 973 inter
1530 916 1862 990 Theologos,

507 1016 840 1074 separemus
868 997 937 1055 ab
960 998 1067 1064 his,
1089 1014 1215 1072 quae
1242 997 1496 1055 offerunt
1514 996 1870 1069 disceptatio·

511 1083 602 1139 nis
617 1081 942 1146 materiam,
960 1085 1185 1152 oportet
1206 1073 1397 1152 aliqua
1415 1079 1782 1152 praemittere,
1797 1093 1869 1134 ex

507 1161 713 1236 quibus
733 1165 910 1217 status
932 1159 1357 1224 controversiae,
1382 1163 1438 1214 et
1460 1173 1642 1227 voces,
1661 1157 1869 1231 quibus

509 1241 867 1316 proponitur,
900 1241 1083 1316 magis
1117 1239 1492 1295 innotescent.

1128 1443 1244 1512 §L

419 1603 425 1608 ·
509 1590 877 1647 Proelibantur
927 1591 1122 1667 aliqua
1166 1607 1271 1662 pro
1315 1589 1471 1644 dubii
1518 1588 1861 1644 resolutione..

333 1777 473 1822 Mum,
592 1748 637 1801 l.
681 1748 951 1821 Magnam
993 1744 1426 1819 ambiguitatem
1468 1745 1618 1817 parit
1657 1744 1720 1800 in
1761 1743 1866 1799 hac

300 1829 497 1920 52¹3&ss
508 1840 676 1881 causa
695 1825 922 1882 diversa
936 1824 1299 1881 certitudinis
1322 1824 1634 1897 usurpatio.
1655 1827 1859 1890 Quam,

292 1928 489 1980 acceptio.
512 1912 571 1962 ut
609 1922 961 1978 superemus,
1008 1904 1431 1962 observandum
1473 1910 1575 1970 est,
1613 1905 1762 1977 quod
1803 1909 1866 1964 ut

511 1988 680 2045 latius
700 1986 1120 2045 declarabimus
1142 1989 1200 2042 in
1215 1993 1377 2043 tract.
1394 1988 1458 2042 de
1478 1985 1630 2054 Fide,
1655 1986 1859 2059 dis-122,

506 2070 633 2126 dub.
664 2073 720 2138 5,
750 2068 1027 2127 certitudo
1056 2069 1171 2126 alia
1211 2074 1295 2125 est
1332 2069 1628 2144 objectiva,
1666 2073 1722 2125 et
1749 2069 1865 2124 alia

508 2150 789 2207 formalis.
830 2150 1001 2207 Prior
1040 2149 1297 2207 consistit
1326 2150 1389 2205 in
1417 2148 1778 2214 invariabili,
1808 2154 1866 2206 et

505 2233 867 2304 permanenti
921 2232 1006 2288 rei
1048 2231 1286 2305 cognitae
1324 2230 1806 2287 determinatione
1847 2250 1860 2285 z

505 2315 786 2386 posterior
804 2317 993 2369 autem
1010 2312 1268 2368 consistit
1284 2312 1345 2366 in
1364 2310 1533 2368 firma
1543 2310 1866 2368 adhaesione

507 2396 827 2451 intellectus
855 2393 923 2451 ad
952 2410 1178 2451 verum.
1210 2395 1280 2448 Et
1305 2393 1422 2450 haec
1447 2410 1647 2450 rursus
1674 2392 1865 2465 bipar-

505 2477 679 2542 titur3
724 2477 840 2532 alia
883 2477 1043 2532 enim
1090 2475 1278 2531 solum
1327 2475 1614 2547 aequivoce
1652 2474 1864 2531 dicitur

507 2556 657 2620 talis,
688 2553 915 2627 quando
934 2553 1200 2611 videlicet
1223 2569 1338 2610 non
1359 2555 1545 2610 oritur
1572 2571 1644 2612 ex
1662 2555 1721 2610 vi
1745 2570 1865 2610 mo-

509 2635 632 2702 tivi,
665 2635 755 2690 vel
784 2649 853 2690 ex
882 2635 1108 2690 meritis
1134 2633 1356 2707 objecti,
1382 2632 1479 2690 sed
1506 2650 1578 2690 ex
1614 2632 1862 2707 quadam

507 2714 677 2770 firma
699 2713 1011 2770 voluntatis
1030 2713 1330 2781 electione,
1362 2719 1418 2770 et
1445 2715 1860 2787 applicatione;

505 2799 561 2850 et
600 2794 703 2850 hoc
730 2798 888 2865 pacto
915 2791 1165 2849 haeretici
1193 2809 1325 2849 suos
1359 2808 1588 2851 errores
1614 2792 1864 2851 firmiter

505 2875 948 2948 amplectuntur,
994 2879 1050 2931 et
1088 2873 1324 2946 quidam
1374 2875 1551 2932 nimis
1598 2882 1864 2949 proterve

503 2956 624 3011 suis
649 2952 1022 3028 opinionibus
1048 2954 1464 3012 adhaerescu'nt.
1498 2955 1606 3012 Sed
1634 2957 1768 3023 haec,
1800 2962 1864 3013 ut

505 3034 780 3100 diximuS,
800 3032 1117 3106 improprie
1141 3039 1376 3091 vocatur
1390 3034 1687 3101 certitud0,
1707 3041 1761 3092 et
1779 3041 1865 3091 est

511 3117 573 3172 in
615 3117 804 3191 rigore
844 3115 1158 3189 pertinacia
1199 3137 1211 3173 :
1255 3132 1390 3172 nam
1426 3133 1557 3173 cum
1584 3114 1863 3174 certitudo

508 3196 580 3250 sit
608 3196 878 3269 perfectio
913 3194 1251 3262 intellectus,
1297 3195 1463 3253 debet
1495 3212 1850 3253 commensu-

512 3277 629 3333 rari
670 3275 791 3349 ejus
831 3273 1158 3347 perfectivo,
1188 3276 1338 3350 quod
1364 3280 1449 3335 est
1474 3292 1698 3333 verum.
1730 3276 1863 3332 Alia

510 3361 700 3413 autem
746 3359 831 3410 est
875 3355 1122 3428 proprie,
1167 3362 1223 3412 et
1263 3356 1518 3430 rigorose
1554 3355 1855 3422 certitudo,

509 3452 717 3509 nempe
744 3452 874 3492 cum
902 3436 1206 3505 motivum,
1232 3438 1323 3493 cui
1349 3437 1671 3495 intellectus
1697 3437 1865 3494 inni-

508 3520 669 3586 titur,
703 3523 819 3574 tam
848 3532 1058 3591 urgens
1082 3523 1186 3584 est,
1220 3521 1281 3573 ut
1308 3525 1598 3576 mereatur
1624 3517 1862 3575 firmum

508 3614 822 3657 assensum.
856 3597 1021 3655 Unde
1035 3598 1201 3672 juxta
1229 3598 1644 3666 diversitatem,
1670 3607 1727 3659 et
1745 3617 1865 3658 me-

511 3681 623 3737 rita
648 3678 998 3735 motivorum
1027 3685 1262 3750 possunt
1296 3681 1604 3754 excogitari
1644 3679 1863 3738 diversi

510 3760 684 3835 hujus
717 3755 1081 3814 certitudinis
1119 3757 1347 3831 gradus,
1380 3763 1527 3816 Nam
1555 3760 1865 3833 aliquando

510 3841 791 3897 motivum
813 3838 1168 3895 connectitur
1193 3839 1585 3899 infallibiliter
1613 3859 1741 3899 cum
1767 3842 1865 3901 ob·

503 3924 651 3997 jecto
678 3921 921 3995 cognito,
953 3920 1035 3977 ita
1076 3925 1136 3975 ut
1163 3928 1458 3996 repugnet,
1489 3923 1638 3996 quod
1664 3924 1864 4000 cogni—

508 4005 653 4063 tioni
675 4019 746 4060 ex
765 4018 833 4060 eo
853 4002 1070 4059 motivo
1092 4007 1231 4059 ortae
1250 4003 1432 4060 subsit
1457 4005 1696 4063 falsitas.

582 4082 743 4151 Quod
788 4083 973 4140 adhuc
1017 4083 1417 4157 multipliciter
1462 4087 1682 4157 accidit,
1727 4089 1863 4161 quia

508 4165 817 4242 aliquando
843 4164 1127 4223 motivum
1165 4182 1226 4223 se
1252 4165 1423 4224 habet
1447 4174 1511 4224 ut
1547 4185 1733 4232 causa.
1766 4174 1866 4227 aut

507 4250 736 4308 effectus
763 4262 864 4320 per
889 4262 949 4304 se
977 4245 1061 4303 rei
1089 4248 1356 4322 cognitae;
1378 4253 1442 4304 ut
1468 4266 1598 4307 cum
1625 4253 1864 4309 scienti—

510 4332 616 4389 fico
641 4328 813 4387 modo
838 4326 1199 4402 procedimus
1225 4346 1259 4386 a
1285 4346 1451 4388 causa
1479 4332 1548 4389 ad
1574 4333 1858 4404 effectum,

509 4418 567 4470 et
591 4428 623 4470 e
643 4423 916 4468 converso
944 4428 956 4463 :
984 4412 1042 4464 et
1067 4413 1202 4465 tunc
1221 4410 1499 4469 certitudo
1523 4412 1606 4469 ibi
1638 4420 1865 4487 reperta

320 4532 451 4576 cem,
489 4494 758 4569 'pertinet
785 4489 1017 4565 proprie
1056 4488 1126 4545 ad
1163 4490 1483 4551 scientiam.
1515 4494 1866 4569 Quandoque

298 4583 494 4674 maohme·
510 4583 702 4634 autem
730 4572 1014 4630 motivum
1043 4585 1160 4628 non
1187 4576 1271 4628 est
1297 4574 1529 4647 proprie
1552 4576 1738 4645 causa,
1766 4582 1866 4635 aut

324 4638 464 4725 '2325‘
508 4656 756 4722 effectus,
782 4657 879 4710 aut
902 4650 1041 4724 quid
1068 4651 1447 4710 intrinsecum
1477 4656 1562 4713 rei
1600 4659 1859 4733 cognitae,

508 4739 607 4803 sed
625 4735 1012 4795 extrinsecum
1040 4733 1141 4790 Dei
1167 4734 1591 4805 testimonium;
1615 4744 1672 4797 et
1689 4740 1865 4797 certi-

508 4819 646 4877 tudo
659 4816 741 4874 ibi
763 4815 1001 4871 inventa
1015 4818 1226 4886 spectat
1245 4812 1315 4870 ad
1330 4813 1525 4874 fidem.
1546 4820 1629 4875 lta
1645 4824 1860 4890 tamen,

507 4899 657 4975 quod
672 4893 900 4971 quando
914 4894 1310 4953 testimonium
1328 4897 1427 4954 Dei
1445 4899 1674 4972 respicit
1687 4905 1866 4959 totam

1998 535 2368 602 catholicam,
2392 532 2621 607 quando
2644 532 3034 605 vero·respicit
3056 531 3362 605 particula-

2002 633 2124 674 rem
2154 631 2476 690 personam,
2509 614 2713 672 fundet
2749 613 2945 679 fidem,
2977 619 3032 668 et
3057 611 3360 670 certitudi-

2000 712 2134 753 nem
2157 696 2582 769 particularem,
2604 692 2907 767 utrobique
2925 699 3117 749 tamen
3140 692 3360 749 infalli-
3415 689 3418 694 ’

2000 778 2198 837 bilem.
2226 782 2303 835 De
2323 772 2433 851 quo
2455 778 2517 833 in
2539 781 2777 833 tractatu
2806 775 2877 831 de
2900 774 3037 831 Fide
3067 775 3239 831 latius
3264 772 3358 829 di-

1999 875 2212 915 cemus.
2240 857 2326 913 Ad
2354 858 2503 914 hanc
2540 856 2755 913 divinae
2792 853 2924 911 fidei
2953 853 3357 910 certitudinem

2000 939 2212 996 accedit
2255 939 2430 996 etiam
2477 936 2757 995 certitudo
2803 935 3159 1010 Theologiae3
3218 949 3355 990 nam

2000 1021 2130 1077 licet
2156 1037 2273 1078 non
2296 1020 2581 1077 innitatur
2611 1020 2797 1084 unice,
2821 1023 2877 1074 et
2900 1015 3232 1072 immediate
3255 1016 3354 1071 Dei

1999 1101 2346 1167 testimonio,
2379 1100 2634 1174 procedit
2659 1105 2855 1156 tamen
2875 1114 2944 1154 ex
2969 1112 3081 1152 una
3106 1096 3357 1168 proposi-

2000 1181 2155 1238 tione
2181 1183 2251 1239 de
2277 1181 2408 1248 fide,
2438 1187 2592 1238 etex
2629 1182 2809 1237 altera
2851 1178 3193 1234 naturaliter
3227 1178 3358 1233 evi-

1998 1262 2156 1320 denti
2186 1279 2287 1336 per
2314 1262 2634 1336 legitimam
2661 1258 3160 1332 consequentiam;
3205 1257 3357 1314 unde

1998 1343 2196 1415 nequit
2225 1358 2342 1400 non
2356 1357 2478 1399 esse
2506 1339 2856 1398 infallibilis.
2880 1341 2948 1394 Et
2974 1338 3038 1393 in
3059 1337 3149 1394 his
3169 1337 3356 1396 omni-

1997 1422 2102 1479 bus
2126 1425 2410 1497 reperitur
2430 1420 2730 1487 certitudo,
2752 1426 2811 1476 ut
2831 1420 2912 1475 sic
2936 1417 3212 1486 dicamuS,
3238 1434 3354 1476 me·

1997 1507 2319 1581 taphysica3
2343 1505 2477 1577 quia
2500 1504 2779 1578 implicat,
2798 1500 2946 1576 quod
2970 1502 3032 1558 in
3055 1502 3145 1558 his
3167 1517 3349 1559 assen-
3423 1546 3429 1550 .

1996 1586 2154 1642 sibus
2181 1586 2398 1643 falsitas
2415 1585 2755 1657 reperiatur.

2070 1671 2123 1725 2.
2152 1668 2444 1741 Contingit
2459 1671 2670 1732 autem,
2696 1663 2845 1738 quod
2865 1664 3147 1721 motivum
3165 1679 3353 1719 assen-
3389 1680 3525 1725 cem-

1995 1765 2092 1805 sus
2112 1766 2229 1807 non
2252 1748 2456 1805 habeat
2481 1745 2875 1811 infallibilem,
2909 1752 2964 1802 et
2983 1744 3348 1802 essentialem
3364 1731 3576 1823 ωξζῗίξο·

1995 1830 2414 1885 connexionem
2441 1842 2572 1884 cum
2593 1826 2808 1900 objecto
2834 1841 3094 1881 assensus
3108 1848 3122 1891 ;
3149 1823 3351 1882 habeat
3506 1811 3515 1822 ”

1998 1917 2191 1967 tamen
2210 1907 2629 1967 connexionem
2652 1906 2791 1962 adeo
2814 1921 3104 1979 magnam,
3137 1909 3201 1960 ut
3223 1921 3353 1978 pru·

1996 1990 2226 2049 dentem
2248 1989 2662 2046 dubitationem
2684 1986 2947 2042 excludat
2976 2007 2988 2040 :
3017 1991 3074 2042 et
3094 1990 3231 2041 tunc
3249 1999 3354 2058 pa-

1998 2071 2075 2127 rit
2088 2069 2490 2129 certitudinem
2507 2067 2871 2131 moralem‚et
2888 2063 3073 2122 reddit
3088 2067 3352 2144 animum

1996 2152 2276 2224 quietum,
2315 2151 2446 2205 licet
2470 2147 2794 2226 oppositum
2823 2146 3079 2203 absolute
3109 2162 3227 2203 non
3257 2162 3350 2202 re-

1997 2240 2227 2308 pugnet.
2258 2236 2324 2289 In
2350 2247 2463 2305 quo
2499 2230 2674 2287 etiam
2719 2229 3089 2301 reperiuntur
3134 2227 3348 2284 diversi

1995 2314 2358 2372 certitudinis
2396 2310 2625 2387 gradus.
2666 2310 2734 2363 Et
2774 2308 3006 2382 quidem
3050 2324 3353 2381 supremus

1995 2395 2227 2452 videtur
2272 2410 2412 2460 esse,
2461 2393 2560 2466 qui
2601 2388 2879 2446 fundatur
2925 2391 2989 2446 in
3022 2390 3355 2447 testimonio

1995 2475 2260 2532 omnium
2279 2473 2583 2530 hominum
2611 2491 2624 2525 z
2654 2470 2785 2526 licet
2802 2470 2963 2527 enim
2992 2485 3193 2526 omnes
3222 2485 3353 2541 pos-

1962 2589 1966 2593 *
1994 2558 2114 2614 sint
2140 2556 2395 2613 absolute
2418 2552 2562 2618 falli,
2591 2556 2687 2607 aut
2714 2551 2950 2606 mentiri
2967 2574 2981 2618 ;
3013 2549 3354 2607 incredibile

1994 2646 2191 2698 tamen
2237 2642 2339 2703 est,
2383 2633 2532 2708 quod
2581 2650 2684 2706 pro
2725 2631 2829 2687 hac
2870 2632 3118 2689 falsitate
3153 2648 3356 2690 omnes

1994 2720 2325 2793 conspirent
2363 2736 2376 2771 ε
2421 2713 2574 2771 unde
2601 2711 2927 2786 hujusmodi
2957 2711 3356 2768 testimonium

1995 2800 2314 2857 maximam
2336 2792 2739 2851 certitudinem
2761 2791 2964 2865 gignit,
2990 2796 3044 2847 et
3067 2791 3262 2870 talem,
3292 2806 3358 2847 ac

1995 2887 2237 2945 tantam,
2270 2882 2330 2933 ut
2357 2875 2530 2932 homo
2556 2890 2673 2930 non
2703 2871 2876 2945 possit
2921 2870 3206 2938 dubitare,
3253 2878 3358 2928 aut

1995 2963 2269 3020 fluctuare
2312 2957 2461 3014 circa
2504 2955 2587 3011 rei
2635 2957 2862 3009 assertae
2914 2954 3238 3009 veritatem.
3284 2954 3355 3008 Et

1995 3045 2163 3119 huJus
2201 3038 2431 3116 generis
2474 3041 2559 3095 est
2603 3032 2901 3102 certitudo,
2939 3051 3051 3108 qua
3091 3041 3355 3091 tenemus

1995 3126 2238 3181 Romam
2265 3118 2531 3176 existere2
2562 3115 2727 3170 Alius
2749 3130 2884 3170 vero
2911 3120 2995 3171 est
3017 3113 3229 3189 gradus
3254 3114 3353 3169 in-

1995 3202 2187 3270 fimuS,
2211 3201 2309 3274 qui
2340 3196 2606 3256 videlicet
2631 3193 2907 3252 fundatur
2932 3196 2992 3251 in
3021 3194 3353 3252 testimonio

1995 3283 2447 3356 aliquorum‚aut
2464 3276 2721 3350 plurium
2740 3275 3007 3350 gravium
3025 3276 3348 3341 hominum,

1996 3366 2279 3439 praecipue
2305 3357 2532 3436 quando
2575 3374 2691 3415 non
2733 3358 2979 3414 occurrit
3011 3358 3352 3416 rationabile
3388 3418 3391 3421 Α

1995 3446 2279 3503 motivum
2304 3441 2373 3498 ad
2391 3437 2768 3514 judicandum
2795 3438 3185 3505 contrarium;
3217 3444 3353 3495 tunc

1995 3528 2202 3601 quippe
2220 3523 2542 3581 intellectus
2555 3518 3217 3592 consequiturquandam
3235 3535 3354 3577 mo·

1998 3609 2200 3672 ralem,
2232 3620 2331 3661 seu
2375 3599 2803 3676 prudentialem
2844 3598 3265 3667 certitudinem,
3296 3604 3354 3657 et

1996 3695 2179 3765 potest
2221 3686 2479 3744 absolute
2519 3698 2635 3739 non
2678 3681 2942 3738 dubitare
2976 3703 2988 3737 :
3020 3679 3117 3738 sed
3157 3687 3351 3737 tamen

1996 3774 2112 3829 haec
2133 3765 2411 3828 certitudo
2437 3768 2595 3821 tanta
2611 3779 2728 3819 non
2754 3768 2857 3827 est,
2877 3767 2939 3819 ut
2966 3760 3228 3819 excludat
3248 3777 3355 3834 po-

1995 3856 2254 3908 testatem
2275 3841 2576 3902 dubitandi
2597 3866 2612 3909 ς
2638 3857 2774 3898 nam
2796 3842 2844 3897 si
2870 3842 3189 3898 intellectus
3211 3840 3354 3896 velit

1996 3933 2110 3990 alia
2134 3923 2687 3990 motivaattendere,
2714 3928 2911 3996 utputa
2935 3924 3067 3980 illos
3087 3921 3355 3979 homines

1998 4029 2158 4090 posse
2184 4012 2330 4077 falli,
2356 4013 2458 4066 aut
2481 4006 2739 4073 mentiri,
2771 4004 3190 4062 dubitationem
3213 4019 3354 4061 con-

1993 4096 2182 4170 cipiet,
2208 4098 2264 4151 et
2291 4089 2550 4148 manebit
2572 4089 2842 4146 incertus.
2869 4088 2938 4141 Et
2959 4084 3027 4142 ad
3050 4085 3153 4142 hoc
3170 4100 3355 4159 genus

1993 4182 2207 4253 spectat
2233 4191 2300 4232 ea
2325 4170 2623 4238 certitud0,
2654 4187 2766 4244 qua
2792 4175 3054 4226 tenemus
3091 4183 3196 4224 nos
3232 4181 3358 4223 esse

1996 4259 2340 4333 baptizatos;
2369 4256 2626 4317 Petrum,
2656 4266 2826 4323 quem
2848 4247 3112 4306 videmus
3138 4249 3205 4304 in
3245 4247 3354 4304 ha-

1996 4342 2138 4410 bitu,
2156 4346 2214 4398 et
2233 4335 2560 4397 ministerio
2578 4332 2907 4398 sacerdotis,
2930 4347 3054 4388 esse
3086 4329 3354 4387 sacerdo-

1994 4429 2133 4491 tem,
2174 4429 2230 4480 et
2267 4418 2507 4482 similia,
2551 4429 2675 4487 quae
2714 4414 2778 4469 in
2814 4429 2950 4479 -usu,
2996 4417 3051 4468 et
3090 4412 3352 4468 convictu

1997 4505 2267 4561 humanae
2303 4501 2440 4558 vitae
2467 4498 2795 4570 frequenter
2821 4496 3148 4550 occurrunt.
3197 4494 3356 4548 Inter

1997 4570 3358 4647 hosverocertitudinismoralisgradusmediant

1996 4663 2099 4721 alii
2128 4662 2393 4736 majoreS,
2426 4662 2523 4716 aut
2562 4656 2837 4720 minora,
2864 4654 3029 4727 juxta
3054 4651 3351 4727 majorem,

1997 4750 2096 4802 aut
2141 4743 2431 4799 minorem
2471 4738 2825 4796 motivorum
2853 4733 3272 4807 praestantiam,
3300 4738 3357 4790 et

1996 4826 2355 4902 dignitatem,
2371 4827 2432 4878 ut
2452 4821 2619 4879 facile
2643 4818 2771 4892 quis
2804 4817 3052 4893 cogitare
3077 4820 3277 4889 potest.

2071 4908 2244 4963 Juxta
2281 4905 2432 4962 hanc
2470 4902 2647 4978 igitur
2680 4897 3045 4957 certitudinis
3077 4896 3357 4955 differen-

511 4979 844 5045 Ecclesiam,
887 4974 1088 5033 fundet
1125 4974 1321 5045 fidem,
1366 4982 1424 5036 et
1462 4979 1868 5039 certitudinem
1921 5008 1937 5036 ι
2000 4987 2143 5044 tiam
2172 4989 2351 5061 potest
2371 4998 2621 5058 praesens
2640 4979 2882 5038 dubium
2904 4976 3158 5035 tractari.
3185 4979 3254 5033 Et
3275 4977 3359 5035 ita

3039 5050 3357 5109 videndum
