3647 5753
259 3776 454 3819 lucerna·

300 3822 364 3866 tio
373 3828 440 3867 est

463 480 575 537 654

1172 482 1266 537 DE
1302 481 1744 548 QUIDDITATE
1782 483 2384 542 JUSTIFICATIONIS
2424 486 2630 541 IMPII.

467 652 650 712 adhuc
679 657 873 709 tamen
905 651 1134 709 videtur
1154 651 1469 709 indecisam
1501 654 1833 728 relinquere
1896 687 1906 737 Ι
1972 656 2054 724 13,
2081 658 2140 712 in
2192 675 2338 731 corp.
2395 656 2494 713 ubi
2541 656 2660 712 ait:
2692 677 2717 708 α
2742 653 2938 710 Gratia
2977 649 3339 708 causaturin

466 733 856 791 difficultatem
905 751 936 790 a
982 752 1042 791 se
1090 736 1462 807 propositam,
1507 752 1715 807 nempe
1755 751 1831 791 an

463 814 974 890 justificatioimpii
997 815 1071 871 sit
1092 814 1364 884 absolute,
1391 823 1445 873 et
1466 833 1534 874 ex
1559 823 1718 890 parte
1746 816 1831 872 rei

469 897 631 954 factae
660 897 983 953 maximum
1030 912 1170 970 opus
1221 898 1337 955 Dei.
1390 901 1575 970 Opera
1614 903 1826 967 autem,

469 978 676 1054 quibus
735 984 919 1051 posset
975 979 1218 1035 ulterius
1271 977 1602 1052 Justificatio
1662 979 1830 1053 impii

468 1060 814 1135 comparari,
845 1066 977 1116 sunt
1006 1061 1348 1125 Incarnatio,
1381 1060 1680 1117 conversio
1724 1077 1832 1133 pa-

470 1142 563 1199 nis
591 1144 653 1197 in
674 1159 879 1215 corpus
905 1140 1133 1205 Christi,
1166 1141 1508 1198 maternitas
1533 1142 1595 1197 B.
1630 1142 1829 1216 Virgi-

470 1222 578 1290 nis,
609 1223 907 1285 miracula,
934 1225 990 1276 et
1009 1220 1255 1293 denique
1290 1219 1619 1296 justificatio
1657 1222 1833 1279 inno-

467 1304 665 1361 centis.
734 1305 1017 1360 Caeterum
1054 1304 1175 1361 ‘hic
1235 1304 1538 1376 scrupulus
1605 1304 1832 1360 nullius

467 1384 749 1442 momenti
793 1389 910 1453 est;
956 1385 1229 1459 quoniam
1275 1385 1581 1458 Angelicus
1630 1388 1834 1442 Doctor

468 1467 656 1523 solum
686 1464 1020 1523 intendebat
1045 1466 1385 1540 disquirere,
1414 1471 1608 1522 utrum
1626 1464 1835 1541 justifi-

471 1550 617 1607 catio
645 1548 810 1622 impii
840 1549 915 1605 sit
943 1549 1264 1605 maximum
1293 1565 1434 1620 opus
1462 1548 1561 1604 Dei
1592 1549 1745 1606 inter
1765 1565 1835 1607 ea

472 1649 663 1706 opera,
708 1648 832 1704 quae
878 1630 1091 1688 habent
1131 1647 1235 1704 pro
1279 1632 1533 1688 termino
1579 1632 1834 1706 aliquam

472 1715 743 1779 formam,
769 1731 868 1770 seu
892 1719 1157 1770 naturam
1182 1719 1528 1781 creatam,et
1554 1732 1679 1788 quae
1700 1719 1835 1772 sunt

470 1799 812 1872 simpliciter
836 1802 998 1854 extra
1027 1800 1225 1868 Deum,
1251 1804 1307 1856 et
1349 1798 1577 1872 aliquod
1618 1801 1837 1856 increa-

466 1885 591 1936 tum
632 1896 749 1936 non
777 1879 1103 1936 involvunt.
1152 1881 1218 1934 Et
1264 1880 1325 1935 in
1373 1880 1478 1936 hac
1525 1880 1832 1954 hypothesi

466 1960 709 2018 dubium
733 1961 986 2018 absolute
1011 1960 1423 2017 determinavit
1445 1961 1836 2034 comparando

468 2042 933 2119 justificationem
975 2043 1142 2116 impii
1171 2042 1442 2116 operibus
1469 2044 1825 2100 excellentis-

470 2126 654 2193 simi5‚
680 2126 772 2184 vel
799 2143 870 2182 ex
898 2130 1057 2200 parte
1078 2126 1257 2194 modi,
1284 2126 1471 2200 qualis
1494 2131 1578 2182 est
1599 2127 1852 2193 creati05,

470 2210 564 2267 vel
587 2226 654 2267 ex
678 2213 837 2282 parte
862 2210 943 2265 rei
967 2209 1143 2276 factae,
1164 2210 1351 2281 qualis
1372 2212 1456 2265 est
1468 2207 1833 2283 glorificati03

470 2306 577 2348 nec
601 2290 870 2363 oportuit,
901 2295 964 2345 ut
990 2289 1060 2346 ad
1083 2289 1199 2345 alia
1221 2305 1398 2362 opera
1424 2290 1692 2363 explicite
1714 2289 1837 2346 des-

469 2373 755 2430 cenderet.
789 2373 1073 2437 Quoniam
1095 2388 1165 2429 ex
1189 2372 1538 2430 resolutione
1565 2373 1713 2429 circa
1741 2388 1838 2429 ex-

468 2469 686 2510 cessum
711 2453 1133 2529 justificationis
1159 2460 1501 2527 comparatae
1529 2454 1831 2521 creationi,

467 2539 524 2592 et
572 2534 995 2608 glorificationi,
1024 2535 1234 2594 ,facilis
1273 2535 1582 2609 apparebat
1626 2534 1836 2592 decisio

468 2615 618 2673 circa
641 2617 754 2672 alia
781 2633 955 2690 opera
981 2618 1294 2675 terminata
1322 2616 1391 2674 ad
1420 2617 1647 2674 effectus
1675 2631 1838 2673 crea-

468 2705 572 2764 tOS,
616 2703 671 2755 et
708 2698 803 2770 qui
857 2697 1226 2771 praedicaturn
1278 2697 1509 2772 aliquod
1560 2697 1836 2755 divinum

468 2796 587 2837 non
617 2779 936 2836 includunt.
970 2780 1128 2844 Quod
1150 2797 1289 2838 vero
1311 2780 1480 2853 impii
1503 2779 1838 2853 justificatio

473 2878 592 2919 non
621 2862 1302 2936 praeemineretoperibus
1316 2860 1642 2920 terminatis
1655 2861 1723 2918 ad
1736 2861 1838 2919 ali-

469 2942 606 3016 quid
635 2944 938 3001 involvens
966 2943 1271 3017 praedieata
1301 2947 1577 3009 increata,
1608 2950 1664 2999 et
1689 2960 1836 3016 qua-

464 3029 634 3081 tenus
692 3024 838 3080 illud
901 3025 1226 3095 involvunt,
1283 3025 1423 3083 adeo
1470 3025 1836 3098 perspicuum

467 3108 610 3171 erat,
643 3110 705 3160 ut
731 3121 1219 3178 supervacaneum
1251 3105 1605 3180 reputaverit
1628 3107 1689 3163 D.
1723 3107 1832 3164 Th.

469 3185 535 3241 in
565 3201 632 3242 eo
651 3187 988 3258 explicando
1024 3187 1349 3259 immorari.
1384 3185 1548 3243 Unde
1576 3187 1739 3243 nulla
1766 3203 1839 3245 ex

471 3272 633 3340 parte
658 3268 778 3342 ejus
808 3268 1079 3324 resolutio
1105 3267 1395 3325 diminuta
1424 3267 1665 3325 dicenda
1707 3273 1793 3325 est
1819 3293 1835 3337 3

469 3348 570 3406 sed
596 3349 1015 3423 'correspondet
1063 3350 1406 3424 simpliciter
1451 3351 1622 3409 dubii.
1644 3352 1832 3409 titulo.

469 3430 631 3497 Quod
666 3433 849 3507 magis
897 3434 1193 3506 apparebit
1238 3435 1625 3508 comparando
1663 3434 1838 3508 justi-

472 3513 798 3571 ficationem
853 3515 1020 3588 impii
1070 3518 1202 3573 aliis
1252 3517 1524 3591 operibus
1574 3518 1840 3591 proxime

474 3594 694 3661 relatiS,
740 3600 795 3651 et
846 3596 1186 3669 applicando
1237 3597 1483 3671 singulis
1524 3601 1588 3654 D.
1628 3598 1834 3655 Thom.

471 3674 818 3732 doctrinam.

546 3750 640 3806 45.
687 3750 744 3805 Si
773 3765 909 3825 ergo
938 3751 1104 3825 impii
1123 3751 1455 3826 justificatio
1475 3758 1842 3826 comparetur

478 3831 888 3897 Incarnationi,
923 3831 1228 3889 dicendum
1268 3840 1351 3891 est
1377 3835 1841 3893 Incarnationem

261 3881 621 3979 ‘’gostffg‘esse,
692 3913 1034 3986 simpliciter
1105 3914 1409 3987 loquendO,
1477 3917 1842 3990 praestantius

254 3970 459 4025 justifica·

292 4023 424 4068 tione.

260 5132 317 5175 1).
337 5131 445 5177 Tho.

479 4010 642 4067 opus,
673 3994 959 4059 Quoniam
1000 3997 1325 4055 incarnatio
1365 3997 1534 4055 habet
1580 4013 1682 4070 pro
1722 4004 1842 4055 ter-

481 4073 647 4130 mino
674 4076 770 4151 qui
797 4090 1100 4147 personam
1141 4076 1404 4135 divinam
1433 4076 1842 4136 subsistentem

483 4152 548 4210 in
586 4160 793 4211 natura
839 4160 1060 4212 creata:
1107 4157 1200 4213 hic
1227 4163 1417 4215 autem
1447 4159 1732 4215 terminus
1758 4163 1844 4216 est

483 4234 715 4294 infinite
742 4237 1013 4305 nobilior,
1047 4254 1219 4311 quam
1247 4240 1435 4314 gratia
1455 4238 1837 4308 sanctificans,

484 4319 750 4393 adquam
791 4321 1140 4377 terminatur
1180 4322 1349 4395 impii
1393 4322 1757 4397 jnstificati0;
1787 4329 1844 4380 et

482 4398 720 4457 aliunde
748 4402 1072 4459 lucarnatio
1098 4407 1181 4458 est
1205 4403 1385 4459 etiam
1413 4419 1482 4460 ex
1508 4408 1666 4477 parte
1685 4403 1843 4460 modi

483 4483 874 4554 excellentior,
924 4484 1210 4559 siquidem
1277 4487 1656 4560 personalitas
1723 4502 1843 4544 non

482 4566 942 4623 communicatur
976 4573 1199 4625 naturae
1228 4584 1328 4641 per
1354 4567 1714 4626 eductionem
1752 4568 1844 4624 sui

482 4647 804 4722 esubjecto,
830 4649 928 4706 sed
977 4666 1078 4723 per
1119 4650 1610 4725 simplicissimam
1638 4651 1846 4709 termi-

484 4731 786 4812 nationem¹
812 4753 824 4788 :
854 4749 989 4808 ergo
1015 4732 1289 4800 absolute,
1315 4738 1370 4790 et
1392 4734 1622 4790 attentis
1649 4732 1848 4790 omni-

482 4811 610 4881 buS,
644 4831 786 4887 opus
813 4816 1233 4874 lncarnationis
1266 4822 1349 4873 est
1378 4818 1544 4891 longe
1566 4815 1843 4884 nobilius,

482 4911 658 4969 quam
681 4896 849 4969 impii
866 4895 1214 4971 justificatio,
1242 4898 1569 4955 Praesertim
1581 4914 1849 4973 cumgra-

484 4977 567 5034 tia
593 4977 828 5034 unionis
854 4979 1216 5053 hypostatica*
1236 4981 1309 5037 sit
1328 4992 1502 5052 supra
1522 4995 1703 5053 genus
1721 4995 1848 5055 gra-

481 5056 579 5113 tiae
613 5057 994 5124 accidentalis,
1026 5064 1081 5116 et
1106 5076 1273 5117 causa
1313 5060 1493 5127 illius,
1525 5065 1605 5116 ut,
1633 5061 1849 5133 optime

485 5135 833 5208 significavit
856 5139 919 5193 D.
952 5138 1155 5196 Thom.
1189 5140 1224 5194 3
1258 5148 1406 5213 part.
1434 5148 1614 5217 quaest.
1640 5144 1697 5206 7,
1730 5148 1844 5197 art.

1971 758 1996 789 α
2026 737 2263 795 homine
2308 753 2379 795 ex
2427 736 2731 811 praesentia
2770 733 3137 790 divinitatis:
3184 732 3336 787 sicut

1972 840 1997 871 «
2027 818 2226 875 lumen
2268 819 2332 875 in
2359 834 2491 875 aere
2516 834 2586 874 ex
2616 816 2918 890 praesentia
2957 816 3115 872 solis.
3166 810 3333 868 Unde

1969 920 1995 952 α
2026 899 2237 955 dicitur
2259 900 2451 956 Ezech.
2476 900 2572 956 43:
2598 898 2795 955 Gloria
2816 898 2918 953 Dei
2941 897 3115 952 Israel
3137 895 3331 969 ingre·

1969 1002 1994 1032 tt
2027 979 2290 1037 diebatur
2316 981 2475 1036 viam
2497 979 2861 1042 orientalem,
2876 982 2932 1034 et
2954 984 3109 1034 terra
3128 977 3331 1048 splen-

1970 1081 1994 1114 α
2027 1059 2196 1117 debat
2222 1077 2255 1116 a
2275 1062 2567 1135 majestate
2606 1061 2747 1134 ejus.
2773 1059 3087 1115 Praesentia
3136 1062 3332 1114 autem

1970 1162 1995 1193 «
2027 1140 2128 1198 Dei
2192 1141 2255 1196 in
2321 1141 2545 1196 Christo
2603 1139 2950 1213 intelligitur
3014 1137 3333 1194 secundum

1973 1221 2304 1278 «unionem
2352 1222 2621 1278 humanae
2675 1227 2896 1277 naturae
2937 1219 3008 1276 ad
3064 1219 3332 1276 divinam

1972 1327 1997 1358 κ
2030 1321 2355 1379 personam.
2385 1305 2549 1361 Un'de
2568 1305 2752 1379 gratia
2781 1303 3095 1360 habitualis
3117 1303 3332 1359 Christi

1972 1409 1997 1440 «
2030 1387 2373 1463 intelligitur
2402 1392 2463 1444 ut
2481 1403 2831 1460 consequens
2859 1387 3007 1442 hanc
3050 1385 3332 1443 unionem

1972 1488 1996 1520 ιι
2028 1469 2172 1525 sicut
2198 1468 2468 1541 splendor
2494 1469 2694 1526 solem.
2732 1490 2756 1520 «ι

2038 1552 2131 1607 46.
2176 1550 2357 1624 Major
2405 1557 2625 1624 poterat
2668 1566 2790 1607 esse
2831 1549 3135 1606 difficultas
3179 1548 3333 1605 cirea

3368 922 3524 966 Bm.

3411 974 3476 1016 ⁴8.

3417 1562 3480 1604 u

1967 1631 2203 1687 modum
2231 1638 2482 1689 creatum
2521 1631 2754 1687 unionis
2775 1631 2843 1701 (si
2873 1630 3066 1702 datur)
3095 1645 3329 1704 compa-
3344 1609 3526 1704 ὲξέἓ,

1969 1719 2157 1769 ratum
2186 1730 2315 1769 cum
2341 1714 2526 1788 gratia
2546 1712 2959 1770 sanctificante.
2987 1712 3093 1769 Sed
3125 1711 3540 1804 persis-ffl-

1968 1793 2204 1850 tendum
2225 1800 2309 1851 est
2329 1796 2391 1851 in
2422 1794 2770 1850 resolutione
2810 1793 3107 1849 insinuata
3157 1799 3348 1848 παι-τᾳ
3378 1792 3515 1862 qna-³

1964 1877 2179 1950 proeced.
2206 1877 2345 1949 disp.
2376 1877 2432 1943 4,
2463 1876 2593 1931 dub.
2622 1880 2677 1940 7,
2710 1893 2843 1930 num
2879 1876 3001 1941 115,
3043 1874 3142 1932 ubi
3171 1874 3331 1931 dixi-

1968 1975 2116 2027 muS,
2150 1958 2320 2014 illum
2349 1957 2585 2014 modum
2631 1973 2752 2013 esse
2780 1958 3120 2030 simpliciter
3146 1958 3336 2031 gratia

1969 2039 2336 2097 nobiliorem.
2371 2039 2528 2105 Quod
2556 2040 2694 2095 satis
2721 2041 3000 2113 expressit
3030 2042 3094 2095 D.
3120 2040 3330 2096 Thom.

1969 2125 2004 2179 3
2044 2129 2199 2196 part.
2252 2131 2433 2200 quast.
2483 2125 2535 2184 2,
2585 2130 2694 2178 art.
2728 2124 2763 2177 9
2788 2131 2837 2178 et
2866 2125 2949 2189 10,
2975 2128 3031 2178 et
3078 2120 3337 2180 breviter

1970 2204 2307 2269 ostenditur,
2339 2204 2475 2277 quia
2519 2204 2662 2261 facta
2708 2204 3137 2278 comparatione
3178 2206 3336 2262 inter

1970 2287 2187 2344 formas
2210 2291 2304 2342 aut
2325 2286 2485 2358 quasi
2512 2286 2745 2355 formas,
2763 2287 2865 2342 illa
2886 2292 2969 2343 est
2990 2286 3339 2359 simpliciter

1971 2368 2290 2442 perfectior,
2312 2383 2437 2439 quae
2455 2374 2680 2440 praestat
2701 2368 2974 2425 effectum
2993 2370 3344 2443 simpliciter

1971 2450 2462 2523 praestantiorem:
2516 2450 2613 2507 sed
2667 2451 2872 2508 modus
2910 2452 3144 2508 unionis
3170 2467 3335 2508 com-

1969 2532 2223 2587 municat
2275 2531 2534 2588 effectum
2612 2534 3093 2605 praestantiorem,
3155 2549 3335 2606 quam

1968 2612 2154 2686 gratia
2179 2610 2574 2681 sanctificans3
2605 2612 3067 2687 quandoquidem
3088 2615 3189 2670 ille
3217 2631 3346 2672 mo·

1970 2693 2075 2750 dus
2101 2694 2272 2752 habet
2311 2694 2480 2752 unire
2518 2695 2973 2754 substantialiter
3000 2697 3339 2754 humanita-

1969 2780 2084 2832 tem
2131 2792 2261 2832 cum
2310 2792 2551 2848 persona
2580 2776 2820 2834 divina:
2866 2779 3052 2852 gratia
3080 2795 3218 2836 vero
3242 2795 3344 2837 so·

1970 2856 2093 2912 lum
2118 2856 2251 2912 unit
2273 2855 2714 2926 accidentaliter,
2740 2865 2793 2917 et
2815 2876 2939 2918 secu
2951 2859 3126 2917 ndum
3150 2876 3342 2934 quan-

1969 2935 2102 2993 dam
2125 2937 2592 3004 similitudinem,
2612 2947 2893 3012 quatenus
2918 2941 3090 2999 nobis
3108 2946 3350 3025 praestat

1970 3020 2192 3076 imitari
2246 3018 2509 3077 divinam
2558 3028 2827 3080 naturam
2859 3046 2872 3080 :
2936 3041 3072 3099 ergo
3131 3025 3347 3083 modus

1970 3102 2206 3159 unionis
2256 3107 2340 3157 est
2389 3103 2733 3175 simpliciter
2786 3106 3108 3177 perfectior,
3162 3123 3346 3180 quam

1970 3183 2156 3258 gratia
2197 3181 2557 3257 justificans:
2603 3189 2658 3241 et
2697 3193 3112 3260 consequenter
3140 3190 3344 3246 Incar—

1972 3265 2130 3322 natio
2155 3266 2329 3323 etiam
2355 3270 2415 3321 ut
2442 3267 2791 3324 terminatur
2820 3271 2886 3327 ad
2914 3269 3150 3326 modum
3174 3286 3337 3328 crea-

1972 3351 2094 3403 tum
2123 3348 2357 3405 unionis
2379 3347 2763 3421 hypostaticae,
2799 3351 3092 3408 antecellit
3112 3352 3337 3424 simpli·

1972 3427 2113 3485 citer
2174 3428 2342 3501 impii
2403 3424 2893 3500 justificationem.
2951 3431 3111 3496 Quod
3166 3433 3345 3488 latius

1965 3507 2325 3571 ,ostendimus
2346 3509 2549 3581 3part.
2599 3509 2693 3566 ubi
2720 3511 2833 3568 haec
2864 3511 3166 3569 difficultas
3197 3528 3332 3585 pro-

1974 3590 2161 3663 priam
2209 3589 2401 3647 sedem
2455 3594 2665 3650 habet:
2720 3611 2831 3666 qua
2901 3595 3047 3650 torte
3114 3595 3344 3652 ratione

1975 3673 2038 3727 D.
2070 3671 2274 3728 Thom.
2324 3672 2386 3728 in
2434 3674 2703 3746 praesenti
2751 3675 3170 3733 Incarnationis
3215 3691 3336 3733 non

1974 3751 2267 3809 meminit.

2048 3833 2106 3889 Si
2136 3837 2325 3889 autem
2353 3833 2714 3892 conferamus
2761 3835 2931 3909 impii
2971 3834 3336 3911 justificatio-

1976 3929 2110 3970 nem
2159 3929 2287 3970 cum
2340 3916 2715 3974 conversione
2779 3918 2945 3990 panis
3010 3918 3074 3975 in
3130 3934 3340 3993 corpus

1976 3995 2210 4063 Christi,
2280 3998 2653 4055 asserendum
2730 4006 2833 4065 est,
2897 3995 3333 4058 conversionem

1975 4079 2150 4136 unius
2171 4078 2234 4134 in
2276 4078 2432 4135 aliud
2458 4095 2528 4136 ex
2549 4082 2804 4155 generali
2843 4084 3065 4142 ratione
3091 4098 3338 4141 conver-

1975 4159 2157 4217 sionis
2199 4174 2317 4214 non
2375 4174 2498 4216 esse
2540 4159 2886 4219 nobiliorem
2931 4163 3346 4236 justificatione

1976 4239 2142 4312 impii
2162 4262 2176 4306 ς
2201 4240 2636 4299 conversionem
2661 4259 2797 4300 vero
2821 4244 2881 4300 in
2903 4261 3108 4318 corpus
3124 4245 3340 4303 Christi

1975 4338 2097 4379 esse
2116 4321 2458 4394 simpliciter
2499 4324 2920 4396 perfectiorem.
2970 4328 3142 4385 Prior
3172 4344 3331 4386 reso-

1978 4404 2215 4464 lutionis
2241 4420 2374 4477 pars
2401 4412 2619 4463 constat
2638 4425 2707 4465 ex
2739 4425 2914 4481 supra
2935 4409 3104 4466 dictis
3131 4433 3144 4466 ε
3186 4427 3333 4483 quo-

1978 4487 2138 4543 niam
2168 4489 2465 4546 conversio
2493 4491 2665 4546 unius
2685 4492 2750 4547 in
2790 4491 2948 4548 aliud
2988 4509 3057 4549 ex
3084 4495 3346 4568 generali

1979 4568 2201 4627 ratione
2241 4586 2358 4627 non
2395 4576 2479 4628 est
2518 4588 2658 4644 opus
2686 4575 2871 4649 maJus
2910 4576 3230 4639 creatione;
3257 4577 3346 4634 si-

1978 4652 2209 4727 quidem
2234 4668 2351 4710 non
2373 4654 2650 4729 maiorem
2680 4657 3065 4719 eminentiam
3092 4660 3349 4733 explicat

1978 4734 2165 4792 facere
2222 4751 2405 4791 unum
2458 4751 2528 4792 ex
2582 4738 2697 4795 alio
2748 4754 2850 4810 per
2903 4741 3343 4799 conversionem

1978 4817 2232 4883 totalem,
2261 4832 2434 4890 quam
2464 4816 2648 4875 facere
2690 4834 2813 4875 rem
2853 4835 2924 4875 ex
2967 4820 3197 4879 nihilo:
3241 4821 3343 4880 sal

1979 4897 2191 4954 creatio
2237 4912 2355 4954 non
2394 4902 2477 4954 est
2521 4914 2661 4970 opus
2701 4898 2887 4973 majus
2926 4899 3346 4976 justificatione

1980 4980 2189 5054 impii:
2218 4996 2354 5055 ergo
2393 4981 2691 5038 conversio
2731 4982 2905 5039 unius
2951 4984 3014 5041 in
3063 4984 3224 5043 aliud
3276 5002 3353 5045 ex

1979 5060 2237 5135 generali
2281 5063 2504 5119 ratione
2528 5063 2923 5121 conversionis
2951 5081 3067 5124 non
3096 5072 3182 5124 est
3213 5082 3355 5142 per-

1980 5140 2181 5199 fectior
2204 5141 2470 5214 praedicta
2494 5142 2920 5216 justificatione.
2955 5146 3120 5204 Unde
3147 5147 3349 5206 conse·

3168 5227 3362 5286 tendo

3361 1868 3526 1919 eoam»—

3398 1918 3472 1953 sna
