3647 5753
20 3008 230 3054 Bellarm.

20 3059 209 3111 Stantet.

19 3569 209 3616 Motiva.

1385 391 1564 446 DISP.
1610 390 1704 456 111,
1750 388 1915 444 DUB.
1967 390 2008 443 1.

244 574 381 614 nam
399 559 680 617 Lutherus
702 559 910 628 docuit,
936 561 1118 617 solam
1147 559 1318 617 fidem
1347 560 1416 616 ad
1433 560 1607 633 justi-

244 638 569 698 ficationem
604 640 875 699 sufficere.
932 641 1090 706 Quod
1132 640 1272 698 adeo
1319 641 1607 699 mordicus

243 723 449 791 tenuit,
484 730 545 779 ut
569 740 692 795 cap.
717 727 770 789 2,
804 724 879 778 ad
894 721 1083 780 Galat.
1115 720 1329 779 dixerit
1355 743 1367 778 :
1396 723 1608 780 «Fides

250 825 276 857 «
300 804 446 872 sine,
486 809 542 862 et
565 810 696 861 ante
722 803 1060 861 charitatem
1079 803 1407 877 justificat.»
1434 806 1503 859 Et
1542 804 1606 860 in

245 884 455 957 disput.
504 905 530 937 «
559 885 766 941 Utrum
789 901 962 957 opera
1006 885 1217 941 faciant
1245 883 1313 941 ad
1339 883 1609 959 justifica-

248 988 274 1018 «
298 967 539 1029 tionem,
573 970 1018 1032 tom.l‚suorum
1052 967 1602 1040 operum.proposit.

240 1048 293 1114 3,
328 1045 699 1120 impudenter
747 1049 1095 1105 asseruerit:
1127 1069 1152 1098 α
1183 1046 1366 1114 Fides,
1400 1047 1514 1104 nisi
1536 1047 1612 1102 sit

242 1151 266 1181 a
297 1130 425 1186 sine
480 1131 615 1185 ullis
645 1131 821 1187 etiam
872 1130 1140 1187 minimis
1167 1130 1457 1203 operibus,
1491 1146 1610 1187 non

242 1231 267 1262 ι(
296 1209 584 1283 justificat,
613 1211 732 1267 imo
785 1226 902 1268 non
948 1215 1033 1267 est
1080 1209 1238 1267 fideS.
1269 1232 1293 1263 ι)
1346 1211 1499 1268 Idem
1548 1227 1611 1266 re

239 1289 362 1363 ipsa
382 1289 574 1347 docuit
600 1291 875 1347 Calvinus
892 1293 953 1346 in
979 1292 1215 1347 antidot.
1249 1292 1608 1348 Concil.sess.

240 1375 295 1439 6,
326 1379 384 1429 et
417 1373 520 1429 alii
562 1375 818 1431 Sectarii.
854 1376 949 1430 Est
996 1380 1189 1432 autem
1244 1389 1360 1432 non
1388 1373 1610 1431 modica

243 1454 397 1510 inter
422 1455 799 1520 LutheranOS‚
833 1455 1039 1512 saltem
1071 1454 1305 1530 rigidos,
1330 1461 1384 1512 et
1413 1455 1612 1511 Calvi-

245 1535 425 1590 nistas
447 1535 508 1590 in
535 1536 639 1592 hac
674 1540 835 1608 parte
862 1535 1174 1611 discordia,
1199 1537 1319 1591 illis
1349 1550 1615 1592 asseren-

246 1616 395 1672 tibus
422 1615 592 1672 fidem
630 1632 750 1674 esse
794 1618 1042 1674 sormam
1087 1616 1517 1692 justificantem,
1543 1616 1615 1671 iis

244 1711 382 1753 vero
407 1696 881 1753 contendentibus
907 1714 1028 1755 esse
1054 1698 1245 1755 solum
1289 1697 1615 1769 apprehen-

242 1777 465 1834 sionem
535 1778 736 1834 formae
796 1777 1185 1851 justificantis
1238 1779 1459 1832 Rursus
1523 1777 1614 1832 illi

240 1858 460 1924 volunt,
494 1857 666 1915 fidem
691 1859 1106 1931 justificantem
1154 1874 1276 1915 esse
1320 1856 1608 1923 fiduciam,

240 1953 342 2011 per
366 1954 538 2010 quarn
580 1944 835 2010 peccator
860 1938 1100 1996 confidit
1132 1936 1245 1993 sibi
1276 1943 1499 2011 peccata
1522 1953 1617 1994 re-

241 2018 394 2073 mitti
444 2018 517 2075 ob
569 2019 779 2075 merita
828 2020 1040 2076 Christi
1068 2045 1081 2086 ;
1111 2025 1167 2076 et
1213 2020 1294 2075 sic
1339 2020 1620 2076 collocant

242 2097 412 2155 fidem
430 2098 835 2173 justificantem
860 2100 923 2155 in
947 2102 1241 2157 voluntate
1271 2101 1398 2156 :isti
1427 2105 1616 2156 autem

242 2178 573 2236 existimant
601 2178 772 2236 fidem
822 2180 1231 2253 justificantem
1278 2197 1400 2238 esse
1422 2195 1619 2237 assen-

245 2273 372 2313 sum
419 2257 761 2325 intellectus‚
800 2275 912 2331 quo
962 2266 1116 2317 certo
1146 2267 1400 2334 peccator
1440 2259 1621 2316 credit

245 2339 355 2396 sibi
380 2345 599 2413 peccata
626 2357 747 2397 esse
786 2342 1027 2399 remissa
1055 2341 1124 2399 ob
1148 2344 1358 2399 merita
1386 2329 1615 2409 Christi,

246 2426 301 2478 et
320 2439 430 2495 quo
458 2423 642 2494 ipsam
678 2424 963 2497 justitiam
992 2425 1205 2481 Christi
1246 2426 1401 2481 velut
1444 2441 1618 2481 manu

248 2501 646 2574 apprehendit,
674 2509 730 2560 et
758 2504 895 2560 facit
943 2504 1286 2577 imputative
1336 2522 1520 2562 suam.
1555 2508 1620 2561 In

247 2583 380 2638 aliis
405 2584 582 2639 etiam
613 2584 861 2641 minoris
888 2585 1166 2641 momenti
1209 2584 1617 2658 digladiantur,

251 2666 307 2718 et
328 2662 473 2719 alios
490 2679 721 2719 errores
741 2663 1037 2736 adjiciunt,
1055 2664 1153 2736 qui
1181 2665 1339 2720 velut
1367 2665 1516 2721 rami
1550 2680 1622 2721 ex

251 2740 355 2798 illa
405 2742 595 2799 radice
641 2743 973 2815 procedunt.
1038 2742 1435 2801 Fundamenta
1483 2760 1621 2802 vero

253 2823 415 2880 illius
438 2822 861 2896 propositionis,
910 2823 1047 2883 Sola
1085 2825 1215 2897 fides
1233 2826 1524 2896 justificat,
1556 2824 1620 2882 in

251 2921 363 2977 qua
411 2921 614 2961 omnes
634 2904 727 2961 illi
767 2906 1138 2972 conveniunt,
1176 2905 1456 2962 latissime
1485 2923 1622 2978 pro-

253 2990 474 3058 ponunt
517 2985 912 3042 Bellarminus
962 2986 1054 3042 lib.
1098 2988 1143 3049 l,
1188 2986 1251 3040 de
1312 2984 1613 3058 Justificat:

251 3083 372 3138 cap.
426 3067 506 3121 12.
538 3082 680 3120 cum.
707 3082 814 3140 seq.
845 3065 1079 3137 Staplet.
1119 3065 1212 3122 lib.
1252 3066 1306 3132 8,
1333 3082 1454 3137 cap.
1486 3067 1539 3132 3,
1566 3069 1624 3123 et

253 3146 355 3202 alii
380 3145 864 3211 Controversistae,
895 3145 993 3217 qui
1032 3143 1308 3201 adversus
1330 3144 1624 3203 haereticos

254 3226 437 3283 nostri
485 3226 762 3298 temporis
807 3225 1182 3297 scripserunt.
1235 3228 1350 3282 Nos
1395 3230 1623 3282 tantum

253 3306 623 3381 subjiciemus
645 3307 928 3379 praecipua
963 3306 1163 3379 capita,
1190 3304 1397 3377 quibus
1421 3306 1624 3378 praeci-

254 3387 353 3455 cis,
410 3392 611 3444 caetera
657 3386 855 3462 hydrae
912 3386 1195 3452 membra,
1252 3392 1307 3443 et
1375 3388 1625 3461 impetus

256 3470 713 3539 prosternentur.

331 3547 422 3602 33.
465 3549 728 3622 Arguunt
746 3564 882 3623 ergo
906 3551 1106 3622 primo,
1139 3548 1274 3621 quia
1324 3549 1627 3620 Apostolus

256 3632 452 3700 aperte
497 3629 715 3696 asserit,
745 3631 927 3687 solam
973 3628 1146 3686 fidem
1187 3629 1315 3684 sine
1357 3629 1628 3701 operibus

250 3707 604 3783 justificare:
653 3725 788 3785 ergo
831 3713 953 3768 sola
1005 3709 1148 3768 fides
1187 3710 1315 3767 sine
1356 3709 1628 3783 operibus

250 3788 542 3863 justificat.
594 3790 877 3847 Probatur
920 3789 1279 3857 antecedens,
1340 3806 1500 3857 nam,
1554 3790 1629 3845 ad

257 3871 413 3930 Rom.
461 3873 515 3939 3,
546 3870 756 3928 dicitur
791 3892 805 3927 ε
857 3891 885 3924 α
921 3872 1294 3928 Arbitramur
1328 3872 1628 3929 hominem

211 3959 223 3971 ·
262 3971 289 4004 «
317 3950 619 4025 justificari
635 3951 1219 4027 sineoperibuslegis.
1256 3974 1280 4004 n
1313 3950 1397 4007 Ad
1421 3954 1624 4026 Ephes.

257 4036 294 4091 2
320 4056 334 4091 ε
363 4055 389 4087 «
423 4035 618 4091 Gratia
655 4035 860 4092 salvati
893 4036 1031 4091 estis
1053 4051 1154 4109 per
1178 4034 1372 4101 fidem,
1401 4051 1517 4091 non
1557 4051 1630 4092 ex

264 4137 290 4170 «
317 4115 645 4189 operibus.»
671 4115 756 4170 Ad
785 4117 1006 4173 Galath.
1034 4119 1070 4174 2
1105 4138 1117 4172 :
1148 4138 1173 4169 «
1199 4117 1629 4189 Scientes‚quod

264 4220 290 4251 «
323 4214 443 4255 non
467 4196 808 4271 justificatur
833 4200 1007 4256 homo
1028 4214 1099 4255 ex
1125 4198 1398 4271 operibus
1427 4200 1624 4274 legis.»

259 4280 524 4353 Arguunt
537 4280 925 4352 secundo,quia
937 4282 997 4338 in
1014 4282 1306 4353 Scriptura
1323 4282 1631 4340 manifeste

260 4358 491 4425 dicitur,
522 4358 695 4416 fidem
717 4359 1052 4433 justificare,
1083 4367 1148 4416 ut
1188 4363 1349 4418 Lucae
1374 4366 1431 4428 7,
1462 4367 1519 4419 et
1543 4364 1577 4417 8
1613 4382 1626 4417 ε

203 4450 214 4460 ·
259 4438 424 4501 Fides
451 4447 617 4497 tuate
644 4442 861 4498 salvum
888 4443 1035 4515 fecit,
1062 4448 1118 4499 et
1144 4442 1352 4500 Habac.
1383 4446 1420 4500 2
1451 4465 1464 4499 ε
1493 4443 1631 4500 Jus-

260 4528 349 4576 ιω
410 4538 482 4576 em
519 4522 622 4593 fide
658 4523 838 4577 vivit:
886 4523 1035 4595 quod
1076 4523 1276 4595 repetit
1321 4526 1513 4596 Apost.
1557 4525 1632 4579 ad

259 4602 420 4662 Rom.
486 4606 531 4671 1,
581 4604 656 4658 ad
702 4602 891 4661 Galat.
939 4606 995 4669 2,
1039 4611 1087 4659 et
1133 4605 1204 4659 ad
1255 4603 1503 4662 Hebraeos
1543 4608 1625 4663 10.

257 4687 389 4742 Haec
416 4689 607 4741 autem
651 4685 795 4742 falsa
821 4690 1027 4751 essent,
1060 4686 1175 4742 nisi
1202 4689 1326 4744 sola
1344 4687 1482 4745 fides
1507 4687 1633 4743 suf-

256 4765 453 4824 ficeret
486 4782 587 4839 per
614 4765 862 4837 seipsam
893 4764 962 4821 ad
1003 4765 1431 4839 justificandum
1461 4784 1632 4841 :ergo

258 4846 484 4905 sufficit.
510 4849 778 4920 Arguunt
828 4848 985 4901 tertio
1006 4864 1026 4912 ,·
1071 4861 1207 4903 nam
1253 4847 1400 4903 illud
1441 4849 1632 4904 solum

257 4926 514 5002 exigitur
540 4925 614 4982 ad
644 4926 1130 4999 justificationem,
1163 4926 1312 5000 quod
1339 4926 1634 5000 Scriptura

256 5008 440 5087 exigit
478 5007 550 5064 ad
598 5008 774 5065 talem
827 5008 1134 5067 effectum:
1189 5008 1287 5066 sed
1340 5009 1637 5082 Scriptura

413 5089 705 5151 Salmant.
731 5089 894 5149 Curs.
926 5090 1148 5162 theolog).
1174 5098 1305 5150 tom.
1336 5090 1409 5151 X.

2999 396 3115 450 553

1742 560 1931 617 solum
1948 558 2126 633 exigit
2142 557 2312 614 tidem
2338 579 2350 612 ε
2374 575 2509 632 ergo
2532 557 2670 615 fides
2700 561 2819 616 sola
2842 562 3109 634 exigitur,

1741 647 1796 700 et
1842 641 2043 697 sufficit
2091 640 2162 697 ad
2206 641 2509 713 justitiam.
2563 643 2843 699 Probatur
2893 645 3107 712 minor,

1741 723 1878 796 quia
1904 722 2071 779 Joan.
2097 724 2150 791 3,
2183 720 2396 777 dicitur
2423 744 2435 777 :
2472 744 2496 774 «
2525 724 2599 778 Ut
2626 724 2817 779 omnis
2842 724 2938 796 qui
2987 741 3112 781 cre·
3129 729 3183 770 D·
3203 730 3329 773 Joan.

1749 802 1967 858 «ditin
2022 803 2212 868 illum,
2239 818 2355 859 non
2397 807 2607 874 pereat,
2634 803 2731 859 sed
2775 803 2980 861 habeat
3022 777 3332 862 vi-Adnom.

1748 908 1773 938 α
1801 891 1922 941 tam
1944 884 2370 941 aeternam.»Ad
2398 886 2970 942 Rom.3:«.1ustificati
2991 904 3118 960 gra·

1749 990 1774 1020 «
1807 968 1881 1023 tis
1921 984 2022 1040 per
2072 965 2244 1023 fidem
2269 967 2464 1038 ipsiuS,
2501 983 2602 1039 per
2631 967 3111 1040 redemptionem,

1749 1072 1774 1102 «
1800 1065 1925 1122 quae
1950 1054 2034 1106 est
2074 1050 2136 1104 in
2179 1049 2404 1105 Christo
2430 1052 2581 1116 Jesu,
2620 1066 2788 1121 quem
2816 1054 3109 1124 proposuit

1751 1151 1776 1183 α
1809 1129 2242 1202 propitiatorem
2268 1145 2368 1200 per
2407 1127 2580 1184 fidem
2611 1129 2673 1184 in
2700 1131 2982 1204 sanguine
3019 1132 3114 1204 ip-

1750 1231 1777 1262 «
1800 1210 1978 1265 sius.»
2006 1210 2075 1264 Et
2095 1209 2388 1281 cap.4:«Ei
2414 1210 2514 1280 qui
2542 1225 2660 1266 non
2687 1216 3110 1282 operatur‚cre-
3173 1219 3268 1261 Act.

1751 1312 1776 1342 α
1802 1290 1960 1347 denti
1978 1294 2167 1345 autem
2192 1290 2254 1345 in
2276 1290 2535 1363 eum.qui
2553 1289 3105 1364 Justificatimpium,
3155 1269 3302 1320 ΛΡΝ·

1752 1393 1778 1424 «
1812 1375 2108 1443 reputatur
2138 1368 2275 1428 fides
2295 1371 2415 1444 ejus
2443 1369 2512 1426 ad
2535 1371 2840 1444 justitiam.
2868 1394 2892 1424 »
2915 1377 3108 1432 Actor.

1757 1453 1880 1509 13.«
1905 1455 1965 1507 In
1996 1452 2100 1507 hoc
2120 1451 2327 1516 omnis,
2355 1451 2451 1522 qui
2473 1452 2672 1516 credit,
2696 1452 3103 1524 justificatur.»

1749 1535 1818 1587 Et
1838 1549 1960 1605 cap.
2013 1535 2075 1588 16
2109 1553 2122 1588 t
2169 1553 2192 1584 α
2239 1532 2416 1589 Crede
2462 1533 2526 1588 in
2555 1534 2866 1590 Dominum
2918 1538 3114 1592 Jesum

1755 1634 1779 1665 α
1807 1611 2178 1678 Christum,et
2197 1613 2391 1668 salvus
2410 1615 2583 1668 eris.»
2613 1616 3111 1691 Arguuntquarw,

1701 1713 1709 1723 ·
1749 1695 1886 1767 quia
1908 1696 1938 1748 J
1944 1709 2158 1750 oannes
2183 1695 2439 1766 Baptista
2460 1696 2617 1751 venit
2646 1713 2849 1768 parare
2869 1699 3120 1755 Domino

1753 1774 1978 1847 plebem
2004 1773 2311 1845 perfectam
2342 1789 2440 1845 per
2474 1774 2778 1846 justitiam,
2814 1783 2873 1831 ut
2900 1782 3119 1835 constat

1752 1871 1822 1912 ex
1849 1854 2043 1912 verbis
2072 1854 2294 1929 Angeli,
2328 1853 2462 1910 Luc.
2500 1857 2544 1923 l,
2566 1856 2662 1912 sed
2680 1862 2905 1913 tantum
2933 1859 3112 1925 venit,
3161 1882 3168 1890 ·

1753 1942 1816 1993 ut
1861 1937 2257 1993 testimonium
2300 1935 2626 2008 perhiberet
2672 1938 2741 1994 de
2788 1940 3029 2006 lumine,
3057 1947 3119 1996 ut

1754 2032 1955 2073 omnes
1974 2015 2271 2073 crederent
2295 2031 2393 2086 per
2422 2015 2612 2081 illum,
2629 2022 2922 2074 utconstat
2949 2019 3113 2077 Joan.

1763 2100 1780 2152 l
1816 2120 1831 2163 ;
1860 2112 1995 2169 ergo
2023 2095 2162 2153 fides
2182 2097 2304 2152 sola
2331 2100 2414 2150 est
2440 2095 2742 2162 sufficiens,
2771 2103 2833 2152 ut
2855 2099 3026 2156 homo
3045 2100 3121 2155 sit

1756 2177 2054 2251 perfectus,
2087 2182 2142 2233 et
2187 2177 2391 2249 justus,
2443 2178 2708 2249 Arguunt
2748 2180 2956 2252 quinto,
2983 2180 3119 2251 quia

1757 2259 1949 2330 plures
1975 2257 2155 2313 sancti
2184 2259 2381 2312 Patres
2405 2256 2715 2322 affirmant,
2739 2257 2911 2313 fidem
2934 2260 3117 2315 solam

1751 2336 2080 2413 justificare,
2112 2353 2355 2410 quorum
2397 2337 2618 2409 aliquos
2644 2354 2816 2409 supra
2856 2337 3119 2396 dedimus

1756 2436 1909 2475 num.
1936 2421 2007 2473 26
2039 2443 2054 2485 ;
2097 2434 2231 2492 ergo
2258 2424 2314 2474 et
2341 2434 2443 2474 nos
2472 2418 2743 2476 debemus
2780 2419 2858 2474 ita
2877 2421 3113 2476 sentire.

1834 2500 1979 2565 Haec,
2006 2504 2060 2555 et
2082 2499 2197 2554 alia
2226 2499 2393 2571 plura
2420 2499 2667 2556 minoris
2713 2500 2992 2556 momenti
3015 2500 3119 2558 ob·
3133 2526 3319 2569 convel-

1750 2579 1959 2655 jiciunt
1996 2578 2222 2635 inimici
2244 2579 2425 2635 crucis
2467 2579 2697 2645 Christi,
2728 2586 2785 2636 et
2820 2580 3005 2637 hostes
3034 2583 3121 2639 la-
3159 2576 3315 2620 tantur.

1757 2660 1932 2729 boris,
1989 2676 2052 2738 ac
2098 2658 2382 2716 bonorum
2418 2675 2705 2733 operum:
2759 2677 2883 2734 quae
2927 2667 3122 2720 tamen

1758 2742 1924 2798 facile
1945 2740 2327 2813 explicantur
2354 2740 2540 2796 tribus
2568 2740 2773 2803 modis
2801 2742 2989 2799 Primo
3029 2742 3123 2800 di-

1756 2820 1952 2886 cendo,
1997 2821 2191 2879 omnia
2234 2823 2410 2879 relata
2463 2823 2794 2880 testimonia
2855 2824 3007 2897 loqui
3056 2823 3127 2882 de

1757 2903 1871 2962 fide
1914 2905 2068 2971 viva,
2096 2922 2222 2977 quae
2269 2919 2370 2976 per
2419 2904 2782 2962 dilectionem
2832 2913 3121 2979 operatur,

1756 2991 1811 3042 et
1836 3001 1962 3059 quae
1986 2986 2245 3058 implicat
2267 2985 2628 3051 charitatem,
2660 2990 2716 3042 et
2737 2985 2886 3043 bona
2912 3004 3085 3059 opera
3113 3010 3125 3043 ε

1758 3081 1896 3122 nam
1919 3066 2216 3139 Scriptura
2244 3068 2387 3139 (quae
2417 3065 2528 3121 sibi
2557 3082 2675 3123 non
2702 3072 2786 3122 est
2813 3068 3129 3139 contraria)

1757 3148 2097 3204 charitatem
2145 3147 2340 3214 etiam,
2367 3152 2424 3202 et
2461 3145 2611 3203 bona
2638 3162 2809 3219 opera
2853 3148 3124 3220 exposcit,

1761 3234 1822 3284 ut
1847 3227 2144 3284 evidenter
2190 3231 2410 3284 constat
2455 3242 2528 3282 ex
2567 3228 2704 3283 locis
2730 3243 2905 3299 supra
2935 3228 3132 3286 relatis

1760 3326 1914 3365 num.
1967 3310 2021 3375 8,
2068 3327 2192 3364 cum
2224 3306 2587 3385 sequentibus.
2624 3308 2953 3364 Praesertim
2994 3309 3131 3380 quia

1757 3389 2072 3466 justificare
2116 3394 2202 3447 est
2247 3394 2402 3446 actus
2442 3388 2759 3461 perfectus:
2807 3389 2959 3446 unde
3012 3406 3129 3447 non

1762 3475 1944 3545 potest
1966 3471 2280 3527 convenire
2300 3468 2435 3525 fidei
2463 3469 2525 3523 in
2566 3473 2714 3525 statu
2736 3469 2995 3536 informi,
3027 3486 3129 3526 seu

1764 3552 2058 3625 praecisive
2105 3567 2136 3607 a
2189 3549 2482 3615 charitate,
2535 3564 2660 3620 quae
2703 3554 2788 3605 est
2830 3550 3128 3607 vinculum

1763 3629 2136 3705 perfectionis
2169 3629 2353 3685 :sicut
2395 3643 2676 3702 generare
2701 3644 2817 3685 non
2863 3630 3131 3687 convenit

1763 3713 1990 3770 homini
2035 3713 2099 3768 in
2144 3716 2291 3767 statu
2340 3709 2676 3783 imperfecto
2704 3710 2885 3782 pueri,
2929 3710 3027 3768 sed
3066 3712 3131 3767 in

1761 3798 1910 3850 statu
1959 3793 2204 3866 perfecto
2249 3790 2387 3847 viri.
2419 3791 2532 3846 Hac
2559 3791 2913 3862 expositione
2952 3791 3134 3848 utitur

1764 3875 1982 3932 Concil.
2030 3873 2292 3930 Trident.
2323 3889 2450 3927 sess,
2489 3873 2544 3936 6,
2572 3889 2692 3945 cap.
2718 3874 2771 3938 8,
2795 3879 2851 3929 et
2899 3889 2966 3930 ea
2998 3890 3134 3930 usus
3163 3887 3325 3945 conen.

1764 3958 1955 4016 fuerat
2002 3958 2066 4013 D.
2121 3959 2354 4028 August.
2413 3953 2508 4010 lib.
2556 3955 2620 4009 de
2668 3955 2788 4026 fide,
2839 3962 2888 4011 et
2952 3938 3342 4040 operi-Efffiss‘f

1763 4040 1862 4095 bus
1901 4057 2021 4112 cap.
2081 4040 2164 4104 14,
2196 4056 2320 4094 cum
2358 4054 2468 4115 seq;
2496 4044 2546 4091 et
2587 4036 2677 4092 lib.
2711 4038 2774 4091 de
2812 4041 3034 4111 spiritu,
3085 4047 3135 4095 et

1766 4122 1873 4178 litt.
1926 4139 2048 4194 cap.
2076 4122 2170 4184 22,
2195 4124 2251 4175 et
2302 4119 2367 4174 D.
2426 4118 2678 4192 Ignatius
2724 4120 2784 4173 in
2834 4122 2992 4192 epist.
3046 4123 3344 4189 14,n.1gnat.
3413 4114 3416 4117 ’

1763 4203 1864 4259 ubi
1886 4203 2102 4276 optime
2137 4200 2401 4266 affirmat,
2428 4198 2577 4272 quod
2613 4197 2750 4256 fides
2789 4207 2875 4256 est
2915 4203 3135 4275 princi-

1768 4284 1928 4358 pium
1973 4283 2122 4348 vitae,
2173 4281 2402 4338 dilectio
2448 4296 2584 4337 vero
2654 4278 2804 4346 finis,
2855 4287 2912 4338 et
2951 4282 3135 4340 ambae

1760 4366 1969 4442 junctae
1997 4363 2293 4421 hominem
2338 4361 2437 4418 Dei
2467 4359 2785 4433 perficiunt.
2822 4363 2924 4418 Cui
2948 4364 3133 4421 inter-

1767 4445 2079 4519 pretationi
2104 4445 2290 4501 affinis
2316 4449 2400 4501 est
2425 4443 2558 4508 alia,
2585 4459 2696 4515 qua
2717 4443 2900 4500 utitur
2929 4446 3134 4502 Conci-

1766 4527 1914 4583 lium
1944 4528 2055 4582 loco
2101 4527 2192 4581 cit.
2220 4540 2426 4597 nempe
2451 4522 2624 4579 fidem
2671 4522 2984 4597 justificare
3015 4526 3134 4581 ini-

1765 4609 1986 4675 tiative,
2011 4613 2068 4664 et
2111 4606 2478 4679 dispositive;
2509 4621 2646 4662 nam
2675 4605 3033 4664 accedentem
3062 4607 3134 4664 ad

1765 4694 1949 4748 Deum
1982 4693 2200 4763 oportet
2250 4688 2500 4745 credere.
2569 4687 2818 4746 Secundo
2869 4688 3130 4759 dicendo,

1769 4770 2038 4846 praedicta
2072 4768 2402 4825 testimonia
2453 4769 2643 4825 solum
2668 4769 2972 4827 excludere
2998 4786 3136 4843 ope-

1770 4868 1853 4918 ra,
1888 4856 2056 4925 prout
2096 4848 2408 4922 procedunt
2444 4864 2513 4905 ex
2554 4849 2808 4906 naturali
2872 4849 3137 4907 facultate

1768 4931 2001 4989 arbitrii
2032 4953 2047 4997 3
2079 4946 2195 4987 non
2232 4935 2421 4985 autem
2452 4933 2515 4984 ut
2556 4931 2906 5003 proveniunt
2932 4946 3002 4987 ex
3046 4946 3136 4985 su-

1769 5010 2131 5086 pernaturali
2159 5010 2377 5068 auxilio
2423 5008 2544 5075 Dei,
2576 5013 2632 5066 et
2677 5008 3008 5083 diriguntur
3035 5021 3138 5081 per
