3647 5753
1481 395 1660 449 mse.
1702 395 1769 458 11,
1813 394 1978 449 nus.
2026 395 2118 450 ιν.
2360 433 2363 436 .
2492 361 2498 366 ’
3036 395 3147 450 375

289 569 436 625 facto
487 567 738 623 formam
790 567 1153 623 remissivam
1205 568 1412 641 peccati
1440 589 1454 624 :
1502 564 1651 639 quod

294 652 503 725 negant
528 649 917 706 communiter
943 649 1235 723 Theologi,
1269 653 1329 706 ut
1354 664 1533 722 supra
1557 648 1652 704 vi·

288 731 484 787 dimus
502 730 631 786 dub.
657 731 712 787 2.
737 731 977 803 Sequela
996 730 1335 796 ostenditur,
1354 730 1490 803 quia
1507 729 1654 785 sicut

288 813 477 888 gratia
498 811 669 870 habet
698 812 1124 885 perfectionem,
1149 818 1207 870 et
1225 812 1540 871 bonitatem
1567 811 1656 868 in-

293 895 624 959 trinsecam,
655 907 768 966 qua
797 892 945 948 Deus
972 892 1145 965 possit
1172 894 1328 951 allici
1350 893 1422 950 ad
1444 892 1655 950 remis-

291 978 514 1034 sionem
545 972 753 1047 peccati
782 993 798 1030 ι
841 972 921 1029 ita
959 973 1260 1047 praedictus
1304 978 1461 1031 actus
1486 972 1657 1030 habet

298 1058 691 1122 intrinsecam,
724 1059 781 1110 et
799 1054 1078 1112 eximiam
1100 1057 1519 1124 excellentiam,
1543 1070 1656 1128 qua

301 1142 447 1197 Deus
474 1137 695 1195 moveri
724 1138 933 1203 valeat,
964 1142 1028 1192 ut
1061 1143 1349 1209 peccatum
1379 1138 1650 1195 remittat.

301 1222 369 1274 Et
405 1216 889 1289 quemadmodum
937 1215 1162 1274 bonitas
1209 1217 1461 1291 praedicti
1504 1222 1658 1274 actus

301 1314 420 1357 non
458 1297 713 1370 adaequat
754 1296 1099 1371 gravitatem
1133 1297 1366 1356 offensae
1394 1298 1530 1356 Dei:
1577 1297 1658 1353 sic

301 1378 527 1436 bonitas
544 1377 851 1433 intrinseca
874 1377 1074 1451 gratim
1101 1393 1220 1436 non
1247 1379 1504 1451 adaequat
1529 1393 1659 1434 ma·-

302 1460 511 1526 litiam,
535 1463 591 1516 et
616 1458 1037 1516 deformitatem
1066 1461 1295 1531 peccati,
1330 1468 1392 1517 ut
1419 1459 1660 1535 praedic-

301 1548 393 1597 tus
444 1541 663 1597 Author
707 1540 998 1598 discurrit.
1048 1543 1198 1617 Ergo
1240 1543 1363 1618 ejus
1400 1543 1660 1601 doctrina

301 1636 460 1694 aeque
487 1619 686 1693 probat
708 1624 896 1677 actum
922 1622 1306 1688 contritionis,
1319 1624 1425 1681 ·vel
1447 1622 1661 1680 amoris
1682 1679 1685 1682 ,

303 1703 404 1760 Dei
447 1718 572 1760 esse
615 1701 866 1760 formam
900 1704 1331 1782 justificantem,
1381 1706 1474 1764 vel
1509 1704 1662 1762 nihil

303 1783 524 1857 prohat.

81 1867 268 1927 Primum
384 1865 506 1920 lll.
554 1863 772 1921 Motiva
799 1869 1011 1934 autem,
1057 1882 1183 1940 quae
1216 1883 1288 1924 ex
1321 1864 1664 1924 Tridentino

82 1924 286 2012 ’ἓξὲξ-Ἢ
303 1944 561 2012 assumit,
585 1945 728 2001 satis
754 1946 908 2002 levia
927 1951 1082 2014 sunt,
1107 1953 1165 2004 et
1186 1948 1249 2004 in
1274 1948 1466 2022 ipsum
1489 1952 1665 2003 retor-

83 2018 268 2112 ¹233?ss
302 2026 548 2101 quenda.
581 2026 850 2084 Primum
875 2028 1109 2100 quidem
1136 2045 1255 2087 non
1282 2035 1446 2105 urget
1468 2054 1484 2096 ;
1527 2043 1665 2086 nam

306 2110 629 2167 Concilium
668 2126 788 2168 non
829 2111 959 2169 ideo
1002 2110 1250 2169 diversis
1309 2112 1540 2171 vocibus
1582 2111 1666 2168 si-

302 2189 534 2264 gnificat
579 2191 983 2254 remissionem
1030 2198 1409 2264 peccatorum,
1463 2197 1521 2270 et
1558 2191 1667 2250 ho-

305 2271 483 2328 minis
515 2271 1007 2346 justificationem,
1037 2274 1161 2332 sive
1182 2274 1479 2331 internam
1504 2288 1669 2330 reno-

267 2389 272 2394 ·
305 2353 632 2415 vationem;
671 2355 806 2427 quia
845 2371 949 2428 per
991 2355 1252 2414 diversas
1290 2356 1392 2413 Dei
1419 2354 1669 2413 actiones

306 2432 464 2501 fiant,
521 2434 613 2490 vel
669 2449 769 2506 per
818 2434 1075 2493 diversas
1137 2452 1335 2494 causas
1396 2435 1669 2492 formales

308 2514 834 2580 communicentur3
883 2516 982 2575 sed
1039 2520 1176 2592 quia
1218 2520 1355 2574 sunt
1391 2517 1519 2574 duae
1545 2532 1671 2573 mu-

315 2597 561 2654 tationes
599 2597 854 2669 passivae,
883 2603 942 2656 et
981 2599 1097 2674 duo
1120 2599 1353 2657 effectus
1397 2600 1671 2660 formales

315 2676 568 2752 ejusdem
627 2678 828 2736 formae
876 2680 1222 2747 intrinsecae,
1278 2697 1487 2755 nempe
1534 2698 1670 2756 gra-

315 2757 430 2814 tiae.
458 2758 610 2815 Sicut
640 2775 743 2832 per
766 2760 1007 2817 eandem
1036 2762 1319 2821 actionem
1349 2761 1670 2819 introduci-

311 2846 407 2897 tur
428 2840 616 2899 forma
655 2857 822 2910 nova,
852 2848 910 2901 et
935 2844 1245 2917 expellitur
1261 2846 1663 2918 -praeexistens5

307 2925 365 2979 et
406 2927 643 2996 utraque
682 2924 923 2982 mutatio
952 2924 1123 2982 habet
1153 2925 1399 2984 eandem
1439 2941 1671 2984 causam

310 3004 613 3061 formalem
662 3005 1060 3071 intrinsecam,
1112 3006 1376 3066 videlicet
1421 3008 1670 3066 formam

311 3084 735 3152 advenientem,
777 3101 904 3159 quae
929 3086 1116 3158 seipsa
1149 3088 1536 3147 communicat
1563 3104 1673 3147 no-

313 3180 451 3221 vum
477 3180 618 3233 esse,
643 3170 699 3223 et
718 3168 957 3240 expellit
978 3167 1302 3241 antiquum.
1334 3173 1455 3235 Quo
1479 3185 1668 3228 exem·

93 3265 267 3308 nfmo.
312 3246 408 3318 plo
429 3246 610 3304 utitur
631 3247 696 3302 D.
727 3247 930 3305 Thom.
958 3248 1138 3317 infra,
1161 3258 1272 3308 art.
1303 3252 1340 3307 6
1366 3252 1442 3307 ad
1466 3253 1521 3317 2,
1572 3249 1672 3306 uhi

310 3325 430 3383 ait:
465 3347 490 3379 α
533 3326 868 3394 Dicendum,
912 3329 1061 3402 quod
1099 3332 1308 3404 gratiae
1351 3331 1587 3396 infusio,
1616 3333 1675 3387 et

318 3428 345 3459 α
378 3407 642 3465 remissio
662 3409 842 3482 culpae
853 3409 1160 3483 dupliciter
1179 3411 1534 3471 considerari
1551 3426 1674 3484 pos-

319 3510 346 3540 «
375 3492 528 3544 sunt.
580 3489 709 3545 Uno
755 3489 926 3546 modo
962 3492 1278 3549 secundum
1300 3492 1484 3565 ipsam
1505 3489 1674 3548 subs-

315 3589 346 3620 α
376 3569 618 3625 tantiam
659 3574 833 3637 actus,
863 3577 921 3628 et
950 3571 1033 3628 sic
1058 3572 1212 3630 idem
1249 3577 1426 3639 sunt3
1472 3572 1673 3630 eodem

312 3672 343 3701 α
373 3649 532 3706 enim
579 3655 704 3706 actu
743 3654 892 3708 Deus
935 3657 992 3710 et
1039 3652 1283 3727 largitur
1320 3654 1588 3728 gratiam,
1619 3656 1676 3709 et

311 3754 342 3784 α
373 3730 615 3795 remittit
639 3730 887 3802 culpam.
919 3730 1053 3790 Alio
1074 3732 1247 3790 modo
1274 3737 1509 3806 possunt
1536 3747 1675 3790 con-

311 3834 340 3864 «
370 3809 614 3866 siderari
642 3826 712 3867 ex
736 3815 896 3882 parte
916 3809 1301 3884 objectorum;
1332 3816 1388 3869 et
1405 3811 1488 3868 sic
1507 3810 1675 3868 diffe-

314 3914 342 3945 α
375 3895 515 3946 runt
539 3889 853 3947 secundum
899 3890 1292 3948 differentiam
1331 3892 1514 3964 culpae
1550 3908 1676 3965 quae

316 3993 345 4024 α
376 3969 620 4037 tollitur,
651 3975 710 4027 et
747 3969 948 4044 gratiae
974 3985 1099 4043 quas
1126 3970 1477 4029 infunditur.
1521 3972 1677 4029 Sicut
1710 4029 1712 4031 ,

318 4073 348 4105 (ι
376 4050 553 4108 etiam
580 4049 644 4106 in
675 4049 845 4107 rebus
870 4049 1234 4107 naturalibus
1256 4051 1576 4125 generatio,
1620 4056 1678 4109 et

319 4153 348 4182 <t
379 4130 668 4201 corruptio
713 4128 1009 4197 differunt,
1064 4131 1333 4204 quamvis
1382 4132 1677 4206 generatio

317 4232 349 4263 «
383 4209 558 4265 unius
581 4209 656 4265 sit
681 4208 972 4281 corruptio
1008 4209 1267 4268 alterius.
1320 4232 1346 4262 »
1389 4211 1677 4275 Quemad-

312 4290 570 4350 modum.
613 4307 748 4365 ergo
794 4291 859 4347 in
908 4290 1077 4347 rebus
1136 4288 1512 4369 naturalibus·
1556 4298 1680 4367 post

312 4369 699 4447 eductionem,
730 4376 787 4428 et
827 4371 1316 4431 introductionem
1344 4373 1518 4429 unius
1557 4373 1679 4432 for-

313 4469 449 4518 mae‚
473 4468 591 4510 non
620 4451 1075 4525 requirituralia
1095 4453 1260 4519 actio,
1282 4468 1408 4526 quae
1429 4453 1678 4511 formam

315 4534 777 4610 praeexistentem
805 4533 1073 4607 expellat,
1097 4533 1197 4592 sed
1219 4535 1342 4608 ipsa
1360 4536 1525 4604 actio,
1555 4552 1681 4610 quae

315 4631 535 4675 novam
563 4614 812 4671 formam
842 4613 1091 4683 induxit,
1123 4614 1453 4675 extenditur
1478 4633 1682 4676 conse·—

313 4700 563 4771 quenter
603 4693 674 4750 ad
695 4694 946 4768 antiquae
966 4694 1410 4754 destructionem
1433 4719 1446 4755 ε
1477 4699 1559 4755 ita
1578 4714 1681 4773 po-

312 4779 432 4834 sita
456 4774 644 4850 gratia
671 4789 788 4831 non
834 4774 1151 4847 requiritur
1195 4776 1312 4833 alia
1343 4778 1516 4844 actio,
1557 4796 1683 4853 quae

316 4861 615 4934 peccatum
641 4860 939 4930 expurget,
986 4855 1085 4913 sed
1121 4857 1245 4931 ipsa
1280 4873 1402 4916 sese
1425 4859 1683 4918 extendit

316 4939 393 4999 ad
419 4936 821 5010 expulsionem
859 4936 1045 5005 illius,
1086 4939 1229 5012 quin
1277 4954 1460 4997 novus
1497 4940 1677 5009 favor,

313 5021 527 5079 saltem
548 5016 834 5091 loquendo
849 5017 1014 5091 juxta
1035 5022 1270 5076 naturas
1292 5035 1507 5090 rerum,
1539 5021 1683 5080 desi-

1782 562 2036 622 deretur.
2083 568 2152 622 Et
2202 564 2450 639 profecto
2496 567 2619 638 ipsa
2660 565 2835 623 verba
2879 565 3142 632 Concilii,

1783 660 1911 718 quae
1956 643 2201 718 Ripalda
2225 645 2480 719 opponit,
2528 647 2651 721 ejus
2698 645 3011 704 intentioni
3041 644 3141 702 ad-

1787 730 2093 783 versantur
2116 749 2131 793 ;
2153 725 2275 798 ipse
2299 726 2460 783 enim
2489 732 2748 784 autumat
2774 731 2953 786 Deum
2984 727 3146 801 prius

1785 806 2097 864 infundere
2133 808 2401 881 gratiam,
2432 813 2489 865 et
2514 810 2660 866 hanc
2685 810 2864 866 semel
2891 809 3145 867 infusam

1787 888 1969 947 Deum'
2013 905 2118 945 sua
2156 889 2411 948 bonitate
2438 892 2690 959 allicere,
2729 908 2792 949 ac
2818 907 3140 965 provocare,

1789 975 1852 1027 ut
1877 987 2088 1029 novam
2117 971 2401 1029 actionem
2445 979 2659 1040 exerat,
2706 988 2807 1046 per
2843 989 3016 1045 quam
3044 989 3148 1030 ex-

1790 1053 1967 1125 pellat
1994 1056 2321 1125 peccatum:
2364 1058 2533 1126 atque
2560 1051 2687 1110 ideo
2712 1054 2907 1118 sentit,
2941 1055 3150 1125 peccati

1788 1134 2189 1207 expulsionem
2217 1151 2339 1192 esse
2366 1133 2637 1192 omnibus
2656 1134 2842 1191 modis
2870 1136 3154 1208 posterio-

1791 1229 1916 1272 rem
1960 1215 2161 1288 gratiae
2207 1214 2521 1271 infusione.
2555 1215 2876 1272 Concilium
2905 1221 3094 1273 autem
3122 1233 3155 1273 e

1789 1299 1990 1352 contra
2014 1311 2075 1352 se
2098 1297 2307 1370 gessit;
2350 1312 2487 1353 nam
2513 1297 2911 1369 expulsionem
2942 1300 3149 1370 peccati

1790 1376 2089 1432 collocavit
2115 1382 2250 1434 ante
2264 1377 2621 1434 infusionem
2641 1378 2858 1453 gratiae,
2886 1380 2976 1435 vel
2990 1395 3050 1435 sa
3059 1396 3150 1436 nc-

1792 1456 2167 1515 tificationem
2188 1482 2202 1525 ;
2226 1459 2308 1516 sic
2327 1458 2489 1516 enim
2511 1457 2681 1516 habet
2696 1460 2834 1517 locis
2855 1477 2889 1517 a
2910 1461 3153 1534 Ripalda

1791 1537 1981 1596 citatis
2009 1561 2022 1596 :
2065 1539 2415 1606 Justificatio
2433 1557 2542 1596 non
2566 1547 2643 1597 est
2669 1542 2787 1597 sola
2807 1549 3154 1614 peccatorum

1792 1623 2059 1686 remissie,
2097 1622 2187 1677 sed
2205 1629 2255 1678 et
2280 1621 2646 1686 sanctificatio
2669 1641 2687 1675 .·
2714 1625 2784 1678 Et
2808 1622 3051 1681 deinde:
3080 1624 3151 1682 In

1784 1702 2183 1774 justificatione
2207 1722 2332 1761 cum
2357 1707 2670 1761 remissione
2684 1713 3030 1779 peccatorum
3049 1708 3156 1763 haec

1794 1787 1983 1841 omnia
2036 1786 2207 1841 simul
2250 1788 2442 1859 infusa
2492 1791 2693 1862 accipit
2737 1791 2914 1857 homo,
2968 1788 3148 1853 fidem,

1795 1884 1961 1939 spem,
2010 1869 2358 1925 charitatem.
2406 1870 2566 1934 Quod
2612 1871 2745 1927 fecit
2803 1870 3148 1935 Concilium,

1796 1946 1932 2019 quia
1960 1946 2091 2004 licet
2119 1952 2358 2022 utraque
2384 1950 2624 2007 mutatio
2649 1950 2724 2006 sit
2749 1950 2925 2006 simul
2948 1951 3156 2008 termi-

1798 2042 1908 2083 nus
1934 2027 2187 2101 ejusdem
2229 2029 2468 2086 actionis
2487 2053 2501 2097 ;
2532 2030 2918 2088 nihilominus
2953 2029 3158 2088 ordine

1797 2109 2206 2183 generationis,
2245 2114 2302 2167 et
2326 2127 2397 2167 ex
2442 2116 2603 2184 parte
2628 2111 2862 2169 mobilis
2890 2113 3052 2184 prius
3076 2117 3160 2168 est

1797 2188 2110 2247 emundari
2157 2207 2191 2247 a
2230 2192 2417 2263 culpa,
2460 2208 2643 2264 quam
2666 2191 3010 2249 sanctificari
3060 2207 3161 2265 per

1798 2270 2081 2344 gratiam;
2110 2270 2256 2327 sicut
2272 2272 2450 2329 etiam
2473 2272 2536 2328 in
2564 2271 2928 2329 naturalibus
2952 2288 3162 2330 secun-

1799 2350 1940 2407 dum
1964 2366 2143 2425 genus
2169 2368 2351 2408 causae
2377 2352 2694 2409 materialis
2722 2353 2882 2425 prior
2920 2357 3005 2410 est
3029 2369 3162 2411 cor-

1804 2431 1999 2504 ruptio
2021 2430 2212 2498 uniuS,
2261 2448 2435 2505 quam
2473 2433 2767 2505 generatio
2805 2433 3064 2500 alteriuS,
3098 2441 3157 2490 ut

1802 2510 1975 2569 latius
1999 2510 2414 2582 explicabimus
2438 2514 2580 2585 disp.
2610 2514 2666 2579 4,
2696 2513 2824 2569 duob.
2849 2513 2906 2569 4.

1858 2589 2186 2648 Secundum
2208 2592 2491 2649 motivum
2513 2593 2696 2650 levius
2716 2593 2901 2650 adhuc
2915 2597 3020 2660 est;
3042 2609 3157 2652 non
3184 2594 3372 2686 A¹{⁴.³¹¹1111

1801 2670 1960 2728 enim
1990 2686 2268 2744 negamus
2287 2671 2358 2728 ad
2378 2670 2864 2746 justificationem,
2891 2677 2948 2730 et
2974 2689 3161 2745 pecca·
3172 2653 3370 2739 ffo‘ixffii'il
3404 2727 3411 2732 .

1803 2758 1995 2811 torum
2037 2752 2437 2811 remissionem
2469 2755 2685 2826 requiri
2726 2755 2987 2812 favorem
3017 2757 3157 2823 Dei;
3223 2748 3305 2788 ω’·

1803 2848 1907 2891 nec
1963 2832 2292 2899 asserimuS,
2346 2835 2593 2906 gratiam
2633 2832 3086 2908 independenter
3124 2853 3159 2895 a

1805 2914 1906 2972 Dei
1945 2913 2342 2972 misericordia
2369 2915 2653 2973 mundare
2687 2932 2791 2974 nos
2817 2933 2851 2973 a
2878 2919 3116 2991 peccatis
3144 2940 3157 2974 ε

1802 2995 2049 3053 dicimus
2094 2999 2288 3053 tamen
2329 2995 2482 3053 hunc
2520 2997 2797 3063 favorem,
2828 3003 2886 3055 et
2928 2999 3162 3056 miseri—

1802 3075 2059 3133 cordiam
2087 3090 2205 3132 non
2225 3076 2601 3147 supervenire
2629 3082 2751 3150 post
2774 3079 2973 3152 gratiae
3001 3079 3165 3136 infu-

1802 3157 2043 3226 sionem,
2076 3160 2169 3215 vel
2194 3173 2315 3215 esse
2357 3160 2467 3232 ipsi
2507 3159 2956 3217 accidentarium
2982 3161 3164 3219 etad-

1804 3237 2115 3294 ventitium
2134 3261 2150 3304 ;
2167 3236 2263 3294 sed
2280 3253 2401 3295 esse
2416 3237 2514 3293 ind
2525 3239 2817 3297 istinctum
2833 3239 2904 3297 ab
2917 3241 3156 3308 actione,

1803 3333 1916 3389 qua
1934 3317 2121 3392 gratia
2142 3317 2490 3384 infunditur,
2519 3318 2660 3376 etin
2687 3320 2811 3394 ipsa
2837 3322 3163 3380 formaliter

1805 3398 2131 3455 consistere.
2157 3398 2317 3463 Quod
2344 3415 2461 3456 non
2484 3399 2736 3467 aliunde,
2755 3398 2928 3474 quam
2950 3419 3023 3460 ex
3042 3404 3166 3475 ipso

1806 3478 2061 3536 Concilio
2086 3478 2431 3537 Tridentino
2456 3478 2732 3537 discimus
2758 3505 2771 3539 :
2813 3498 2949 3540 nam
2977 3501 3099 3557 cap.
3129 3487 3166 3538 7
3180 3486 3361 3578 ,19936112-

1804 3559 1898 3614 cit.
1930 3557 2051 3628 (ubi
2073 3559 2320 3632 explicat
2352 3558 2696 3628 doctrinam,
2727 3578 2899 3634 quam
2938 3581 3062 3619 can.
3104 3565 3158 3619 ll
3218 3546 3255 3580 ‘¹
3287 3545 3374 3579 ⁰¹¹·

1805 3637 2056 3711 diffinit),
2099 3641 2274 3695 simul
2311 3639 2572 3707 asseruit,
2603 3643 2851 3715 gratiam
2885 3644 3168 3700 intrinse-

1804 3737 1931 3778 cam
1957 3737 2079 3777 esse
2115 3721 2345 3778 unicam
2372 3738 2600 3779 causam
2629 3723 2934 3781 formalem
2961 3731 3172 3783 nostra}

1800 3799 2246 3875 Justificationis,
2290 3806 2348 3858 et
2372 3803 2620 3859 occurrit
2642 3803 3044 3861 haereticorum
3066 3804 3173 3863 ob-

1801 3881 2059 3958 jectioni,
2114 3898 2241 3956 quae
2286 3884 2507 3942 motivo
2552 3884 2812 3959 Ripaldae
2861 3886 3173 3946 simillima

1807 3968 1967 4026 erat;
1994 3964 2082 4020 sic
2106 3964 2268 4021 enim
2296 3964 2465 4024 habet
2490 3984 2504 4020 ε
2526 3990 2553 4022 «
2584 3970 2827 4025 Demum
2856 3969 3023 4026 unica
3051 3969 3173 4029 ior-

1815 4070 1842 4101 «
1872 4047 2044 4104 malis
2064 4063 2234 4104 causa
2262 4068 2288 4099 ι)
2316 4051 2545 4123 (nempe
2564 4049 3014 4126 justificationis)
3047 4074 3071 4103 ιι
3090 4059 3174 4110 est

1813 4151 1839 4183 α
1866 4128 2091 4203 iustitia
2119 4129 2219 4186 Dei
2244 4152 2257 4194 ;
2293 4146 2411 4187 non
2437 4149 2549 4205 qua
2575 4133 2698 4206 ipse
2731 4132 2915 4206 justus
2940 4139 3043 4200 est,
3074 4135 3174 4192 sed

1813 4231 1841 4264 α
1872 4225 1985 4282 qua
2013 4226 2116 4269 nos
2138 4210 2320 4285 justos
2346 4211 2517 4271 facit:
2546 4230 2660 4287 qua
2700 4212 2963 4272 videlicet
3009 4213 3082 4271 ab
3106 4231 3174 4273 eo

1817 4314 1845 4346 α
1872 4292 2070 4350 donati
2095 4308 2446 4351 renovamur
2465 4295 2675 4368 spiritu
2703 4296 2915 4353 mentis
2943 4302 3170 4363 nostrae,

1815 4394 1843 4425 «
1873 4378 1932 4430 et
1975 4389 2093 4431 non
2119 4372 2291 4430 modo
2331 4381 2686 4447 reputamur,
2732 4374 2830 4433 sed
2859 4392 2993 4435 vere
3032 4379 3173 4451 justi

1816 4478 1843 4508 α
1874 4457 2268 4525 nominamur,
2286 4463 2345 4516 et
2369 4475 2586 4526 sumus,
2613 4461 2895 4535 justitiam
2917 4464 2980 4520 in
3011 4463 3174 4521 nobis

1816 4558 1844 4591 α
1878 4537 2234 4610 recipienteS,
2256 4541 2643 4614 unusquisque
2658 4558 2845 4611 suam,
2860 4544 3173 4602 secundum

1817 4637 1845 4669 α
1874 4632 2231 4687 mensuram,
2273 4636 2447 4692 quam
2467 4620 2716 4693 Spiritus
2739 4629 2968 4680 sanctus
2989 4625 3173 4696 parti-

1817 4720 1844 4754 «
1874 4704 1970 4755 tur
1990 4699 2255 4773 singulis,
2283 4707 2451 4774 prout
2468 4703 2612 4769 vult,
2633 4709 2691 4761 et
2707 4704 3024 4762 secundum
3048 4721 3174 4778 pro-

1819 4802 1847 4834 «
1878 4780 2067 4853 priam
2106 4780 2376 4854 cujusque
2401 4782 2855 4856 dispositionem,
2888 4792 2945 4843 et
2967 4800 3173 4859 coope-

1819 4882 1845 4915 α
1878 4859 2186 4918 rationem.
2230 4864 2568 4935 Quanquam
2595 4866 2756 4921 enim
2781 4882 2970 4925 nemo
2997 4869 3173 4940 possit

1819 4963 1846 4994 α
1875 4957 1998 5000 esse
2018 4942 2223 5016 justuS,
2255 4943 2368 4999 nisi
2395 4944 2488 5000 cui
2515 4945 2722 5003 merita
2749 4948 3031 5020 passionis
3058 4950 3172 5007 Do-

1818 5044 1846 5077 «
1878 5023 2025 5081 mini
2051 5025 2232 5083 nostri
2251 5027 2383 5084 Jesu
2411 5026 2624 5085 Christi
2645 5030 3168 5104 communicantur;
