3647 5753
1524 401 1702 457 nise.
1747 400 1867 468 vn,
1912 399 2079 455 DUB.
2122 402 2216 457 1v.
3143 406 3243 460 163

170 590 350 632 Dfrno„
371 570 760 645 Eoeemplaria
783 566 960 628 autem
983 573 1220 628 ‹Iict'mus
1238 591 1346 628 esse
1369 575 1427 629 in
1460 574 1565 629 Deo
1589 575 1742 628 exis-

371 656 611 709 lentium
633 656 881 709 rationes
915 654 1339 726 substantifica3‚
1364 662 1412 710 et
1444 654 1744 725 sinyulari-

370 745 452 791 ter
465 739 892 808 praeeaeistentes,
942 753 1082 813 quas
1115 735 1396 806 Tlaeoloyia
1441 736 1743 809 proedefini-

372 819 545 872 tiones
577 825 756 882 vocat,
787 825 835 871 et
875 818 1118 882 divinas,
1150 825 1197 872 et
1224 818 1392 873 bottas
1435 819 1742 875 voluntates

374 898 732 953 existentium
758 898 1337 969 proedeterminativas,
1369 906 1418 954 et
1443 900 1735 971 effectivas,

375 978 670 1032 secundum
700 995 842 1054 quas
865 978 1253 1034 substantialis
1292 982 1524 1035 essentia
1551 981 1739 1034 omnia

377 1058 806 1129 praedestinavit,
857 1065 904 1111 et
929 1058 1219 1130 produxit.
1275 1059 1437 1116 L‘nde
1479 1060 1617 1115 satis
1642 1059 1740 1114 in-

377 1138 526 1193 sulse
572 1138 820 1193 asseruit
866 1139 1245 1201 Mascarenas,
1308 1139 1645 1212 Dionysium
1677 1138 1738 1193 in

379 1219 497 1275 loco
513 1217 678 1273 nobis
699 1216 919 1290 obJecto
938 1220 1291 1290 providentia·
1308 1218 1579 1276 vocabulo
1601 1234 1739 1291 prae·

377 1295 919 1354 determinationem
960 1297 1281 1358 excludere.
1326 1315 1455 1354 cum
1482 1299 1645 1354 illam
1676 1298 1736 1354 in

380 1377 497 1434 loco
525 1393 706 1449 nuper
733 1393 983 1449 expenso
1004 1378 1143 1434 adeo
1171 1378 1474 1435 manifeste
1499 1384 1733 1434 asserat.

162 1467 372 1512 ustinus.
451 1458 710 1517 Justinus
750 1458 974 1531 Martyr
1016 1465 1199 1532 negat,
1252 1460 1432 1516 Deum
1454 1474 1575 1516 esse
1600 1474 1736 1514 cau-

378 1553 499 1593 sam
529 1538 779 1604 virtuti8,
818 1545 915 1594 aut
945 1540 1067 1595 vitii
1102 1564 1116 1605 ;
1165 1556 1395 1597 causam
1427 1541 1620 1612 utique
1641 1556 1737 1597 ne·

375 1619 751 1686 cessitantem,
798 1627 856 1675 et
884 1619 1293 1692 impedientem
1324 1627 1547 1677 nostras
1589 1620 1736 1677 libe-

376 1717 468 1757 ras
488 1702 812 1758 electiones:
840 1702 1086 1758 minime
1107 1707 1300 1758 tamen
1323 1703 1733 1769 asserit,Deum

376 1797 490 1838 non
512 1797 745 1838 causare
773 1788 929 1838 actus
949 1782 1235 1839 virtuosos
1260 1790 1539 1855 quatenus
1569 1784 1728 1848 talea,

370 1868 426 1918 et
468 1865 887 1935 peccaminosos
932 1869 1212 1935 quantum
1255 1863 1325 1920 ad
1390 1865 1731 1921 entitatem:

371 1959 472 2000 nec
500 1945 562 1998 in
590 1943 692 2000 hoc
721 1960 892 2000 sensu
918 1950 1099 2017 potest
1123 1943 1323 2001 adduci
1348 1961 1381 2002 a
1404 1945 1729 2002 Catholicis,

368 2024 521 2080 Sicut
561 2040 696 2097 ergo
740 2023 1076 2081 Adversarii
1107 2025 1276 2080 illum
1320 2031 1638 2098 exponunt,
1673 2031 1733 2080 ut

372 2121 488 2162 non
513 2105 778 2160 excludat
804 2108 1052 2178 gratiam
1096 2123 1406 2180 congruam
1435 2123 1553 2164 non
1585 2123 1731 2179 prae-

369 2183 855 2240 determinantem
880 2209 892 2251 ;
920 2186 997 2242 ita
1020 2202 1123 2243 nos
1145 2187 1331 2258 ipsum
1355 2187 1725 2259 explicamus„

371 2272 428 2320 ut
476 2265 723 2322 minime
769 2265 995 2338 abjiciat
1037 2268 1283 2341 gratiam
1333 2266 1728 2340 praedetermi-

372 2353 624 2411 nantem,
664 2352 720 2404 et
748 2363 865 2404 non
896 2350 1326 2405 necessitantem
1350 2348 1626 2406 absolute.

146 2447 353 2489 irenaeus.
444 2429 694 2484 Irenaeus
713 2429 904 2484 solum
929 2430 1147 2492 asserit,
1183 2430 1480 2486 hominem
1505 2445 1628 2487 esse
1652 2430 1729 2485 li-

373 2506 494 2564 beri
523 2507 774 2574 arbitrii,
826 2515 880 2564 et
910 2525 1025 2565 non
1052 2511 1142 2582 agi
1174 2510 1247 2577 vi,
1280 2511 1372 2567 vel
1400 2511 1685 2568 coactione
1710 2534 1724 2577 3

369 2586 466 2643 sed
491 2587 743 2655 suadela,
794 2587 899 2644 hoc
925 2593 1009 2644 est
1054 2588 1223 2647 modo
1274 2590 1549 2656 humano,
1605 2590 1729 2646 sive

368 2682 495 2721 cum
512 2671 787 2739 potestate
809 2683 926 2722 non
949 2667 1296 2724 assentiendi
1320 2669 1584 2726 interiori
1603 2685 1728 2726 sua-

367 2747 540 2813 sioni,
572 2753 631 2802 ut
656 2747 774 2818 ipse
801 2749 940 2803 satis
960 2764 1020 2804 se
1058 2748 1303 2821 explicat
1331 2748 1432 2814 ibi,
1467 2757 1515 2804 et
1543 2749 1637 2806 lib.
1665 2752 1719 2818 4,

366 2846 485 2901 cap.
512 2830 603 2885 71.
629 2829 738 2886 Sed
766 2829 1015 2887 minime
1051 2829 1226 2898 docet,
1270 2830 1420 2905 quod
1448 2831 1621 2889 homo
1646 2831 1727 2889 ita

365 2909 439 2963 sit
462 2908 626 2977 liber,
667 2915 727 2964 ut
756 2925 874 2966 non
895 2905 1092 2966 debeat
1116 2928 1151 2966 a
1179 2912 1292 2967 Deo
1319 2910 1389 2967 ad
1437 2912 1724 2984 operatio—

367 3002 466 3044 nes
487 2987 698 3045 liberas
719 2989 1017 3045 efficaciter
1040 2991 1400 3062 praemoveri.
1429 2992 1545 3047 Hoc
1564 2992 1724 3047 enim

364 3073 557 3140 aperte
593 3068 755 3125 docet
796 3070 891 3125 lib.
957 3073 1011 3137 2,
1056 3089 1175 3143 cap.
1222 3073 1312 3137 45,
1359 3069 1457 3126 ubi
1498 3072 1719 3137 asserit,

365 3150 541 3205 Deum
565 3153 656 3207 vel
699 3152 950 3206 minima
987 3167 1091 3207 sua
1118 3156 1333 3208 aeterna
1361 3152 1725 3225 providentia

363 3228 777 3287 determinasse
809 3238 901 3297 ;et
927 3250 1046 3303 cap.
1077 3234 1169 3297 76,
1206 3230 1301 3287 ubi
1332 3233 1413 3288 ait
1435 3254 1447 3288 :
1471 3232 1541 3289 Si
1560 3251 1723 3307 opera

364 3309 466 3365 Dei
491 3329 565 3378 es,
611 3330 838 3367 manum
864 3314 1094 3383 artificis
1121 3314 1205 3367 tui
1232 3320 1482 3386 exspecta
1523 3331 1723 3387 oppor-

363 3402 491 3448 tune
515 3397 702 3449 omnia
723 3397 1033 3467 facientem.

145 3493 339 3536 mmm
445 3477 708 3532 Clemens
777 3475 1207 3532 Alexandrinus
1263 3482 1410 3533 recte
1456 3476 1716 3544 asseruit,

143 3542 547 3612 Alemaneum
575 3558 800 3613 trahere
840 3563 1064 3613 nostras
1095 3558 1412 3614 voluntates
1452 3557 1722 3614 omnibus

164 3632 170 3637 ’
360 3653 478 3693 suae
521 3638 815 3710 sapientiai
866 3638 1152 3693 machinis
1177 3662 1190 3704 ;
1239 3639 1339 3695 sed
1390 3639 1544 3695 inter
1586 3639 1722 3696 istas

360 3727 688 3775 recensetur
708 3720 885 3775 etiam
910 3720 1086 3775 motio
1111 3717 1460 3792 participans
1486 3721 1585 3777 Dei
1608 3721 1721 3778 essi-

356 3799 587 3865 caciam,
605 3801 768 3874 juxta
792 3799 936 3856 illud
961 3800 1170 3855 Psalm.
1200 3799 1403 3855 Omnia
1429 3803 1490 3855 in
1509 3803 1721 3874 sapien-

357 3882 442 3935 tia
470 3884 650 3954 fecisti
675 3901 693 3935 .·
717 3881 867 3937 unde
901 3897 1203 3955 perperam
1230 3882 1538 3956 colligitur,
1570 3882 1718 3955 quod

138 4030 144 4037 ι
357 3963 660 4020 excluserit
688 3964 834 4019 hanc
863 3964 1198 4019 motionem.

145 4054 347 4105 origenes
437 4043 710 4117 Origenes
734 4041 1007 4117 indignus
1026 4042 1224 4114 estqui
1248 4042 1533 4109 audiatur,
1554 4049 1609 4100 et
1631 4046 1719 4100 al·-

172 4105 324 4196 ,ξζιξθ
363 4122 579 4194 legetur
623 4123 683 4177 in
727 4122 829 4177 hac
874 4122 1162 4186 materia;
1213 4138 1349 4178 nam
1405 4139 1719 4195 praecursor

143 4211 240 4295 (1¹³,ssss
242 4214 327 4295 33¹⁵?
362 4202 575 4275 Pelagii
627 4202 752 4265 fuit,
803 4200 1113 4258 defendens
1151 4202 1228 4258 ita
1269 4202 1517 4260 liberum
1559 4204 1718 4260 arbi-

326 4283 558 4352 'trium,
614 4282 761 4355 quod
802 4284 1110 4340 excluserit
1156 4284 1469 4342 motionem
1521 4287 1719 4360 gratiae

357 4374 633 4423 assertam
675 4366 738 4421 in
771 4366 1083 4438 Scriptura,
1135 4366 1410 4423 Proverb.
1455 4369 1519 4423 21
1562 4366 1718 4448 :por

356 4452 496 4519 repis
517 4450 577 4503 in
597 4466 772 4503 manu
811 4447 1039 4504 Domini
1058 4455 1157 4504 etc.
1187 4448 1335 4505 etad
1359 4450 1612 4522 Philipp.
1637 4452 1673 4506 2
1700 4471 1714 4506 ε

353 4528 500 4583 Ileus
523 4535 600 4583 est
623 4529 721 4605 qui
758 4534 1016 4599 operatur
1037 4530 1096 4583 in
1135 4529 1287 4584 nobis
1316 4528 1462 4593 velle,
1491 4536 1542 4583 et
1562 4530 1718 4601 perfi-

352 4627 486 4675 cere,
537 4615 598 4666 ut
637 4609 857 4681 optime
900 4612 1234 4681 praenotavit
1287 4613 1352 4667 D.
1398 4611 1599 4667 Thom.
1656 4612 1710 4678 3,

351 4700 542 4748 contra
560 4699 765 4763 ‚qt-ntes,
784 4708 906 4762 cap.
926 4692 1016 4747 89.
1045 4692 1209 4749 Unde
1229 4692 1445 4748 mirum
1469 4707 1586 4747 non
1605 4696 1710 4760 est,

351 4771 500 4845 quod
532 4772 817 4845 Origenes
842 4778 1248 4843 consequenter
1269 4772 1340 4828 ad
1365 4787 1467 4827 sua
1497 4771 1714 4843 princi-

352 4852 447 4925 pia
474 4852 780 4926 negaverit
807 4851 1052 4923 gratiam
1079 4867 1148 4908 ex
1173 4868 1233 4910 se
1257 4852 1556 4909 efficacem.
1609 4853 1714 4909 Vi-

349 4935 595 4992 deantur
615 4949 746 5005 quae
773 4931 847 4988 de
888 4932 1130 5006 Origene
1172 4933 1452 5005 praecipuo
1498 4932 1713 5006 Pelagii

348 5030 708 5092 praecursore
734 5014 851 5069 late
872 5011 1122 5069 diximus
1140 5016 1280 5088 disp.
1315 5016 1360 5081 l,
1387 5031 1506 5086 cap.
1531 5016 1583 5081 4,
1608 5017 1638 5084 ς
1663 5016 1709 5071 l.

1952 572 2006 627 S.
2032 572 2091 627 P.
2114 575 2182 629 N.
2201 573 2457 646 Cyrillus
2472 572 2900 629 Alexandrinus
2917 572 3279 631 clarissimec
3311 591 3431 636 nnus

1876 648 2033 707 docet
2053 653 2298 726 gratiam
2320 668 2389 708 ex
2410 668 2470 709 se
2498 653 2777 710 efficacem
2807 654 2900 710 lib.
2935 656 2979 719 l,
3006 653 3069 706 cle
3093 651 3237 709 Ado·
3249 641 3437 735 Auiffls'

1874 735 2103 801 ratione,
2138 735 2297 809 eujus
2327 733 2501 790 verba
2540 750 2715 806 supra
2743 732 3062 804 dedimusg
3093 737 3137 790 l.
3171 736 3235 790 In
3315 750 3391 833 effi>

1875 814 2205 871 testimonio
2246 820 2436 871 autem
2484 814 2649 870 nobis
2677 814 2892 889 objecto
2916 817 3104 871 solum
3131 832 3233 872 ex·
3288 798 3340 833 ¹¹⁰
3389 801 3423 832 ³*

1873 893 2051 950 cludit
2077 896 2391 952 motionem
2438 897 2535 952 Dei
2578 897 3016 952 necessitantem
3068 895 3235 952 abso·

1874 975 2010 1041 luta,
2041 982 2097 1032 et
2123 975 2510 1033 destruentem
2562 978 2844 1033 rationem
2892 978 3229 1045 voluntarii,

1873 1060 2039 1128 atque
2068 1055 2196 1114 ideo
2214 1062 2272 1113 et
2299 1056 2490 1125 liberi,
2540 1064 2600 1112 ut
2624 1059 2743 1130 ipse
2783 1061 2837 1114 S.
2870 1060 3073 1113 Doctor
3099 1058 3235 1114 satis

1871 1151 1931 1192 se
1950 1137 2193 1209 explicat
2218 1162 2232 1205 ;
2261 1139 2430 1195 talem
2458 1137 2620 1195 enim
2642 1154 2763 1195 esse
2791 1138 3105 1194 motionem
3133 1140 3235 1195 Dei

1872 1216 2199 1274 asserebant
2214 1218 2465 1276 haeretici
2478 1218 2763 1275 libertatis
2779 1220 3229 1293 impugnatores,

1870 1301 2071 1352 contra
2095 1314 2235 1369 quos
2258 1299 2392 1372 agit.

1944 1372 2346 1438 DamascenuS,
2390 1378 2446 1429 et
2492 1376 2782 1446 Nyssenus
2807 1372 3170 1445 explicantur
3198 1389 3231 1430 a
3270 1377 3405 1429 Expo-

1870 1443 1936 1499 D.
1970 1446 2031 1499 D.
2058 1446 2102 1497 T
2108 1445 2262 1502 hom.
2308 1448 2362 1512 3,
2407 1455 2595 1503 contra
2619 1455 2818 1516 yenteS,
2851 1464 2969 1519 cap.
3004 1447 3094 1514 90,
3129 1445 3228 1505 ubi
3242 1432 3432 1519 ῃζᾞξὲ,

1868 1522 1971 1580 illa
1999 1525 2174 1583 verba
2216 1528 2533 1584 Ecclesiast.
2572 1529 2635 1583 15
2671 1550 2682 1585 ι
2714 1551 2739 1581 «
2788 1529 2935 1584 Deus
2958 1525 3029 1582 ab
3057 1526 3422 1617 initio‘gl'ffg·

1876 1623 1901 1654 α
1929 1605 2222 1660 constituit
2262 1606 2583 1672 hominem,
2617 1613 2672 1663 et
2702 1607 2937 1679 reliquit
2959 1606 3021 1662 in
3049 1623 3227 1663 manu
3286 1606 3295 1615 '
3408 1608 3415 1615 ‘

1876 1704 1900 1734 α
1928 1685 2155 1740 consilii
2189 1686 2299 1752 sui,
2335 1708 2360 1737 ι)
2393 1686 2475 1743 sic
2516 1687 2932 1758 interpretatur
2964 1709 2977 1741 ι
3034 1708 3060 1739 «
3092 1688 3218 1744 Haec

1874 1786 1899 1816 «
1931 1770 2121 1821 autem
2146 1765 2320 1823 verba
2343 1767 2413 1824 ad
2436 1769 2540 1825 hoc
2562 1768 2933 1834 inducuntur,
2956 1772 3018 1823 ut
3038 1769 3223 1826 homi·

1874 1867 1897 1896 «
1930 1860 2028 1902 nes
2048 1862 2170 1903 esse
2200 1847 2369 1905 liberi
2392 1848 2598 1906 arbitri
2641 1849 3018 1907 ostendantur
3043 1874 3058 1916 ς
3104 1865 3224 1906 non

1874 1949 1898 1979 α
1928 1932 2210 1986 uteorum
2249 1931 2555 1987 electiones
2576 1948 2608 1986 a
2630 1930 2832 1988 divina
2860 1929 3225 2004 providentia

1873 2031 1898 2060 α
1925 2008 2367 2076 subtrahantur.
2412 2015 2480 2068 Et
2517 2013 2792 2069 similiter
2817 2013 2968 2086 quod
3008 2016 3220 2089 Grego-

1872 2108 1897 2139 «
1929 2087 2047 2144 rius
2075 2089 2365 2163 Nyssenus
2386 2091 2527 2147 dicit
2549 2092 2611 2147 in
2637 2091 2805 2158 libro,
2832 2109 3002 2165 quem
3026 2091 3096 2150 de
3117 2094 3226 2150 ho-

1871 2189 1897 2219 α
1924 2168 2084 2224 mine
2112 2169 2243 2227 fecit
2270 2193 2282 2229 ε
2316 2170 2688 2228 Providentia
2714 2178 2799 2228 est
2825 2188 3047 2239 eorum,
3100 2189 3224 2245 quae

1872 2267 1896 2298 α
1926 2262 2043 2304 non
2064 2251 2282 2308 suntin
2306 2251 2491 2319 nobis;
2519 2268 2635 2308 non
2659 2257 2851 2308 autem
2871 2267 3225 2325 eorumquae

1871 2349 1895 2380 α
1923 2334 2058 2385 sunt
2096 2331 2159 2387 in
2201 2331 2367 2389 nobis
2398 2339 2497 2389 :et
2537 2335 2917 2389 Damascenus
2956 2349 3089 2389 eum
3131 2350 3225 2391 se·

1847 2408 1894 2466 ἀ
1922 2429 2104 2485 quens
2151 2414 2291 2470 dicit
2313 2415 2375 2469 in
2396 2417 2431 2470 2
2454 2414 2556 2471 lib.
2586 2414 2734 2487 quod
2763 2431 2829 2471 ea
2850 2432 2975 2487 quae
2996 2419 3131 2471 sunt
3157 2416 3221 2471 in

1869 2517 1894 2548 α
1924 2493 2106 2560 nobiS,
2135 2497 2281 2552 Deus
2305 2497 2623 2569 praenoscit,
2652 2496 2749 2552 sed
2774 2511 2890 2553 non
2921 2496 3222 2570 praedeter-

1869 2598 1893 2628 «
1922 2574 2106 2631 minat
2132 2598 2144 2632 :
2169 2575 2510 2650 exponenda
2529 2582 2681 2642 sunt,
2712 2584 2771 2633 ut
2792 2577 3215 2651 intelligantur,

1868 2679 1893 2709 «
1922 2673 1987 2714 ea
2013 2674 2139 2730 quae
2159 2658 2378 2713 suntin
2413 2658 2578 2715 nobis
2605 2657 2819 2715 divinae
2860 2659 3219 2716 determina-

1867 2761 1893 2792 «
1921 2739 2066 2797 tioni
2091 2754 2207 2797 non
2228 2756 2349 2820 esse
2370 2740 2636 2815 subjecta,
2666 2742 2828 2812 quasi
2853 2739 2923 2796 ab
2943 2757 3011 2797 ea
3033 2755 3220 2798 neces·

1867 2843 1893 2875 α
1919 2822 2145 2879 sitatem
2168 2821 2522 2895 accipientia.
2568 2845 2593 2872 »
2645 2824 2710 2878 Et
2738 2822 2959 2879 similia
2983 2821 3155 2880 tradit
3192 2825 3210 2879 l

1852 2924 1915 2980 p.
1963 2909 2263 2985 quoestfzss,
2313 2911 2424 2961 art.
2464 2907 2586 2961 lad
2621 2909 2667 2961 l.
2718 2905 2882 2963 Unde
2922 2906 3404 2980 superfluitnome,

1859 2988 1975 3045 alia
2005 2988 2300 3061 expositio.
2346 2985 2523 3051 Adde,
2570 3001 2712 3059 opus
2753 2986 2899 3042 illud
2938 2983 3413 3054 Nemesii,ss<³¹¹²¹'¹¹¹

1857 3069 2006 3142 quod
2041 3073 2301 3143 Nysseno
2327 3067 2681 3133 attribuitur,
2731 3076 2903 3123 totum
2929 3086 3038 3124 esse
3075 3068 3220 3126 Phi-

1858 3152 2207 3224 losoplzicum,
2237 3158 2286 3206 et
2305 3169 2492 3223 sapere
2516 3151 3005 3219 Pelaqianismum,
3042 3156 3104 3206 ut
3127 3151 3217 3207 lo-

1857 3232 2050 3304 quitur
2079 3231 2468 3288 Bellarminus
2490 3233 2550 3285 in
2577 3230 2667 3285 lib.
2696 3231 2760 3284 de
2784 3231 2991 3302 Script.
3024 3228 3217 3286 Eccle-
3242 3256 3246 3260 Α

1856 3316 2011 3371 siast.
2037 3314 2304 3370 observat.
2329 3314 2382 3381 3,
2410 3313 2485 3367 ad
2526 3312 2857 3383 Nyssenum.
2909 3311 3073 3370 Unde
3100 3312 3216 3368 mi·-

1859 3413 1989 3452 rum
2025 3412 2142 3452 non
2169 3400 2272 3460 est,
2304 3394 2454 3467 quod
2504 3396 2896 3451 testimonium
2925 3394 3091 3451 nobis
3111 3393 3218 3451 ob-

1849 3478 2063 3552 jectum
2086 3477 2272 3532 faveat
2293 3474 2550 3531 adversas
2571 3475 2854 3546 opinioni.

1928 3561 2154 3615 Marcus
2175 3556 2468 3613 Heremita
2490 3572 2608 3612 non
2630 3553 2825 3610 debuit
2848 3571 2884 3610 a·
2900 3553 3104 3611 Suario
3125 3554 3214 3609 in·
3238 3589 3401 3630 Marcus

1856 3645 1942 3696 ter
1963 3642 2058 3695 SS.
2108 3640 2306 3694 Patres
2341 3636 2560 3707 reponi,
2592 3636 2684 3690 vel
2707 3640 2905 3691 contra
2934 3651 3036 3691 nos
3065 3635 3210 3691 alle·
3262 3638 3393 3693 nere·

1853 3722 1977 3795 gari
2003 3746 2016 3789 3
2044 3737 2178 3777 nam
2206 3719 2274 3776 de
2300 3736 2366 3775 eo
2390 3719 2573 3788 inquit
2604 3718 2992 3773 Bellarminus
3022 3717 3114 3774 lib.
3145 3690 3426 3787 ‹Ierefflii'fim

1852 3803 2228 3876 Scriptoribus
2254 3801 2674 3864 EcclesiasticiS,
2705 3802 2879 3857 soecul.
2921 3801 3003 3866 lO,
3057 3815 3209 3858 anno
3225 3784 3417 3827 bellarm.

1854 3886 1984 3941 906:
2020 3906 2045 3936 α
2075 3883 2209 3956 Ejus
2228 3899 2403 3955 opera
2424 3883 2504 3937 ita
2524 3886 2738 3937 scatent
2764 3882 3062 3939 erroribus
3082 3898 3214 3940 con-

1860 3988 1885 4017 «
1916 3970 2006 4020 tra
2039 3962 2256 4028 Fidem,
2290 3968 2351 4017 ut
2370 3961 2647 4033 suspicari
2687 3977 2853 4035 cogar
2882 3965 2973 4020 vel
2995 3963 3065 4021 ab
3093 3965 3211 4022 hae-

1859 4070 1884 4100 a
1916 4045 2105 4102 reticis
2130 4043 2312 4102 nostri
2335 4043 2611 4116 temporis
2633 4042 2890 4109 conficta,
2924 4050 3021 4100 aut
3051 4048 3216 4104 valde

1860 4150 1885 4180 α
1914 4125 2222 4199 depravata
2245 4124 2417 4181 fuisse
2438 4145 2451 4179 :
2476 4139 2658 4196 neque
2678 4124 2794 4181 alia
2820 4123 2889 4181 de
2915 4141 3080 4183 causa
3102 4128 3216 4185 hu-

1858 4229 1884 4259 «
1906 4205 2002 4280 ius
2022 4205 2295 4262 Authoris
2316 4204 2582 4270 memini,
2618 4204 2731 4259 nisi
2758 4209 2817 4259 ut
2843 4203 3213 4265 admonerem

1859 4311 1883 4341 α
1911 4287 2240 4346 cautissime
2263 4303 2385 4344 esse
2412 4285 2739 4360 legendum.
2769 4307 2795 4338 t>
2823 4288 3210 4351 Quamobrem

1850 4371 1972 4444 ejus
2002 4370 2319 4426 authoritas
2347 4368 2519 4425 nihili
2562 4367 2823 4425 habenda
2848 4374 2951 4434 est,
2997 4371 3088 4427 vel
3117 4389 3212 4430 re-

1851 4450 2167 4525 torquenda
2188 4450 2299 4506 erit
2342 4451 2404 4506 in
2445 4448 2819 4505 Adversarios
2848 4466 2907 4507 se
2933 4453 3210 4510 munien-

1801 4570 1804 4573 2
1849 4540 1933 4592 tes
1960 4533 2110 4591 dicto
2145 4532 2400 4588 hominis
2439 4531 2736 4588 erroribus
2772 4535 3057 4593 scatentis,
3103 4539 3209 4593 Vi-

1848 4613 2093 4671 deantur
2120 4628 2244 4685 quae
2264 4611 2519 4667 diximus
2535 4613 2873 4686 disp.l,cap.
2906 4616 2960 4680 5,
2992 4632 3047 4672 n.
3075 4619 3206 4673 207.

1922 4694 2336 4761 Nazianzenus,
2383 4692 2785 4760 Theodoretus,
2809 4695 2988 4751 etalii
3012 4699 3210 4756 Patres

1849 4775 2027 4831 Graeci
2048 4775 2145 4846 qui
2168 4774 2510 4849 allegantur,
2556 4775 2648 4830 vel
2679 4775 2831 4831 nihil
2854 4773 2922 4830 ad
2944 4776 3050 4833 boc
3075 4796 3210 4851 per-

1849 4856 2041 4912 tinens
2083 4854 2300 4919 dicunt,
2356 4856 2444 4911 vel
2478 4853 2676 4911 eodem
2723 4854 2894 4911 modo
2921 4870 2984 4911 ac
3034 4875 3209 4933 supra

1850 4935 2015 4993 relati
2037 4932 2381 5007 explicandi.
2416 4936 2485 4990 Et
2511 4936 2627 4990 haec
2652 4933 2722 4991 de
2768 4935 3007 4992 Patrum
3049 4942 3207 4999 Gr-ae-

1847 5032 2047 5075 corum
2074 5014 2438 5072 authoritate.
