3647 5753
118 1343 231 1387 Effu-

1426 504 1609 562 DISP.
1649 499 1744 569 w,
1787 498 1953 557 DUB.
2004 498 2067 556 V.

292 705 425 764 quo,
451 693 514 744 ut
562 686 743 752 vides,
782 683 1020 743 assertio
1065 687 1263 739 nostra
1304 679 1650 744 continetur,

293 776 350 828 et
376 768 446 826 ad
488 769 603 825 alia
642 766 755 825 duo
797 764 1202 838 subsequentia
1238 764 1301 818 12
1327 765 1384 818 et
1419 760 1501 826 13,
1531 774 1657 831 quae

293 850 416 909 fere
482 850 635 906 idem
700 848 1028 913 continent,
1083 846 1165 902 sic
1235 840 1539 916 respondet
1586 841 1649 895 D.

292 932 498 989 Thom.
567 928 704 987 Alta
764 931 878 986 tria
941 926 1298 991 concedimus,
1360 922 1656 996 procedunt

291 1015 439 1069 enim
483 1013 547 1067 de
592 1012 950 1090 eoeequutt'ona
988 1007 1292 1079 sinqularis
1318 1012 1494 1061 actus.
1520 1005 1656 1068 Quae

290 1094 621 1153 testimonia
672 1094 814 1152 adeo
870 1106 1140 1165 expressa
1196 1094 1334 1145 sunt
1386 1104 1491 1163 pro
1550 1087 1656 1143 hac

291 1176 594 1242 sententia,
628 1180 690 1231 ut
729 1175 952 1232 nullam
994 1170 1226 1247 (judicio
1272 1170 1488 1238 nostro)
1515 1182 1653 1225 con-

291 1275 494 1336 gruam
519 1255 1052 1333 interpretationem
1081 1252 1406 1310 admittant.

364 1341 459 1396 68.
502 1343 687 1404 Quare
715 1353 834 1395 non
864 1335 1059 1401 refert,
1085 1334 1135 1390 si
1156 1332 1309 1389 dicas
1329 1335 1474 1406 Ang.
1508 1332 1654 1388 Doc-

289 1427 477 1479 torem
501 1422 564 1478 in
595 1420 686 1476 his
715 1417 1065 1476 testimoniis
1106 1421 1203 1472 aut
1237 1429 1356 1471 non
1402 1412 1557 1485 loqui
1583 1410 1654 1468 de

290 1505 500 1563 merito
544 1501 906 1575 simpliciter,
959 1506 1021 1555 ut
1065 1504 1149 1556 est
1196 1497 1473 1554 meritum
1520 1494 1653 1551 vitae

288 1591 535 1649 aeternae,
560 1585 657 1641 sed
683 1583 753 1641 de
773 1579 983 1640 merito
1006 1581 1179 1637 latius
1208 1583 1456 1651 sumpte,
1485 1580 1652 1650 prout

283 1672 371 1723 est
389 1682 696 1723 commune
733 1663 804 1721 ad
834 1663 956 1729 hoc,
989 1668 1045 1718 et
1069 1660 1311 1735 quodvis
1338 1657 1497 1715 aliud
1525 1672 1652 1715 me-

284 1747 466 1803 ritum
486 1770 500 1813 ;
524 1762 636 1819 qua
664 1745 890 1802 ratione
918 1742 1195 1799 meritum
1221 1747 1309 1800 est
1337 1739 1523 1814 passio
1550 1755 1652 1795 cu-

275 1827 617 1901 juscumque
655 1832 811 1883 actus
856 1824 994 1881 boni
1047 1823 1366 1887 moraliter,
1395 1821 1558 1896 juxta
1582 1834 1650 1877 ea

279 1923 405 1980 quas
426 1909 549 1982 ipse
569 1910 714 1983 Ang.
737 1909 939 1963 Doctor
954 1904 1144 1962 docuit
1158 1920 1333 1978 supra
1354 1908 1535 1982 quast.
1552 1902 1644 1967 21,

279 1998 390 2059 art,
418 1992 472 2057 3,
501 1997 599 2048 aut
619 1996 738 2048 esto
765 1987 915 2063 quod
940 1988 1158 2045 locatur
1183 1986 1253 2044 de
1281 1986 1488 2043 merito
1514 1984 1649 2041 vitae

280 2078 528 2139 aeternae,
588 2088 749 2146 posse
794 2069 1048 2143 intelligi
1093 2067 1165 2125 de
1210 2068 1419 2125 merito
1466 2067 1648 2123 solius

279 2154 539 2233 congrui,
593 2169 710 2211 non
758 2167 896 2208 vero
947 2151 1019 2207 de
1070 2150 1279 2207 merito
1348 2146 1644 2222 condigni.

280 2238 612 2294 Praesertim
659 2235 795 2309 quia
836 2237 900 2292 D.
945 2234 1154 2291 Thom.
1196 2234 1347 2290 velle
1391 2230 1640 2296 videtur,

278 2317 427 2391 quod
455 2319 577 2375 sola
622 2317 827 2374 relatio
854 2314 1166 2372 habitualis
1193 2314 1256 2369 in
1285 2316 1464 2370 Deum
1486 2311 1647 2368 suffi-

277 2397 389 2454 ciat
415 2399 486 2455 ad
516 2398 810 2463 meritum,
842 2396 914 2452 de
940 2411 1053 2469 quo
1095 2394 1367 2466 loquitur,
1394 2397 1457 2449 ut
1485 2392 1647 2449 indi-

275 2484 410 2535 cant
449 2480 639 2551 aliqua
681 2478 873 2543 verba,
907 2495 1029 2551 quoe
1075 2475 1362 2532 habentur
1392 2474 1454 2530 in
1482 2475 1645 2531 testi-

278 2559 493 2616 moniis
537 2557 837 2615 adductis:
888 2557 957 2614 ad
1006 2557 1280 2614 meritum
1330 2561 1523 2611 autem
1574 2554 1645 2613 de

279 2640 561 2715 condigno
591 2640 721 2697 vitaz
760 2645 988 2696 aeternae
1029 2637 1159 2695 non'
1186 2636 1391 2693 sufficit
1439 2637 1644 2693 relatio

282 2722 514 2795 praecise
563 2719 875 2777 habitualis
908 2737 1086 2795 :ergo
1126 2734 1242 2775 non
1293 2723 1377 2773 est
1416 2717 1642 2774 intelli-

278 2802 498 2880 gendus
526 2805 669 2878 Ang.
704 2804 905 2859 Doctor
939 2801 1009 2858 de
1048 2797 1377 2874 hujusmodi
1407 2799 1635 2857 merito.

49 2911 243 2957 pfaeau.
354 2888 481 2942 Non
505 2885 695 2957 itaque
723 2884 825 2941 hoc
854 2883 1030 2941 refert
1048 2907 1062 2950 ;
1094 2899 1229 2938 nam
1259 2886 1406 2955 Ang.
1436 2883 1639 2938 Doctor

87 2962 220 3007 ditur.

277 2975 332 3027 et
360 2969 609 3043 loquitur
636 2967 707 3025 de
752 2967 960 3024 merito
990 2967 1124 3023 vitae
1164 2972 1410 3033 aeternae,
1437 2970 1494 3021 et
1519 2980 1637 3022 non

277 3056 457 3126 potest
476 3052 685 3124 exponi
709 3051 778 3107 de
798 3052 920 3107 solo
942 3049 1152 3107 merito
1171 3048 1409 3122 congrui
1443 3067 1456 3103 ε
1486 3046 1636 3121 quod

271 3149 342 3190 ex
380 3133 570 3190 verbis
600 3133 781 3206 ipsius
809 3134 873 3189 D.
899 3132 1104 3188 Thom.
1132 3129 1298 3186 facile
1337 3128 1637 3185 convinci-

270 3219 383 3271 tur.
434 3217 580 3271 Nam
629 3213 699 3270 de
744 3214 848 3270 illo
900 3212 1109 3268 merito
1162 3209 1435 3282 loquitur,
1485 3207 1636 3280 quod

268 3295 538 3352 convenit
561 3294 778 3350 actibus
806 3291 992 3358 bonis,
1024 3290 1339 3347 secundum
1361 3287 1510 3360 quod
1540 3289 1637 3343 in-

268 3375 597 3432 formantur
636 3374 841 3449 gratia,
877 3388 910 3428 a
936 3372 1215 3428 charitate
1254 3372 1631 3442 imperantur,

266 3462 325 3514 et
350 3457 412 3513 in
439 3458 561 3531 ejus
582 3455 759 3513 finem
792 3455 1121 3512 virtualiter
1141 3455 1343 3511 saltem
1377 3453 1636 3510 reserun-

268 3543 361 3594 tur
394 3561 408 3595 ε
442 3540 539 3597 sed
574 3537 901 3614 hujusmodi
931 3539 1206 3595 meritum
1254 3537 1406 3611 apud
1432 3550 1634 3593 omnes

265 3625 349 3676 est
374 3621 649 3677 meritum
677 3621 809 3676 vitaz
836 3626 1081 3688 aeternae,
1114 3624 1171 3675 et
1205 3617 1272 3674 de
1298 3618 1583 3692 condigno
1618 3638 1631 3673 ε

262 3715 399 3774 ergo
447 3700 516 3758 de
556 3702 661 3757 hoc
715 3701 924 3757 merito
986 3697 1396 3772 intelligendus
1439 3702 1523 3754 est
1562 3700 1627 3756 D.

263 3781 469 3838 Thom.
499 3783 693 3839 Minor
733 3798 862 3838 cum
903 3780 1309 3853 consequentia
1342 3783 1626 3837 constant.

263 3863 330 3917 Et
376 3862 561 3937 maj0r
600 3862 919 3920 suadetur:
965 3867 1087 3917 tum
1135 3877 1207 3917 ex
1251 3861 1369 3917 illis
1407 3857 1626 3928 verbis,

259 3960 386 4017 quae
413 3945 699 4004 habentur
746 3947 809 4002 in
857 3946 1039 4019 priori
1093 3944 1443 4011 testimoniO,
1471 3959 1541 4001 ex
1569 3945 1624 4010 2,

258 4026 388 4083 dist.
421 4029 526 4084 40:
562 4051 587 4081 a
620 4029 766 4094 Quia
791 4044 920 4085 cum
949 4027 1201 4084 charitas
1225 4026 1469 4099 imperet
1497 4039 1630 4082 om-

265 4131 291 4162 α
322 4106 490 4163 nibus
514 4107 843 4177 virtutibus,
870 4109 1016 4165 sicut
1055 4108 1326 4164 voluntas
1355 4105 1628 4163 omnibus

261 4210 287 4242 «
320 4191 606 4261 potentiis,
634 4195 855 4262 oportet
885 4187 1036 4262 quod
1063 4188 1342 4262 quidquid
1383 4186 1627 4245 ordina-

261 4290 287 4320 α
320 4274 413 4325 tur
441 4269 504 4325 in
538 4268 716 4327 finem
758 4269 999 4345 alicujus
1041 4270 1291 4337 virtutis,
1323 4266 1625 4326 ordinetur

263 4373 288 4406 α
321 4352 382 4408 in
412 4351 587 4409 finem
615 4351 911 4408 charitatis
946 4359 1038 4411 :et
1067 4369 1194 4410 cum
1224 4351 1418 4409 omnis
1465 4356 1624 4408 actus

262 4455 288 4486 α
319 4432 501 4491 bonus
529 4433 829 4491 ordinetur
862 4433 926 4490 in
966 4434 1142 4491 finem
1165 4433 1406 4506 alicujus
1433 4432 1623 4490 virtu-

259 4536 285 4568 «
319 4516 409 4582 tis,
444 4516 507 4571 in
548 4514 723 4572 finem
776 4516 1073 4574 charitatis
1101 4515 1400 4573 ordinatus
1428 4531 1623 4573 rema-

260 4617 287 4649 α
318 4596 494 4663 nebit,
546 4602 602 4653 et
641 4597 720 4653 ita
761 4597 1102 4655 meritorius
1139 4596 1268 4654 erit.
1306 4618 1332 4649 »
1366 4596 1425 4652 1d
1469 4596 1621 4670 quod

252 4680 437 4754 magis
465 4677 741 4750 explicuit
780 4679 844 4735 in
884 4679 1171 4736 solutione
1197 4677 1267 4734 ad
1294 4679 1349 4745 3,
1380 4676 1575 4736 dicens
1603 4701 1617 4736 ε

257 4783 281 4813 α
312 4764 439 4818 Non
460 4763 647 4818 solum
671 4766 826 4818 actus
846 4760 1142 4823 charitatis
1161 4766 1245 4817 est
1266 4761 1614 4828 meritorius,

258 4864 284 4899 α
312 4843 410 4900 sed
457 4845 633 4901 etiam
676 4849 832 4900 actus
877 4844 1129 4901 aliarum
1179 4844 1482 4912 virtutum,
1534 4861 1619 4902 se·

253 4946 279 4977 «
317 4923 570 4981 cundum
616 4923 767 4999 quod
817 4926 1005 4999 gratia
1040 4926 1454 4992 informantur,
1488 4926 1618 4984 licet

254 5029 280 5062 α
309 5008 598 5066 meritorii
639 5024 760 5065 esse
808 5025 925 5065 non
971 5009 1207 5083 possint,
1241 5009 1356 5066 nisi
1410 5025 1616 5067 secun—

250 5110 276 5142 «
310 5088 448 5145 dum
479 5089 627 5163 quod
670 5087 1023 5147 reducuntur
1064 5090 1129 5147 in
1157 5088 1334 5148 finem
1360 5090 1606 5149 charita-

251 5192 278 5222 «
310 5169 403 5228 tis.
438 5190 463 5221 »
497 5172 643 5228 Tum
672 5171 866 5240 etiam,
891 5171 1025 5245 quia
1047 5172 1110 5229 in
1132 5171 1247 5230 alio
1274 5173 1604 5232 testimonio

3033 482 3149 539 753

1787 689 1879 730 ατ.
1902 677 2085 748 quast.
2133 670 2170 725 2
2212 668 2276 724 de
2313 666 2480 732 naulo,
2511 668 2819 734 antequam
2867 656 3150 731 proferret

1789 752 2180 810 universalem
2204 750 2368 806 illam
2396 769 2409 804 :
2447 768 2472 799 α
2503 742 2860 801 Habentibus
2893 737 3151 796 charita-

1796 858 1822 890 «
1853 841 1968 893 tem
1995 834 2186 893 omnis
2226 836 2381 890 actus
2414 834 2499 886 est
2539 824 2894 890 meritoriuS,
2928 822 3019 879 vel
3045 819 3150 877 de·-

1796 938 1823 971 α
1853 915 2206 981 meritorius,
2233 934 2260 966 ι»
2288 917 2350 969 ut
2373 909 2685 984 explicaret
2709 905 2780 963 de
2805 919 2917 978 quo
2939 902 3150 959 merito

1789 999 2141 1075 loquebatur,
2163 998 2311 1055 dixit
2332 1011 2450 1053 non
2476 992 2733 1049 sufficere
2754 989 2824 1046 ad
2847 986 3144 1053 meritum,

1787 1082 1937 1157 quod
1963 1087 2119 1139 actus
2158 1077 2422 1156 procedat
2462 1092 2495 1133 a
2533 1075 2825 1131 voluntate
2870 1070 3150 1126 charitate

1787 1165 2122 1231 informata,
2153 1162 2265 1221 nisi
2286 1160 2462 1218 simul
2487 1155 2748 1232 procedat
2768 1170 2839 1212 ex
2862 1153 2986 1226 ipsa
3008 1152 3148 1210 cha-

1790 1246 1974 1314 ritate,
1999 1253 2055 1305 et
2076 1248 2156 1304 ita
2177 1246 2258 1303 ait
2284 1266 2297 1302 ε
2325 1265 2350 1297 κ
2380 1243 2466 1300 Ad
2486 1240 2797 1313 septimum
2814 1233 3144 1302 dicendum,

1794 1351 1821 1386 α
1849 1327 2000 1404 quod
2036 1327 2228 1386 omnis
2268 1330 2424 1383 actus
2457 1319 2766 1397 procedens
2794 1334 2826 1374 a
2853 1319 3151 1375 voluntate

1792 1434 1817 1466 et
1850 1413 2162 1470 informata
2187 1410 2464 1467 charitate
2484 1410 2567 1462 est
2589 1401 2943 1466 meritorius,
2969 1399 3017 1455 si
3041 1416 3148 1457 vo-

1793 1516 1819 1548 «
1851 1496 2042 1551 luntas
2089 1510 2192 1566 pro
2244 1489 2498 1567 potentia
2539 1484 2849 1563 accipiatur
2882 1508 2894 1539 :
2924 1480 3022 1539 sed
3042 1498 3147 1539 ve-

1790 1596 1818 1629 «
1851 1591 1983 1632 rum
2026 1580 2130 1642 est,
2173 1573 2324 1647 quod
2362 1570 2554 1630 omnis
2592 1573 2766 1632 actus,
2808 1566 2905 1638 qui
2947 1570 3031 1622 est
3077 1580 3148 1622 ex

1788 1679 1816 1712 ι
1846 1658 2144 1724 charitate,
2176 1662 2261 1714 est
2280 1654 2635 1712 meritorius.
2672 1672 2698 1704 ι

1857 1743 1951 1798 69.
1996 1738 2384 1803 confirmatur
2429 1737 2544 1794 alio
2588 1734 2768 1809 ipsius
2818 1735 2883 1789 D.
2934 1732 3142 1790 Thom.

1783 1821 2115 1879 testimonio
2142 1824 2203 1877 in
2239 1824 2294 1887 4,
2330 1821 2462 1875 dist.
2498 1818 2591 1883 26,
2635 1822 2816 1894 quast.
2856 1816 2910 1878 2,
2942 1821 3052 1871 art.
3084 1814 3141 1882 4,

1785 1903 1886 1960 ubi
1923 1920 1998 1961 ex
2037 1904 2146 1970 his,
2178 1918 2305 1975 quae
2346 1900 2571 1957 dixerat
2615 1900 2676 1953 in
2715 1898 2770 1965 2,
2804 1894 2900 1951 ubi
2946 1911 3141 1968 supra,

1784 1985 1987 2060 probat
2022 1989 2211 2041 actum
2251 1980 2742 2039 matrimonialem
2788 1976 2851 2033 in
2900 1975 3145 2034 habente

1780 2066 2029 2142 gratiam
2051 2081 2278 2139 semper
2316 2080 2439 2122 esse
2477 2060 2866 2124 meritorium,
2893 2059 2986 2116 vel
3014 2073 3145 2131 pec-

1781 2154 1990 2216 catum,
2019 2149 2100 2206 ibi
2135 2171 2148 2206 ε
2182 2171 2208 2202 ιι
2242 2145 2557 2205 Dicendum
2585 2142 2735 2217 quod
2775 2158 2905 2198 cum
2947 2142 3145 2198 nullus

1786 2251 1814 2284 α
1845 2236 2001 2287 actus
2044 2246 2115 2287 ex
2155 2228 2472 2287 deliberata
2497 2226 2796 2283 voluntate
2834 2222 3146 2296 procedens

1787 2334 1813 2365 α
1842 2313 1918 2369 sit
1945 2313 2304 2379 indifferens,
2335 2311 2483 2367 utin
2512 2311 2550 2365 2
2583 2308 2736 2365 libro
2780 2306 2998 2364 dictum
3035 2311 3140 2372 est,

1785 2418 1811 2449 α
1843 2402 1998 2454 actus
2021 2395 2470 2454 matrimonialis
2491 2396 2811 2465 semperest
2827 2393 3136 2463 peccatum,

1786 2499 1812 2531 α
1841 2482 1938 2535 vel
1958 2478 2292 2536 meritorius
2315 2477 2378 2533 in
2397 2492 2465 2533 eo
2491 2475 2589 2548 qui
2610 2473 2858 2548 gratiam
2888 2469 3076 2527 habet.
3112 2490 3137 2521 n

1778 2560 1849 2615 Et
1870 2560 2125 2633 loquitur
2145 2574 2410 2631 expresse
2428 2556 2498 2613 de
2520 2555 2729 2613 merito
2744 2554 2876 2608 vitae
2891 2556 3137 2619 aeternae,

1777 2646 1841 2696 ut
1868 2645 2024 2714 patet
2041 2657 2114 2698 ex
2136 2639 2427 2698 solutione
2475 2638 2546 2695 ad
2596 2640 2615 2693 l
2656 2641 2711 2693 et
2745 2634 2814 2693 ad
2839 2635 2895 2688 4.
2926 2634 3011 2689 Ex
3030 2647 3142 2705 quo

1774 2723 1950 2779 etiam
1979 2724 2161 2798 magis
2188 2721 2565 2780 confirmatur
2587 2723 2782 2776 nostra
2810 2713 3136 2787 conclusio;

1775 2821 1912 2862 nam
1940 2804 1989 2861 si
2014 2805 2084 2863 de
2125 2810 2248 2862 actu
2296 2803 2436 2861 adeo
2482 2801 2753 2870 naturali,
2787 2804 2849 2856 ut
2875 2802 2962 2855 est
2983 2802 3139 2855 actus

1771 2888 2246 2956 matrimonialis,
2265 2887 2469 2944 asserit
2490 2889 2553 2943 D.
2574 2886 2778 2942 Thom.
2801 2884 2863 2939 in
2887 2881 3136 2941 habente

1770 2971 2016 3046 gratiam
2039 2984 2266 3043 semper
2302 2984 2426 3026 esse
2470 2968 2603 3023 vitae
2641 2972 2869 3023 aeternae
2892 2965 3134 3023 merito-

1772 3054 1928 3109 rium
1973 3070 2040 3110 eo
2086 3054 2228 3126 ipso,
2270 3050 2420 3125 quod
2461 3051 2651 3122 aliqua
2703 3048 3137 3104 circumstantia

1772 3150 1952 3206 prava
1973 3150 2091 3191 non
2113 3133 2365 3198 vitietur,
2386 3136 2442 3187 et
2462 3134 2716 3187 transeat
2737 3130 2800 3183 in
2819 3133 3131 3200 peccatum;

1771 3215 1926 3272 idem
1968 3229 2201 3287 prorsus
2246 3210 2550 3269 dicendum
2604 3209 2715 3266 erit
2756 3208 2825 3264 de
2864 3208 3136 3265 omnibus

1769 3294 1903 3351 aliis
1930 3292 2145 3350 actibus
2185 3293 2486 3349 moraliter
2521 3289 2706 3356 boniS‚
2732 3288 2882 3361 quod
2923 3289 3137 3346 scilicet

1768 3376 1834 3433 in
1862 3375 2108 3432 habente
2127 3374 2376 3449 gratiam
2398 3388 2625 3446 semper
2652 3378 2786 3427 sunt
2806 3371 2939 3428 vitae
2964 3378 3135 3430 aeter-

1768 3473 1860 3514 nae
1880 3457 2165 3514 meritorii
2195 3477 2208 3512 ε
2240 3471 2343 3512 nec
2367 3455 2526 3512 enim
2574 3453 2758 3526 quoad
2799 3454 2902 3510 hoc
2952 3457 3133 3526 potest

1766 3555 1891 3598 esse
1911 3539 2098 3613 major
2127 3538 2274 3596 ratio
2296 3536 2365 3594 de
2396 3542 2519 3595 actu
2549 3536 2670 3604 illo,
2698 3552 2870 3609 quam
2894 3535 2962 3593 de
2984 3536 3126 3594 istis.

1842 3619 2002 3677 Adde
2029 3619 2184 3676 aliud
2209 3619 2387 3691 ipsius
2412 3620 2473 3674 D.
2500 3618 2702 3674 Thom.
2731 3618 3131 3675 testimonium

1765 3710 1947 3782 quaest.
1989 3704 2072 3768 14,
2101 3704 2166 3759 de
2206 3701 2371 3760 Verit.
2401 3709 2510 3758 art.
2537 3702 2590 3767 5,
2618 3701 2756 3757 satis
2796 3717 3133 3774 expressum

1766 3800 1872 3858 pro
1912 3787 2105 3841 nostra
2134 3784 2436 3850 sententia,
2468 3786 2523 3839 et
2549 3789 2747 3838 contra
2789 3783 2937 3839 hanc
2972 3784 3133 3840 solu-

1764 3866 2017 3932 tionem;
2050 3865 2130 3920 ait
2151 3864 2309 3921 enim
2340 3864 2402 3920 in
2431 3864 2717 3921 solutione
2743 3863 2814 3919 ad
2851 3865 2948 3919 13:
2978 3886 3004 3916 c<
3028 3865 3131 3921 Di-

1768 3969 1796 4002 «
1837 3947 2081 4004 cendum
2104 3944 2254 4019 quod
2282 3945 2344 4001 in
2373 3944 2618 4001 habente
2644 3944 2983 4002 charitatem
3012 3961 3130 4004 non

1769 4051 1795 4083 α
1840 4034 2018 4103 potest
2059 4043 2181 4084 esse
2226 4028 2435 4099 aliquis
2488 4032 2645 4083 actus
2695 4026 2963 4093 virtutis,
3014 4027 3128 4084 nisi

1766 4131 1793 4164 α
1835 4109 2113 4167 charitate
2140 4108 2454 4176 formatus;
2499 4112 2596 4164 aut
2631 4108 2795 4163 enim
2839 4112 2994 4164 actus
3030 4108 3131 4166 ille

1767 4213 1793 4245 α
1834 4191 1947 4247 erit
1976 4190 2038 4245 in
2065 4189 2324 4246 debitum
2362 4187 2538 4246 finem
2580 4188 2897 4255 ordinatus,
2931 4193 2990 4245 et
3025 4188 3132 4246 hoc

1765 4294 1792 4327 α
1835 4286 1954 4329 non
1995 4274 2175 4343 potest
2213 4285 2334 4326 esse
2375 4269 2490 4325 nisi
2533 4285 2634 4342 per
2678 4269 3016 4326 charitatem
3063 4271 3128 4327 in

1761 4373 1789 4406 α
1833 4351 2080 4411 habente
2104 4351 2479 4418 charitatem;
2510 4356 2606 4406 aut
2642 4366 2757 4407 non
2785 4356 2869 4407 est
2895 4350 3128 4409 ordina-

1761 4454 1788 4487 «
1834 4438 1923 4489 tus
1938 4434 2001 4489 in
2023 4431 2281 4490 debitum
2303 4430 2502 4496 finem.
2521 4436 2578 4489 et
2596 4433 2678 4488 sic
2700 4448 2816 4488 non
2836 4432 2949 4488 erit
2970 4438 3124 4489 actus

1759 4534 1786 4571 ι
1833 4513 2083 4571 virtutis.
2119 4533 2145 4566 n
2186 4510 2463 4570 Videatur
2507 4514 2681 4570 etiam
2729 4517 2873 4588 Ang.
2921 4517 3125 4572 Doctor

1753 4604 1935 4670 quaest.
1967 4595 2070 4663 28j
2100 4603 2208 4652 art.
2242 4597 2295 4663 8,
2342 4598 2405 4651 in
2437 4614 2585 4670 corp.
2629 4596 2727 4652 ubi
2770 4596 2832 4653 in
2878 4596 3124 4655 habente

1751 4679 2002 4754 gratiam
2046 4680 2274 4735 nullum
2316 4683 2504 4734 actum
2532 4678 2766 4734 virtutis
2805 4678 3120 4736 informem

1753 4756 2009 4817 admittit
2043 4780 2056 4816 :
2085 4765 2141 4817 et
2163 4761 2267 4817 hac
2306 4759 2530 4817 ratione
2568 4758 2727 4817 docet
2755 4776 2873 4819 non
2898 4760 3026 4818 dari
3056 4761 3120 4817 in

1750 4858 1818 4901 eo
1844 4842 2224 4910 attritionem,
2248 4858 2374 4917 quaa
2397 4848 2482 4900 est
2503 4841 2666 4900 dolor
2687 4843 2957 4900 informis
2976 4868 2990 4911 ;
3019 4843 3119 4900 sed

1750 4941 1984 4985 omnem
2032 4926 2290 4985 dolorem
2331 4926 2401 4984 de
2453 4927 2692 5000 peccatis
2741 4942 2863 4984 esse
2917 4942 3114 4984 veram

1750 5009 2181 5067 contritionem.

1821 5093 1918 5148 70.
1962 5094 2249 5149 Praeterea
2276 5090 2608 5166 impugnari
2638 5094 2821 5164 potest
2848 5089 3130 5163 praedicta·

1741 5172 1971 5241 solutio,
2002 5178 2060 5231 et
2079 5173 2269 5247 primo
2297 5171 2457 5245 prior
2481 5173 2603 5248 ejus
2630 5187 2763 5244 pars
2797 5192 2808 5226 :
2833 5171 3108 5244 quoniam

3131 5079 3321 5174 atta:

3161 5178 3285 5232 plius.
