3647 5753
1369 384 1547 440 DISP.
1593 385 1662 449 11,
1706 385 1871 440 DUB.
1918 385 1983 442 V.
2996 388 3109 443 407

244 561 423 624 ritur,
468 555 618 631 quod
665 561 990 630 perseveret
1034 555 1292 614 debitum
1331 555 1497 613 illud.
1544 557 1614 611 Et

246 641 403 700 ratio
423 644 543 696 tam
577 638 641 694 in
668 637 760 694 his
784 637 1086 710 exemplis
1117 653 1291 711 quam
1320 638 1383 693 in
1418 641 1614 695 nostro

241 739 384 780 casu
420 724 506 779 est
525 718 726 777 eadem
759 742 773 786 3
806 733 943 775 nam
969 734 1038 776 eo
1063 718 1207 792 ipso,
1237 718 1385 792 quod
1407 733 1615 776 caren-

250 804 335 860 tia
361 801 539 859 fuerit
565 799 798 857 inducta
813 815 914 872 per
924 804 1112 855 actum
1131 799 1526 856 voluntarium
1547 813 1615 856 eo

1831 557 1949 613 156.
1992 557 2251 615 Secunda
2276 559 2395 625 via,
2437 564 2494 617 et
2516 558 2655 616 satis
2681 563 2812 633 apta
2857 558 2927 615 ad
2958 573 3106 633 prae-
3143 573 3274 630 ,nova

1746 636 2089 696 eludendam
2134 641 2328 698 Suarii
2371 642 2702 700 evasionem
2749 641 2992 699 habetur
3036 656 3108 697 ex
3140 632 3300 718 ¹335

1747 717 1915 774 dictis
1934 725 2096 811 tract.
2118 723 2341 813 pracati.
2371 722 2515 795 disp.
2544 726 2600 790 2,
2631 722 2760 779 dub.
2789 724 2846 788 4,
2877 722 2977 779 ubi
3004 720 3109 778 de-
3146 730 3301 815 ἓξὲξ·

1747 800 2116 868 claravimus,
2136 803 2385 875 qualiter
2420 804 2617 861 omnis
2643 804 2816 861 homo
2856 805 3110 862 elevatus
3139 830 3308 877 respon·

69 2194 215 2246 major

58 2245 230 2297 impug-

67 2300 207 2338 nano.

245 893 531 957 tempore,
580 899 693 957 quo
742 880 1060 956 debebatur,
1102 881 1310 950 forma,
1358 887 1416 940 et
1460 886 1616 940 actus

247 967 418 1024 nullo
444 965 615 1023 modo
644 967 1004 1030 retractetur,
1036 970 1297 1021 censetur
1312 964 1616 1022 moraliter

249 1065 599 1124 permanere
639 1052 797 1104 actus
829 1043 1128 1111 inducens,
1172 1051 1228 1103 et
1269 1062 1619 1104 conservans

249 1133 422 1189 illam
443 1129 763 1189 carentiam
789 1143 922 1183 cum
949 1125 1222 1183 omnibus
1255 1127 1618 1184 circunstan-

251 1213 372 1278 tiis,
397 1228 526 1269 cum
549 1208 756 1284 quibus
781 1225 910 1265 eam
938 1224 971 1264 a
1018 1207 1301 1281 principio
1326 1208 1531 1276 voluit,
1563 1214 1620 1265 et

256 1293 547 1368 produxit,
593 1293 749 1349 inter
772 1306 913 1363 quas
951 1295 1315 1362 computatur
1358 1289 1617 1360 debitum

256 1392 381 1432 non
411 1373 662 1449 ponendi
683 1372 1000 1429 carentiam
1031 1395 1047 1440 3
1072 1376 1239 1445 atque
1266 1371 1396 1431 ideo
1417 1389 1621 1446 perse-

255 1461 424 1513 verat
444 1455 619 1512 etiam
643 1453 946 1510 moraliter
967 1452 1224 1509 carentia
1256 1452 1363 1509 sub
1401 1453 1620 1511 eisdem

256 1533 705 1600 circunstantiiS,
756 1531 861 1588 sub
905 1530 1114 1605 quibus
1158 1531 1391 1590 inducta
1436 1534 1549 1590 fuit
1588 1551 1623 1592 a

259 1615 548 1689 principio
604 1636 617 1670 ε
666 1613 819 1670 unde
864 1628 993 1669 cum
1035 1629 1070 1670 a
1114 1611 1403 1686 principio
1443 1614 1622 1672 fuerit

257 1697 516 1756 carentia
568 1698 771 1754 formae
810 1694 1034 1762 debitae,
1101 1700 1159 1753 et
1218 1711 1356 1754 vera
1417 1698 1622 1770 priva-

259 1782 343 1838 tio
388 1780 669 1837 moralis:
724 1791 1077 1849 consequens
1127 1782 1231 1844 est,
1275 1781 1339 1834 ut
1394 1779 1623 1837 easdem

265 1861 517 1920 rationes
567 1863 869 1918 conservet
913 1857 1171 1932 quandiu
1210 1865 1368 1916 actus
1414 1867 1626 1934 praete-

266 1935 569 1998 ritus'non
624 1944 966 1998 retractatur
1020 1959 1034 1995 ε
1077 1938 1356 2013 quidquid
1401 1942 1496 2006 sit,
1550 1957 1625 1999 an

264 2022 479 2088 forma,
533 2038 646 2094 qua
691 2021 920 2095 privat,
969 2020 1045 2077 sit
1088 2018 1356 2094 deinceps
1404 2021 1615 2090 debita,

266 2104 358 2159 vel
385 2118 520 2159 non.

337 2181 743 2253 confirmatur,
774 2187 832 2241 et
857 2181 1206 2255 explicatum
1234 2183 1369 2256 quia
1398 2183 1626 2243 homini

264 2265 486 2323 elevato
512 2264 582 2322 ad
603 2264 1106 2339 supernaturalem
1153 2263 1329 2322 tinem
1376 2266 1628 2341 duplici-

266 2351 353 2403 ter
398 2344 610 2403 dicitur
653 2349 838 2422 gratia
876 2345 1069 2403 debita
1121 2367 1134 2403 ε
1185 2363 1301 2405 uno
1348 2349 1518 2407 modo
1556 2366 1629 2408 ex

271 2432 430 2500 parte
455 2428 577 2496 Dei,
602 2428 701 2501 qui
721 2427 918 2493 statuit
937 2427 1188 2502 gratiam
1217 2428 1376 2486 intra
1402 2435 1629 2505 tempus

270 2509 611 2566 elevationis
636 2509 860 2566 homini
885 2523 1253 2585 nonnegare,
1280 2512 1395 2568 nisi
1427 2513 1550 2586 ipse
1568 2530 1629 2573 se

274 2589 685 2662 indisposuerit
708 2613 723 2647 e
749 2590 862 2648 alio
876 2590 1043 2649 modo
1062 2607 1136 2650 ex
1158 2598 1321 2664 parte
1346 2592 1623 2663 hominis,

271 2669 370 2742 qui
399 2675 624 2728 tenetur
647 2671 848 2728 saltem
876 2670 1033 2729 intra
1068 2671 1216 2728 illud
1242 2677 1470 2747 tempus
1509 2690 1629 2733 non

270 2767 561 2825 apponere
604 2750 821 2809 obicem
857 2753 1078 2826 gratiae.
1129 2754 1294 2812 Unde
1336 2754 1422 2823 fit,
1478 2755 1630 2829 quod

269 2836 463 2910 elapso
499 2839 771 2910 tempore,
817 2837 968 2892 Deus
1012 2851 1133 2894 non
1149 2836 1360 2897 vdebeat
1400 2838 1629 2897 homini

264 2916 515 2991 gratiam
535 2917 798 2974 conferre
818 2940 832 2983 3
863 2932 927 2972 ac
951 2916 1197 2976 subinde
1221 2921 1478 2978 carentia
1503 2937 1631 2996 gra-

266 2998 450 3064 tiae,ut
465 2998 713 3055 refertur
728 2996 799 3054 ad
810 3000 1138 3065 Deum‚non
1147 3006 1233 3056 est
1245 3001 1501 3059 carentia
1518 3001 1632 3059 for·

269 3096 379 3137 mae
400 3079 620 3147 debitae,
650 3085 708 3136 et
741 3087 1151 3153 consequenter
1179 3099 1297 3141 non
1326 3082 1498 3141 habet
1541 3100 1633 3141 ra-

269 3160 488 3219 tionem
516 3160 878 3234 privationis,
910 3161 1010 3219 sed
1048 3163 1332 3236 simplicis
1372 3165 1633 3239 negatio-

272 3242 388 3298 nis.
410 3244 483 3297 At
497 3241 697 3299 eadem
719 3242 977 3299 carentia
1018 3243 1208 3301 relatae
1229 3244 1301 3302 ad
1329 3245 1629 3303 hominem

271 3322 522 3396 privatio
547 3325 652 3389 est,
683 3326 740 3379 et
769 3338 887 3379 non
914 3325 1169 3383 carentia
1196 3343 1375 3400 pura;
1402 3327 1541 3399 quia
1567 3342 1634 3384 eo

273 3404 417 3477 ipso,
448 3402 597 3476 quod
625 3401 798 3460 homo
819 3403 982 3460 intra
1003 3409 1246 3479 tempus,
1276 3423 1388 3480 quo
1410 3405 1637 3464 teneba-

273 3490 372 3540 tur
410 3497 530 3540 non
578 3499 865 3557 apponere
930 3483 1148 3543 obicem
1193 3487 1412 3563 gratiae,
1463 3487 1635 3543 illum

274 3563 623 3637 apposuerit,
649 3564 945 3637 amplexus
971 3570 1073 3634 est,
1098 3571 1156 3624 et
1174 3565 1409 3624 induxit
1434 3582 1636 3624 veram

277 3643 666 3719 privationem
738 3647 1020 3702 moralem
1084 3647 1302 3722 gratiae.
1369 3647 1637 3713 Quandiu

277 3730 471 3783 autem
494 3741 612 3781 non
636 3730 900 3782 retractat
921 3726 1253 3800 praedictum
1276 3734 1487 3798 actum,
1514 3745 1642 3802 per-

257 3810 502 3864 severat
547 3805 850 3863 moraliter
899 3805 962 3862 in
1033 3809 1432 3882 amplectendo
1481 3808 1638 3868 idem

269 3879 584 3955 objectum,
604 3879 745 3937 etin
773 3879 1133 3953 producendo
1154 3882 1404 3941 eundem
1432 3884 1641 3956 termi-

282 3977 427 4018 num
452 3986 467 4029 ;
497 3962 825 4019 sicutenim
849 3970 1129 4038 repugnat
1145 3981 1384 4023 manere
1410 3966 1643 4041 physice

280 4042 532 4101 eundem
562 4048 769 4113 actum,
799 4050 856 4101 et
882 4045 1037 4119 quod
1064 4063 1181 4104 non
1208 4053 1441 4105 maneat
1487 4047 1642 4105 idem

284 4124 449 4181 illius
467 4125 774 4194 terminuS,
802 4130 860 4182 et
898 4126 1180 4200 objectum
1208 4150 1221 4186 ε
1251 4131 1333 4186 ita
1359 4128 1639 4203 implicat,

282 4204 435 4278 quod
463 4210 787 4277 perseveret
831 4208 1134 4266 moraliter
1179 4209 1335 4267 idem
1388 4216 1564 4279 actus,
1588 4214 1647 4267 et

280 4286 436 4359 quod
489 4301 607 4344 non
645 4294 1016 4347 conservetur
1056 4290 1209 4350 idem
1238 4294 1546 4361 terminus,
1590 4298 1649 4351 et

284 4366 568 4441 objectum
591 4367 771 4425 illius.
803 4369 968 4427 Unde
999 4372 1146 4432 sicut
1179 4378 1335 4432 actus
1363 4375 1647 4448 peccami-

285 4464 482 4516 nosus,
508 4447 762 4521 quandiu
805 4467 923 4508 non
964 4458 1323 4523 retractatur,
1379 4470 1648 4530 perseve-

288 4534 383 4586 rat
418 4530 720 4586 moraliter
747 4529 902 4589 idem
943 4532 1121 4602 intra,
1160 4540 1219 4593 et
1257 4540 1383 4610 post
1425 4540 1650 4610 tempus

285 4609 677 4667 elevationis:
722 4610 801 4667 ita
847 4614 1101 4671 carentia
1152 4615 1353 4691 gratiae
1398 4620 1459 4671 ut
1500 4617 1648 4674 actui

284 4690 743 4765 correspondens
768 4693 966 4751 eadem
1020 4702 1346 4770 perseverat
1391 4698 1568 4766 intra,
1596 4703 1654 4755 et

291 4775 416 4844 post
445 4770 592 4827 illud
643 4777 888 4846 tempus,
935 4776 1083 4850 Ergo
1121 4776 1268 4834 sicut
1305 4776 1465 4835 intra
1504 4777 1653 4835 illud

289 4857 516 4925 tempus
540 4856 667 4909 erat
715 4854 984 4926 privati0,
1028 4860 1085 4912 et
1111 4858 1338 4914 macula
1370 4859 1650 4917 moralis:

290 4932 369 4988 ita
392 4933 569 4991 etiam
593 4938 792 4990 manet
814 4935 1082 5006 privatio,
1124 4942 1180 4996 et
1206 4940 1431 4996 macula
1458 4956 1655 4998 mora-

291 5013 362 5069 lis
388 5019 514 5088 post
541 5012 690 5072 illud
713 5018 938 5088 tempus
959 5018 1242 5092 elapsum.

1750 880 1821 938 ad
1848 880 2027 939 finem
2067 886 2570 956 supernaturalem
2597 890 2857 943 teneatur
2888 901 2961 943 ex
2987 886 3111 959 lege
3147 869 3295 915 ⁵¹⁰⁰&-

1752 963 2007 1020 naturali
2024 980 2143 1022 non
2162 965 2385 1023 violare
2405 972 2681 1041 praecepta
2702 967 2803 1025 Dei
2825 983 3111 1040 superna-

1750 1045 1958 1101 turalis
1985 1045 2261 1102 authoris.
2292 1049 2441 1102 Nam
2465 1047 2613 1104 ratio
2634 1047 2921 1105 naturalis
2938 1046 3115 1104 dictat

1750 1123 2068 1197 quemlibet
2111 1125 2408 1182 subditum
2454 1125 2664 1184 debere
2715 1126 2949 1185 obedire
3011 1143 3115 1184 suo

1751 1206 2037 1280 superiori
2078 1206 2334 1281 legitime
2361 1207 2738 1284 praecipienti,
2769 1214 2825 1267 et
2854 1208 3116 1282 prohibet

1752 1289 2270 1364 transgressionem
2299 1295 2708 1364 praeceptorum
2731 1291 2872 1366 ejus,
2900 1294 3117 1356 Quam-

1754 1370 1956 1429 obrem
1996 1388 2064 1430 eo
2092 1371 2236 1444 ipso,
2288 1372 2439 1445 quod
2471 1375 2737 1430 naturale
2763 1375 2964 1431 lumen
2990 1390 3121 1432 con·

1754 1457 1913 1510 notet
1935 1453 2320 1528 elevationem
2346 1453 2606 1511 hominis
2627 1453 2697 1511 ad
2720 1454 2896 1512 finem
2923 1471 3120 1528 super-

1754 1534 2103 1602 naturalem,
2128 1537 2186 1591 et
2198 1534 2567 1592 existentiam
2581 1536 3116 1608 supernaturalium

1755 1618 2194 1687 praeceptorum,
2223 1614 2560 1678 extenditur
2585 1615 2658 1672 ad
2687 1614 3118 1688 imperandum,

1752 1698 1959 1754 saltem
1987 1696 2290 1766 indirecte,
2321 1714 2526 1756 eorum
2550 1697 3039 1767 observationem,
3067 1703 3123 1756 et

1694 1819 1702 1827 .
1757 1777 1829 1836 ad
1858 1777 2280 1851 prohibendam
2321 1780 2840 1854 transgressionem
2892 1780 3125 1853 opposi-

1756 1863 1898 1915 tam.
1923 1856 2089 1915 Unde
2113 1857 2198 1927 fit,
2230 1859 2463 1916 nullum
2508 1875 2632 1917 esse
2673 1865 2968 1933 peccatum
3015 1860 3123 1917 ho-

1758 1939 1940 1996 minis
1969 1943 2092 1995 actu
2107 1941 2318 1998 elevati
2346 1939 2416 1997 ad
2443 1943 2943 2014 supernaturalem
2971 1940 3123 1998 ordi-

1760 2035 1917 2087 nem,
1946 2018 2098 2092 quod
2124 2020 2302 2079 etiam
2330 2035 2449 2078 non
2473 2021 2550 2076 sit
2569 2025 2769 2078 contra
2799 2022 2985 2096 legem
3013 2037 3124 2079 na-

1760 2102 2030 2169 turalem,
2055 2106 2114 2158 et
2139 2116 2241 2174 per
2267 2101 2418 2176 quod
2443 2102 2618 2160 homo
2663 2118 2783 2159 non
2832 2107 3125 2161 avertatur

1762 2187 1932 2242 aDeo
1952 2184 2205 2252 naturali
2232 2183 2368 2251 fine,
2427 2188 2484 2242 et
2530 2184 2810 2252 authore3
2861 2188 2918 2242 et
2949 2185 3127 2242 simul

1761 2263 2065 2321 contrahat
2116 2263 2505 2337 privationem
2565 2263 2987 2321 conformitatis
3053 2263 3124 2320 ad

1762 2344 1947 2418 legem
1972 2344 2321 2411 naturalem,
2346 2343 2470 2400 sive
2499 2342 2859 2401 rectitudinis
2883 2349 3124 2402 natura-

1763 2425 1857 2494 lis,
1875 2430 1931 2481 et
1957 2425 2245 2481 maculam
2264 2425 2566 2482 moralem.
2594 2426 2678 2479 Ex
2701 2424 2775 2481 iis
2795 2425 3121 2498 principiiS,

1762 2520 1888 2578 quae
1907 2504 2044 2561 satis
2072 2504 2373 2578 perspicua
2386 2509 2540 2572 sunt,
2561 2510 2618 2561 et
2638 2503 2876 2577 probata
2887 2508 3131 2562 manent

1747 2587 1887 2644 'loco
1912 2585 2100 2651 citat0,
2127 2585 2501 2659 impugnatur
2540 2585 2734 2641 Suarii
2780 2584 3078 2658 responsio
3108 2610 3124 2653 3

1762 2664 2039 2739 quoniam
2059 2681 2126 2722 eo
2152 2665 2295 2738 ipso,
2326 2664 2477 2737 quod
2500 2665 2673 2722 homo
2693 2665 2949 2722 elevatus
2971 2666 3129 2723 intra

1764 2747 2217 2804 determinatum
2244 2751 2470 2819 tempus
2495 2745 2567 2803 ad
2611 2746 2878 2803 ordinem
2923 2763 3129 2822 super-

1766 2828 2093 2887 naturalem
2120 2826 2436 2886 offenderet
2478 2829 2658 2885 Deum
2710 2833 3130 2902 supernatura-

1766 2909 1882 2968 lem
1911 2911 2232 2977 authorem,
2258 2909 2586 2967 incurreret
2606 2925 2811 2983 verum
2840 2915 3130 2984 peccatum

1760 2993 2060 3051 *habituale
2087 2997 2285 3051 contra
2314 2993 2500 3068 legem
2532 2995 2879 3061 naturalem,
2911 2995 3132 3052 consis-
3184 3025 3193 3033 =

1765 3081 1893 3133 tens
1931 3077 2138 3133 saltem
2165 3076 2230 3131 in
2259 3076 2587 3149 privatione
2614 3075 2977 3132 rectitudinis
3023 3093 3134 3135 na-

1766 3156 1995 3224 turalis,
2020 3156 2114 3213 vel
2141 3155 2561 3212 conformitatis
2590 3155 2659 3212 ad
2691 3155 3024 3228 praedictam
3048 3159 3135 3215 le-

1765 3252 1896 3312 gem
1931 3257 1945 3292 :
1973 3234 2073 3293 sed
2098 3234 2430 3310 hujusmodi
2479 3235 2731 3309 privatio
2784 3251 2904 3293 non
2952 3244 3138 3309 posset

1768 3316 2021 3374 transire
2043 3316 2107 3372 in
2137 3317 2502 3389 negationem
2530 3332 2602 3373 ex
2644 3318 2767 3374 sola
2814 3318 3137 3376 variatione

1768 3398 2088 3471 temporis:
2143 3414 2279 3472 ergo
2305 3398 2421 3454 haec
2460 3399 2737 3471 temporis
2777 3400 3026 3457 variatio
3052 3405 3139 3457 est

1770 3479 2142 3544 insufficiens,
2175 3484 2238 3534 ut
2258 3479 2432 3536 homo
2450 3478 2697 3553 deponat
2739 3482 3045 3548 maculam,
3079 3484 3137 3537 et

1770 3564 1935 3618 exeat
1956 3557 2027 3615 ab
2046 3564 2195 3615 statu
2218 3558 2447 3631 peccati.
2483 3560 2904 3632 Consequentia
2937 3560 3131 3632 liquet,

1771 3645 1830 3698 et
1879 3639 2065 3714 major
2096 3644 2318 3696 constat
2356 3655 2427 3697 ex
2480 3654 2666 3711 nuper
2712 3639 2901 3696 dictis.
2944 3641 3139 3699 Minor

1774 3726 1967 3779 autem
1988 3720 2308 3778 ostenditur
2329 3745 2344 3789 3
2371 3736 2508 3777 nam
2553 3720 2703 3786 ideo,
2736 3728 2798 3778 ut
2844 3722 3144 3780 existimat

1774 3803 2032 3871 Suarius,
2064 3802 2312 3877 privatio
2337 3802 2537 3877 gratias
2586 3808 2767 3877 potest
2798 3805 3051 3863 transire
3077 3806 3143 3863 in

1773 3883 2098 3958 simplicem
2121 3882 2504 3957 negationem,
2530 3884 2667 3957 quia
2687 3884 2875 3958 gratia
2904 3900 3019 3941 non
3042 3884 3148 3943 de·-

1777 3966 1944 4024 betur
1967 3964 2196 4023 homini
2216 3981 2289 4022 ex
2317 3971 2525 4023 natura
2548 3967 2652 4031 rei,
2684 3965 2875 4035 sedex
2901 3965 3146 4025 ordina-

1777 4049 1936 4106 tione
1956 4048 2078 4114 Dei,
2117 4048 2215 4120 qui
2241 4054 2421 4122 potest
2447 4047 2597 4105 illud
2625 4047 2883 4105 debitum
2925 4048 2996 4105 ad
3042 4049 3145 4107 de-

1780 4132 2159 4189 terminatum
2185 4135 2414 4203 tempus
2455 4130 2805 4205 restringere
2820 4155 2835 4200 3
2866 4147 2977 4204 quo
3005 4147 3142 4205 pro-

1780 4211 1919 4270 inde
1938 4212 2150 4285 elapSO,
2176 4210 2430 4268 carentia
2449 4211 2647 4286 gratiae
2668 4226 2786 4268 non
2813 4211 2925 4267 erit
2945 4226 3142 4268 caren-

1781 4295 1863 4352 tia
1891 4294 2093 4352 formae
2143 4292 2366 4362 debitae,
2417 4296 2509 4352 vel
2556 4294 2811 4368 rigorosa
2850 4293 3098 4366 privatio
3124 4315 3138 4351 ε

1782 4376 1939 4449 atqui
1966 4375 2228 4433 doctrina
2253 4376 2370 4432 haec
2396 4375 2646 4431 minime
2665 4375 2940 4448 applicari
2964 4381 3145 4449 potest

1782 4458 2040 4525 maculae,
2070 4472 2195 4529 quae
2215 4460 2300 4514 est
2326 4456 2575 4531 privatio
2603 4456 3025 4514 conformitatis
3070 4458 3141 4516 ad

1783 4539 1969 4613 legem
1999 4537 2345 4606 naturalem,
2401 4553 2470 4594 eo
2512 4534 2662 4609 quod
2702 4535 2975 4611 obligatio
3020 4554 3146 4596 ser-

1785 4619 1962 4678 vandi
1991 4618 2322 4693 praedictam
2348 4619 2532 4693 legem
2554 4618 2704 4675 inest
2725 4618 2950 4676 homini
2975 4625 3149 4677 natu-

1787 4703 2008 4770 raliter,
2034 4707 2090 4760 et
2114 4703 2242 4759 sine
2259 4702 2633 4763 ,restrictione
2655 4700 2725 4756 ad
2747 4706 2975 4773 tempus
3007 4723 3022 4769 3
3047 4716 3152 4759 nec

1787 4787 1937 4841 Deus
1974 4784 2127 4841 valet
2167 4782 2466 4839 hominem
2506 4781 2764 4839 eximere
2804 4797 2837 4837 a
2884 4781 3152 4854 praedicto

1788 4863 2000 4932 debito,
2032 4866 2235 4921 saltem
2263 4862 2413 4919 circa
2442 4867 2723 4935 praecepta
2770 4862 3055 4936 negativa,
3091 4870 3153 4919 ut

1790 4944 1963 5004 modo
1989 4944 2371 5019 supponimus
2391 4960 2462 5000 ex
2500 4944 2796 5001 communi
2835 4944 3154 5018 Theologo-

1794 5042 1928 5084 rum
1950 5026 2235 5083 sententia
2264 5046 2277 5082 ε
2301 5040 2435 5100 ergo
2457 5023 2705 5098 privatio
2731 5024 3153 5082 conformitatis
