3647 5753
462 429 537 482 78
1481 436 1573 489 DE
1613 435 1883 489 GRATIA
1924 436 2264 494 EFFICACI.

1102 619 1134 684 s
1175 617 1319 673 vm.

572 762 825 836 Refert-ur
861 771 1126 824 sententia
1163 775 1468 838 contraria,
1511 775 1728 849 ejusque

854 850 1074 903 motivis
1112 855 1440 909 occurritur.

257 1001 434 1092 3222}th
558 1001 676 1055 115.
721 1003 1047 1074 Oppositum
1076 1005 1240 1062 nobis
1267 1008 1620 1081 opinionem,
1672 1023 1827 1063 asse-

286 1098 432 1142 πενία.
477 1086 697 1137 Ientem
768 1085 966 1157 gratiae
1036 1088 1338 1145 efficacium
1408 1088 1730 1162 dependere
1794 1103 1827 1143 a

472 1160 710 1217 scientia
737 1163 946 1228 media,
992 1172 1047 1223 et
1095 1176 1504 1241 consequenter
1543 1169 1825 1225 auxilium

473 1241 666 1298 efficax
714 1244 862 1300 nihil
915 1245 1121 1305 addere
1145 1266 1320 1324 supra
1364 1251 1667 1318 sufficienS,
1711 1250 1825 1305 nisi

475 1325 887 1396 praescientiam·
918 1329 1096 1386 futuri
1127 1348 1431 1390 consensus
1461 1350 1563 1407 pro
1583 1349 1650 1390 eo
1678 1339 1826 1389 tem-

473 1422 626 1477 pore,
657 1412 713 1463 et
762 1409 1225 1478 circumstantiiS,
1275 1414 1339 1471 in
1367 1414 1572 1488 quibus
1598 1414 1826 1470 confer-

472 1494 585 1552 tur,
612 1486 926 1546 det'endunt
963 1495 1347 1551 communiter
1401 1496 1681 1552 Authores
1720 1489 1827 1551 So-

471 1566 707 1634 cietatis,
757 1586 896 1641 quos
926 1572 1165 1644 proinde
1207 1590 1696 1647 supervacaneum
1742 1582 1827 1631 est

472 1648 535 1702 in
567 1649 897 1720 particulari
928 1653 1162 1711 referre.
1218 1657 1319 1712 Cui
1362 1661 1635 1729 praeterea
1659 1655 1826 1712 subs·-

257 1735 453 1809 uemtejz.
470 1728 702 1785 eribant
715 1732 946 1804 quidam
968 1736 1067 1790 alii
1087 1737 1516 1803 recentiores,ut
1532 1736 1820 1806 Mendoza‚

271 1788 439 1878 Ῑῖἐὲῗᾷξζ
476 1809 873 1878 Dioctalevius,
906 1819 961 1870 et
980 1812 1358 1874 Masca'renaS.
1391 1819 1503 1875 Pro
1527 1818 1628 1874 illa
1649 1818 1823 1874 etiam

268 1886 443 1928 nascar.
472 1889 679 1962 allegat
716 1893 953 1948 Suarius
998 1903 1129 1951 tom.
1158 1898 1213 1962 2,
1240 1897 1303 1952 de
1337 1900 1543 1967 qratia,
1574 1915 1695 1970 cap.
1727 1899 1820 1964 51,

475 1969 932 2030 innumerabiles
987 1977 1307 2043 Authores;
1350 1994 1490 2050 quos
1532 1984 1723 2033 tamen
1774 1979 1822 2032 si

471 2052 748 2119 consulas,
764 2069 880 2110 non
903 2055 1165 2112 invenies
1185 2057 1342 2114 aliud
1363 2058 1635 2124 docuisse,
1650 2075 1821 2130 quam

471 2135 920 2204 propositionem
937 2138 1205 2195 omnibus
1230 2140 1533 2197 Catholicis
1548 2147 1819 2207 sanctam,

471 2220 678 2284 nempe
705 2214 932 2270 liberum
971 2217 1264 2273 arbitrium
1292 2237 1346 2276 se
1372 2221 1750 2287 determinare,
1773 2228 1825 2275 et

466 2308 620 2362 posse
667 2295 916 2351 interiori
954 2300 1146 2365 ,qratia
1183 2302 1443 2356 resistere.
1489 2302 1609 2364 Qua
1647 2302 1820 2356 etiam

471 2376 692 2432 ratione
735 2385 919 2450 posset
964 2396 1067 2452 pro
1112 2398 1214 2437 sua
1264 2383 1537 2454 opinione
1576 2383 1823 2457 allegare

468 2460 715 2525 Bannez,
735 2461 1116 2529 Zumelum,et
1137 2479 1335 2519 omnes
1357 2465 1698 2529 Thomistas,
1724 2464 1822 2536 qui

467 2540 713 2613 gratiam
756 2557 824 2597 ex
852 2557 912 2597 se
952 2543 1227 2600 efficacem
1257 2544 1585 2600 affirmant:
1642 2546 1822 2601 immo

469 2621 675 2693 poterit
715 2623 964 2697 allegare
993 2640 1093 2696 pro
1120 2640 1179 2680 se
1207 2641 1406 2680 omnes
1435 2624 1671 2691 Fideles,
1705 2641 1822 2681 non

467 2702 654 2757 solum
676 2702 774 2772 qui
802 2703 1166 2775 scripserunt,
1196 2703 1294 2760 sed
1321 2709 1593 2776 quotquot
1625 2704 1822 2761 catho-

470 2782 575 2838 lice
619 2782 892 2839 scribent.
940 2785 1009 2837 Et
1037 2784 1285 2855 profecto
1312 2785 1360 2839 si
1390 2785 1498 2850 illi,
1548 2785 1644 2857 qui
1677 2801 1823 2857 prae—

471 2862 619 2922 dicta
648 2865 930 2939 principia
974 2867 1285 2940 generalia,
1313 2871 1368 2923 et
1411 2867 1683 2925 catholica
1717 2866 1821 2925 do-

470 2951 614 3012 cent,
640 2961 706 3001 eo
727 2945 850 3017 ipso
875 2951 1177 3001 censentur
1216 2947 1516 3003 scientiam
1543 2947 1816 3015 mediam,

467 3029 524 3079 et
549 3024 745 3096 gratiae
790 3023 1094 3080 efficaciam
1141 3024 1211 3080 ab
1238 3041 1304 3082 ea
1355 3025 1696 3099 pendentem
1718 3027 1822 3084 do-

281 3113 419 3156 suarti
468 3121 611 3168 cere,
644 3104 1014 3161 meritissime
1040 3105 1241 3179 adJ'ecit
1267 3108 1504 3167 Suarius
1534 3125 1693 3166 num.
1723 3112 1816 3176 47,

269 3172 444 3253 ε’ἱῗὲῗω
467 3187 788 3239 sententiam
815 3202 976 3240 suam
1001 3203 1109 3240 esse
1147 3205 1480 3245 communem
1532 3188 1579 3245 T
1575 3191 1823 3258 [teolone-

463 3281 594 3320 ⁴ram
621 3281 954 3320 consensum.
1003 3264 1108 3321 Sed
1138 3267 1284 3323 forte
1319 3267 1379 3323 in
1406 3269 1528 3341 ejus
1556 3271 1821 3327 notitiam

473 3358 591 3399 non
620 3350 855 3401 venerat
884 3344 1094 3402 nedum
1126 3348 1494 3420 particulares
1537 3350 1817 3418 DoctoreS,

472 3424 570 3481 sed
598 3426 849 3500 Pntegras
887 3427 1239 3495 AcademiaS,
1265 3435 1528 3486 etsacras
1569 3432 1825 3507 Religio-

472 3521 573 3562 nes
612 3522 778 3561 usum
828 3507 1079 3565 scientim
1121 3508 1323 3566 mediae
1365 3511 1611 3584 rejicere,
1641 3515 1706 3568 'ut
1732 3514 1825 3568 vi·-

471 3586 661 3643 dimus
705 3591 736 3657 g
787 3587 1141 3661 praecedenti.
1201 3591 1302 3646 Vel
1330 3590 1476 3648 sorte
1504 3592 1605 3648 illa
1651 3594 1825 3649 verba

471 3670 707 3725 Suarius
753 3685 868 3725 non
914 3671 1193 3739 exaravit,
1249 3672 1346 3729 sed
1395 3673 1466 3730 ab
1512 3674 1626 3732 alio
1664 3678 1826 3748 (opus

470 3750 680 3823 quippe
705 3751 1072 3822 posthumum
1101 3755 1223 3824 est),
1257 3752 1469 3827 adjecta
1497 3755 1673 3811 fuere.
1723 3756 1823 3814 Vel

471 3829 716 3902 denique
771 3830 965 3887 forsan
1016 3830 1347 3905 Bibliopolae
1400 3834 1820 3909 LugdunenseS‚

469 3910 567 3983 qui
591 3909 800 3985 absque
828 3912 1059 3967 licentia
1085 3913 1289 3984 saepius
1312 3930 1343 3968 a
1369 3915 1574 3972 Suario
1593 3931 1826 3987 exspec-

470 3995 603 4061 tata,
659 3998 716 4050 et
779 4008 1072 4066 nunquam
1124 4009 1400 4063 concessa,
1471 3996 1616 4052 illud
1685 4013 1827 4070 opus

473 4075 650 4145 praelo
684 4072 1056 4140 mandarunt,
1104 4074 1397 4148 praedictos
1442 4077 1740 4144 AuthoreS,
1770 4082 1828 4134 et

471 4171 841 4213 communem
868 4155 1287 4232 Theologorum
1308 4158 1650 4219 sententiam
1680 4159 1827 4214 alle-

467 4240 769 4310 gaverunt.
819 4237 1001 4300 Quam
1042 4236 1420 4302 oscitantiam,
1459 4238 1603 4293 sicut
1629 4243 1686 4295 et
1712 4239 1827 4295 alia

470 4316 614 4372 vitia
652 4315 817 4373 offert
842 4317 1115 4372 volumen
1142 4316 1288 4371 illud
1316 4333 1347 4372 a
1378 4317 1564 4390 prima
1595 4319 1819 4392 pagina,

470 4398 555 4471 cuj
565 4414 629 4452 us
651 4396 848 4452 titulus
871 4396 1290 4468 Proloqomenon
1310 4398 1574 4465 alterum,·
1587 4404 1642 4455 et
1657 4397 1828 4455 habet

472 4476 544 4534 ad
564 4478 888 4553 marginem
915 4498 927 4533 z
960 4477 1181 4534 Dicitur
1204 4478 1459 4539 alterum.
1490 4481 1828 4557 qaodpartis

466 4562 657 4629 primm
707 4559 1124 4632 proloyomenon
1161 4560 1454 4615 secundum
1498 4561 1713 4616 brevius
1762 4562 1827 4616 de

469 4642 654 4697 eadem
696 4644 961 4697 sententia
1007 4641 1260 4716 disputet.
1336 4644 1482 4699 Nam
1534 4643 1584 4698 si
1630 4644 1828 4702 Lector

470 4722 778 4797 diligenter
826 4738 1005 4778 unum
1047 4722 1213 4779 alteri
1261 4728 1568 4794 comparet,
1620 4723 1823 4780 folium

472 4800 631 4867 folio,
675 4807 841 4873 caput
880 4801 1070 4873 capiti,
1117 4816 1427 4858 numerum
1476 4818 1737 4871 numer-0,
1770 4808 1826 4860 et

472 4880 649 4937 verba
711 4881 925 4949 verbis,
980 4881 1129 4937 nihil
1176 4880 1426 4954 profecto
1479 4884 1726 4954 reperiet
1764 4883 1823 4938 in

473 4978 607 5028 uno,
640 4962 788 5035 quod
813 4979 929 5020 non
958 4964 1020 5020 in
1043 4962 1178 5019 alio.
1225 4964 1444 5020 Etcum
1468 4965 1827 5040 prologome-

473 5059 590 5101 non
618 5043 905 5100 contineat
931 5043 1344 5118 quinquaginta
1373 5044 1531 5112 solia,
1574 5046 1825 5118 compel-

1958 609 2138 665 limur
2178 609 2267 666 bis
2304 626 2495 669 emere
2543 610 2695 668 idem
2737 626 2897 684 opus.
2964 610 3080 666 Hoc
3118 614 3318 665 tamen

1958 690 2188 763 injuriae
2226 693 2416 748 Suarii
2464 691 2893 749 attribuendum
2925 708 3039 748 non
3069 697 3170 756 est,
3214 687 3313 747 sed

1959 770 2227 838 aliorum,
2255 771 2399 829 forte
2421 771 2895 845 Bibliopolarum,
2924 771 3222 827 industriae
3242 771 3314 827 ad

1959 850 2381 925 emungendam
2430 854 2751 925 pecuniam.
2802 856 2871 907 At
2913 853 3028 909 haec
3057 858 3116 907 ut
3162 852 3317 910 levia

1961 934 2360 1006 relinquimus.

2042 1016 2158 1072 116.
2180 1020 2534 1090 Argumenta
2559 1033 2661 1090 pro
2688 1017 2791 1074 hac
2819 1016 3090 1089 opinione
3112 1014 3179 1071 ad
3203 1015 3317 1071 tria

1957 1112 2167 1170 genera
2183 1098 2531 1154 reducuntur
2549 1120 2561 1155 ε
2577 1098 2836 1172 quaedam
2854 1096 3161 1155 intendunt
3180 1112 3313 1168 pro-

1959 1178 2095 1236 bare
2123 1180 2556 1253 possibilitatem
2586 1182 2787 1257 objecti
2814 1182 3066 1238 scientiae
3086 1177 3309 1249 mediae,

1957 1267 2014 1318 et
2039 1263 2208 1337 hujus
2246 1265 2613 1322 existentiam
2643 1270 2735 1333 ;et
2760 1265 2851 1320 his
2876 1267 3013 1320 satis
3058 1264 3315 1321 occurri·

1960 1359 2087 1398 mus
2107 1351 2238 1399 tom.
2271 1345 2316 1406 l,
2349 1352 2509 1401 tract.
2542 1347 2594 1413 3,
2625 1346 2766 1417 disp.
2826 1346 2906 1412 10,
2939 1362 3063 1399 cum
3087 1361 3312 1421 sequen-

1958 1425 2119 1481 tibus.
2164 1426 2293 1481 Alia
2332 1443 2470 1483 vero
2516 1427 2857 1500 impugnant
2892 1427 3136 1500 gratiam
3164 1440 3316 1482 exse

1957 1505 2255 1573 efficacem,
2290 1507 2495 1581 quibus
2515 1509 2636 1582 jam
2682 1507 2903 1580 pridem
2935 1513 3051 1564 tam
3092 1513 3314 1564 veteres

1956 1586 2190 1659 quidam
2274 1590 2629 1663 Philosophi,
2705 1607 2875 1662 quam
2941 1590 3182 1662 antiqui,
3257 1594 3312 1646 et

1956 1666 2220 1723 Moderni
2245 1668 2493 1725 haeretici
2523 1669 2965 1742 providentiam,
2998 1675 3053 1725 et
3080 1685 3312 1725 concur·
3404 1688 3411 1694 ’

1956 1764 2083 1803 sum
2116 1748 2215 1805 Dei
2256 1749 2709 1823 impugnarunt;
2747 1756 2801 1807 et
2828 1756 2961 1805 sunt
2987 1751 3122 1805 satis
3162 1747 3313 1805 diffi-

1955 1827 2089 1884 cilia
2124 1849 2137 1882 :
2181 1828 2283 1884 illa
2330 1835 2523 1886 tamen
2555 1831 2763 1903 partim
2814 1830 3092 1886 diluimus
3120 1830 3182 1885 in
3211 1829 3314 1886 hoc

1956 1910 2239 1977 Tractatu,
2282 1912 2423 1983 disp.
2454 1914 2509 1977 4,
2566 1912 2692 1968 dub.
2723 1914 2774 1974 6,
2805 1918 2859 1967 et
2890 1911 3071 1966 fusius
3095 1908 3312 1966 enoda-

1956 1987 2148 2045 bimus
2179 1992 2304 2046 dub.
2349 2009 2456 2069 seq.
2502 1993 2633 2047 Alia
2670 1991 2916 2064 denique
2942 2008 3007 2048 eo
3046 1990 3307 2058 tendunt,

1955 2078 2018 2127 ut
2057 2073 2360 2130 ostendant
2386 2074 2687 2131 efficaciam
2716 2076 2916 2148 gratiae
2953 2075 3118 2147 juxta
3145 2074 3311 2145 prin-

1955 2152 2105 2226 cipia
2130 2154 2383 2211 scientias
2409 2154 2611 2211 mediae
2652 2156 2866 2228 optime
2891 2153 3119 2226 exponi,
3158 2153 3310 2209 etita

1956 2235 2371 2292 admittendam
2391 2252 2512 2294 esse
2534 2258 2545 2292 :
2567 2235 2792 2309 quibus,
2820 2252 2936 2292 non
2959 2235 3117 2291 enim
3140 2233 3308 2289 multi

3321 2276 3515 2321 Primum

1958 2316 2228 2389 ponderis
2266 2322 2419 2381 sunt,
2466 2316 2716 2373 breviter
2756 2317 2818 2371 in
2859 2316 2962 2371 hoc
3007 2319 3038 2384 ς
3077 2314 3306 2371 obviam
3357 2337 3479 2378 argu·

1956 2397 2190 2453 ibimus,
2249 2397 2526 2470 Arguitur
2587 2413 2722 2471 ergo
2782 2397 2969 2468 primo
3008 2411 3080 2451 ex
3117 2392 3307 2450 verbis

3322 2383 3507 2420 mentum
3518 2409 3528 2416 .

1955 2476 2165 2531 Christi
2195 2475 2444 2541 Domini,
2470 2476 2673 2532 Matth.
2714 2477 2795 2539 11,
2827 2479 2883 2530 et
2905 2475 3066 2530 Lucae
3104 2475 3166 2528 10
3194 2471 3307 2529 :Vae
3342 2492 3494 2533 naun.

1955 2558 2055 2612 tibi
2096 2555 2390 2623 Corozain,
2423 2575 2499 2612 vae
2517 2558 2619 2613 tibi
2659 2557 2958 2614 Bethsaida
2981 2559 3151 2633 :quia
3172 2557 3221 2610 si
3246 2555 3308 2609 in
3346 2590 3380 2631 L

1963 2636 2119 2709 Tyra,
2152 2642 2201 2690 et
2240 2635 2443 2693 Sidone
2482 2637 2637 2708 sacten
2661 2639 2891 2706 fuissent
2916 2638 3164 2701 virtutae,
3197 2652 3309 2713 quar

1954 2719 2016 2771 in
2036 2724 2085 2770 te
2104 2717 2260 2788 factat
2285 2723 2431 2781 sunt,
2452 2718 2578 2787 jam
2598 2718 2729 2772 olim
2752 2720 2810 2771 in
2842 2718 3031 2780 cinere,
3056 2725 3105 2772 et
3131 2717 3310 2771 cilicio

1948 2798 2327 2870 poenitentiam
2366 2798 2609 2866 eqissene.
2668 2796 2776 2851 Ubi
2825 2795 3082 2851 Christus
3108 2795 3311 2851 certis-

1954 2881 2099 2936 sime
2124 2876 2404 2944 enuntiat,
2432 2893 2560 2933 cum
2583 2875 2780 2933 eadem
2809 2876 3009 2950 gratia,
3043 2891 3169 2932 cum
3198 2891 3309 2948 qua

1955 2958 2220 3016 homines
2263 2957 2556 3022 corozain,
2589 2962 2647 3013 et
2689 2955 3003 3012 Bethsaldae
3047 2955 3309 3011 conversi

1954 3054 2071 3094 non
2111 3041 2264 3101 sunt,
2301 3035 2713 3092 convertendos
2754 3036 2929 3091 fuisse
2974 3034 3198 3108 TyriOS,
3257 3040 3314 3091 et

1954 3117 2238 3183 Sidonios,
2262 3117 2310 3172 si
2336 3116 2437 3172 illa
2467 3119 2611 3171 Deus
2633 3116 2784 3188 ipsos
2806 3121 3075 3172 vocasset.
3100 3119 3171 3169 At
3195 3116 3314 3171 haec

1956 3203 2245 3271 nequeunt
2289 3195 2575 3253 verificari
2624 3197 2786 3268 juxta
2838 3195 3124 3268 principia
3158 3196 3313 3252 Tho-

1956 3278 2196 3345 mistica,
2232 3284 2379 3335 recte
2405 3293 2543 3333 vero
2573 3278 2737 3350 juxta
2775 3276 3128 3349 opinionem,
3186 3292 3312 3349 quae

3389 2542 3431 2582 11
3443 2572 3453 2581 .

3383 2599 3488 2634 nea*-

3392 2641 3454 2681 10.

1956 3360 2135 3423 docet,
2177 3358 2425 3433 gratiam
2452 3373 2572 3413 esse
2598 3356 2876 3414 efficacem
2902 3371 2972 3412 ex
2999 3356 3313 3414 directione
3376 3414 3391 3431 ⁸

1956 3440 2206 3498 scientiae
2228 3438 2450 3506 mediae,
2480 3453 2532 3494 et
2556 3438 2942 3511 dependenter
2964 3438 3034 3494 ab
3057 3439 3160 3493 illa.
3192 3461 3203 3493 ι
3232 3438 3312 3493 sic

1959 3521 2134 3596 igitur
2186 3518 2557 3576 asserendum
2608 3525 2711 3576 est.
2765 3519 3046 3575 Probatur
3093 3520 3304 3583 minor,

1956 3603 2090 3675 quia
2132 3601 2193 3656 in
2242 3601 2543 3674 principiis
2594 3600 2846 3657 scientiae
2906 3598 3107 3655 mediae
3159 3598 3308 3655 nihil

1959 3697 2190 3755 prorsus
2212 3680 2516 3738 adderetur
2536 3680 2737 3754 gratiae
2759 3679 2970 3753 Tyriis,
2987 3685 3042 3734 et
3062 3677 3313 3734 Sidoniis

1957 3761 2467 3828 communicandae,
2519 3763 2632 3818 nisi
2672 3762 3058 3818 extrinsecum
3094 3775 3309 3816 conno-

1959 3849 2139 3901 tatum
2165 3843 2535 3916 praescientiae
2564 3842 2743 3898 futuri
2770 3858 3075 3898 consensus
3103 3839 3310 3895 funda-

1959 3931 2030 3981 tae
2060 3926 2120 3980 in
2148 3922 2481 3980 eorumdem
2508 3923 2882 3979 conversione
2932 3919 3312 3977 conditionate

1961 4006 2146 4077 reipsa
2193 4004 2432 4060 futura:
2499 4001 2650 4059 unde
2690 4002 2897 4058 merito
2942 4001 3310 4071 increpantur

1956 4084 2153 4152 Judaei,
2209 4083 2359 4156 quod
2405 4100 2534 4140 cum
2575 4082 2773 4140 eadem
2819 4081 3002 4156 gratia
3052 4077 3308 4137 conversi

1958 4182 2077 4222 non
2122 4166 2256 4221 sint.
2305 4168 2369 4221 In
2396 4164 2668 4237 opinione
2695 4179 2831 4220 vero
2883 4161 3309 4217 Thomistarum

1959 4244 2175 4317 aliquid
2202 4244 2598 4312 intrinsecum,
2625 4249 2681 4300 et
2701 4242 3081 4298 necessarium
3106 4238 3314 4295 adden-

1957 4324 2105 4381 dunt
2124 4330 2249 4381 erat
2285 4326 2483 4400 gratiae
2528 4325 2858 4399 Tyriorum,
2901 4320 3050 4394 quod
3070 4320 3140 4378 de
3168 4320 3315 4377 facto

1957 4403 2168 4461 Judaeis
2187 4404 2669 4461 communicatum
2695 4421 2810 4461 non
2834 4405 3051 4469 fuerat3
3082 4416 3315 4474 quamo-

1960 4483 2122 4541 brem
2160 4486 2368 4541 merito
2406 4482 2585 4540 Judaei
2617 4484 2897 4557 praedictae
2933 4479 3314 4553 increpationi

1961 4564 2394 4636 responderent,
2443 4579 2504 4621 se
2548 4563 2676 4621 ideo
2704 4581 2821 4622 non
2859 4568 3234 4626 convertere,'
3261 4564 3317 4617 et

1958 4644 2163 4718 Tyrios
2200 4643 2629 4711 convertendos,
2660 4644 2795 4716 quia
2823 4658 2938 4700 non
2966 4639 3316 4698 vocabantur

1959 4730 2115 4783 tanta
2135 4726 2338 4801 gratia,
2356 4731 2568 4797 quanta
2588 4731 2930 4782 vocarentur
2950 4723 3135 4798 Tyrii:
3153 4726 3210 4777 et
3235 4722 3315 4779 ita

1956 4820 2130 4872 cassa,
2156 4812 2212 4863 et
2242 4807 2450 4882 injusta
2486 4804 2819 4863 redderetur
2863 4803 3075 4861 Christi
3122 4803 3313 4860 incre-

1960 4888 2130 4958 pati0,
2161 4885 2310 4960 quod
2340 4884 2536 4959 nequit
2559 4886 2807 4943 admitti.

2034 4968 2428 5042 Respondetur
2480 4968 2740 5042 negando
2789 4968 3080 5024 minorem
3130 4965 3314 5040 quoad
3330 4980 3519 5029 Respon-

1959 5053 2260 5123 utramque
2280 5054 2520 5121 partem.
2543 5050 2824 5113 Quoniam
2844 5050 3008 5123 juxta
3030 5046 3315 5121 principia

3066 5127 3320 5184 scientiae

3377 5028 3456 5070 sio.
