3647 5753
518 471 592 526 50
1522 465 1615 520 DE
1655 462 1928 519 GRATIA
1967 462 2312 517 EFFICACI.

516 633 688 691 homo
726 633 933 691 habeat
980 639 1310 707 potestatem
1342 650 1445 708 pro
1492 633 1756 690 libertate
1786 648 1883 690 re-

514 714 782 785 quisitam
808 715 871 771 in
898 731 965 773 eo
991 722 1159 783 statu,
1192 717 1254 772 in
1279 732 1390 789 quo
1415 721 1499 773 est
1526 721 1651 772 actu
1683 715 1833 770 nihil
1864 738 1880 782 ;

472 836 476 841 ·
514 799 570 851 et
588 793 734 866 quod
762 811 879 852 non
907 794 1114 854 habeat
1155 798 1319 854 illam
1364 800 1696 869 potestatem
1725 796 1788 851 in
1815 809 1883 852 eo

514 879 683 941 statu,
718 874 781 931 in
801 891 913 949 quo
939 883 1026 933 est
1053 877 1270 951 aliquid
1297 901 1311 945 ;
1367 893 1496 933 cum
1525 874 1717 934 omnis
1747 890 1884 932 vera

508 961 781 1029 potestaS,
821 958 967 1014 sicut
991 964 1047 1015 et
1072 958 1366 1032 quodlibet
1391 957 1548 1015 aliud
1602 955 1883 1031 praedica-

518 1043 641 1090 tum
670 1037 824 1093 reale
854 1036 1129 1094 fundetur
1175 1039 1239 1094 in
1278 1038 1515 1095 entitate
1544 1059 1557 1093 ε
1584 1037 1684 1095 sed
1710 1038 1884 1094 homo

519 1117 582 1173 in
602 1123 750 1174 statu
774 1118 1036 1177 absoluto
1056 1126 1140 1177 est
1161 1121 1398 1195 aliquid,
1427 1128 1489 1176 ut
1507 1137 1577 1178 ex
1598 1136 1658 1177 se
1682 1120 1880 1192 liquet3

517 1200 574 1252 et
599 1195 663 1251 in
693 1202 841 1254 statu
888 1198 1279 1258 conditionato
1304 1206 1387 1257 est
1415 1206 1540 1258 actu
1573 1199 1724 1256 nihil
1756 1223 1770 1266 ;
1799 1198 1884 1255 si·-

517 1273 749 1347 quidem
771 1277 1021 1337 conditio
1043 1280 1192 1336 nihil
1217 1282 1378 1353 ponit
1399 1280 1462 1336 in
1483 1295 1606 1337 esse
1635 1299 1648 1335 :
1675 1294 1811 1353 ergo
1833 1278 1883 1334 si

518 1356 804 1423 voluntaS,
830 1358 1059 1431 quando
1085 1362 1252 1417 estin
1279 1366 1428 1418 statu
1460 1360 1738 1426 absolutO,
1766 1375 1884 1416 non

519 1442 699 1511 potest
725 1440 955 1498 auferre
986 1442 1464 1515 impedimentum
1487 1442 1737 1500 scientiae
1757 1458 1885 1498 me·-

516 1517 646 1588 diae,
706 1522 891 1578 multo
933 1522 1331 1596 minuspotest
1376 1523 1522 1579 illud
1565 1521 1794 1579 auferre
1820 1522 1885 1579 in

516 1602 666 1654 statu
695 1600 1102 1660 conditionato.
1144 1606 1292 1659 Tum
1320 1603 1581 1677 denique,
1610 1602 1884 1676 quoniam

520 1685 583 1734 ut
609 1682 877 1738 voluntas
904 1684 1081 1761 possit
1124 1682 1382 1741 absolute
1410 1699 1621 1758 ponere
1660 1683 1887 1740 dissen-

519 1776 669 1829 sum,
722 1766 1041 1836 requiritur
1079 1765 1230 1839 quod
1278 1767 1454 1839 possit
1498 1764 1753 1822 absolute
1780 1781 1886 1821 au-

521 1840 676 1898 ferre
746 1843 1232 1916 impedimentum
1296 1845 1602 1911 dissensus,
1679 1860 1888 1918 nempe

520 1922 822 1980 scientiam
851 1926 1103 1985 mediam
1127 1927 1197 1985 de
1226 1927 1419 1985 futuro
1438 1943 1715 1985 consensu
1745 1948 1757 1982 ε
1787 1925 1886 1983 sed

520 2004 855 2078 hujusmodi
903 2015 1234 2083 potestatem
1276 2027 1393 2067 non
1441 2010 1608 2068 habet
1636 2010 1699 2067 in
1734 2015 1884 2066 statu

519 2084 908 2146 conditionate
941 2112 953 2146 :
979 2107 1115 2165 ergo
1144 2108 1258 2148 non
1284 2097 1462 2164 potest
1489 2091 1743 2149 absolute
1764 2089 1887 2145 dis-

518 2167 753 2226 sentire,
802 2171 1086 2229 Probatur
1147 2174 1342 2232 minor
1373 2196 1387 2238 ;
1458 2190 1595 2230 nam
1644 2177 1887 2246 potestas

519 2250 870 2307 conveniens
893 2254 1176 2311 voluntati
1207 2254 1270 2309 in
1297 2260 1444 2310 statu
1472 2253 1881 2319 conditionate,

519 2341 637 2383 non
665 2335 750 2386 est
778 2338 1039 2404 potestas,
1090 2352 1200 2407 qua
1228 2335 1403 2406 possit
1433 2358 1447 2401 ;
1478 2333 1576 2392 sed
1618 2339 1882 2406 potestas,

516 2422 626 2478 qua
658 2418 840 2481 posset
865 2438 877 2479 ;
901 2415 1185 2487 siquidem
1222 2422 1375 2472 actus
1401 2415 1575 2472 statui
1621 2413 1888 2486 praedicto

516 2490 970 2561 correspondens
997 2510 1113 2550 non
1142 2500 1227 2551 est
1248 2500 1402 2552 actus
1423 2495 1523 2567 qui
1550 2494 1643 2557 sit,
1669 2493 1764 2549 vel
1786 2493 1886 2564 qui

516 2571 619 2633 est,
676 2568 774 2625 Sed
816 2573 915 2644 qui
960 2580 1106 2632 esset
1136 2599 1150 2643 ;
1208 2576 1358 2631 nihil
1405 2576 1566 2631 enim
1617 2573 1889 2630 convenit

504 2648 784 2721 praedicto
826 2656 1017 2721 statui,
1063 2655 1212 2728 quod
1247 2671 1383 2712 vere
1408 2655 1501 2721 sit,
1532 2655 1630 2712 sed
1660 2660 1886 2712 tantum

515 2727 667 2799 quod
688 2737 833 2787 esset
863 2736 1041 2806 posita
1064 2735 1412 2793 conditione.

593 2808 678 2864 Ad
700 2809 835 2880 haec,
864 2818 999 2870 tunc
1025 2813 1234 2872 debent
1259 2815 1453 2872 adesse
1482 2813 1767 2889 principia
1791 2831 1886 2872 re-

516 2891 729 2964 quisita
753 2893 823 2949 ad
848 2895 1194 2963 libertatem,
1219 2896 1448 2970 quando
1472 2896 1706 2955 libertas
1725 2914 1887 2955 exer-

515 2976 711 3027 cetur:
757 2973 854 3030 sed
898 2976 1134 3035 libertas
1166 2993 1280 3035 non
1320 2983 1617 3034 exercetur
1645 2978 1707 3034 in
1735 2983 1885 3035 statu

515 3050 922 3122 conditionato,
954 3057 1051 3115 sed
1078 3061 1139 3115 in
1160 3065 1308 3116 statu
1331 3058 1591 3116 absoluto
1618 3080 1631 3115 ι
1661 3075 1797 3133 ergo
1822 3059 1885 3115 in

515 3135 663 3187 statu
708 3133 965 3194 absoluto
992 3139 1200 3196 debent
1249 3138 1444 3196 adesse
1472 3139 1759 3212 principia
1788 3155 1884 3196 re·-

516 3213 726 3284 quisita
754 3217 822 3272 ad
847 3218 1190 3278 libertatem.
1223 3221 1405 3294 MaJ'or
1433 3226 1519 3277 est
1546 3227 1717 3286 certa,
1749 3237 1887 3294 quo·

517 3295 679 3351 niam
709 3298 942 3358 libertas
990 3303 1253 3360 formalis
1284 3309 1509 3376 reperta
1554 3304 1617 3359 in
1646 3311 1769 3360 actu
1798 3311 1884 3359 est

518 3384 802 3448 respectus
872 3383 1388 3441 transcendentalis
1454 3383 1524 3439 ad
1598 3384 1886 3457 principia

516 3456 769 3527 praedicti
795 3467 949 3518 actus
977 3480 1150 3538 :ergo
1174 3467 1261 3522 vel
1288 3471 1442 3522 actus
1466 3479 1582 3520 non
1603 3469 1687 3520 est
1712 3463 1880 3527 liber,

404 3613 408 3617 Δ
515 3537 608 3593 vel
635 3543 769 3596 tunc
813 3541 1020 3598 adsunt
1072 3545 1360 3618 principia
1407 3545 1679 3616 requisita
1708 3542 1777 3599 ad
1807 3544 1885 3599 li-

516 3615 814 3678 bertatem.
866 3625 1060 3680 Minor
1101 3626 1275 3682 etiam
1315 3631 1551 3690 constat,
1590 3624 1727 3697 quia
1752 3627 1887 3680 tunc

512 3707 839 3758 excercetur
880 3703 1137 3772 libertas,
1170 3704 1402 3778 quando
1431 3705 1696 3761 voluntas
1724 3703 1841 3777 agit
1867 3725 1881 3759 ε

511 3778 609 3836 sed
631 3782 898 3840 voluntas
921 3801 1037 3843 non
1062 3787 1176 3860 agit
1200 3789 1261 3842 in
1284 3791 1432 3843 statu
1460 3785 1883 3843 conditionato:

513 3863 634 3914 tum
674 3863 809 3933 quia
855 3863 934 3920 ibi
966 3881 1084 3923 non
1131 3871 1574 3937 repraesentatur
1612 3865 1884 3920 voluntas

509 3954 636 4010 quae
656 3941 748 4008 sit,
780 3942 878 3999 sed
905 3959 1029 4016 quae
1056 3952 1200 4001 esset
1225 3967 1237 4002 :
1272 3952 1395 4001 tum
1443 3945 1580 4017 quia
1607 3959 1678 3999 ex
1704 3958 1886 4016 oppo-

508 4018 618 4074 sito
638 4018 818 4088 fieret,
851 4023 1000 4094 quod
1026 4030 1160 4081 tunc
1188 4031 1531 4089 mereretur,
1559 4025 1651 4080 vel
1680 4022 1881 4080 demea

513 4105 753 4166 reretur,
784 4102 928 4174 quod
953 4110 1037 4161 est
1065 4104 1381 4161 absurdum
1417 4125 1430 4160 ε
1459 4120 1596 4178 ergo
1639 4102 1882 4160 libertas

510 4197 629 4237 non
649 4190 945 4242 exercetur
974 4187 1037 4242 in
1062 4188 1164 4243 illo
1186 4192 1355 4252 statu,
1396 4185 1493 4242 sed
1519 4186 1580 4242 in
1602 4191 1752 4242 statu
1778 4184 1886 4242 ab·

507 4263 714 4320 soluto.
745 4266 1161 4338 Consequentia
1189 4273 1382 4324 autem
1413 4266 1671 4341 legitime
1693 4266 1886 4323 infer-

511 4350 605 4400 tur
650 4361 721 4402 ex
774 4348 1104 4419 praemissiS.
1181 4351 1250 4404 Et
1295 4354 1431 4406 tunc
1473 4350 1626 4405 ultra
1659 4369 1672 4405 :
1729 4349 1887 4405 inter

511 4426 794 4500 principia
819 4431 1091 4502 requisita
1116 4430 1186 4487 ad
1216 4429 1541 4488 libertatem
1568 4446 1887 4488 consensus

512 4515 838 4565 recensetur
869 4518 1111 4586 potestas
1133 4512 1203 4569 ad
1228 4513 1573 4577 dissensum,
1605 4518 1660 4569 et
1684 4512 1754 4569 ad
1787 4530 1888 4570 au-

510 4587 814 4645 ferendum
836 4606 1009 4648 omne
1039 4591 1520 4665 impedimentum
1570 4591 1887 4666 inconjun-

511 4667 689 4744 gibile
714 4688 843 4727 cum
886 4673 1145 4731 dissensu
1175 4696 1188 4730 :
1240 4674 1396 4746 atqui
1423 4673 1663 4730 scientia
1695 4674 1887 4732 media

513 4752 694 4809 futuri
722 4770 1029 4812 consensus
1069 4756 1266 4829 nequit
1304 4755 1572 4829 conjungi
1602 4771 1733 4811 cum
1762 4755 1889 4811 dis-

512 4848 707 4899 sensu,
732 4840 793 4889 ut
819 4851 888 4892 ex
913 4852 974 4894 se
1002 4836 1180 4909 liquet
1210 4841 1301 4893 :et
1341 4837 1615 4892 voluntas
1642 4835 1705 4891 in
1734 4840 1887 4892 statu

516 4912 775 4971 absoluto
802 4931 918 4972 non
942 4922 1120 4989 potest
1160 4917 1391 4974 auferre
1429 4916 1734 4973 scientiam
1759 4931 1891 4973 me-

513 4993 673 5050 diam
696 4992 875 5051 futuri
896 5012 1223 5063 consensus,
1252 4997 1397 5053 alias
1422 4996 1665 5052 scientia
1694 4994 1889 5053 media

515 5089 635 5131 non
689 5073 889 5131 fuisset
934 5075 1265 5133 infallibilis
1313 5075 1383 5133 ab
1429 5082 1647 5133 aeterno
1678 5097 1691 5132 ε
1745 5091 1886 5150 ergo

2011 630 2303 705 supposita
2334 628 2596 702 praedicta
2648 627 2905 695 scientia,
2944 643 3240 701 nunquam
3270 629 3395 685 ad·-

2011 719 2146 770 sunt
2171 710 2368 769 omnia
2406 710 2690 783 principia
2720 709 2992 781 requisita
3019 709 3091 767 ad
3132 708 3396 767 liberta-

2013 798 2151 850 tem.
2181 793 2250 846 Et
2287 797 2696 863 consequenter
2722 790 2799 845 ita
2840 789 3014 856 abest,
3048 796 3108 846 ut
3134 789 3395 847 scientia

2009 872 2204 930 media
2230 872 2556 943 requiratur
2598 869 2667 927 ad
2711 870 3144 943 temperandam
3188 869 3396 927 effica-

2012 953 2160 1009 ciam
2181 953 2399 1027 gratiae,
2434 958 2494 1008 ut
2514 954 2701 1025 potius
2720 952 2908 1026 gratia
2927 952 3135 1008 collata
3154 950 3229 1007 ad
3247 967 3396 1008 con·

2012 1049 2244 1090 sensum
2287 1033 2350 1088 in
2389 1048 2455 1089 ea
2501 1033 2812 1097 occasione,
2858 1032 2920 1089 in
2947 1047 3059 1105 qua
3097 1031 3394 1104 praevisus

2014 1118 2097 1168 est
2115 1127 2423 1169 consensus
2445 1112 2686 1178 futurus,
2726 1110 2984 1167 destruat
3022 1109 3386 1173 libertatem,

2013 1197 2071 1249 et
2090 1196 2418 1265 potestatem
2442 1191 2511 1248 ad
2534 1198 2721 1249 actum
2743 1191 3088 1264 oppositum.

2087 1282 2181 1337 74.
2225 1279 2591 1352 Respondent
2619 1277 2885 1343 secundo,
2911 1276 3060 1350 quod
3083 1282 3146 1333 ut
3172 1278 3392 1335 volun-
3406 1287 3509 1344 Aua,
3522 1295 3604 1330 eva-

2013 1366 2100 1417 tas
2138 1359 2319 1416 libere
2363 1360 2553 1417 eliciat
2598 1375 2958 1423 consensum,
3014 1374 3185 1430 quem
3227 1360 3391 1415 Deus

2017 1456 2117 1513 per
2136 1440 2434 1495 scientiam
2460 1438 2708 1495 mediam
2735 1436 2996 1511 praevidit
3013 1439 3076 1494 in
3099 1437 3201 1493 tali
3223 1453 3391 1493 occa·

2013 1524 2176 1579 sione
2209 1522 2485 1583 futurum,
2531 1521 2752 1577 sufficit·
2775 1519 2923 1595 quod
2948 1520 3122 1593 possit
3162 1535 3391 1592 ponere

2015 1602 2338 1659 dissensum
2354 1608 2414 1657 ut
2433 1600 2895 1676 conjungendum
2917 1616 3048 1658 cum
3070 1600 3393 1673 principiis

2018 1682 2296 1756 proximis
2316 1696 2640 1746 consensuS,
2675 1682 2795 1737 sive
2814 1698 2946 1738 cum
2975 1681 3293 1745 voluntate,
3323 1687 3392 1737 et

2016 1761 2285 1819 omnibus
2311 1778 2435 1835 quae
2455 1767 2590 1817 sunt
2613 1762 2923 1818 intrinsece
2950 1761 3012 1817 in
3037 1763 3340 1819 voluntate
3368 1782 3385 1815 :

2015 1847 2070 1899 et
2088 1841 2237 1915 quod
2262 1858 2377 1899 non
2403 1842 2735 1915 requiritur,
2766 1847 2826 1898 ut
2850 1843 3022 1914 possit
3048 1841 3390 1898 dissensum

2016 1923 2362 1996 conjungere
2393 1939 2521 1978 cum
2545 1923 2990 1979 circumstantiis
3014 1922 3387 1979 extrinsecis,

2016 2005 2195 2058 Deum
2225 2010 2414 2059 autem
2447 2003 2775 2074 praevidisse
2810 2019 2910 2076 per
2936 2003 3232 2059 scientiam
3262 2018 3392 2059 me·

2016 2082 2171 2139 diam
2217 2100 2556 2139 consensum
2600 2086 2658 2140 in
2688 2084 2789 2139 tali
2829 2089 3037 2140 eventu
3093 2083 3384 2146 futurum,

2016 2172 2101 2221 est
2138 2165 2566 2222 circumstantia
2613 2166 2934 2223 extrinseca
2964 2171 3216 2239 respectu
3257 2164 3392 2220 dis-

2016 2262 2255 2312 sensus;
2296 2247 2582 2319 siquidem
2626 2248 2776 2303 nihil
2805 2247 3183 2304 intrinsecum
3213 2248 3391 2319 ponit

2018 2329 2080 2384 in
2121 2330 2433 2385 voluntate.
2483 2328 2645 2385 Unde
2672 2346 2740 2386 ex
2767 2346 2853 2395 eo,
2898 2328 3045 2402 quod
3085 2327 3388 2400 supposita

2016 2410 2253 2466 scientia
2280 2409 2488 2476 media,
2543 2417 2782 2483 nequeat
2808 2411 2899 2466 vel
2927 2410 3091 2466 illam
3130 2408 3385 2471 auferre,

2019 2491 2109 2546 vel
2128 2489 2449 2545 dissensum
2467 2507 2594 2546 curu
2619 2492 2721 2546 illa
2743 2491 3106 2563 conjungere,
3136 2488 3393 2544 minime

2016 2572 2292 2642 sequitur,
2318 2570 2467 2643 quod
2496 2587 2612 2627 non
2643 2571 2815 2643 possit
2843 2570 3097 2626 absolute
3117 2573 3172 2627 et
3200 2567 3397 2624 libere

2017 2649 2324 2708 dissentire
2355 2676 2367 2717 3
2419 2667 2555 2708 nam
2598 2650 2780 2707 adhuc
2810 2657 2990 2724 potest
3019 2665 3231 2723 ponere
3257 2648 3391 2704 dis-

2016 2747 2249 2787 sensum
2272 2731 2586 2788 secundum
2609 2747 2668 2787 se
2686 2737 2744 2786 ut
2765 2730 3225 2806 conjungendum
3247 2745 3388 2785 cum

2020 2814 2329 2876 voluntate,
2376 2820 2431 2869 et
2456 2829 2585 2868 cum
2614 2813 2884 2868 omnibus
2913 2812 3214 2887 principiis
3244 2827 3393 2885 pro-

2016 2895 2207 2958 ximis,
2233 2901 2288 2951 et
2310 2896 2657 2962 intrinsecis,
2684 2911 2808 2967 quae
2828 2912 2889 2953 se
2912 2900 3106 2952 tenent
3126 2911 3194 2950 ex
3218 2900 3391 2966 parte

2017 2975 2200 3031 illius.

3473 1346 3549 1379 §ML

2091 3055 2198 3112 Sed
2228 3073 2410 3128 neque
2432 3057 2542 3113 ista
2572 3056 2868 3129 responsio
2893 3056 3187 3121 satisfacit,
3217 3061 3272 3111 et
3297 3070 3390 3112 re-
3416 3071 3628 3115 conmu—¹

2018 3137 2238 3194 fellitur
2276 3135 2491 3195 eisdem
2520 3138 2639 3194 fere
2686 3139 3061 3212 argumentis,
3093 3153 3216 3210 quae
3261 3135 3391 3191 Ad-

2017 3219 2262 3276 versarii
2330 3219 2585 3275 formant
2647 3226 2845 3276 contra
2899 3217 3392 3291 praedefinitiones

2016 3299 2321 3365 absolutas,
2348 3306 2403 3355 et
2426 3301 2643 3355 auxilia
2669 3315 2741 3355 ex
2766 3316 2825 3356 se
2852 3300 3112 3357 efficacia.
3163 3299 3389 3363 Primo,

2015 3382 2150 3453 quia
2177 3382 2226 3436 si
2254 3382 2523 3437 voluntas
2546 3381 2605 3436 in
2629 3397 2760 3436 casu
2792 3381 3116 3455 argumenti
3147 3387 3394 3452 poneret

2017 3460 2361 3526 dissensum,
2394 3461 2761 3534 conjungeret
2790 3462 2958 3517 illurn
2987 3477 3116 3518 cum
3146 3459 3392 3516 scientia

2021 3541 2218 3598 media
2242 3542 2423 3597 futuri
2454 3556 2781 3608 consensus,
2836 3547 2892 3598 et
2919 3542 3082 3598 illam
3113 3540 3393 3597 falsifica-

2019 3629 2144 3681 ret:
2193 3639 2328 3698 ergo
2368 3625 2418 3679 si
2460 3629 2645 3682 stante
2673 3626 2779 3680 illa
2807 3624 3161 3696 praescientia
3208 3626 3397 3695 potest

2019 3719 2233 3775 ponere
2248 3704 2589 3771 dissensum,
2623 3710 2800 3777 potest
2815 3703 3114 3760 scientiam
3133 3700 3391 3758 mediam

2019 3785 2328 3843 falsificare
2347 3810 2362 3853 ;
2383 3787 2474 3843 vel
2503 3787 2549 3841 si
2580 3787 2684 3842 hoc
2705 3786 3015 3842 secundum
3043 3801 3158 3843 non
3183 3789 3388 3857 potest,

2019 3883 2120 3924 nec
2162 3869 2314 3923 valet
2356 3867 2631 3940 primum.
2685 3869 2844 3924 Patet
2887 3865 3291 3941 consequentia
3318 3881 3394 3921 ex

2018 3949 2309 4020 principio
2336 3948 2483 4021 apud
2514 3948 2890 4006 Adversarios
2916 3948 3162 4005 solemni
3190 3972 3204 4013 ;
3249 3962 3393 4003 nam

2016 4028 2165 4103 quod
2196 4029 2329 4085 facit
2373 4035 2527 4085 actus
2555 4036 2698 4095 actu,
2747 4030 2875 4086 facit
2920 4030 3172 4101 potentia
3204 4027 3393 4102 possi-

2019 4109 2234 4167 biliter.
2285 4109 2443 4173 Quod
2474 4110 2826 4182 principium
2854 4109 3166 4182 saepissime
3195 4109 3392 4164 incul-

2018 4197 2168 4256 cant,
2204 4197 2262 4246 ut
2285 4190 2524 4262 probent
2544 4192 2797 4264 gratiam
2821 4207 2936 4247 non
2958 4206 3080 4247 esse
3106 4189 3394 4247 efficacem

2018 4286 2089 4327 ex
2114 4286 2174 4326 se
2205 4294 2219 4336 ;
2255 4270 2390 4342 quia
2417 4270 2681 4328 videlicet
2710 4272 2891 4344 posita
2917 4269 3173 4344 qualibet
3198 4271 3398 4345 gratia

2020 4351 2304 4416 interiori,
2340 4356 2519 4423 potest
2547 4351 2729 4407 adhuc
2756 4351 2929 4408 homo
2955 4351 3264 4409 dissentire
3288 4375 3303 4418 ;
3336 4358 3396 4408 et

2017 4432 2068 4486 si
2094 4430 2714 4496 dissentiret,redderet
2739 4432 2988 4506 gratiam
3020 4430 3391 4489 inefficacem.

2018 4511 2286 4577 Secundo,
2316 4512 2449 4583 quia
2472 4513 2763 4583 supposita
2784 4512 3024 4569 scientia
3049 4511 3239 4569 media
3259 4528 3397 4569 con-

2017 4606 2216 4648 sensus
2266 4591 2330 4646 in
2372 4591 2473 4648 tali
2527 4592 2817 4648 occasione
2867 4592 3048 4648 futuri
3095 4590 3398 4648 dissensus

2019 4676 2104 4728 est
2125 4670 2379 4726 absolute
2406 4670 2469 4725 in
2491 4671 2590 4727 tali
2620 4672 2911 4728 occasione
2958 4670 3340 4744 impossibilis
3378 4694 3393 4728 ε

2022 4768 2160 4826 ergo
2207 4752 2491 4816 voluntas,
2537 4753 2827 4825 supposita
2855 4753 2960 4810 illa
3008 4754 3393 4826 praescientia,

2022 4851 2140 4892 non
2171 4835 2401 4908 respicit
2444 4834 2770 4891 dissensum
2803 4841 2863 4893 ut
2907 4836 3163 4893 absolute
3209 4838 3396 4909 possi·-

2024 4914 2220 4981 bilem,
2242 4931 2303 4971 ac
2321 4914 2561 4988 proinde
2579 4916 2777 4987 nequit
2792 4914 3049 4974 absolute
3062 4916 3397 4975 dissentire.

2026 4996 2310 5054 Probatur
2337 4996 2674 5055 antecedens
2696 5014 2767 5055 ex
2789 4999 2904 5055 alio
2926 4998 3212 5072 principio
3238 4999 3397 5072 apud

2024 5076 2400 5134 Adversarios
2465 5078 2872 5151 receptissimo,
2941 5080 3076 5152 quia
3122 5078 3271 5135 illud
3308 5086 3401 5137 est

3133 5157 3402 5216 absolute

3459 3127 3543 3163 tur.
3627 3167 3628 3188 Χ
