3647 5753
1435 462 1619 522 DISP.
1659 463 1758 532 111,
1798 463 1968 524 DUB.
2009 465 2081 525 V.
3034 472 3147 529 619

282 640 378 692 tur
401 636 578 693 etiam
605 635 720 692 alia
744 633 1098 708 disparitatis
1117 634 1286 701 ratio,
1308 650 1481 707 quam
1509 635 1650 691 assi·

277 718 590 792 gnavimus
613 724 782 772 tract.
813 716 876 771 de
897 718 1106 773 visione
1126 716 1251 785 Dei,
1270 717 1412 790 disp.
1431 718 1487 782 4,
1518 716 1646 773 dub.

279 799 336 866 2,
360 816 517 855 num.
558 799 637 856 19.

358 882 442 936 Ex
464 880 538 936 iis
565 886 718 953 patet
738 879 809 936 ad
835 878 1374 946 confirmationem;
1405 894 1541 936 nam
1569 878 1654 933 lu-

284 975 419 1017 men
439 960 637 1034 gloriae
659 976 776 1018 non
799 959 971 1017 habet
993 959 1278 1016 rationem
1302 959 1524 1024 formas,
1551 956 1651 1014 sed

279 1045 367 1098 est
417 1041 733 1113 proprietas
760 1042 959 1116 gratiae
984 1046 1413 1105 consummatae,
1458 1043 1521 1094 ut
1546 1053 1649 1095 ex-

284 1121 594 1193 plicuimus
638 1128 798 1176 tract.
854 1122 1074 1194 praeced.
1128 1120 1273 1193 disp.
1302 1122 1358 1185 4,
1418 1118 1544 1174 dub.
1588 1120 1644 1184 6,

280 1220 436 1259 num.
478 1204 600 1269 1073
634 1203 782 1260 unde
810 1218 927 1260 non
973 1202 1111 1276 petit
1153 1200 1313 1257 uniri
1360 1198 1650 1257 mediante

282 1281 674 1354 dispositione,
701 1282 796 1340 sed
825 1283 1060 1352 resultat
1083 1297 1153 1339 ex
1173 1280 1379 1355 gratia,
1409 1278 1504 1335 ubi
1528 1279 1649 1336 haec

279 1364 650 1436 consequitur
696 1366 1002 1437 specialem
1070 1362 1308 1420 modum
1344 1361 1646 1436 proprium

277 1444 499 1517 gratim,
534 1450 595 1500 ut
620 1461 687 1502 eo
716 1446 837 1502 loco
871 1444 1262 1517 exposuimus.
1315 1442 1646 1499 Praesertim

204 1522 208 1527 ’
282 1524 433 1597 quod
462 1527 662 1582 lumen
689 1527 891 1600 gloriae
917 1524 1088 1582 habet
1117 1525 1403 1583 rationem
1450 1522 1646 1595 dispo-

279 1604 512 1661 sitionis
533 1605 604 1663 ad
635 1608 911 1665 unionem
934 1623 1062 1662 cum
1086 1605 1289 1662 divina
1315 1603 1562 1662 essentia
1581 1603 1646 1659 in

284 1687 510 1745 ratione
535 1687 738 1747 formae
760 1687 1152 1763 intelligibilis
1184 1711 1198 1754 ;
1223 1685 1523 1758 dispositio
1551 1702 1647 1741 au-

282 1775 397 1827 tem
427 1786 545 1828 non
567 1772 707 1844 petit
738 1772 898 1828 uniri
920 1770 1215 1829 mediante
1256 1771 1373 1828 alia
1399 1768 1648 1841 disposi-

279 1851 460 1907 tione.
491 1853 626 1914 Quae
652 1852 852 1909 omnia
880 1852 1052 1909 aliter
1080 1868 1141 1909 se
1169 1851 1383 1910 habent
1423 1850 1483 1905 in
1509 1864 1645 1923 gra-

278 1933 360 1988 tia
384 1956 400 1999 3
453 1933 569 1990 haec
608 1934 819 2007 quippe
873 1933 1172 2007 dispositio
1219 1950 1337 1991 non
1387 1937 1489 2001 est,
1546 1931 1645 1988 sed

279 2013 472 2070 forma
501 2013 934 2087 perfectissima,
965 2032 1094 2089 quae
1124 2014 1187 2071 in
1213 2011 1642 2087 supernaturali

278 2094 483 2153 ordine
511 2097 898 2170 aequiparatur
922 2104 1145 2155 naturae
1185 2095 1550 2153 substantiali
1579 2094 1643 2150 in

281 2176 486 2233 ordine
515 2178 765 2234 naturali
801 2200 814 2234 z
844 2180 1106 2252 quocirca
1153 2177 1352 2236 eodem
1400 2191 1643 2250 propor-

285 2259 488 2317 tionali
513 2258 681 2316 modo
708 2259 1116 2335 dispositiones
1142 2259 1412 2333 exposcit.

53 2353 269 2403 Quartum
369 2340 487 2396 120.
535 2341 809 2414 Arguitur
835 2347 1057 2415 quarto,
1088 2342 1224 2414 quia
1246 2340 1444 2413 nequit
1466 2339 1642 2396 intel-

52 2411 266 2496 ngffi„
287 2421 408 2495 ligi,
441 2421 688 2494 qualiter
735 2427 886 2477 actus
929 2422 1293 2495 procedentes
1341 2421 1571 2495 physice
1609 2437 1643 2478 a

281 2502 472 2576 gratia
518 2500 588 2557 ad
627 2499 880 2574 ejusdem
916 2503 1113 2578 gratia}
1154 2500 1640 2558 introductionem

286 2584 517 2659 physice
557 2582 907 2656 disponant:
949 2584 1048 2641 sed
1113 2589 1268 2641 actus
1315 2584 1522 2641 ultimo
1569 2581 1641 2640 ad

279 2663 745 2739 justificationem
760 2670 1160 2736 praeparantes,
1180 2663 1490 2737 procedunt
1503 2664 1642 2738 phy·

278 2747 396 2803 sice
423 2761 455 2802 a
481 2745 683 2819 gratia,
718 2751 779 2800 ut
805 2745 1059 2802 diximus
1080 2744 1252 2801 dubio
1275 2744 1637 2818 praecedenti:

275 2842 417 2903 ergo
447 2831 737 2899 nequeunt
764 2826 834 2883 ad
860 2826 1101 2885 eandem
1132 2827 1380 2902 gratiam
1411 2826 1640 2900 physice

276 2908 585 2981 disponere
629 2927 642 2963 ε
685 2924 820 2983 ergo
868 2910 1057 2966 solum
1104 2907 1418 2980 disponunt
1445 2923 1641 2964 mora-

279 2989 437 3045 liter.

354 3067 744 3126 Confirmatur
773 3090 784 3125 :
811 3085 946 3125 nam
971 3070 1067 3143 qui
1093 3067 1353 3142 producit
1374 3067 1638 3124 ultimam

274 3148 710 3222 dispositionem
745 3150 1040 3224 physicam
1078 3150 1149 3206 ad
1186 3150 1451 3214 formam,
1503 3165 1640 3221 pro-

274 3231 431 3287 ducit
483 3232 667 3305 ipsam
715 3231 997 3298 formam3
1035 3231 1320 3304 siquidem
1370 3230 1641 3304 praedicta

275 3311 592 3385 dispositiO,
619 3319 675 3369 et
705 3314 893 3370 forma
925 3312 1243 3369 necessario
1286 3319 1640 3368 connectun-

275 3397 371 3449 tur
401 3415 413 3449 :
437 3393 535 3449 sed
551 3395 720 3451 homo
750 3392 1009 3467 producit
1036 3397 1190 3449 actus
1213 3393 1418 3450 ultimo
1444 3392 1640 3466 dispo-

280 3480 479 3532 nentes
503 3475 570 3533 ad
592 3476 840 3550 gratiam
867 3499 880 3543 3
904 3481 960 3532 et
985 3475 1371 3533 nihilominus
1390 3477 1637 3550 gratiam

281 3572 399 3612 non
425 3555 684 3629 producit
713 3578 725 3612 :
754 3572 889 3630 ergo
915 3559 1147 3631 signum
1175 3562 1279 3624 est,
1312 3557 1462 3630 quod
1492 3575 1640 3632 prae-

280 3635 417 3693 dicti
447 3643 599 3693 actus
623 3654 739 3694 non
784 3645 921 3695 sunt
957 3639 1359 3711 dispositiones
1393 3640 1640 3714 physicae

280 3717 351 3774 ad
370 3719 642 3792 gratiam,
674 3717 770 3774 sed
801 3725 1023 3775 tantum
1052 3721 1318 3777 morales,

45 3812 251 3865 Respon-
353 3797 440 3854 Ad
464 3805 868 3872 argumentum
898 3800 1289 3872 respondetur,
1318 3801 1515 3857 minus
1543 3801 1638 3857 in-

107 3866 196 3900 ⁸¹⁰'
279 3875 584 3951 telligibile
610 3892 750 3943 esse,
790 3880 1037 3950 qualiter
1074 3886 1228 3936 actus
1275 3882 1639 3953 procedentes

278 3977 312 4016 a
337 3959 521 4034 gratia
547 3959 854 4032 disponant
871 3960 939 4016 ad
962 3978 1087 4017 eam
1113 3963 1411 4019 moraliter
1427 3987 1440 4030 3
1464 3962 1639 4036 siqui·

273 4041 408 4099 dem
457 4046 747 4114 nequeunt
780 4057 906 4098 eam
950 4045 1184 4112 mereri,
1217 4061 1320 4101 nec
1346 4061 1473 4101 cum
1504 4060 1638 4116 pro-

277 4122 520 4195 prietate
590 4121 904 4193 impetrare
968 4143 981 4179 :
1031 4124 1182 4180 unde
1234 4130 1637 4199 argumentum

277 4203 499 4278 probat,
548 4203 845 4276 praedictos
893 4210 1046 4261 actus
1077 4222 1193 4263 non
1220 4223 1342 4263 esse
1389 4206 1638 4279 disposi-

275 4285 461 4340 tiones
491 4285 759 4341 morales.
793 4286 1051 4349 Qualiter
1097 4292 1287 4343 autem
1333 4286 1638 4360 disponere

275 4364 496 4437 possint
552 4364 800 4438 physice,
853 4365 1006 4422 haud
1046 4366 1350 4423 obscurum
1387 4373 1488 4433 est,
1540 4365 1639 4425 sed

277 4444 445 4500 facile
491 4444 811 4515 explicatur
855 4446 1120 4519 exemplo
1149 4448 1488 4503 ultimarum
1517 4446 1639 4502 dis-

279 4524 630 4597 positionum
656 4526 1031 4594 naturalium,
1066 4533 1125 4582 ut
1155 4532 1267 4584 toto
1293 4527 1467 4585 dubio
1491 4543 1639 4601 prae-

275 4606 497 4664 cedenti
526 4606 932 4677 explicuimus.

353 4685 438 4741 Ad
484 4685 984 4744 confirmationem
1026 4694 1243 4746 constat
1292 4706 1362 4746 ex
1422 4688 1638 4746 ibidem

276 4767 442 4824 dictis
463 4785 615 4822 num.
678 4769 795 4835 100,
844 4768 992 4840 quod
1022 4771 1278 4826 maxima
1309 4770 1412 4826 illa
1442 4769 1640 4826 verifi-

273 4853 457 4911 catur,
489 4846 716 4919 quando
757 4848 948 4905 forma
997 4850 1233 4906 resultat
1260 4849 1535 4915 effective,
1587 4856 1641 4906 et

279 4926 516 5002 physice
545 4926 615 4983 ab
654 4929 860 4983 ultima
888 4927 1263 5001 dispositione
1294 4953 1307 4997 ;
1338 4945 1495 4984 secus
1538 4945 1642 4984 au-

278 5017 394 5066 tem
423 5006 654 5082 quando
694 5025 725 5065 e
765 5026 1043 5068 converso
1084 5010 1269 5067 forma
1295 5016 1379 5068 est
1422 5010 1642 5083 princi-

280 5090 444 5164 pium
494 5088 797 5164 physicum
830 5090 1158 5148 effectivum
1198 5089 1593 5165 dispositionis
1626 5113 1639 5147 z

1781 638 1920 693 tunc
1943 636 2152 711 quippe
2179 636 2495 713 subjectum
2525 653 2642 696 non
2668 637 2835 695 efficit
2863 639 3139 705 formam,

1781 714 1882 772 sed
1911 733 2011 790 per
2040 719 2291 776 formam
2315 720 2687 777 constitutum
2707 719 2875 776 efficit
2894 719 3144 794 disposi-

1783 798 2038 857 tionem:
2066 801 2220 859 etita
2242 802 2443 860 accidit
2469 802 2532 858 in
2568 804 2856 874 praesenti,
2901 803 3141 861 accidit-

1781 895 1890 951 que
1930 881 2500 954 proportionabiliter
2551 884 2616 939 in
2666 882 3140 957 dispositionibus

1782 961 2007 1018 ultimis
2033 963 2105 1020 ad
2133 963 2381 1022 formam
2408 963 2867 1022 substantialem.

1863 1043 1986 1099 121.
2029 1044 2306 1119 Arguitur
2345 1044 2580 1117 quint0;
2624 1061 2762 1102 narn
2815 1044 3133 1117 dispositio,
3151 1044 3350 1098 Quintum

1779 1137 1905 1195 quae
1927 1123 2157 1197 physice
2177 1123 2445 1190 deservit,
2477 1129 2531 1182 et
2561 1125 2878 1198 requiritur
2905 1124 2975 1180 ad
3016 1125 3139 1182 for·
3153 1106 3353 1189 mssffiin‘n.

1779 1217 1889 1257 mae
1910 1201 2414 1272 introductionem,
2440 1204 2689 1262 deservit
2714 1206 2911 1271 etiam,
2961 1210 3016 1261 et
3045 1221 3139 1262 re-

1778 1283 2031 1356 quiritur
2078 1283 2148 1341 ad
2177 1286 2378 1343 formae
2419 1288 2932 1355 conservationem,
2982 1289 3139 1344 utin

1779 1364 2144 1423 naturalibus
2190 1372 2369 1440 potest
2415 1365 2705 1431 inductive
2732 1367 2951 1423 ostendi
2998 1390 3011 1424 ε
3040 1366 3138 1424 sed

1777 1451 1934 1503 actus
1977 1449 2445 1520 supernaturales
2463 1491 2477 1515 ,
2526 1447 2623 1520 qui
2671 1447 3022 1515 deserviunt,
3081 1453 3139 1505 et

1778 1525 2156 1598 requiruntur
2185 1526 2254 1583 ad
2274 1527 2473 1602 gratiae
2499 1528 2853 1584 infusionem
2883 1528 2945 1583 in
2968 1527 3138 1584 adul-

1775 1605 1871 1672 tis,
1892 1622 2008 1663 non
2024 1608 2375 1674 deserviunt,
2398 1625 2500 1666 nec
2523 1609 2898 1682 requiruntur
2920 1607 2990 1665 ad
3009 1626 3137 1683 gra·

1776 1688 1869 1744 tiae
1891 1689 2404 1756 conservationem,
2439 1695 2499 1745 ut
2524 1694 2674 1762 patet
2696 1688 2758 1744 in
2781 1689 2949 1763 justis
2993 1687 3135 1747 dor-

1777 1770 2091 1827 mientibus
2120 1787 2291 1846 :ergo
2315 1770 2570 1844 praedicti
2591 1775 2746 1827 actus
2794 1787 2913 1828 non
2934 1769 3135 1844 dispo-

1777 1855 1924 1907 nunt
1952 1850 2183 1926 physice
2210 1849 2468 1907 adultum
2492 1850 2561 1907 ad
2592 1850 2974 1923 receptionem
2993 1867 3133 1925 gra-

1776 1931 1891 1988 tiae.

1850 2013 2257 2082 confirmatur,
2283 2014 2417 2087 quia
2443 2013 2845 2088 dispositiones
2884 2015 3131 2090 physicae
3167 2038 3329 2082 conar-

1774 2095 1845 2152 ad
1873 2096 2126 2169 aliquam
2155 2097 2406 2153 formam
2430 2101 2565 2152 sunt
2591 2095 2843 2169 ejusdem
2886 2097 3130 2154 rationis
3166 2088 3310 2131 ”²¹⁰-

1774 2177 1838 2233 in
1858 2177 2127 2235 omnibus
2150 2178 2557 2252 recipientibus
2572 2180 2745 2236 talem
2773 2178 3041 2247 sormam,
3068 2186 3132 2236 ut

1772 2263 1989 2316 constat
2010 2259 2073 2315 in
2096 2258 2455 2316 naturalibus
2483 2257 2615 2315 :sed
2639 2258 2708 2315 ad
2739 2259 3122 2332 receptionem

1770 2339 1969 2412 gratiae
1988 2337 2394 2396 sanctificantis
2427 2338 2489 2394 in
2531 2337 2742 2394 adultis
2784 2354 2901 2394 non
2930 2341 3129 2413 requi-

1775 2426 1983 2476 runtur
1999 2419 2173 2477 iidem
2197 2426 2350 2478 actus
2369 2421 2857 2493 supernaturales,
2883 2420 2981 2478 sed
3007 2439 3131 2495 pos-

1770 2505 1906 2555 sunt
1939 2499 2153 2557 diversi
2207 2506 2361 2557 actus
2400 2515 2739 2557 concurrere
2772 2520 2785 2556 z
2814 2517 2949 2576 ergo
2978 2519 3128 2575 prae-

1772 2580 1907 2638 dicti
1935 2585 2088 2636 actus
2116 2596 2234 2638 non
2261 2586 2395 2636 sunt
2422 2579 2824 2654 dispositiones
2853 2582 3121 2658 physicae,

1772 2668 1835 2719 ut
1857 2662 2081 2719 adultus
2106 2662 2342 2736 recipiat
2380 2664 2624 2737 gratiam
2652 2663 3120 2723 sanctificantem.

1846 2742 2240 2816 Respondetur
2282 2750 2618 2817 argumento
2654 2744 2914 2819 negando
2942 2746 3127 2821 majo·
3142 2755 3331 2801 occurri·

1772 2839 1896 2882 rem
1927 2824 2335 2882 universaliter
2364 2824 2734 2892 intellectam,
2766 2826 2901 2899 quia
2942 2812 3341 2902 adhu‘ss'z'ffeifff‘

1770 2905 1836 2962 in
1863 2905 2223 2962 naturalibus
2251 2920 2369 2962 non
2398 2906 2731 2979 requiritur,
2767 2906 2913 2980 quod
2942 2907 3129 2981 dispo-

1769 2987 2006 3044 sitiones
2020 2985 2306 3059 requisitae
2321 2984 2390 3042 ad
2405 2985 2890 3042 introductionem
2906 2988 3126 3056 formae,

1771 3073 2151 3139 permaneant
2202 3066 2398 3132 etiam,
2451 3071 2507 3122 et
2532 3064 2859 3122 deserviant
2899 3066 2969 3122 ad
3009 3069 3132 3142 ejus

1769 3147 2284 3203 conservationem.
2337 3145 2611 3202 Videmus
2655 3145 2835 3212 enim,
2880 3147 3029 3219 quod
3058 3147 3129 3204 ad

1769 3226 2152 3292 eductionem,
2208 3231 2264 3283 et
2321 3227 2571 3299 primam
2639 3226 3122 3285 introductionem

1770 3309 1970 3366 formae
1992 3308 2260 3365 animalis
2288 3307 2661 3380 requiruntur
2688 3309 2894 3382 exigua
2934 3325 3126 3382 quan-

1770 3389 1919 3458 titas,
1945 3394 2097 3445 certa
2118 3385 2514 3444 membrorum
2538 3387 2881 3454 teneritudo,
2914 3395 2969 3445 et
2995 3405 3128 3446 ma-

1764 3469 1857 3543 jor
1887 3467 2199 3524 humiditas
2229 3490 2245 3533 ;
2288 3483 2410 3539 quae
2432 3473 2627 3532 tamen
2655 3482 2770 3523 non
2814 3469 3128 3543 requirun-

1771 3555 1864 3605 tur
1887 3547 1956 3605 ad
1980 3547 2259 3622 praedictae
2275 3547 2474 3604 formae
2488 3549 3000 3618 conservationem,
3025 3551 3123 3608 sed

1770 3631 1955 3704 potius
1984 3631 2222 3687 decursu
2265 3629 2538 3702 temporis
2570 3630 2997 3703 relinquuntur,
3031 3635 3125 3691 vel

1768 3715 1972 3770 saltem
2035 3712 2467 3786 refranguntur,
2506 3718 2561 3769 et
2601 3713 2923 3770 variantur.
2967 3713 3122 3772 Idem

1768 3798 1942 3855 etiam
1973 3795 2249 3869 contingit
2270 3795 2332 3850 in
2356 3797 2587 3868 plantiS‚
2613 3802 2667 3853 et
2696 3797 2757 3851 in
2774 3797 2904 3852 aliis
2930 3797 3120 3866 rebus,

1768 3882 1830 3932 ut
1873 3875 2037 3932 facile
2082 3873 2467 3931 consideranti
2515 3875 2810 3933 constabit.
2881 3877 3040 3942 Quod
3090 3895 3125 3935 a

1768 3955 1997 4013 fortiori
2026 3953 2440 4012 verificandum
2469 3957 2636 4013 estin
2667 3955 2900 4022 actibus,
2933 3958 3031 4030 qui
3056 3958 3124 4015 ad

1766 4038 1964 4112 gratiae
2018 4034 2501 4093 introductionem
2566 4037 2927 4112 deserviunt3
2982 4054 3119 4095 nam

1768 4136 1897 4176 cum
1921 4117 2092 4174 liberi
2108 4117 2241 4183 sint,
2259 4115 2578 4189 dependent
2598 4135 2671 4176 ex
2692 4123 2897 4174 natura
2924 4135 3028 4175 sua
3055 4117 3125 4176 ab

1769 4200 2083 4257 attentione
2105 4198 2443 4264 intellectus,
2475 4204 2531 4256 et
2575 4201 2887 4257 voluntatis
2935 4200 3125 4274 appli-

1768 4282 1990 4338 catione
2023 4279 2213 4335 :unde
2263 4295 2334 4336 ex
2374 4285 2581 4336 natura
2620 4297 2722 4337 sua
2764 4286 2961 4354 petunt
3011 4281 3123 4338 ali-

1768 4361 1997 4436 quando
2020 4362 2388 4436 interrumpi,
2417 4368 2476 4418 ut
2502 4363 2701 4419 accidit
2736 4380 2863 4418 cum
2898 4363 3124 4421 dormi-

1768 4462 1916 4502 mus,
1945 4444 2271 4501 Praesertim
2295 4445 2426 4517 quia
2452 4444 2706 4517 praedicti
2735 4450 2887 4500 actus
2930 4447 3123 4519 requi-

1770 4533 1997 4593 runtur,
2026 4530 2088 4580 ut
2107 4525 2293 4600 gratia
2337 4526 2662 4583 voluntarie
2711 4526 3036 4599 recipiatur,
3069 4534 3125 4584 et

1768 4611 2138 4665 conservetur
2171 4628 2183 4662 :
2210 4604 2280 4662 ad
2301 4605 2450 4678 quod
2473 4621 2587 4662 non
2608 4610 2692 4661 est
2714 4607 3120 4675 necessarium,

1766 4687 1916 4762 quod
1963 4703 2188 4760 semper
2216 4686 2540 4752 eliciantur,
2577 4686 2673 4743 sed
2714 4686 2935 4754 sufficit,
2969 4687 3120 4760 quod

1768 4771 1834 4826 in
1862 4767 2050 4841 prima
2076 4766 2274 4841 gratias
2303 4767 2724 4824 introductione
2764 4767 2981 4823 fuerint
3017 4769 3129 4824 eli-

1767 4852 1866 4908 citi
1887 4875 1900 4918 3
1947 4866 2082 4905 nam
2109 4865 2176 4906 eo
2196 4849 2320 4922 ipso
2340 4850 2717 4906 denominant
2738 4850 2982 4923 gratiam
3006 4849 3135 4906 sub-

1764 4933 1931 5006 jecto,
1964 4930 2027 4985 in
2049 4945 2160 5002 quo
2201 4930 2490 5002 recipitur,
2522 4935 2577 4986 et
2608 4934 2821 4996 manet,
2853 4930 3131 4986 volunta-

1770 5011 1942 5068 riam.

1844 5088 1928 5145 Ad
1984 5088 2482 5147 confirmationem
2539 5091 2949 5165 respondemus
3016 5106 3123 5148 ne-
