3647 5753
1456 441 1633 498 mse.
1678 440 1720 509 1,
1767 437 1932 495 nnn.
1975 438 2046 495 11.
3032 433 3143 490 675

290 618 562 676 reddatur
585 618 940 687 inflexibilis,
975 621 1035 673 ut
1082 615 1361 689 contingit
1392 614 1453 670 in
1481 611 1648 668 dam-

289 700 460 768 natis,
485 701 582 773 qui
605 706 902 774 propterea
930 698 1098 755 liberi
1122 696 1348 754 suntad
1369 711 1649 769 exequen-

286 781 426 837 dum
455 783 695 848 malum,
730 787 787 837 et
829 782 909 837 ita
956 785 1218 853 peccant;
1267 794 1397 835 cum
1452 782 1648 834 tamen

287 879 407 922 non
436 865 654 937 possint
692 865 922 937 operari
971 863 1186 920 bonum
1239 860 1311 919 ob
1362 860 1647 917 rationem

285 944 531 1003 dictam:
566 961 683 1002 non
711 952 907 1002 tamen
937 944 1215 1017 peccando
1251 943 1644 1008 demerentur,

285 1029 422 1101 quia
447 1033 584 1084 sunt
611 1032 773 1083 extra
804 1028 981 1097 viam,
1016 1034 1078 1085 ut
1105 1027 1288 1102 magis
1327 1025 1648 1099 explicabi-

285 1114 382 1167 tur
399 1108 528 1165 dub.
560 1110 615 1165 4.

74 1209 260 1269 Diluitur
360 1191 447 1247 Ad
489 1192 760 1248 ultimum
807 1209 1067 1250 concessa
1113 1191 1341 1265 majori,
1388 1189 1648 1265 neganda

95 1259 254 1304 ΨΜ·
286 1278 372 1330 est
416 1273 646 1341 minor3
693 1276 828 1348 quia
858 1290 1018 1346 posse
1047 1289 1277 1346 peccare
1304 1288 1421 1330 non
1467 1277 1551 1328 est
1575 1270 1648 1329 de

289 1354 636 1427 perfectione
671 1354 987 1412 libertatis:
1031 1355 1334 1427 perfectior
1378 1354 1538 1410 enim
1569 1354 1647 1410 li-

284 1434 475 1491 bertas
501 1441 604 1501 est,
636 1452 760 1508 quse
788 1435 958 1492 habet
985 1434 1322 1491 firmitatem
1363 1435 1427 1492 in
1471 1435 1640 1505 bone,

284 1532 458 1590 quam
499 1517 600 1573 illa
629 1533 753 1589 quae
795 1523 973 1589 potest
1021 1516 1239 1574 detlecti
1288 1517 1356 1573 ad
1399 1519 1640 1574 malum.

286 1598 451 1657 Unde
500 1599 628 1657 licet
658 1600 892 1656 libertas
938 1600 1121 1673 quoad
1166 1597 1645 1672 specificationem

282 1680 440 1747 boni,
473 1687 527 1737 et
550 1683 690 1739 mali
719 1683 1014 1740 extensive
1039 1685 1113 1739 sit
1156 1683 1340 1756 maj0r
1380 1680 1646 1739 libertate

282 1761 469 1835 quoad
490 1764 849 1830 exercitium,
881 1780 996 1821 non
1020 1771 1211 1820 tamen
1239 1767 1323 1820 est
1349 1763 1535 1836 major
1562 1765 1646 1834 (ut

282 1844 365 1900 sic
409 1842 688 1915 dicamus)
729 1845 1036 1911 intensive,
1083 1852 1247 1918 atque
1288 1845 1417 1901 ideo
1463 1860 1645 1919 neque

84 1930 250 1976 D.‘1·ho.
283 1925 605 1999 periretior.
639 1927 796 1990 Quod
813 1928 1028 2000 optime
1049 1928 1322 2001 explicuit
1346 1931 1408 1984 D.
1435 1927 1639 1983 Thom.

137 2021 149 2046 t
250 2043 253 2046 π
282 2008 316 2062 3
367 2016 514 2081 part.
546 2015 727 2086 quar-st.
773 2011 863 2074 62,
896 2017 1006 2066 art.
1039 2012 1093 2074 8,
1130 2008 1225 2064 ubi
1269 2010 1333 2065 in
1359 2007 1644 2065 solutione

282 2088 352 2144 ad
381 2091 434 2154 3,
466 2090 545 2145 sic
572 2088 709 2144 dicit
738 2109 750 2143 ε
785 2111 809 2141 (ι
842 2091 1001 2155 Quod
1035 2090 1288 2147 liberum
1331 2089 1643 2147 arbitrium

285 2188 310 2219 <t
344 2166 572 2224 diversa
634 2170 847 2243 eligere
911 2169 1103 2244 possit,
1163 2178 1389 2227 servato
1442 2167 1644 2225 ordine

283 2271 308 2300 α
342 2247 494 2316 finiS,
518 2248 621 2305 hoc
647 2251 896 2321 pertinet
925 2251 993 2306 ad
1025 2251 1437 2324 perfectionem
1470 2249 1642 2306 liber·

284 2349 309 2379 a
341 2329 475 2384 tatis
495 2329 648 2401 eJus;
678 2330 773 2387 sed
811 2330 956 2404 quod
981 2332 1154 2406 eligat
1184 2331 1404 2405 aliquid
1445 2332 1643 2387 diver-

285 2431 309 2462 α
338 2411 509 2468 tendo
553 2411 624 2468 ab
669 2412 874 2469 ordine
916 2413 1066 2479 finis,
1092 2414 1242 2487 quod
1277 2420 1361 2471 est
1389 2430 1637 2488 peccare,

284 2515 309 2545 α
343 2493 447 2549 hoc
470 2493 715 2565 pertinet
739 2494 807 2550 ad
831 2495 1112 2552 desectum
1140 2497 1442 2553 libertatis.
1478 2495 1642 2553 Unde

286 2595 311 2625 «
343 2574 527 2646 maJ'or
553 2573 786 2631 libertas
817 2575 1045 2633 arbitrii
1068 2584 1153 2634 est
1183 2578 1243 2633 in
1267 2578 1519 2651 Angelis,
1541 2577 1640 2650 qui

285 2675 310 2705 α
342 2669 571 2726 peccare
597 2670 713 2711 non
744 2663 997 2728 possunt,
1029 2674 1201 2730 quam
1232 2657 1294 2712 in
1326 2657 1509 2724 nobiS,
1541 2658 1638 2729 qui

280 2755 305 2785 (ε
339 2749 567 2806 peccare
595 2751 916 2808 possumus.
955 2760 980 2790 1>

878 2903 909 2970 s
950 2903 1018 2959 ιι.

270 3052 555 3112 Sententia
600 3058 868 3130 opposita,
909 3066 1234 3127 aryumenta
1281 3076 1384 3132 pro
1432 3058 1555 3127 itta,
1586 3065 1637 3113 et

664 3137 853 3192 eodum
874 3139 1237 3194 enodationm.

55 3326 241 3367 semen,
355 3285 437 3341 12.
483 3285 758 3350 Quamvis
784 3284 855 3341 de
893 3284 1055 3350 facto,
1087 3291 1141 3341 et
1184 3285 1501 3343 secundum
1548 3285 1637 3341 le-

68 3374 242 3430 tiacqn-
270 3379 400 3439 gem
465 3367 564 3423 Dei
625 3366 984 3423 ordinariam
1052 3368 1248 3422 nullus
1315 3368 1636 3438 Theologus

79 3428 231 3468 ‘mm‘
271 3447 474 3517 (quem
541 3447 896 3515 viderimus)
954 3446 1251 3520 negaverit
1308 3446 1634 3503 libertatem

271 3525 455 3597 quoad
499 3528 840 3583 exercitium
871 3528 1088 3600 requiri
1118 3527 1188 3583 ad
1219 3528 1492 3583 meritum
1524 3548 1536 3581 ε
1579 3533 1638 3583 at

271 3603 341 3662 de
379 3609 632 3678 potentia
676 3608 935 3664 absoluta
979 3614 1114 3664 sunt
1152 3608 1248 3680 qui
1277 3608 1630 3674 existiment,

273 3692 459 3741 actum
491 3689 734 3744 omnino
763 3689 1145 3745 necessarium
1177 3705 1335 3760 posse
1361 3704 1486 3745 esse
1511 3704 1637 3745 me-

71 3789 232 3840 major.
275 3770 571 3827 ritorium.
622 3772 703 3827 Ita
747 3772 924 3827 sentit
967 3773 1149 3847 Major
1185 3775 1246 3827 in
1286 3773 1340 3838 3,
1382 3771 1511 3828 dist.
1546 3774 1629 3838 18,

44 3839 435 3933 fissfgsssskquaesl
468 3855 511 3920 l,
558 3853 790 3910 Gabriel
840 3855 1039 3909 ibidem
1084 3863 1195 3910 art.
1238 3857 1281 3918 1,
1323 3853 1555 3909 notabili
1574 3856 1629 3922 5,

274 3934 533 3990 Holchot.
566 3943 747 4011 quaest.
785 3936 830 3998 l,
871 3944 981 3991 art.
1026 3938 1081 3999 4,
1108 3940 1163 3990 et
1191 3935 1315 3991 alii.
1367 3936 1551 3991 Immo
1579 3940 1634 3991 et

273 4015 343 4073 de
393 4016 537 4073 facto
583 4033 682 4089 per
728 4024 914 4073 actum
963 4018 1204 4075 omnino
1248 4017 1632 4075 necessarium

273 4099 565 4155 Christum
596 4100 877 4156 meruisse
902 4117 973 4156 ex
999 4100 1429 4173 dispensatione
1474 4116 1634 4157 com-

64 4181 469 4243 Petr.demunis
518 4182 676 4255 legis,
730 4187 882 4239 tenet
930 4184 1133 4239 Petrus
1178 4182 1248 4239 de
1299 4182 1513 4247 Aliaco,
1571 4188 1634 4239 ut

40 4249 239 4343 Pssffig‘r'ii
270 4266 510 4318 testatur
531 4265 740 4319 Suarez
764 4264 858 4319 lib.
892 4265 1077 4330 citato,
1117 4282 1236 4337 cap.
1265 4266 1318 4320 3.
1350 4263 1631 4322 Probatur

42 4358 235 4443 nfflffi‘m
269 4343 461 4417 primo
490 4345 608 4401 haec
629 4345 930 4410 sententia,
956 4347 1233 4418 quoniam
1269 4351 1425 4403 actus
1448 4349 1631 4405 nostri

242 4430 388 4483 'non
404 4432 539 4482 sunt
561 4428 867 4493 meritorii,
899 4429 1009 4483 nisi
1033 4445 1103 4484 ex
1127 4429 1508 4500 acceptatione
1526 4430 1629 4487 Dei

268 4508 517 4565 volentis
565 4510 695 4567 illos
724 4515 1012 4582 acceptare
1041 4512 1103 4567 in
1145 4511 1348 4567 ordine
1383 4510 1454 4566 ad
1484 4529 1632 4585 prae—

267 4590 473 4656 mium,
507 4597 569 4646 ut
597 4594 662 4647 D.
693 4593 736 4645 T
742 4593 896 4649 hom.
933 4592 1092 4649 docet
1132 4594 1194 4649 in
1237 4592 1341 4648 hoc
1361 4593 1625 4651 articulo.

266 4671 372 4729 Sed
398 4675 543 4729 Deus
574 4689 675 4745 pro
706 4673 871 4731 libito
900 4678 1145 4745 acceptat
1167 4677 1355 4729 actum
1382 4691 1633 4732 necessa-

269 4754 446 4820 rium,
477 4756 622 4811 sicut
648 4763 896 4829 acceptat
914 4755 1163 4812 liberum
1194 4778 1206 4811 z
1236 4773 1372 4831 ergo
1394 4763 1633 4832 uterque

270 4839 450 4908 potest
477 4850 598 4892 esse
626 4836 980 4893 meritorius.

65 4940 235 4987 conflr-
344 4917 756 4982 confirmatur,
798 4918 931 4988 quia
960 4933 1077 4975 non
1121 4917 1372 4974 minoris
1416 4918 1632 4975 valoris

66 4997 223 5038 matur.
263 5007 348 5058 est
363 5008 514 5059 actus
533 4999 884 5057 necessarius
898 5001 1193 5058 charitatis
1223 5002 1438 5074 patriae,
1458 5018 1631 5074 quam

266 5088 422 5139 actus
451 5082 598 5140 liber
637 5081 735 5156 qui
781 5087 1076 5138 exercetur
1123 5081 1187 5138 in
1230 5083 1345 5149 via,
1382 5089 1439 5138 ut
1465 5099 1536 5140 ex
1570 5097 1633 5140 se

1778 614 2039 668 constare
2061 610 2327 667 videtur:
2371 624 2507 684 ergo
2527 607 2671 665 sicut
2698 610 2845 664 Deus
2872 607 3026 662 hunc
3054 622 3149 663 ac-

1779 698 1981 766 ceptat,
2008 694 2214 767 poterit
2234 694 2409 751 etiam
2463 693 2631 749 illum
2655 697 2942 764 acceptare
2969 690 3031 745 in
3060 706 3149 747 or·

1779 774 1916 832 dine
1939 775 2009 832 ad
2034 776 2361 848 prazmium.

1854 855 2255 928 Respondetur
2277 856 2528 913 admisso
2552 853 2911 912 antecedenti
2937 871 3147 929 negari·
3161 852 3346 945 ξῇΡξᾶῑ·

1779 938 1853 997 (10
1895 940 2398 1013 consequentiam3
2447 939 2583 1012 quia
2613 939 2741 994 licet
2769 937 2838 994 ad
2867 940 3143 995 meritum
3205 960 3325 1004 argu-

1781 1022 2101 1078 necessaria
2123 1021 2198 1076 sit
2220 1020 2422 1079 divina
2446 1020 2769 1093 acceptatio,
2802 1019 2918 1076 haec
2947 1027 3143 1078 tamen
3158 1006 3362 1046 mentum.

1778 1102 2095 1176 supponnit
2114 1101 2456 1176 dignitatem
2479 1106 2535 1159 et
2556 1103 2814 1159 valorem
2834 1104 3137 1170 moralem,

1778 1190 1947 1256 atque
1969 1182 2110 1239 adeo
2134 1182 2458 1241 libertatem
2483 1189 2655 1249 actus,
2681 1183 2778 1254 qui
2795 1188 3141 1256 acceptatur-3

1777 1272 1832 1321 et
1861 1264 1988 1323 ideo
2017 1271 2205 1323 actum
2230 1281 2349 1323 non
2379 1265 2629 1322 liberum
2655 1282 2771 1322 non
2796 1271 2974 1338 potest
2997 1269 3144 1324 Deus

1777 1348 1842 1405 in
1864 1348 2069 1406 ordine
2091 1349 2161 1405 ad
2193 1349 2517 1422 praemium,
2544 1355 2598 1407 et
2628 1365 2729 1422 per
2752 1348 2989 1406 modum
3019 1365 3147 1406 me-

1779 1431 1879 1486 riti
1931 1437 2251 1505 acceptare3
2282 1434 2430 1490 sicut
2476 1449 2592 1491 non
2641 1437 2820 1506 potest
2860 1438 3148 1505 acceptare

1779 1529 1985 1585 puram
2010 1514 2402 1581 omissionem,
2450 1521 2548 1570 aut
2570 1519 2757 1570 actum
2780 1514 3021 1570 omnino
3051 1513 3148 1570 in-

1777 1594 2168 1661 differentem,
2195 1611 2262 1653 eo
2282 1595 2431 1669 quod
2465 1598 2523 1653 in
2553 1597 2644 1653 his
2683 1597 2846 1653 nulla
2875 1604 2956 1653 est
2985 1595 3144 1652 boni-

1777 1680 1863 1731 tas
1905 1676 2164 1742 moralis,
2211 1681 2269 1733 et
2316 1676 2445 1733 ideo
2490 1693 2591 1733 nec
2637 1677 3015 1750 condignitas,
3051 1677 3144 1734 vel

1780 1757 2205 1830 acceptabilitas
2237 1765 2488 1832 respectu
2518 1760 2764 1833 praemii,

1854 1840 2115 1896 Diximus
2134 1842 2190 1894 in
2213 1843 2402 1896 ordine
2422 1844 2496 1898 ad
2511 1845 2815 1916 praemium,
2836 1850 2887 1897 et
2904 1860 3000 1915 per
3028 1859 3138 1897 mo·

1775 1920 1908 1976 dum
1936 1924 2148 1989 meriti,·
2187 1923 2324 1996 quia
2352 1931 2537 1997 posset
2562 1927 2704 1982 Deus
2730 1930 2980 1981 statuere
3001 1922 3141 1979 dare

1777 2003 1952 2059 alicui
1979 2004 2251 2077 gloriam,
2284 2009 2381 2060 aut
2401 2005 2532 2070 tale,
2553 2007 2641 2062 vel
2667 2007 2778 2062 tale
2809 2005 3132 2078 praemium,

1779 2084 1962 2155 posito
1991 2085 2091 2140 tali
2116 2086 2609 2143 actmnecessario.
2643 2088 2802 2142 Tunc
2824 2102 2959 2142 vero
2990 2101 3138 2158 prae·

1775 2163 1958 2221 dictus
1999 2171 2154 2221 actus
2185 2181 2300 2222 non
2342 2165 2576 2224 haberet
2606 2169 2889 2223 rationem
2918 2166 3133 2235 meriti,

1774 2245 1874 2301 sed
1903 2246 2072 2304 nudae
2105 2246 2472 2312 conditionis,
2519 2265 2629 2321 qua
2673 2250 2854 2320 posita
2901 2248 3138 2321 ponitur

1774 2320 1921 2392 quod
1945 2320 2050 2375 sub
2081 2321 2183 2377 illa
2208 2320 2582 2394 promittitur.
2617 2323 2781 2380 Unde
2803 2339 2903 2379 nec
2929 2322 3134 2397 gloria,

1775 2410 1874 2461 aut
1901 2402 2047 2461 illud
2096 2403 2253 2461 aliud
2296 2404 2600 2477 praemium
2649 2403 2884 2462 haberet
2925 2406 2986 2460 in
3038 2405 3142 2462 hoc

1773 2503 1905 2542 casu
1948 2486 2245 2559 propriam
2297 2486 2581 2542 rationem
2614 2486 2857 2557 praemii,
2883 2484 2979 2541 sed
3009 2500 3138 2541 om-

1775 2569 1917 2624 nino
1943 2566 2180 2641 gratuiti
2227 2565 2526 2629 beneficii;
2579 2583 2680 2622 nec
2723 2566 2845 2639 ejus
2893 2565 3136 2624 redditio

1771 2653 1917 2704 esset
1945 2649 2356 2711 remuneratio,
2383 2663 2508 2719 quae
2537 2645 2697 2701 fieret
2738 2649 2929 2719 aliquo
2964 2645 3136 2704 modo

1771 2743 1842 2784 ex
1864 2727 2105 2801 J'ustitia,
2134 2727 2230 2789 sed
2261 2726 2520 2802 liberalis
2547 2727 2781 2784 donatio
2801 2742 2872 2784 ex
2918 2728 3134 2785 libera-

1771 2809 1953 2875 litate,
1984 2815 2039 2865 et
2066 2808 2343 2868 fidelitate
2367 2812 2774 2884 promittentis
2848 2806 2851 2811 ’

1844 2890 1929 2946 Ad
1966 2890 2468 2949 confirmationem
2501 2892 2875 2966 respondetur
2922 2890 3134 2948 distin-
3158 2888 3324 2983 {⁰¹⁰²{10

1766 2969 1992 3045 guendo
2020 2970 2379 3040 antecedenS,
2417 2978 2472 3029 et
2496 2971 2854 3030 concedendo
2885 2972 3029 3029 illud
3064 2948 3356 3032 de⁸m2⁰d¹0=⁵

1768 3052 1965 3108 valore
1988 3052 2253 3127 physico;
2296 3052 2396 3109 sed
2437 3054 2634 3127 negari
2656 3052 2822 3110 debet
2841 3052 2911 3109 de
2938 3054 3134 3109 valore
3185 3048 3295 3087 ΜΨ·

1773 3134 2006 3199 morali,
2052 3134 2150 3206 qui
2179 3135 2366 3190 solum
2397 3141 2579 3207 potest
2606 3135 2851 3207 reperiri
2900 3134 2962 3189 in
3008 3138 3134 3189 actu

1770 3213 1985 3281 libero;
2014 3222 2070 3270 et
2099 3213 2361 3289 neganda
2389 3220 2476 3270 est
2502 3214 2906 3286 consequentia
2934 3234 2946 3268 :
2989 3229 3134 3285 quo-

1769 3294 1929 3349 niam
1958 3296 2142 3361 valor,
2174 3296 2272 3368 qui
2311 3296 2479 3352 efficit
2508 3302 2695 3351 actum
2726 3293 3132 3366 acceptabilem

1767 3373 1833 3429 in
1880 3374 2086 3431 ordine
2134 3373 2203 3431 ad
2252 3376 2584 3448 praemium,
2632 3390 2749 3430 non
2793 3373 2960 3430 debet
3010 3390 3133 3433 esse

1769 3455 2245 3528 raim-physicus,
2272 3455 2370 3511 sed
2399 3455 2657 3512 moralis,

1851 3535 1934 3591 13.
1963 3536 2239 3608 Arguitur
2263 3535 2511 3593 secundo
2544 3536 2837 3593 :Christus
2853 3536 3131 3593 Dominus
3176 3544 3330 3591 Secun-

1768 3618 1983 3674 meruit
2009 3616 2140 3683 sibi,
2168 3623 2223 3674 et
2265 3618 2432 3676 nobis
2460 3634 2559 3691 per
2588 3624 2776 3675 actum
2810 3618 3124 3685 charitatis,
3149 3593 3332 3696 ⁶3¹2,ssssss

1766 3716 1878 3772 quo
1900 3702 2080 3757 Deum
2108 3699 2424 3774 diligebat:
2474 3702 2630 3773 atqui
2680 3701 2978 3773 praedictus
3005 3707 3130 3779 erat
3196 3700 3295 3738 ²⁰³¹·

1767 3781 2139 3845 necessarius,
2165 3782 2341 3838 etiam
2363 3781 2547 3854 quoad
2569 3783 2908 3839 exercitium
2940 3804 2952 3838 ε
2995 3798 3130 3856 ergo

1766 3865 2171 3922 actusomnino
2195 3866 2546 3922 necessarius
2569 3872 2882 3939 potestesse
2897 3866 3130 3923 merito-

1768 3946 1908 4003 rius.
1953 3948 2139 4022 Major
2183 3952 2269 4003 est
2314 3949 2376 4003 D.
2429 3948 2631 4005 Thom.
2680 3953 2740 4004 in
2781 3953 2832 4015 3,
2866 3949 2994 4004 dist.
3039 3940 3195 4013 18,D·
3226 3940 3335 3986 Τῦθ·

1764 4036 1950 4106 ᾳιιεεεί.
1986 4031 2029 4093 l,
2080 4036 2192 4084 art.
2219 4030 2272 4095 2,
2323 4030 2384 4083 in
2430 4030 2695 4086 solutione
2741 4032 2815 4086 ad
2841 4033 2894 4099 2,
2925 4029 3020 4085 ubi
3048 4030 3130 4086 sic

1765 4110 1846 4165 ait
1874 4134 1885 4166 ε
1934 4110 2060 4184 Ipse
2100 4116 2288 4167 motus
2301 4112 2595 4167 charitatis
2620 4114 2861 4169 hominis
2890 4113 3122 4178 Christi,

1765 4193 1825 4247 in
1851 4209 1955 4269 quo
1994 4194 2240 4248 consistit
2266 4194 2384 4264 ejus
2419 4197 2724 4265 proemium,
2756 4203 3028 4270 quantum
3055 4193 3130 4248 ad

1763 4274 2156 4330 beatitudinem
2190 4279 2388 4332 animm
2405 4284 2574 4349 potest
2608 4294 2716 4333 esse
2745 4279 3000 4331 meritum
3021 4293 3129 4332 res-

1756 4364 1916 4429 pectu
1937 4357 2309 4421 beatitudinis,
2338 4365 2435 4414 etc.
2457 4358 2651 4414 Minor
2673 4372 2810 4413 vero
2828 4356 3125 4429 probatur:

1765 4442 1886 4493 tum
1914 4439 2051 4510 quia
2080 4439 2156 4495 ita
2197 4439 2399 4496 docere
2421 4439 2651 4496 videtur
2672 4439 2796 4510 ipse
2825 4441 2887 4492 D.
2919 4439 3123 4497 Thom.

1764 4517 1829 4573 in
1855 4517 1958 4574 hoc
1984 4518 2184 4575 eodem
2215 4519 2353 4586 loce,
2386 4520 2452 4576 in
2477 4520 2764 4576 solutione
2794 4517 2862 4575 ad
2893 4521 2945 4575 5.
2978 4521 3128 4575 Tum

1763 4600 1961 4665 etiam,
1993 4600 2129 4671 quia
2157 4604 2311 4657 actus
2335 4601 2633 4657 charitatis
2655 4599 2867 4656 Christi
2893 4601 3126 4657 Domini

1766 4681 2105 4754 respiciebat
2135 4684 2313 4740 Deum
2338 4684 2490 4740 clare
2513 4683 2736 4739 visum:
2761 4685 2907 4739 Deus
2935 4688 3128 4740 autem

1765 4764 1919 4819 clare
1978 4762 2138 4819 visus
2201 4764 2467 4839 diligitur
2530 4765 2869 4831 necessariO,
2945 4765 3123 4820 etiam

1761 4844 1946 4917 quoad
1970 4846 2348 4913 exercitium;
2381 4861 2498 4902 non
2526 4846 2688 4902 enim
2715 4850 2892 4918 potest
2917 4844 3122 4913 videri,

1762 4933 1818 4984 et
1837 4943 1953 4983 non
1973 4927 2178 4995 amari,
2198 4927 2337 4985 adeo
2359 4933 2443 4983 est
2457 4931 2760 4991 excellens,
2778 4933 2833 4984 et
2852 4932 3129 5000 praestans

1763 5008 1979 5067 bonum
2013 5025 2191 5095 sergo
2215 5015 2371 5067 actus
2400 5009 2701 5085 praedictus
2736 5010 2844 5066 fuit
2884 5009 3133 5067 omnino

1763 5100 2138 5142 necessarius.
2389 5108 2398 5119 ·
