3647 5753
519 419 630 475 634
1230 426 1322 479 DE
1363 427 1803 490 QUIDDITATE
1841 427 2441 483 JUSTIFICATIONIS
2479 429 2688 485 IMPII.

524 591 765 650 eandem
788 595 1097 653 essentiam
1146 600 1545 667 materialiter,
1577 605 1634 657 et
1660 601 1722 657 in
1763 614 1885 657 esse

522 674 691 731 entis

307 754 485 847 1332ss
599 753 984 815 confirmatur
1007 761 1304 834 urgentius
1330 762 1476 819 ratio
1496 778 1670 835 supra
1693 764 1840 820 facta
1867 783 1880 819 z

325 852 496 911 nempe·
521 839 795 909 quoniam
819 840 1149 913 justificatio
1177 843 1347 916 impii
1382 845 1654 917 importat
1682 862 1883 903 essen-

306 902 479 947 ⁸⁰¹¹¹⁸¹⁰·
524 918 739 976 tialiter
769 922 981 977 realem
1020 925 1564 982 transmutationem
1592 926 1830 999 subjecti
1866 947 1878 981 :

515 999 843 1073 justificatio
866 1020 1002 1060 vero
1043 1020 1160 1060 non
1209 1006 1378 1077 impii
1426 1006 1651 1061 nullam
1695 1022 1883 1063 essen-

523 1082 737 1139 tialiter
790 1086 1328 1143 transmutationem
1382 1087 1653 1159 importat
1686 1093 1718 1143 :⁶
1747 1103 1883 1162 ergo

519 1161 796 1220 differunt
821 1166 1219 1222 essentialiter.
1267 1169 1687 1239 Consequentia
1718 1168 1881 1225 vide-

522 1250 617 1299 tur
677 1247 986 1302 manifesta
1020 1269 1032 1304 ι
1084 1249 1359 1320 quoniam
1408 1255 1470 1315 ut
1519 1249 1632 1306 duo
1691 1250 1882 1322 aliqua

519 1326 791 1383 differant
812 1328 1211 1394 essentialiter,
1243 1330 1446 1386 sufficit
1473 1331 1621 1404 quod
1653 1333 1751 1387 uni
1781 1348 1881 1389 eo-

523 1423 655 1464 rum
701 1411 1005 1468 conveniat
1032 1411 1259 1484 aliquod
1291 1412 1656 1484 praedicatum
1683 1429 1871 1470 essen-

523 1489 678 1556 tiale,
703 1491 852 1563 quod
876 1492 1043 1548 alteri
1073 1507 1190 1549 non
1210 1495 1499 1550 convenit.
1527 1494 1883 1552 Antecedens

522 1577 713 1629 autem
734 1572 918 1646 quoad
949 1575 1198 1646 primam
1228 1582 1448 1648 partem
1488 1583 1571 1633 est
1617 1583 1835 1633 certum
1863 1599 1877 1644 ;

520 1655 659 1728 quia
689 1652 1015 1727 justificatio
1055 1654 1220 1727 impii
1247 1657 1518 1729 supponit
1555 1656 1882 1714 essentiali-

522 1746 610 1798 ter
651 1740 715 1794 in
754 1737 1004 1811 subjecto
1045 1738 1449 1810 privationem,
1480 1755 1578 1796 seu
1619 1758 1728 1795 non
1773 1757 1881 1795 esse

421 1870 425 1873 ,
521 1823 741 1898 gratiae,
809 1835 980 1893 quam
1047 1819 1268 1876 inducit
1292 1844 1306 1887 ;
1359 1827 1415 1878 et
1472 1827 1881 1895 consequenter

524 1903 797 1960 transfert
823 1898 1137 1972 subjectum
1186 1916 1219 1955 a
1258 1916 1394 1957 non·
1421 1917 1542 1958 esse
1585 1904 1782 1976 gratias
1808 1901 1880 1959 ad

520 2001 643 2043 esse
670 1985 828 2041 illius
862 2004 873 2038 ε
903 1998 1014 2056 quo
1041 1982 1191 2038 nihil
1227 1984 1475 2057 amplius
1521 1983 1880 2041 desideratur

519 2067 590 2124 ad
620 2060 1161 2124 transmutationem
1193 2066 1427 2131 realem,
1461 2065 1582 2121 sive
1636 2071 1696 2120 ut
1740 2063 1880 2120 sub-

510 2152 723 2225 jectum
748 2164 901 2206 nunc
942 2148 1111 2204 aliter
1161 2163 1221 2204 se
1260 2147 1482 2212 habeat,
1510 2164 1681 2220 quam
1712 2153 1881 2205 antea

513 2248 573 2290 se
591 2231 853 2289 habebat.
881 2227 1138 2286 Secunda
1164 2244 1302 2286 vero
1330 2228 1715 2286 antecedentis
1747 2246 1880 2303 pars

511 2316 688 2371 etiam
738 2315 936 2386 liquet,
986 2311 1121 2384 quia
1164 2309 1490 2385 justificatio
1539 2326 1657 2366 non
1709 2313 1877 2385 impii

516 2401 696 2467 potest
724 2393 853 2450 fieri
882 2393 947 2449 in
974 2391 1174 2450 eodem
1199 2392 1440 2448 instanti
1483 2392 1645 2459 reali,
1679 2391 1742 2448 in
1769 2409 1879 2465 quo

515 2492 632 2533 non
668 2475 881 2548 impius
924 2473 1112 2547 primo
1148 2472 1498 2546 producitur,
1533 2478 1594 2528 ut
1623 2478 1774 2545 patet
1813 2474 1878 2530 in

508 2555 916 2631 justificatione
958 2555 1331 2629 Angelorum,
1367 2560 1422 2610 et
1467 2559 1877 2627 consequenter

515 2656 632 2696 non
653 2636 926 2710 supponit
941 2634 1471 2708 indispensabiliter
1488 2636 1875 2708 privationem

510 2720 709 2794 gratiae
755 2718 818 2773 in
848 2716 1083 2790 proprio
1110 2715 1358 2790 subjecto
1383 2740 1397 2783 ;
1428 2716 1689 2789 implicat
1715 2717 1875 2774 enim

514 2798 923 2871 privationem,
951 2801 1008 2853 et
1034 2797 1283 2853 formam
1312 2795 1532 2852 afficere
1570 2796 1633 2854 in
1672 2795 1873 2855 eodem

512 2879 753 2936 instanti
778 2876 931 2935 idem
952 2876 1268 2953 subJectum
1297 2899 1311 2934 ι
1334 2875 1431 2934 sed
1448 2875 1547 2934 ubi
1566 2895 1681 2936 non
1704 2878 1876 2937 datnr

511 2963 793 3020 transitus
815 2961 884 3019 de
911 2977 1029 3018 non
1055 2977 1177 3018 esse
1204 2961 1445 3018 termini
1487 2961 1558 3017 ad
1605 2979 1773 3035 quem
1803 2963 1874 3019 ad

509 3062 631 3105 esse
658 3046 821 3102 illius
850 3046 912 3101 in
940 3044 1141 3103 eodem
1184 3044 1452 3119 subjecto,
1487 3047 1687 3118 nequit
1717 3045 1872 3102 istud

514 3129 751 3186 realiter
780 3126 1161 3219 transmutari
1197 3148 1209 3181 z
1239 3142 1374 3200 ergo
1395 3125 1726 3200 justificatio
1755 3143 1873 3184 non

509 3210 680 3283 impii
704 3210 928 3266 nullam
951 3208 1335 3265 essentialiter
1356 3208 1633 3282 importat
1656 3209 1872 3265 realem

508 3291 1074 3349 transmutationem.
1103 3289 1261 3355 Quod
1290 3296 1481 3348 autem
1521 3290 1757 3364 quidam
1779 3288 1873 3345 di-

509 3380 666 3443 cunt,
683 3373 752 3430 ad
781 3373 1326 3430 transmutationem
1351 3374 1565 3430 realem
1593 3373 1866 3439 sufficere,

510 3454 658 3529 quod
704 3457 959 3513 carentia
1001 3455 1239 3513 termini
1286 3454 1357 3511 ad
1396 3470 1565 3528 quem
1596 3454 1873 3527 praecedat

512 3554 617 3610 pro
640 3538 834 3611 aliquo
861 3539 1043 3613 signo,
1076 3539 1198 3594 sive
1226 3538 1408 3611 priori
1439 3542 1658 3594 naturae
1682 3538 1870 3612 ipsum

512 3618 850 3688 terminum,
885 3619 1037 3676 nihil
1078 3618 1326 3691 prodest,
1357 3624 1415 3674 et
1443 3616 1706 3676 falsitatis
1731 3634 1873 3676 con-

511 3701 784 3767 vincitur,
817 3703 952 3774 quia
995 3717 1127 3758 cum
1176 3699 1477 3774 prioritate
1517 3706 1737 3758 naturae
1761 3706 1873 3758 stat

509 3783 775 3837 simultas
797 3781 1106 3853 temporis:
1131 3786 1186 3837 et
1214 3781 1293 3837 ita
1318 3780 1367 3835 si
1392 3779 1455 3836 in
1475 3781 1711 3856 Angelis
1740 3787 1873 3839 ante

511 3862 865 3919 infusionem
887 3862 1087 3936 gratiae
1113 3863 1176 3917 in
1201 3862 1391 3935 primo
1410 3877 1610 3918 eorum
1629 3863 1870 3919 instanti

513 3944 840 4016 praefuisset
865 3942 1122 4017 ejusdem
1143 3943 1343 4016 gratiae
1370 3943 1640 4009 carentia,
1666 3960 1872 4017 seque-

511 4032 672 4083 retur
695 4027 940 4099 Angelos
990 4026 1053 4081 in
1101 4025 1290 4100 primo
1337 4026 1577 4082 instanti
1605 4026 1872 4087 habuisse

508 4109 686 4165 simul
758 4108 958 4183 gratiae
1019 4109 1425 4182 privationem,
1481 4113 1538 4165 et
1598 4112 1865 4183 gratiam.

510 4190 670 4255 Quod
693 4205 831 4246 vero
851 4187 1051 4246 dicunt
1077 4189 1199 4256 alii,
1231 4189 1548 4246 terminum
1575 4206 1611 4243 a
1638 4208 1741 4267 quo
1769 4191 1872 4248 hu-

504 4273 599 4346 jus
652 4272 1153 4330 transmutationis
1213 4287 1329 4328 non
1381 4285 1503 4327 esse
1554 4274 1870 4330 carentiam

507 4355 711 4429 gratiae
757 4354 1087 4421 exercitam,
1134 4350 1233 4410 sed
1283 4368 1407 4426 quae
1451 4355 1719 4427 competit
1758 4356 1865 4425 rei,

508 4440 789 4507 quantum
818 4439 902 4491 est
922 4433 992 4491 de
1012 4450 1093 4501 se,
1118 4433 1294 4489 etiam
1316 4438 1400 4489 est
1421 4432 1787 4501 insufficiens,
1814 4440 1870 4492 et

511 4515 723 4573 falsum
759 4539 772 4573 z
821 4533 954 4574 nam
995 4515 1284 4573 terminus
1321 4534 1357 4571 a
1405 4533 1509 4593 quo
1559 4518 1871 4591 expellitur

514 4614 614 4671 per
639 4600 958 4657 terminum
986 4597 1057 4655 ad
1080 4614 1248 4672 quem
1273 4621 1289 4665 ;
1318 4598 1505 4672 gratia
1533 4603 1721 4656 autem
1751 4618 1870 4660 non

511 4679 682 4745 tollit,
715 4679 865 4753 quod
908 4680 1246 4753 subjectum,
1278 4684 1557 4752 quantum
1584 4687 1668 4739 est
1696 4681 1764 4739 de
1784 4698 1862 4752 se,

509 4766 700 4817 careat
724 4760 944 4834 gratia;
975 4760 1071 4817 sed
1099 4760 1285 4834 potius
1310 4758 1552 4817 eandem
1593 4761 1871 4834 aptitudi-

511 4863 646 4905 nem
672 4846 957 4920 passivam
988 4844 1285 4916 relinquit.
1318 4842 1477 4909 Quod
1499 4842 1743 4916 denique
1773 4845 1869 4902 in-

300 4919 477 4967 mmess·
508 4928 704 4985 sinuat
741 4924 1112 4992 Montesinos,
1146 4924 1462 4981 terminum
1504 4940 1536 4981 a
1562 4941 1672 4999 quo
1700 4925 1869 5000 huJ‘us

510 5006 1011 5066 transmutationis
1057 5005 1403 5063 sufficienter
1441 5005 1654 5063 salvari
1681 5005 1744 5062 in
1771 5022 1869 5064 ca-

517 5089 702 5149 rentia
721 5088 938 5164 gratiae,
969 5103 1094 5163 quae
1138 5091 1255 5147 toto
1293 5093 1551 5161 tempore
1589 5087 1871 5146 antecedit

2017 599 2448 673 productionem
2475 599 2730 675 subjecti,
2746 600 2947 659 eadem
2971 602 3243 659 facilitate
3269 601 3372 658 im-

2017 688 2308 755 pugnatur
2333 706 2345 748 ;
2376 683 2651 754 quoniam
2679 685 2966 739 terminus
2985 701 3021 738 a
3050 702 3155 762 quo
3184 690 3372 741 trans-

2014 762 2353 818 mutationis
2376 762 2549 819 realis
2575 760 2741 818 debet
2779 762 3094 837 subjectum
3132 762 3368 830 afficere,

2015 842 2229 914 alioqui
2257 842 2573 917 subjectum
2597 859 2715 900 non
2739 860 2872 900 vere
2895 843 3373 901 transmutabitur

2015 920 2085 977 ab
2116 938 2231 979 uno
2250 925 2501 982 termino
2532 925 2593 982 in
2622 925 2825 992 alium,
2853 930 2912 981 ut
2934 931 3089 997 patet
3132 927 3196 982 in
3240 942 3373 999 pro-

2013 1004 2279 1063 ductione
2300 1006 2702 1074 accidentium,
2721 1024 2847 1082 quas
2866 1009 3044 1065 simul
3065 1025 3195 1065 cum
3210 1009 3375 1066 subs-

2013 1087 2196 1144 tantia
2231 1094 2519 1146 creantur.
2576 1090 2947 1163 Relinquitur
2993 1106 3129 1165 ergo
3164 1090 3375 1167 justifi-

2011 1169 2296 1226 cationem
2340 1185 2457 1227 non
2504 1171 2672 1244 impii
2722 1173 2945 1229 nullam
2992 1172 3375 1230 essentialiter

2013 1249 2331 1321 importare
2375 1249 2611 1324 subjecti
2667 1254 3230 1320 transmutationem,
3277 1253 3373 1312 sed

2011 1346 2135 1387 esse
2160 1331 2486 1403 simplicem
2508 1334 2750 1391 omnino
2770 1335 2969 1410 gratiae
2989 1334 3368 1393 eductionem.

2011 1411 2135 1467 sive
2165 1411 2536 1479 infusionem,
2577 1430 2848 1488 posseque
2874 1416 3018 1472 citra
3058 1431 3230 1474 omne
3253 1416 3371 1471 mi-

2013 1493 2271 1548 raculum
2301 1510 2334 1549 a
2366 1495 2845 1574 transmutatione
2871 1496 3149 1570 separari,
3182 1501 3243 1551 ut
3268 1496 3371 1554 do-

2011 1578 2141 1629 cent
2188 1574 2365 1629 etiam
2418 1576 2500 1646 N.
2539 1577 2820 1648 Complut.
2884 1579 2947 1632 in
2998 1576 3094 1634 lib.
3149 1577 3556 1650 physicam-1³·

2010 1654 2151 1726 disp.
2178 1656 2235 1720 4,
2260 1661 2443 1728 quast.
2473 1657 2528 1710 5.

2095 1737 2177 1792 10.
2223 1734 2480 1794 Secundo
2532 1735 2805 1809 probatur
2844 1738 3045 1795 eadem
3101 1731 3565 1825 resolutioffiffie‘
3625 1741 3626 1794 ξ

2014 1817 2237 1874 ratione
2266 1833 2298 1873 a
2324 1818 2524 1889 priori,
2551 1817 2863 1893 detegendo
2891 1820 3066 1877 simul
3095 1820 3368 1879 differen-
3390 1831 3540 1875 uisun-

2012 1899 2153 1955 tiam
2183 1900 2335 1957 inter
2357 1901 2503 1957 hanc
2524 1903 2922 1969 mutationem,
2937 1909 2994 1961 et
3015 1904 3159 1960 alias
3179 1910 3369 1961 muta-
3397 1880 3549 1974 fflffl'

2013 1982 2196 2039 tiones
2225 1986 2518 2042 naturales
2552 2007 2564 2041 ε
2594 1987 2867 2058 quoniam
2894 1987 3223 2055 destructio,
3247 1989 3372 2048 sive

2011 2081 2121 2119 non
2139 2080 2248 2120 esse
2276 2066 2504 2139 peccati,
2532 2068 2778 2138 pertinet
2827 2084 2926 2141 per
2964 2085 3025 2124 se
3063 2067 3134 2125 ad
3175 2070 3374 2126 termi-

2012 2159 2155 2200 num
2177 2145 2482 2202 formalem
2493 2147 2568 2202 ad
2588 2165 2743 2225 quem
2760 2147 3377 2224 specificativumjusti·

2010 2223 2295 2283 ficationis
2319 2228 2485 2302 impii
2522 2250 2534 2285 :
2558 2245 2694 2305 ergo
2716 2230 2883 2304 impii
2902 2230 3233 2304 justificatio
3252 2246 3380 2305 spe-

2010 2305 2266 2364 cificatur
2288 2324 2404 2366 non
2427 2326 2461 2367 a
2484 2311 2607 2367 sola
2633 2310 2822 2386 gratia
2841 2312 3154 2369 secundum
3169 2328 3249 2380 se,
3273 2311 3375 2369 sed

2011 2404 2043 2445 a
2073 2390 2413 2448 remissione
2443 2393 2651 2464 peccati
2687 2413 2700 2447 ε
2729 2408 2863 2465 ergo
2898 2392 3227 2468 justificatio
3254 2393 3374 2449 im·

2012 2469 2113 2542 pii,
2157 2476 2216 2527 et
2259 2488 2377 2529 non
2419 2472 2589 2546 impii
2647 2471 2924 2530 differunt
2961 2474 3368 2533 essentialiter.

2011 2553 2140 2609 Haec
2164 2553 2413 2611 secunda
2439 2557 2844 2628 consequentia
2885 2562 3035 2630 patet
3059 2572 3133 2614 ex
3161 2558 3371 2630 prima,

2008 2634 2142 2705 quia
2160 2635 2487 2709 justificatio
2510 2653 2627 2695 non
2644 2638 2809 2710 impii
2832 2638 3187 2711 specificatur
3204 2655 3323 2697 non
3344 2655 3378 2696 a

2010 2717 2354 2776 remissione
2394 2720 2618 2792 peccati,
2650 2718 2748 2776 sed
2775 2737 2808 2777 a
2832 2722 3019 2795 gratia
3057 2721 3375 2779 secundum

2007 2815 2067 2855 se
2096 2819 2108 2852 :
2149 2816 2286 2875 ergo
2311 2801 2362 2857 si
2390 2801 2720 2876 justificatio
2755 2803 2922 2876 impii
2962 2802 3376 2878 specificatura

2009 2882 2351 2941 remissione
2373 2884 2603 2956 peccati,
2632 2885 2889 2958 sequitur
2917 2885 3213 2959 praedictas
3246 2888 3373 2963 jus·

2009 2960 2347 3020 tificationes
2386 2964 2600 3023 habere
2638 2964 3019 3038 specificativa
3047 2965 3290 3029 diversa,
3316 2974 3375 3025 et

2006 3050 2417 3116 consequenter
2439 3045 2716 3120 distingui
2739 3046 3140 3104 essentialiter.
3169 3049 3372 3107 Prima

2005 3138 2145 3180 vero
2171 3129 2577 3200 consequentia
2608 3133 2755 3184 recte
2784 3128 3037 3185 infertur
3064 3145 3135 3186 ex
3156 3136 3374 3189 antece·

2005 3207 2199 3272 denti;
2227 3208 2362 3282 quia
2421 3225 2550 3265 cum
2599 3209 2817 3280 aliquid
2861 3208 3220 3283 specificatur
3268 3228 3372 3287 per

2005 3291 2406 3349 habitudinem
2436 3291 2504 3348 ad
2535 3291 2788 3364 aliquem
2818 3294 3158 3361 terminum,
3182 3296 3370 3369 speci-

2004 3370 2209 3428 ficatur
2231 3370 2301 3428 ab
2327 3387 2414 3439 eo,
2438 3370 2587 3444 quod
2611 3387 2711 3444 per
2737 3388 2796 3429 se
2824 3374 3073 3447 pertinet
3111 3374 3180 3431 ad
3215 3390 3364 3448 prae-

2004 3453 2218 3511 dictum
2245 3454 2566 3510 terminum
2589 3455 2653 3511 in
2681 3471 2803 3512 esse
2830 3456 2962 3512 talis
2995 3478 3009 3512 z
3036 3472 3167 3531 ergo
3185 3457 3234 3512 si
3263 3473 3366 3514 re-

2003 3536 2203 3594 missio
2224 3537 2431 3610 peccati
2475 3536 2722 3609 pertinet
2743 3553 2843 3609 per
2863 3553 2924 3596 se
2943 3537 3015 3595 ad
3043 3538 3363 3595 terminum

2003 3617 2079 3672 ad
2160 3635 2281 3673 uem
2328 3616 2755 3690 justificationis
2817 3618 3008 3690 impii,
3058 3635 3199 3692 opus
3256 3624 3362 3686 est,

2002 3715 2115 3772 quo
2181 3697 2450 3771 praedicta
2471 3697 2803 3772 justificatio
2829 3699 3185 3773 specificetur
3211 3717 3244 3758 a
3269 3716 3368 3757 re-

2004 3780 2281 3837 missione
2308 3780 2537 3853 peccati.
2558 3779 2911 3837 Antecedens
2944 3787 3135 3838 autem
3156 3780 3367 3839 suade-

2003 3867 2098 3917 tur
2124 3885 2137 3919 :
2163 3877 2300 3919 nam
2327 3859 2453 3917 ideo
2482 3861 2545 3916 in
2586 3861 2717 3917 aliis
2764 3859 3018 3918 motibus
3063 3861 3371 3919 destructio

2004 3943 2243 4001 termini
2270 3962 2305 3999 a
2326 3961 2431 4021 quo
2453 3959 2571 4000 non
2600 3944 2848 4016 pertinet
2870 3959 2972 4018 per
2990 3960 3054 4001 se
3075 3944 3144 4001 ad
3160 3943 3372 4001 termi-

2004 4040 2147 4080 num
2192 4025 2266 4080 ad
2304 4041 2460 4103 quem
2504 4026 2716 4090 motus,
2747 4024 2882 4097 quia
2930 4023 3195 4096 praedicta
3236 4023 3377 4083 des-

2004 4107 2211 4163 tructio
2236 4103 2552 4162 secundum
2573 4120 2635 4161 se
2656 4121 2772 4161 non
2794 4110 2877 4161 est
2901 4104 3070 4173 bona,
3095 4121 3197 4163 nec
3216 4107 3378 4163 valet

2002 4186 2324 4244 terminare
2351 4186 2734 4243 intentionem
2763 4187 2982 4261 agentis
3011 4208 3025 4243 z
3055 4187 3211 4261 atqui
3237 4185 3381 4245 des-

2003 4267 2211 4324 tructio
2233 4268 2441 4340 peccati
2469 4270 2552 4324 est
2581 4281 2682 4340 per
2707 4282 2769 4323 se
2804 4266 2975 4333 hona,
3000 4273 3057 4324 et
3078 4267 3272 4343 digna,
3311 4274 3381 4326 ut

2002 4348 2276 4406 terminet
2305 4365 2406 4422 per
2431 4364 2491 4404 se
2519 4347 2902 4405 intentionem
2939 4350 3159 4423 agentis
3186 4364 3384 4425 :ergo

2004 4429 2270 4505 praedicta
2319 4427 2645 4496 destructi0,
2678 4443 2774 4485 seu
2824 4445 2942 4487 non
2997 4448 3110 4486 esse
3155 4433 3382 4503 peccati

2003 4511 2250 4585 pertinet
2279 4525 2378 4584 per
2403 4524 2464 4565 se
2491 4508 2561 4566 ad
2589 4510 2909 4567 terminum
2929 4511 3004 4567 ad
3024 4529 3179 4591 quem
3196 4513 3386 4587 justi-

2000 4590 2282 4649 ficationis
2347 4591 2536 4665 impii.
2593 4591 2878 4649 Probatur
2947 4592 3144 4651 minor
3176 4616 3191 4649 ε
3239 4598 3383 4652 tum

2000 4674 2137 4746 quia
2160 4678 2449 4748 peccatum
2477 4673 2722 4729 mortale
2751 4678 2835 4730 est
2875 4674 3203 4732 maximum
3237 4691 3384 4734 ma-

2001 4758 2125 4813 lum
2165 4760 2439 4813 creaturas
2482 4755 2801 4821 rationalis,
2832 4761 2889 4812 et
2914 4755 3156 4831 dignum
3203 4759 3384 4816 omni

2000 4837 2149 4906 odio,
2184 4853 2246 4894 ac
2272 4835 2649 4893 detestatione
2682 4857 2695 4893 ε
2724 4852 2859 4911 ergo
2885 4835 3212 4905 destructio,
3243 4839 3387 4898 sive

2001 4940 2111 4979 non
2127 4937 2238 4976 esse
2259 4918 2515 4993 praedicti
2559 4918 2767 4992 peccati
2794 4924 2879 4975 est
2905 4935 3006 4992 per
3032 4936 3093 4978 se
3113 4919 3291 4990 bona,
3318 4927 3386 4981 et

1999 5004 2194 5078 digna,
2233 5007 2296 5058 ut
2340 5001 2615 5058 terminet
2660 4999 3044 5060 intentionem
3098 5003 3379 5078 agentis3

2000 5084 2257 5161 opposita
2276 5083 2485 5157 quippe
2511 5081 2723 5140 habent
2765 5083 3016 5141 rationes
3049 5086 3382 5157 oppositas.

3208 5165 3383 5224 Tum
