3647 5753
496 431 641 489 '760

526 600 675 675 quod
698 605 812 659 toto
828 602 932 659 illo
948 607 1205 674 tempore
1227 613 1453 657 necesse
1470 612 1587 655 non
1609 595 1685 652 sit
1698 599 1887 652 actum

522 681 821 738 charitatis
849 686 1123 755 repetere,
1168 686 1230 737 ut
1270 685 1425 738 actus
1461 677 1597 735 boni
1624 677 1722 750 qui
1751 679 1890 732 tunc

522 768 881 830 exercentur,
902 764 1021 818 sint
1035 761 1346 821 meritorii.
1361 763 1429 817 Et
1449 760 1499 816 si
1516 757 1587 816 ab
1601 757 1685 814 eis
1706 760 1879 828 petas,

521 848 738 913 quanto
767 850 1021 918 tempore
1049 845 1316 917 praedicta
1342 843 1528 899 virtus
1566 838 1886 896 inextincta

521 922 812 995 perduret,
844 931 900 981 et
921 925 1126 982 influat
1153 927 1215 982 in
1245 929 1399 981 actus
1420 922 1671 979 aliarum
1692 919 1884 975 virtu-

521 1008 666 1071 tum,
699 1005 798 1060 vix
837 1004 978 1060 duos
1025 1005 1198 1061 unius
1238 1004 1393 1061 vocis
1433 1001 1714 1075 reperies;
1743 1012 1883 1055 nam

523 1085 673 1141 alius
731 1102 909 1143 unam
961 1092 1186 1142 tantum
1227 1087 1452 1148 horam,
1504 1083 1651 1140 alius
1702 1084 1881 1137 totam

520 1164 698 1232 diem,
744 1167 892 1223 alius
931 1166 1370 1233 hebdomadam,
1403 1165 1553 1222 alius
1595 1176 1875 1228 mensem,

516 1251 573 1303 et
601 1247 750 1304 alius
764 1248 1068 1322 integrum
1099 1265 1339 1314 annum,
1368 1245 1754 1318 unusquisque
1774 1259 1881 1315 pro

514 1343 620 1383 sua
647 1333 870 1385 tantum
911 1329 1209 1386 voluntate
1234 1329 1512 1402 designat.
1556 1327 1628 1381 Et
1650 1337 1791 1380 sane
1829 1322 1878 1378 si

514 1407 741 1467 sublato
780 1410 942 1466 omni
984 1416 1109 1466 actu
1145 1410 1459 1475 charitatis»,
1503 1413 1623 1463 tam
1662 1403 1873 1470 elicit0,

513 1508 688 1567 quam
724 1492 1007 1564 imperato
1046 1495 1131 1563 (ut
1156 1508 1306 1564 saepe
1332 1490 1656 1559 tolluntur)
1697 1490 1879 1560 potest

513 1573 783 1647 praedicta
825 1573 1116 1639 virtusin
1168 1574 1466 1629 voluntate
1511 1583 1872 1643 permanere,

511 1655 693 1730 gratis
715 1658 956 1714 omnino
984 1656 1055 1712 ad
1083 1657 1206 1722 hoc,
1232 1657 1326 1712 vel
1346 1655 1493 1711 illud
1520 1660 1746 1725 tempus
1772 1651 1878 1708 de-

510 1737 882 1794 terminatur.
927 1740 1063 1802 Quae
1087 1737 1248 1795 enim
1278 1736 1424 1793 ratio
1462 1738 1565 1800 est,
1609 1738 1673 1788 ut
1710 1732 1878 1789 duret

509 1834 614 1891 per
636 1835 813 1876 unam
837 1819 1062 1886 horam,
1081 1824 1137 1876 et
1159 1832 1276 1874 non
1300 1833 1401 1889 per
1423 1815 1602 1871 duas?
1625 1819 1681 1871 et
1701 1814 1750 1870 si
1774 1829 1878 1886 per

510 1900 671 1967 duas,
704 1915 806 1957 cur
849 1915 964 1957 non
1011 1916 1113 1974 per
1151 1904 1329 1956 totam
1358 1898 1552 1954 diem?
1594 1900 1652 1952 et
1676 1895 1727 1951 si
1772 1910 1878 1967 per

510 1979 688 2043 diem.
733 1998 911 2055 quare
957 1997 1076 2038 uon
1127 1996 1228 2054 per
1266 1976 1727 2036 hebdomadam?
1770 1990 1875 2031 cur

512 2075 633 2118 non
673 2077 776 2133 per
819 2063 1122 2118 mensem?
1162 2076 1262 2116 cur
1308 2075 1426 2116 non
1468 2072 1568 2131 per
1609 2058 1875 2112 annum?

510 2157 689 2214 quare
709 2159 828 2200 non
849 2158 950 2216 per
977 2147 1154 2198 totam
1177 2141 1356 2198 vitam
1373 2143 1401 2197 ἲ
1426 2141 1693 2195 Dicamus
1713 2152 1867 2212 ergo,

508 2225 603 2280 vel
630 2230 916 2282 transacto
934 2223 1264 2280 formaliter
1283 2222 1446 2281 omni
1469 2229 1595 2278 actu
1615 2220 1872 2277 charita-

506 2304 581 2360 tis
607 2321 726 2362 non
751 2304 964 2361 durare
992 2305 1245 2377 amplius
1289 2305 1412 2378 ejus
1438 2303 1735 2367 virtutem,
1769 2315 1873 2357 nec

508 2395 669 2458 posse
697 2385 994 2442 hominem
1024 2385 1238 2441 mereri
1268 2382 1478 2456 absque
1499 2398 1649 2439 novo
1675 2380 1871 2438 chari-

508 2466 641 2522 tatis
668 2471 812 2530 actu,
863 2466 1013 2537 quod
1054 2466 1251 2521 nullus
1297 2458 1480 2531 dixit3
1509 2463 1603 2520 vel
1631 2477 1872 2519 manere

507 2546 838 2621 praedictam
887 2547 1162 2603 virtutem
1191 2549 1255 2602 in
1281 2548 1590 2613 voluntate,
1623 2545 1871 2601 durare-

505 2645 615 2701 que
640 2630 790 2701 (nisi
821 2630 1197 2699 retractetur)
1247 2643 1348 2700 per
1375 2633 1553 2684 totam
1579 2627 1782 2694 vitam,
1812 2632 1870 2685 et

509 2708 794 2767 influere
777 2725 842 2766 in
862 2724 1063 2767 omnes
1083 2714 1236 2765 actus
1257 2708 1560 2801 moraliter
1581 2706 1778 2774 bonOS,
1806 2712 1869 2763 ut

511 2791 658 2848 ratio
684 2791 829 2847 iacta
850 2790 1154 2847 convincit.

1123 2963 1263 3033 gv.

403 3094 406 3097 ⁴
505 3113 843 3188 Proponitur
880 3113 1086 3185 duplcoe
1129 3112 1355 3182 objectio
1394 3113 1659 3168 adversus
1684 3114 1866 3169 ratio-

324 3363 462 3407 Prima

323 3412 460 3509 ‘aar

938 3210 1059 3249 nem
1088 3191 1158 3249 D.
1197 3192 1246 3251 T
1241 3194 1425 3250 homae.

575 3361 667 3416 81.
712 3357 820 3416 Sed
859 3373 983 3415 ecce
1029 3357 1303 3415 adversus
1342 3359 1492 3415 hanc
1536 3359 1598 3415 D.
1651 3360 1859 3416 Thom.

501 3440 785 3497 rationem
807 3439 934 3495 duae
960 3438 1267 3531 insurgunt
1295 3455 1413 3496 non
1440 3440 1595 3497 leves
1614 3439 1861 3497 difficul-

497 3525 658 3588 tates,
702 3536 841 3592 quas
886 3524 1108 3591 oportet
1153 3520 1216 3575 in
1268 3518 1525 3575 medium
1573 3520 1855 3593 proferre,

496 3600 770 3672 quoniam
792 3617 863 3656 ex
885 3599 1123 3655 illarum
1151 3599 1437 3656 solutione
1462 3599 1724 3657 doctrina
1744 3606 1860 3657 tra-

496 3681 634 3747 dita,
666 3686 723 3737 et
749 3685 945 3739 nostra
983 3680 1270 3737 conclusio
1298 3696 1416 3737 non
1446 3697 1652 3754 parum
1674 3682 1857 3740 eluci-

493 3763 744 3821 dabitur.
796 3761 1039 3836 Objicies
1065 3778 1202 3837 ergo
1230 3764 1421 3836 primo
1446 3779 1518 3820 ex
1558 3764 1850 3831 Durand0‚

492 3848 658 3919 Vasq.
691 3847 917 3911 Suarez,
965 3849 1022 3900 et
1049 3844 1199 3912 aliis,
1232 3845 1381 3916 quod
1410 3845 1598 3917 prima
1626 3845 1729 3901 illa
1757 3861 1858 3902 or-

490 3929 715 3986 dinatio
744 3929 887 3984 facta
936 3943 1036 3999 per
1083 3932 1269 3982 actum
1306 3927 1602 3984 charitatis
1648 3943 1767 3985 non
1792 3943 1857 3985 se

488 4011 761 4080 extendit,
780 4009 963 4067 adhuc
978 4010 1326 4072 virtualiter.
1347 4010 1417 4067 ad
1438 4026 1641 4068 omnes
1659 4010 1856 4068 subse-

487 4098 725 4165 quentes
747 4096 900 4146 actus
922 4090 1223 4146 moraliter
1252 4089 1448 4156 bonos,
1478 4092 1558 4148 ita
1587 4097 1647 4146 ut
1677 4092 1854 4163 possit

487 4189 609 4231 esse
630 4188 767 4229 vera
786 4165 953 4228 causa
975 4186 1195 4237 eorum,
1223 4176 1279 4227 et
1319 4172 1382 4227 in
1404 4172 1537 4228 illos
1565 4171 1809 4230 influere
1834 4193 1849 4229 ε

488 4272 624 4332 ergo
646 4271 747 4312 nec
769 4259 1003 4327 possunt
1044 4258 1198 4309 actus
1221 4253 1316 4309 isti
1345 4254 1410 4310 in
1440 4255 1655 4310 virtute
1684 4255 1852 4314 illius

492 4335 562 4393 ad
612 4335 790 4392 finem
829 4334 1124 4391 charitatis
1153 4333 1380 4391 referri.
1433 4335 1851 4407 Consequentia

493 4417 720 4474 videtur
761 4415 1074 4489 perspicua,
1107 4415 1382 4489 quoniam
1412 4420 1568 4471 actus
1597 4416 1849 4475 aliarum

488 4500 769 4555 virtutum
801 4514 917 4555 non
948 4498 1282 4554 reseruntur
1302 4497 1367 4553 in
1395 4495 1570 4553 finem
1593 4496 1850 4556 charita-

487 4579 580 4646 tis,
612 4578 726 4635 nisi
765 4595 835 4634 ex
883 4577 1146 4651 imperio,
1191 4583 1246 4634 et
1273 4577 1639 4635 ordinatione
1667 4578 1848 4650 ipsius

485 4662 800 4729 charitatis,
821 4667 882 4718 ut
901 4662 1027 4717 dub.
1071 4663 1088 4716 l
1125 4660 1454 4718 dicebamus
1480 4685 1494 4720 ι
1519 4667 1685 4734 atque
1707 4661 1848 4720 adeo

484 4744 598 4802 nisi
626 4744 813 4800 virtus
837 4742 1154 4809 charitatis,
1184 4747 1241 4798 et
1268 4742 1523 4798 influxus
1565 4742 1847 4815 praedictas

481 4827 868 4887 ordinationis
908 4825 978 4882 ad
1020 4825 1172 4892 illos,
1204 4825 1519 4882 secundum
1547 4825 1697 4899 quod
1737 4827 1847 4883 ha-

479 4909 617 4967 bent
636 4925 759 4967 esse
799 4909 862 4965 in
889 4907 1290 4982 exequutione,
1317 4922 1378 4964 se
1405 4908 1693 4975 extendat,
1726 4923 1845 4964 non

477 4997 562 5050 est
607 4992 760 5048 unde
789 4992 1007 5064 possint
1050 4990 1334 5064 ejusmodi
1365 4991 1706 5049 relationem
1734 4990 1844 5047 ha-

478 5072 633 5131 bere.
679 5070 1030 5130 Antecedens
1070 5087 1209 5129 vero
1238 5071 1533 5144 probatur,
1564 5072 1843 5146 quoniam

1458 427 1551 483 DE
1591 421 1916 480 INFLUXU
1958 420 2410 477 CHARITATIS.

2024 593 2126 649 illa
2154 592 2343 666 prima
2369 588 2660 648 ordinatio
2686 588 2798 645 cito
2824 584 3287 658 interrumpitur,
3314 589 3366 640 et

2022 674 2274 731 totaliter
2300 676 2478 730 cessat
2522 673 2829 744 antequam
2879 668 3132 742 praedicti
3180 681 3364 723 omnes

2021 764 2176 816 actus
2203 757 2267 813 in
2296 770 2491 813 rerum
2530 758 2740 811 natura
2781 757 3089 826 ponantur,
3117 755 3182 806 ut
3206 763 3365 821 expe-

2022 838 2232 896 rientia
2260 842 2460 893 notum
2486 839 2570 892 est
2615 855 2627 890 τ
2656 850 2792 909 ergo
2819 836 3100 907 repugnat
3122 828 3266 904 quod
3305 830 3364 887 iu

2021 921 2152 977 illos
2174 918 2397 983 influat,
2423 922 2480 974 et
2497 916 2647 990 quod
2675 915 2744 972 ad
2771 930 2974 972 eorum
2999 914 3214 970 realem
3239 927 3364 968 cau-

2018 1002 2306 1058 salitatem
2350 1014 2411 1057 se
2454 997 2758 1065 extendat;
2790 1012 2925 1054 nam
2967 993 3116 1068 quod
3143 995 3256 1068 jam
3296 1008 3363 1048 ex

2018 1086 2133 1141 toto
2153 1081 2413 1148 cessavit,
2444 1085 2501 1137 et
2527 1081 2694 1137 nullo
2713 1077 2886 1136 modo
2912 1084 3016 1145 est,
3050 1091 3167 1133 non
3197 1082 3363 1147 potest

2018 1164 2138 1221 ullo
2183 1161 2353 1219 modo
2397 1161 2658 1228 influere,
2689 1164 2788 1217 aut
2814 1157 3026 1215 habere
3062 1157 3245 1228 reipsa
3270 1172 3363 1213 ra·-

2016 1247 2233 1304 tionem
2255 1260 2453 1302 causae.

2091 1324 2479 1383 confirmatur
2529 1347 2543 1382 :

2015 1407 2357 1474 formaliter,
2391 1425 2490 1482 per
2516 1421 2687 1480 quein
2727 1404 2792 1461 fit
2818 1403 3088 1477 praedicta
3133 1401 3363 1459 ordina-

2014 1487 2112 1555 tio,
2133 1505 2250 1546 non
2272 1493 2356 1547 est
2383 1486 2748 1563 assignabile,
2769 1501 2944 1559 quam
2966 1484 3056 1540 sui
3085 1484 3366 1556 relinquat

2013 1569 2310 1637 virtutem,
2361 1575 2459 1626 aut
2503 1568 2786 1636 effectum,
2820 1567 2886 1623 in
2925 1583 3038 1639 quo
3072 1572 3223 1622 actus
3249 1567 3365 1638 ipse

2012 1651 2112 1709 diu
2154 1658 2488 1726 permaneat
2530 1649 2862 1708 virtualiter
2894 1666 3073 1725 :ergo
3100 1666 3216 1707 non
3258 1656 3358 1716 est,

2014 1735 2238 1793 ratione
2262 1736 2420 1810 qu‘us
2442 1734 2618 1809 possit
2639 1733 2703 1789 in
2727 1731 3137 1806 subsequentes
3169 1747 3364 1789 omues

2011 1820 2166 1872 actus
2196 1816 2461 1882 influere,
2493 1830 2678 1888 neque
2705 1811 3096 1887 hujuscemodi
3126 1819 3274 1870 nctus
3291 1828 3362 1869 ex

2009 1895 2258 1970 imperio
2303 1898 2466 1954 illius
2506 1895 2578 1952 ad
2606 1894 2782 1952 finem
2811 1894 3107 1952 charitatis
3136 1900 3366 1966 possunt

2012 1976 2241 2035 referri.
2284 1977 2699 2049 Consequentia
2744 1983 2828 2033 est
2877 1980 3045 2041 nota;
3099 1974 3151 2030 si
3205 1975 3363 2031 enim

2009 2065 2165 2117 actus
2188 2062 2289 2118 ille
2323 2076 2506 2135 neque
2528 2060 2590 2115 in
2616 2075 2696 2125 se,
2729 2063 2786 2116 et
2804 2059 3152 2122 formaliter,
3186 2073 3366 2131 neque

2009 2141 2072 2198 in
2095 2142 2287 2214 aliqua
2314 2142 2403 2197 sui
2427 2142 2660 2209 virtute,
2694 2141 2786 2196 vel
2813 2139 3013 2197 effectu
3037 2138 3365 2197 virtualiter

2009 2228 2337 2296 perseverat
2356 2223 2586 2297 quando
2608 2221 2816 2294 reliqui
2845 2221 2910 2278 in
2935 2236 3131 2278 rerum
3160 2226 3367 2278 natura

2011 2309 2322 2376 ponuntur,
2355 2304 2606 2378 intelligi
2629 2303 2827 2377 nequit
2850 2300 3138 2376 quomodo
3164 2300 3367 2359 influat

2008 2387 2071 2441 in
2116 2402 2317 2442 eorum
2357 2385 2821 2458 exequutionem,
2864 2391 2920 2441 et
2973 2384 3183 2441 referat
3233 2385 3367 2442 illos

2007 2465 2190 2523 adhuc
2228 2466 2560 2524 virtualiter
2587 2464 2658 2522 ad
2686 2479 2857 2520 suum
2887 2462 3085 2521 finem.
3124 2467 3364 2523 Antece-

2006 2545 2147 2604 dens
2168 2553 2358 2604 autem
2378 2547 2670 2613 suadetur,
2696 2547 2832 2619 quia
2852 2545 3085 2602 effectus
3113 2545 3235 2611 iste,
3261 2563 3364 2604 seu

2005 2630 2192 2686 virtus
2231 2646 2301 2687 ex
2341 2636 2465 2686 actu
2512 2630 2810 2687 charitatis
2839 2628 3058 2695 relicta,
3103 2630 3194 2685 vel
3221 2635 3369 2686 esset

2006 2712 2216 2786 aliquis
2242 2714 2391 2769 alius
2412 2718 2567 2770 actus
2588 2711 2659 2770 ab
2688 2713 2792 2768 illa
2823 2711 3159 2767 immediate
3180 2710 3357 2785 impe—

2007 2798 2206 2862 ratus;
2257 2799 2314 2851 et
2358 2794 2465 2852 hoc
2492 2809 2627 2860 non,
2669 2794 2805 2868 quia
2849 2793 3078 2851 etiamsi
3132 2792 3369 2851 daretur

2004 2873 2313 2948 aliquando
2341 2875 2473 2931 talis
2501 2881 2675 2941 actus,
2710 2879 2770 2931 ut
2811 2875 2875 2931 in
2911 2874 3236 2947 plurimum
3265 2893 3371 2948 pa-

2005 2972 2134 3011 rum
2151 2955 2338 3022 durat,
2360 2962 2416 3013 et
2436 2956 2628 3014 deficit
2647 2956 2822 3014 etiam
2845 2962 3154 3030 antequam
3176 2957 3371 3015 subse-

2000 3044 2237 3111 quentes
2277 3040 2379 3095 alii
2425 3039 2796 3113 exequutioni
2843 3039 3216 3097 mandentur.
3262 3042 3369 3098 Vel

2000 3127 2146 3179 esset
2172 3122 2365 3194 aliqua
2392 3128 2620 3179 actuum
2643 3121 2930 3180 bonorum
2955 3123 3137 3179 series
3174 3123 3368 3180 conti-

2000 3218 2117 3261 nuo
2136 3204 2246 3260 sibi
2275 3205 2526 3262 invicem
2547 3204 2996 3272 succedentium,
3025 3205 3107 3260 ita
3131 3211 3193 3261 ut
3213 3222 3368 3262 unus

1999 3289 2260 3341 causetur
2284 3300 2512 3358 semper
2552 3301 2624 3342 ex
2662 3286 2779 3342 alio
2820 3285 3035 3342 virtute
3063 3285 3244 3357 primi
3266 3311 3283 3352 ς
3309 3291 3370 3342 et

1998 3380 2181 3437 neque
2239 3365 2345 3423 hoc
2391 3366 2503 3422 dici
2551 3369 2751 3439 potest,
2802 3366 2938 3438 quia
2998 3366 3366 3438 experientia

1997 3449 2232 3510 constat,
2301 3462 2420 3503 non
2488 3446 2615 3504 dari
2688 3447 2964 3503 continuo
3027 3445 3368 3519 praedictam

1997 3531 2226 3581 actuum
2271 3526 2521 3594 seriem3
2552 3525 2651 3582 sed
2680 3542 2829 3600 saepe
2871 3528 2966 3583 vel
3008 3543 3237 3595 somno,
3271 3529 3368 3586 vel

1995 3608 2213 3665 actibus
2239 3609 2455 3676 otiosis,
2487 3609 2729 3682 aliisque
2759 3609 2998 3682 peccatis
3025 3610 3370 3667 venialibus

1993 3704 2228 3747 omnem
2257 3695 2445 3761 actum
2474 3691 2690 3748 bonum
2718 3706 2791 3747 ex
2815 3695 2932 3748 toto
2976 3691 3363 3766 interrumpi,

1991 3776 2048 3827 et
2085 3787 2324 3828 cessare.
2368 3757 2472 3828 Vel
2516 3771 2750 3828 tandem
2796 3778 2944 3828 esset
2981 3772 3085 3829 ille
3127 3772 3370 3830 effectus

1992 3852 2115 3925 ipse
2136 3851 2365 3909 habitus
2384 3852 2702 3919 charitatis,
2727 3852 2826 3925 qui
2850 3868 3075 3945 semper
3095 3854 3369 3926 quandiu

1992 3949 2110 3991 non
2136 3933 2294 3991 adest
2323 3935 2569 3991 mortale
2613 3940 2926 4008 peccatum,
2969 3935 3032 3990 in
3059 3936 3371 3993 voluntate

1991 4020 2347 4088 perseverat;
2390 4021 2446 4073 et
2474 4015 2579 4073 hoc
2621 4015 2792 4072 modo
2819 4031 2940 4072 non
2977 4023 3063 4071 est
3089 4016 3163 4073 ad
3207 4034 3363 4074 rem.

1989 4100 2137 4154 Tum
2165 4098 2301 4171 quia
2325 4100 2479 4155 solus
2521 4097 2752 4155 habitus
2788 4098 3107 4165 charitatis,
3137 4102 3371 4157 secluso

1988 4178 2148 4235 omni
2164 4183 2308 4244 actu,
2331 4184 2556 4236 tantum
2585 4178 2760 4236 refert
2786 4178 3184 4245 habitualiter,
3205 4179 3369 4254 quod

1986 4276 2105 4318 non
2144 4260 2367 4318 sufficit.
2399 4263 2549 4319 Tum
2584 4262 2779 4328 etiam,
2810 4263 2946 4332 quia
2972 4261 3210 4318 habitus
3239 4279 3372 4319 non

1985 4341 2258 4411 influunt,
2292 4342 2406 4398 nisi
2441 4343 2651 4399 mediis
2679 4342 2929 4415 propriis
2957 4357 3159 4400 eorum
3212 4345 3372 4401 acti-

1985 4421 2118 4487 bus;
2140 4430 2196 4482 et
2218 4423 2347 4481 ideo
2372 4425 2628 4496 quandiu
2653 4440 2770 4481 non
2804 4424 2961 4481 adest
3001 4441 3190 4483 novus
3216 4426 3374 4482 cha-

1987 4505 2176 4561 ritatis
2222 4509 2395 4571 actus,
2443 4504 2643 4578 nequit
2687 4504 2918 4562 habitus
2955 4506 3264 4564 charitatis
3289 4507 3376 4563 de

1984 4600 2135 4642 novo
2162 4583 2427 4652 influere,
2459 4586 2556 4643 sed
2580 4585 2813 4642 habebit
2832 4603 2894 4644 se
2916 4591 3172 4659 respectu
3203 4588 3374 4645 alio-

1985 4681 2116 4722 rum
2140 4672 2387 4732 actuum,
2407 4683 2547 4739 quos
2566 4666 2723 4722 elicit
2750 4668 3021 4724 voluntas
3045 4669 3373 4725 concomi-

1982 4754 2171 4807 tanter
2193 4765 2354 4824 pure,
2386 4753 2442 4805 et
2465 4767 2565 4823 per
2606 4750 2883 4808 accidens.
2929 4754 3057 4808 Non
3086 4757 3173 4808 est
3215 4768 3377 4826 ergo

1981 4831 2045 4888 in
2072 4847 2183 4904 quo
2213 4837 2508 4888 remaneat
2535 4835 2722 4891 virtus
2743 4832 3000 4907 praedicti
3026 4840 3186 4891 actus
3214 4834 3378 4892 cha-

1983 4911 2189 4977 ritatis,
2217 4910 2534 4984 primasque
2556 4913 2718 4970 illius
2737 4912 3146 4971 ordinationis.

2055 4992 2145 5046 82.
2190 4990 2450 5048 Secundo
2475 4992 2755 5068 objiciunt
2800 4994 3042 5051 MonteS.
3075 5000 3132 5052 et
3169 4996 3374 5067 Vasq.
3414 4979 3590 5063 mm}

1981 5071 2257 5160 quoniam
2298 5075 2391 5132 vel
2425 5077 2571 5133 ratio
2600 5080 2744 5152 Aug.
2778 5076 3037 5132 Doctoris
3065 5078 3220 5134 facta
3249 5094 3377 5152 pro
3390 5071 3590 5128 ⁰³0²?

3024 5159 3384 5218 assertione

2603 1323 2880 1396 quoniam
2932 1326 3219 1378 transacto
3263 1321 3363 1379 illo
3390 1332 3528 1428 Ἡ
