<?xml version="1.0" encoding="UTF-8"?>
<!DOCTYPE html PUBLIC "-//W3C//DTD XHTML 1.0 Transitional//EN"
    "http://www.w3.org/TR/xhtml1/DTD/xhtml1-transitional.dtd">
<html xmlns="http://www.w3.org/1999/xhtml" xml:lang="en" lang="en">
 <head>
  <title>
</title>
<meta http-equiv="Content-Type" content="text/html;charset=utf-8" />
  <meta name='ocr-system' content='tesseract 3.04.00' />
  <meta name='ocr-capabilities' content='ocr_page ocr_carea ocr_par ocr_line ocrx_word'/>
</head>
<body>
  <div class='ocr_page' id='page_1' title='image "./collegiisalmant00carmgoog_0534.png"; bbox 0 0 3647 5753; ppageno 0'>
   <div class='ocr_carea' id='block_1_1' title="bbox 436 388 548 444">
    <p class='ocr_par' dir='ltr' id='par_1_1' title="bbox 436 388 548 444">
     <span class='ocr_line' id='line_1_1' title="bbox 436 388 548 444; baseline -0.009 0"><span class='ocrx_word' id='word_1_1' title='bbox 436 388 548 444; x_wconf 81' lang='lat'>512</span> 
     </span>
    </p>
   </div>
   <div class='ocr_carea' id='block_1_2' title="bbox 224 551 1821 4685">
    <p class='ocr_par' dir='ltr' id='par_1_2' title="bbox 437 551 1799 630">
     <span class='ocr_line' id='line_1_2' title="bbox 437 551 1799 630; baseline -0.006 -14"><span class='ocrx_word' id='word_1_2' title='bbox 437 559 641 630; x_wconf 86' lang='lat' dir='ltr'>seipso,</span> <span class='ocrx_word' id='word_1_3' title='bbox 695 556 939 630; x_wconf 87' lang='lat' dir='ltr'>aliisque</span> <span class='ocrx_word' id='word_1_4' title='bbox 983 555 1130 612; x_wconf 87' lang='lat' dir='ltr'>viris</span> <span class='ocrx_word' id='word_1_5' title='bbox 1175 553 1572 619; x_wconf 79' lang='lat' dir='ltr'>sanctissimiS,</span> <span class='ocrx_word' id='word_1_6' title='bbox 1603 551 1700 626; x_wconf 88' lang='lat' dir='ltr'>qui</span> <span class='ocrx_word' id='word_1_7' title='bbox 1737 553 1799 608; x_wconf 90' lang='lat' dir='ltr'>in</span> 
     </span>
    </p>

    <p class='ocr_par' dir='ltr' id='par_1_3' title="bbox 224 635 1814 3874">
     <span class='ocr_line' id='line_1_3' title="bbox 437 635 1172 712; baseline -0.004 -17"><span class='ocrx_word' id='word_1_8' title='bbox 437 644 584 695; x_wconf 85' lang='lat' dir='ltr'>statu</span> <span class='ocrx_word' id='word_1_9' title='bbox 611 637 813 712; x_wconf 82' lang='lat' dir='ltr'>gratiae</span> <span class='ocrx_word' id='word_1_10' title='bbox 832 635 1172 694; x_wconf 77' lang='lat' dir='ltr'>existebant.</span> 
     </span>
     <span class='ocr_line' id='line_1_4' title="bbox 224 712 1800 787; baseline -0.006 -9"><span class='ocrx_word' id='word_1_11' title='bbox 224 728 424 778; x_wconf 75' lang='lat' dir='ltr'>Imponat</span> <span class='ocrx_word' id='word_1_12' title='bbox 512 720 641 775; x_wconf 87' lang='lat'>300.</span> <span class='ocrx_word' id='word_1_13' title='bbox 687 718 840 774; x_wconf 83' lang='lat' dir='ltr'><strong>Sicut</strong></span> <span class='ocrx_word' id='word_1_14' title='bbox 869 722 1060 774; x_wconf 87' lang='lat' dir='ltr'>autem</span> <span class='ocrx_word' id='word_1_15' title='bbox 1106 719 1392 772; x_wconf 87' lang='lat' dir='ltr'>transacto</span> <span class='ocrx_word' id='word_1_16' title='bbox 1419 719 1543 772; x_wconf 89' lang='lat' dir='ltr'>actu</span> <span class='ocrx_word' id='word_1_17' title='bbox 1591 712 1800 787; x_wconf 88' lang='lat' dir='ltr'>peccati</span> 
     </span>
     <span class='ocr_line' id='line_1_5' title="bbox 228 784 1796 872; baseline -0.004 -16"><span class='ocrx_word' id='word_1_18' title='bbox 228 784 755 867; x_wconf 45' lang='lat' dir='ltr'>dgffga.mortaliss</span> <span class='ocrx_word' id='word_1_19' title='bbox 794 798 1145 872; x_wconf 82' lang='lat' dir='ltr'>relinquitur</span> <span class='ocrx_word' id='word_1_20' title='bbox 1214 796 1433 870; x_wconf 89' lang='lat' dir='ltr'>aliquid</span> <span class='ocrx_word' id='word_1_21' title='bbox 1485 794 1796 861; x_wconf 89' lang='lat' dir='ltr'>habituale,</span> 
     </span>
     <span class='ocr_line' id='line_1_6' title="bbox 249 874 1804 955; baseline -0.004 -17"><span class='ocrx_word' id='word_1_22' title='bbox 249 874 395 918; x_wconf 62' lang='lat' dir='ltr'>efflam-</span> <span class='ocrx_word' id='word_1_23' title='bbox 438 881 587 955; x_wconf 90' lang='lat' dir='ltr'>quod</span> <span class='ocrx_word' id='word_1_24' title='bbox 618 882 902 937; x_wconf 84' lang='lat' dir='ltr'><strong>maculam</strong></span> <span class='ocrx_word' id='word_1_25' title='bbox 926 879 1329 953; x_wconf 78' lang='lat' dir='ltr'>appellamus:</span> <span class='ocrx_word' id='word_1_26' title='bbox 1370 879 1447 935; x_wconf 88' lang='lat' dir='ltr'>ita</span> <span class='ocrx_word' id='word_1_27' title='bbox 1476 875 1804 950; x_wconf 87' lang='lat' dir='ltr'>proportio-</span> 
     </span>
     <span class='ocr_line' id='line_1_7' title="bbox 440 959 1797 1033; baseline -0.006 -12"><span class='ocrx_word' id='word_1_28' title='bbox 440 964 715 1021; x_wconf 91' lang='lat' dir='ltr'>nabiliter</span> <span class='ocrx_word' id='word_1_29' title='bbox 780 967 1067 1020; x_wconf 89' lang='lat' dir='ltr'>transacto</span> <span class='ocrx_word' id='word_1_30' title='bbox 1113 967 1238 1017; x_wconf 89' lang='lat' dir='ltr'>actu</span> <span class='ocrx_word' id='word_1_31' title='bbox 1282 962 1489 1033; x_wconf 88' lang='lat' dir='ltr'>peccati</span> <span class='ocrx_word' id='word_1_32' title='bbox 1530 959 1797 1023; x_wconf 86' lang='lat' dir='ltr'>venialis,</span> 
     </span>
     <span class='ocr_line' id='line_1_8' title="bbox 440 1041 1803 1119; baseline -0.007 -15"><span class='ocrx_word' id='word_1_33' title='bbox 440 1045 656 1119; x_wconf 88' lang='lat' dir='ltr'>aliquid</span> <span class='ocrx_word' id='word_1_34' title='bbox 703 1044 998 1101; x_wconf 88' lang='lat' dir='ltr'>habituale</span> <span class='ocrx_word' id='word_1_35' title='bbox 1049 1049 1397 1117; x_wconf 85' lang='lat' dir='ltr'>perseverat,</span> <span class='ocrx_word' id='word_1_36' title='bbox 1447 1041 1598 1115; x_wconf 93' lang='lat' dir='ltr'>quod</span> <span class='ocrx_word' id='word_1_37' title='bbox 1626 1043 1803 1096; x_wconf 90' lang='lat' dir='ltr'>etiam</span> 
     </span>
     <span class='ocr_line' id='line_1_9' title="bbox 435 1120 1804 1196; baseline -0.004 -14"><span class='ocrx_word' id='word_1_38' title='bbox 435 1142 708 1183; x_wconf 71' lang='lat' dir='ltr'>vocamus</span> <span class='ocrx_word' id='word_1_39' title='bbox 738 1125 1047 1190; x_wconf 86' lang='lat' dir='ltr'>maculam,</span> <span class='ocrx_word' id='word_1_40' title='bbox 1092 1140 1191 1180; x_wconf 93' lang='lat' dir='ltr'>seu</span> <span class='ocrx_word' id='word_1_41' title='bbox 1245 1128 1533 1196; x_wconf 90' lang='lat' dir='ltr'>peccatum</span> <span class='ocrx_word' id='word_1_42' title='bbox 1574 1120 1804 1177; x_wconf 84' lang='lat' dir='ltr'>veniale</span> 
     </span>
     <span class='ocr_line' id='line_1_10' title="bbox 438 1203 1804 1278; baseline -0.004 -15"><span class='ocrx_word' id='word_1_43' title='bbox 438 1206 749 1263; x_wconf 89' lang='lat' dir='ltr'>habituale.</span> <span class='ocrx_word' id='word_1_44' title='bbox 777 1208 846 1261; x_wconf 93' lang='lat' dir='ltr'>Et</span> <span class='ocrx_word' id='word_1_45' title='bbox 872 1203 1356 1278; x_wconf 83' lang='lat' dir='ltr'>quemadmodum</span> <span class='ocrx_word' id='word_1_46' title='bbox 1395 1203 1621 1259; x_wconf 89' lang='lat' dir='ltr'>macula</span> <span class='ocrx_word' id='word_1_47' title='bbox 1672 1216 1804 1274; x_wconf 91' lang='lat' dir='ltr'>pec-</span> 
     </span>
     <span class='ocr_line' id='line_1_11' title="bbox 437 1281 1804 1356; baseline -0.007 -12"><span class='ocrx_word' id='word_1_48' title='bbox 437 1289 545 1344; x_wconf 90' lang='lat' dir='ltr'>cati</span> <span class='ocrx_word' id='word_1_49' title='bbox 569 1285 833 1344; x_wconf 88' lang='lat' dir='ltr'>mortalis</span> <span class='ocrx_word' id='word_1_50' title='bbox 853 1283 1114 1343; x_wconf 87' lang='lat' dir='ltr'>consistit</span> <span class='ocrx_word' id='word_1_51' title='bbox 1147 1285 1211 1340; x_wconf 90' lang='lat' dir='ltr'>in</span> <span class='ocrx_word' id='word_1_52' title='bbox 1240 1283 1564 1356; x_wconf 90' lang='lat' dir='ltr'>privatione</span> <span class='ocrx_word' id='word_1_53' title='bbox 1604 1281 1804 1356; x_wconf 78' lang='lat' dir='ltr'>gratiss</span> 
     </span>
     <span class='ocr_line' id='line_1_12' title="bbox 436 1363 1805 1430; baseline -0.002 -9"><span class='ocrx_word' id='word_1_54' title='bbox 436 1364 862 1430; x_wconf 89' lang='lat' dir='ltr'>sanctificantis,</span> <span class='ocrx_word' id='word_1_55' title='bbox 895 1369 951 1421; x_wconf 91' lang='lat' dir='ltr'>et</span> <span class='ocrx_word' id='word_1_56' title='bbox 973 1363 1273 1420; x_wconf 88' lang='lat' dir='ltr'>hominem</span> <span class='ocrx_word' id='word_1_57' title='bbox 1297 1363 1637 1420; x_wconf 86' lang='lat' dir='ltr'>denominat</span> <span class='ocrx_word' id='word_1_58' title='bbox 1657 1363 1805 1418; x_wconf 89' lang='lat' dir='ltr'>sim-</span> 
     </span>
     <span class='ocr_line' id='line_1_13' title="bbox 439 1445 1803 1520; baseline -0.001 -18"><span class='ocrx_word' id='word_1_59' title='bbox 439 1447 663 1520; x_wconf 90' lang='lat' dir='ltr'>pliciter</span> <span class='ocrx_word' id='word_1_60' title='bbox 704 1449 1075 1517; x_wconf 88' lang='lat' dir='ltr'>peccatorem,</span> <span class='ocrx_word' id='word_1_61' title='bbox 1104 1451 1161 1501; x_wconf 88' lang='lat' dir='ltr'>et</span> <span class='ocrx_word' id='word_1_62' title='bbox 1188 1445 1492 1518; x_wconf 76' lang='lat' dir='ltr'>injustum,</span> <span class='ocrx_word' id='word_1_63' title='bbox 1538 1449 1601 1499; x_wconf 92' lang='lat' dir='ltr'>ut</span> <span class='ocrx_word' id='word_1_64' title='bbox 1627 1459 1803 1516; x_wconf 86' lang='lat' dir='ltr'>expo-</span> 
     </span>
     <span class='ocr_line' id='line_1_14' title="bbox 437 1524 1802 1599; baseline -0.002 -16"><span class='ocrx_word' id='word_1_65' title='bbox 437 1528 660 1583; x_wconf 90' lang='lat' dir='ltr'>suimus</span> <span class='ocrx_word' id='word_1_66' title='bbox 699 1527 839 1599; x_wconf 77' lang='lat' dir='ltr'>disp.</span> <span class='ocrx_word' id='word_1_67' title='bbox 896 1527 941 1591; x_wconf 90' lang='lat'>1,</span> <span class='ocrx_word' id='word_1_68' title='bbox 971 1525 1100 1581; x_wconf 85' lang='lat' dir='ltr'>dub.</span> <span class='ocrx_word' id='word_1_69' title='bbox 1136 1527 1181 1589; x_wconf 89' lang='lat' dir='ltr'>l,</span> <span class='ocrx_word' id='word_1_70' title='bbox 1215 1526 1294 1581; x_wconf 88' lang='lat' dir='ltr'>ita</span> <span class='ocrx_word' id='word_1_71' title='bbox 1341 1524 1567 1581; x_wconf 89' lang='lat' dir='ltr'>macula</span> <span class='ocrx_word' id='word_1_72' title='bbox 1598 1524 1802 1596; x_wconf 89' lang='lat' dir='ltr'>peccati</span> 
     </span>
     <span class='ocr_line' id='line_1_15' title="bbox 437 1606 1801 1671; baseline -0.002 -7"><span class='ocrx_word' id='word_1_73' title='bbox 437 1608 684 1665; x_wconf 82' lang='lat' dir='ltr'>venialis</span> <span class='ocrx_word' id='word_1_74' title='bbox 711 1607 968 1663; x_wconf 83' lang='lat' dir='ltr'>consistit</span> <span class='ocrx_word' id='word_1_75' title='bbox 1012 1606 1075 1668; x_wconf 90' lang='lat' dir='ltr'>in</span> <span class='ocrx_word' id='word_1_76' title='bbox 1110 1606 1367 1662; x_wconf 90' lang='lat' dir='ltr'>carentia</span> <span class='ocrx_word' id='word_1_77' title='bbox 1405 1606 1666 1671; x_wconf 77' lang='lat' dir='ltr'>fervoriS,</span> <span class='ocrx_word' id='word_1_78' title='bbox 1705 1621 1801 1661; x_wconf 90' lang='lat' dir='ltr'>seu</span> 
     </span>
     <span class='ocr_line' id='line_1_16' title="bbox 439 1688 1805 1763; baseline -0.004 -16"><span class='ocrx_word' id='word_1_79' title='bbox 439 1691 646 1747; x_wconf 88' lang='lat' dir='ltr'>nitoris</span> <span class='ocrx_word' id='word_1_80' title='bbox 671 1689 889 1763; x_wconf 75' lang='lat' dir='ltr'>gratiae,</span> <span class='ocrx_word' id='word_1_81' title='bbox 939 1695 994 1744; x_wconf 91' lang='lat' dir='ltr'>et</span> <span class='ocrx_word' id='word_1_82' title='bbox 1034 1688 1334 1745; x_wconf 90' lang='lat' dir='ltr'>homiuem</span> <span class='ocrx_word' id='word_1_83' title='bbox 1362 1689 1530 1759; x_wconf 89' lang='lat' dir='ltr'>(alias</span> <span class='ocrx_word' id='word_1_84' title='bbox 1563 1689 1805 1762; x_wconf 84' lang='lat' dir='ltr'>justum)</span> 
     </span>
     <span class='ocr_line' id='line_1_17' title="bbox 440 1769 1806 1841; baseline -0.003 -14"><span class='ocrx_word' id='word_1_85' title='bbox 440 1771 779 1829; x_wconf 87' lang='lat' dir='ltr'>denominat</span> <span class='ocrx_word' id='word_1_86' title='bbox 823 1769 1098 1841; x_wconf 89' lang='lat' dir='ltr'>tepidum,</span> <span class='ocrx_word' id='word_1_87' title='bbox 1138 1775 1194 1826; x_wconf 90' lang='lat' dir='ltr'>et</span> <span class='ocrx_word' id='word_1_88' title='bbox 1231 1769 1527 1826; x_wconf 90' lang='lat' dir='ltr'>sordidum</span> <span class='ocrx_word' id='word_1_89' title='bbox 1581 1769 1806 1826; x_wconf 89' lang='lat' dir='ltr'>macula</span> 
     </span>
     <span class='ocr_line' id='line_1_18' title="bbox 440 1848 1804 1923; baseline -0.003 -15"><span class='ocrx_word' id='word_1_90' title='bbox 440 1850 751 1909; x_wconf 88' lang='lat' dir='ltr'>secundum</span> <span class='ocrx_word' id='word_1_91' title='bbox 774 1848 928 1923; x_wconf 91' lang='lat' dir='ltr'>quid.</span> <span class='ocrx_word' id='word_1_92' title='bbox 963 1852 1147 1914; x_wconf 87' lang='lat' dir='ltr'>Quam</span> <span class='ocrx_word' id='word_1_93' title='bbox 1172 1851 1459 1906; x_wconf 82' lang='lat' dir='ltr'>maculam</span> <span class='ocrx_word' id='word_1_94' title='bbox 1502 1864 1574 1905; x_wconf 90' lang='lat' dir='ltr'>ex</span> <span class='ocrx_word' id='word_1_95' title='bbox 1603 1849 1804 1906; x_wconf 80' lang='lat' dir='ltr'>venia-</span> 
     </span>
     <span class='ocr_line' id='line_1_19' title="bbox 441 1927 1803 2004; baseline -0.003 -17"><span class='ocrx_word' id='word_1_96' title='bbox 441 1930 593 1987; x_wconf 90' lang='lat' dir='ltr'>libus</span> <span class='ocrx_word' id='word_1_97' title='bbox 633 1930 907 2004; x_wconf 86' lang='lat' dir='ltr'>relinqui,</span> <span class='ocrx_word' id='word_1_98' title='bbox 953 1934 1008 1985; x_wconf 90' lang='lat' dir='ltr'>et</span> <span class='ocrx_word' id='word_1_99' title='bbox 1050 1945 1166 1986; x_wconf 92' lang='lat' dir='ltr'>non</span> <span class='ocrx_word' id='word_1_100' title='bbox 1209 1930 1439 2001; x_wconf 82' lang='lat' dir='ltr'>praecise</span> <span class='ocrx_word' id='word_1_101' title='bbox 1482 1932 1704 1985; x_wconf 88' lang='lat' dir='ltr'>reatum</span> <span class='ocrx_word' id='word_1_102' title='bbox 1734 1927 1803 1984; x_wconf 91' lang='lat' dir='ltr'>ad</span> 
     </span>
     <span class='ocr_line' id='line_1_20' title="bbox 443 2010 1805 2086; baseline -0.002 -16"><span class='ocrx_word' id='word_1_103' title='bbox 443 2030 691 2086; x_wconf 64' lang='lat' dir='ltr'>posnam,</span> <span class='ocrx_word' id='word_1_104' title='bbox 726 2019 786 2069; x_wconf 91' lang='lat' dir='ltr'>ut</span> <span class='ocrx_word' id='word_1_105' title='bbox 812 2010 1046 2085; x_wconf 90' lang='lat' dir='ltr'>quidam</span> <span class='ocrx_word' id='word_1_106' title='bbox 1076 2012 1372 2069; x_wconf 89' lang='lat' dir='ltr'>immerito</span> <span class='ocrx_word' id='word_1_107' title='bbox 1402 2018 1696 2085; x_wconf 89' lang='lat' dir='ltr'>putarunt,</span> <span class='ocrx_word' id='word_1_108' title='bbox 1722 2012 1805 2067; x_wconf 90' lang='lat' dir='ltr'>si-</span> 
     </span>
     <span class='ocr_line' id='line_1_21' title="bbox 234 2093 1799 2185; baseline -0.001 -34"><span class='ocrx_word' id='word_1_109' title='bbox 234 2095 255 2134; x_wconf 89' lang='lat'><strong>1</strong></span> <span class='ocrx_word' id='word_1_110' title='bbox 274 2093 397 2185; x_wconf 65' lang='lat' dir='ltr'>‘&#39;f-&#39;3³¹¹‘</span> <span class='ocrx_word' id='word_1_111' title='bbox 440 2093 748 2169; x_wconf 86' lang='lat' dir='ltr'>gnificatur</span> <span class='ocrx_word' id='word_1_112' title='bbox 786 2094 927 2150; x_wconf 88' lang='lat' dir='ltr'>satis</span> <span class='ocrx_word' id='word_1_113' title='bbox 948 2100 1140 2170; x_wconf 85' lang='lat' dir='ltr'>aperte</span> <span class='ocrx_word' id='word_1_114' title='bbox 1171 2095 1229 2149; x_wconf 92' lang='lat' dir='ltr'>in</span> <span class='ocrx_word' id='word_1_115' title='bbox 1259 2093 1553 2166; x_wconf 86' lang='lat' dir='ltr'>Scriptura</span> <span class='ocrx_word' id='word_1_116' title='bbox 1582 2097 1599 2149; x_wconf 92' lang='lat' dir='ltr'>l</span> <span class='ocrx_word' id='word_1_117' title='bbox 1636 2097 1799 2149; x_wconf 80' lang='lat' dir='ltr'>Joan.</span> 
     </span>
     <span class='ocr_line' id='line_1_22' title="bbox 347 2175 1807 2249; baseline -0.002 -18"><span class='ocrx_word' id='word_1_118' title='bbox 347 2175 356 2183; x_wconf 86' lang='lat'>&#39;</span> <span class='ocrx_word' id='word_1_119' title='bbox 450 2178 513 2232; x_wconf 86' lang='lat'>13</span> <span class='ocrx_word' id='word_1_120' title='bbox 543 2197 554 2231; x_wconf 94' lang='lat'><strong>:</strong></span> <span class='ocrx_word' id='word_1_121' title='bbox 582 2175 692 2249; x_wconf 76' lang='lat' dir='ltr'>Qui</span> <span class='ocrx_word' id='word_1_122' title='bbox 717 2177 858 2231; x_wconf 82' lang='lat' dir='ltr'>lotus</span> <span class='ocrx_word' id='word_1_123' title='bbox 880 2183 974 2242; x_wconf 85' lang='lat' dir='ltr'>est,</span> <span class='ocrx_word' id='word_1_124' title='bbox 1025 2193 1134 2231; x_wconf 79' lang='lat' dir='ltr'>non</span> <span class='ocrx_word' id='word_1_125' title='bbox 1162 2176 1382 2244; x_wconf 73' lang='lat' dir='ltr'>indiyet,</span> <span class='ocrx_word' id='word_1_126' title='bbox 1427 2176 1540 2230; x_wconf 76' lang='lat' dir='ltr'>nisi</span> <span class='ocrx_word' id='word_1_127' title='bbox 1566 2184 1626 2230; x_wconf 79' lang='lat' dir='ltr'>ut</span> <span class='ocrx_word' id='word_1_128' title='bbox 1652 2175 1807 2247; x_wconf 67' lang='lat' dir='ltr'>pedes</span> 
     </span>
     <span class='ocr_line' id='line_1_23' title="bbox 443 2257 1806 2332; baseline 0 -20"><span class='ocrx_word' id='word_1_129' title='bbox 443 2258 584 2313; x_wconf 79' lang='lat' dir='ltr'>lavet</span> <span class='ocrx_word' id='word_1_130' title='bbox 636 2277 654 2312; x_wconf 92' lang='lat'>.·</span> <span class='ocrx_word' id='word_1_131' title='bbox 720 2257 818 2313; x_wconf 92' lang='lat' dir='ltr'>ubi</span> <span class='ocrx_word' id='word_1_132' title='bbox 861 2260 1211 2332; x_wconf 84' lang='lat' dir='ltr'>exprimitur</span> <span class='ocrx_word' id='word_1_133' title='bbox 1236 2300 1248 2322; x_wconf 93' lang='lat'>,</span> <span class='ocrx_word' id='word_1_134' title='bbox 1303 2273 1408 2312; x_wconf 91' lang='lat' dir='ltr'>nos</span> <span class='ocrx_word' id='word_1_135' title='bbox 1468 2257 1806 2330; x_wconf 90' lang='lat' dir='ltr'>quandoque</span> 
     </span>
     <span class='ocr_line' id='line_1_24' title="bbox 441 2338 1806 2418; baseline -0.002 -22"><span class='ocrx_word' id='word_1_136' title='bbox 441 2339 713 2396; x_wconf 90' lang='lat' dir='ltr'>mundari</span> <span class='ocrx_word' id='word_1_137' title='bbox 752 2357 783 2395; x_wconf 87' lang='lat' dir='ltr'>a</span> <span class='ocrx_word' id='word_1_138' title='bbox 812 2342 1049 2412; x_wconf 84' lang='lat' dir='ltr'>peccatis</span> <span class='ocrx_word' id='word_1_139' title='bbox 1091 2338 1419 2396; x_wconf 88' lang='lat' dir='ltr'>venialibus</span> <span class='ocrx_word' id='word_1_140' title='bbox 1451 2364 1464 2407; x_wconf 91' lang='lat'>;</span> <span class='ocrx_word' id='word_1_141' title='bbox 1512 2339 1659 2413; x_wconf 87' lang='lat' dir='ltr'>quod</span> <span class='ocrx_word' id='word_1_142' title='bbox 1688 2353 1806 2418; x_wconf 89' lang='lat' dir='ltr'>non</span> 
     </span>
     <span class='ocr_line' id='line_1_25' title="bbox 442 2420 1805 2494; baseline -0.002 -16"><span class='ocrx_word' id='word_1_143' title='bbox 442 2420 855 2487; x_wconf 83' lang='lat' dir='ltr'>verificaretur,</span> <span class='ocrx_word' id='word_1_144' title='bbox 886 2423 998 2477; x_wconf 88' lang='lat' dir='ltr'>nisi</span> <span class='ocrx_word' id='word_1_145' title='bbox 1033 2422 1291 2478; x_wconf 85' lang='lat' dir='ltr'>venialia</span> <span class='ocrx_word' id='word_1_146' title='bbox 1324 2423 1578 2494; x_wconf 86' lang='lat' dir='ltr'>aliquam</span> <span class='ocrx_word' id='word_1_147' title='bbox 1608 2436 1805 2476; x_wconf 89' lang='lat' dir='ltr'>macu-</span> 
     </span>
     <span class='ocr_line' id='line_1_26' title="bbox 232 2499 1801 2574; baseline -0.001 -17"><span class='ocrx_word' id='word_1_148' title='bbox 232 2499 563 2557; x_wconf 46' lang='lat' dir='ltr'>Ephe-&amp;lam</span> <span class='ocrx_word' id='word_1_149' title='bbox 593 2501 1009 2572; x_wconf 87' lang='lat' dir='ltr'>relinquerent.</span> <span class='ocrx_word' id='word_1_150' title='bbox 1042 2504 1107 2556; x_wconf 86' lang='lat' dir='ltr'>Et</span> <span class='ocrx_word' id='word_1_151' title='bbox 1153 2502 1227 2555; x_wconf 85' lang='lat' dir='ltr'>ad</span> <span class='ocrx_word' id='word_1_152' title='bbox 1260 2501 1457 2574; x_wconf 79' lang='lat' dir='ltr'>Ephes.</span> <span class='ocrx_word' id='word_1_153' title='bbox 1484 2504 1538 2566; x_wconf 80' lang='lat'>5,</span> <span class='ocrx_word' id='word_1_154' title='bbox 1571 2500 1801 2566; x_wconf 89' lang='lat' dir='ltr'>dicitur,</span> 
     </span>
     <span class='ocr_line' id='line_1_27' title="bbox 444 2579 1805 2654; baseline 0.001 -19"><span class='ocrx_word' id='word_1_155' title='bbox 444 2579 593 2654; x_wconf 91' lang='lat' dir='ltr'>quod</span> <span class='ocrx_word' id='word_1_156' title='bbox 617 2582 874 2637; x_wconf 90' lang='lat' dir='ltr'>Christus</span> <span class='ocrx_word' id='word_1_157' title='bbox 895 2580 1190 2638; x_wconf 88' lang='lat' dir='ltr'>exhibebit</span> <span class='ocrx_word' id='word_1_158' title='bbox 1210 2580 1319 2637; x_wconf 89' lang='lat' dir='ltr'>sibi</span> <span class='ocrx_word' id='word_1_159' title='bbox 1343 2582 1652 2638; x_wconf 86' lang='lat' dir='ltr'>Ecclesiam</span> <span class='ocrx_word' id='word_1_160' title='bbox 1680 2581 1805 2654; x_wconf 89' lang='lat' dir='ltr'>glo-</span> 
     </span>
     <span class='ocr_line' id='line_1_28' title="bbox 449 2661 1804 2730; baseline -0.002 -14"><span class='ocrx_word' id='word_1_161' title='bbox 449 2661 686 2726; x_wconf 85' lang='lat' dir='ltr'>riosam,</span> <span class='ocrx_word' id='word_1_162' title='bbox 708 2678 816 2715; x_wconf 78' lang='lat' dir='ltr'>non</span> <span class='ocrx_word' id='word_1_163' title='bbox 841 2661 1121 2716; x_wconf 76' lang='lat' dir='ltr'>habentem</span> <span class='ocrx_word' id='word_1_164' title='bbox 1138 2663 1436 2725; x_wconf 78' lang='lat' dir='ltr'>maculam,</span> <span class='ocrx_word' id='word_1_165' title='bbox 1463 2668 1563 2715; x_wconf 81' lang='lat' dir='ltr'>aut</span> <span class='ocrx_word' id='word_1_166' title='bbox 1582 2677 1804 2730; x_wconf 75' lang='lat' dir='ltr'>ruyam.</span> 
     </span>
     <span class='ocr_line' id='line_1_29' title="bbox 236 2741 1804 2815; baseline 0.001 -19"><span class='ocrx_word' id='word_1_167' title='bbox 236 2747 289 2789; x_wconf 86' lang='lat' dir='ltr'>D.</span> <span class='ocrx_word' id='word_1_168' title='bbox 311 2745 413 2796; x_wconf 77' lang='lat' dir='ltr'>Aug.</span> <span class='ocrx_word' id='word_1_169' title='bbox 448 2741 608 2806; x_wconf 91' lang='lat' dir='ltr'>Quod</span> <span class='ocrx_word' id='word_1_170' title='bbox 635 2743 699 2796; x_wconf 88' lang='lat' dir='ltr'>D.</span> <span class='ocrx_word' id='word_1_171' title='bbox 722 2743 955 2814; x_wconf 82' lang='lat' dir='ltr'>August.</span> <span class='ocrx_word' id='word_1_172' title='bbox 980 2743 1070 2798; x_wconf 79' lang='lat' dir='ltr'>lib.</span> <span class='ocrx_word' id='word_1_173' title='bbox 1099 2743 1161 2797; x_wconf 85' lang='lat' dir='ltr'>de</span> <span class='ocrx_word' id='word_1_174' title='bbox 1178 2743 1400 2814; x_wconf 81' lang='lat' dir='ltr'>perfect.</span> <span class='ocrx_word' id='word_1_175' title='bbox 1417 2745 1664 2815; x_wconf 67' lang='lat' dir='ltr'>justit-iae,</span> <span class='ocrx_word' id='word_1_176' title='bbox 1680 2759 1804 2814; x_wconf 81' lang='lat' dir='ltr'>cap.</span> 
     </span>
     <span class='ocr_line' id='line_1_30' title="bbox 456 2821 1806 2895; baseline 0.001 -19"><span class='ocrx_word' id='word_1_177' title='bbox 456 2823 538 2889; x_wconf 80' lang='lat'>15,</span> <span class='ocrx_word' id='word_1_178' title='bbox 570 2830 617 2876; x_wconf 79' lang='lat' dir='ltr'>et</span> <span class='ocrx_word' id='word_1_179' title='bbox 643 2824 797 2895; x_wconf 78' lang='lat' dir='ltr'>epist.</span> <span class='ocrx_word' id='word_1_180' title='bbox 824 2824 914 2888; x_wconf 85' lang='lat'>57,</span> <span class='ocrx_word' id='word_1_181' title='bbox 942 2823 1145 2880; x_wconf 86' lang='lat' dir='ltr'>asserit</span> <span class='ocrx_word' id='word_1_182' title='bbox 1168 2838 1284 2880; x_wconf 87' lang='lat' dir='ltr'>non</span> <span class='ocrx_word' id='word_1_183' title='bbox 1313 2824 1376 2880; x_wconf 88' lang='lat' dir='ltr'>in</span> <span class='ocrx_word' id='word_1_184' title='bbox 1420 2825 1523 2880; x_wconf 89' lang='lat' dir='ltr'>hac</span> <span class='ocrx_word' id='word_1_185' title='bbox 1545 2824 1683 2894; x_wconf 91' lang='lat' dir='ltr'>vita,</span> <span class='ocrx_word' id='word_1_186' title='bbox 1709 2821 1806 2881; x_wconf 89' lang='lat' dir='ltr'>sed</span> 
     </span>
     <span class='ocr_line' id='line_1_31' title="bbox 450 2904 1808 2980; baseline 0.004 -22"><span class='ocrx_word' id='word_1_187' title='bbox 450 2905 513 2959; x_wconf 90' lang='lat' dir='ltr'>in</span> <span class='ocrx_word' id='word_1_188' title='bbox 537 2904 729 2960; x_wconf 87' lang='lat' dir='ltr'>futura</span> <span class='ocrx_word' id='word_1_189' title='bbox 762 2904 1070 2962; x_wconf 85' lang='lat' dir='ltr'>verificari.</span> <span class='ocrx_word' id='word_1_190' title='bbox 1110 2905 1269 2961; x_wconf 86' lang='lat' dir='ltr'>Unde</span> <span class='ocrx_word' id='word_1_191' title='bbox 1292 2907 1537 2963; x_wconf 86' lang='lat' dir='ltr'>Ecclesia</span> <span class='ocrx_word' id='word_1_192' title='bbox 1565 2907 1634 2963; x_wconf 90' lang='lat' dir='ltr'>de</span> <span class='ocrx_word' id='word_1_193' title='bbox 1659 2923 1808 2980; x_wconf 69' lang='lat' dir='ltr'>prae-</span> 
     </span>
     <span class='ocr_line' id='line_1_32' title="bbox 450 2982 1802 3053; baseline 0.003 -14"><span class='ocrx_word' id='word_1_194' title='bbox 450 2985 596 3041; x_wconf 87' lang='lat' dir='ltr'>senti</span> <span class='ocrx_word' id='word_1_195' title='bbox 639 2982 808 3040; x_wconf 87' lang='lat' dir='ltr'>habet</span> <span class='ocrx_word' id='word_1_196' title='bbox 833 2985 1007 3042; x_wconf 92' lang='lat' dir='ltr'>etiam</span> <span class='ocrx_word' id='word_1_197' title='bbox 1040 2986 1102 3042; x_wconf 90' lang='lat' dir='ltr'>in</span> <span class='ocrx_word' id='word_1_198' title='bbox 1128 2989 1304 3042; x_wconf 81' lang='lat' dir='ltr'>Justis</span> <span class='ocrx_word' id='word_1_199' title='bbox 1347 3004 1479 3042; x_wconf 91' lang='lat' dir='ltr'>suas</span> <span class='ocrx_word' id='word_1_200' title='bbox 1530 2989 1802 3053; x_wconf 87' lang='lat' dir='ltr'>maculas,</span> 
     </span>
     <span class='ocr_line' id='line_1_33' title="bbox 451 3063 1809 3142; baseline 0.004 -24"><span class='ocrx_word' id='word_1_201' title='bbox 451 3063 713 3121; x_wconf 79' lang='lat' dir='ltr'>videlicet</span> <span class='ocrx_word' id='word_1_202' title='bbox 764 3065 958 3137; x_wconf 86' lang='lat' dir='ltr'>culpas</span> <span class='ocrx_word' id='word_1_203' title='bbox 1005 3068 1176 3122; x_wconf 80' lang='lat' dir='ltr'>leves,</span> <span class='ocrx_word' id='word_1_204' title='bbox 1211 3067 1479 3140; x_wconf 88' lang='lat' dir='ltr'>Idemque</span> <span class='ocrx_word' id='word_1_205' title='bbox 1525 3066 1809 3142; x_wconf 85' lang='lat' dir='ltr'>significat</span> 
     </span>
     <span class='ocr_line' id='line_1_34' title="bbox 451 3145 1809 3220; baseline 0.001 -20"><span class='ocrx_word' id='word_1_206' title='bbox 451 3147 511 3208; x_wconf 89' lang='lat' dir='ltr'>D,</span> <span class='ocrx_word' id='word_1_207' title='bbox 542 3146 705 3201; x_wconf 86' lang='lat' dir='ltr'>Joan.</span> <span class='ocrx_word' id='word_1_208' title='bbox 733 3145 854 3202; x_wconf 89' lang='lat' dir='ltr'>loco</span> <span class='ocrx_word' id='word_1_209' title='bbox 874 3146 1062 3211; x_wconf 88' lang='lat' dir='ltr'>citato,</span> <span class='ocrx_word' id='word_1_210' title='bbox 1095 3146 1192 3202; x_wconf 91' lang='lat' dir='ltr'>ubi</span> <span class='ocrx_word' id='word_1_211' title='bbox 1226 3148 1459 3220; x_wconf 86' lang='lat' dir='ltr'>loquens</span> <span class='ocrx_word' id='word_1_212' title='bbox 1481 3146 1550 3203; x_wconf 93' lang='lat' dir='ltr'>de</span> <span class='ocrx_word' id='word_1_213' title='bbox 1572 3148 1809 3220; x_wconf 91' lang='lat' dir='ltr'>peccatis</span> 
     </span>
     <span class='ocr_line' id='line_1_35' title="bbox 452 3223 1811 3298; baseline 0.001 -19"><span class='ocrx_word' id='word_1_214' title='bbox 452 3223 792 3294; x_wconf 74' lang='lat' dir='ltr'>venialibuS,</span> <span class='ocrx_word' id='word_1_215' title='bbox 819 3225 1040 3298; x_wconf 88' lang='lat' dir='ltr'>inquit:</span> <span class='ocrx_word' id='word_1_216' title='bbox 1083 3225 1152 3283; x_wconf 82' lang='lat' dir='ltr'>Ut</span> <span class='ocrx_word' id='word_1_217' title='bbox 1173 3228 1419 3282; x_wconf 81' lang='lat' dir='ltr'>emundet</span> <span class='ocrx_word' id='word_1_218' title='bbox 1441 3245 1539 3283; x_wconf 83' lang='lat' dir='ltr'>nos</span> <span class='ocrx_word' id='word_1_219' title='bbox 1564 3228 1632 3282; x_wconf 82' lang='lat' dir='ltr'>ab</span> <span class='ocrx_word' id='word_1_220' title='bbox 1659 3230 1811 3282; x_wconf 82' lang='lat' dir='ltr'>omni</span> 
     </span>
     <span class='ocr_line' id='line_1_36' title="bbox 452 3307 1804 3383; baseline 0.001 -23"><span class='ocrx_word' id='word_1_221' title='bbox 452 3308 760 3383; x_wconf 80' lang='lat' dir='ltr'>iniquita-tc,</span> <span class='ocrx_word' id='word_1_222' title='bbox 812 3312 916 3363; x_wconf 90' lang='lat' dir='ltr'>etc.</span> <span class='ocrx_word' id='word_1_223' title='bbox 951 3323 1089 3363; x_wconf 86' lang='lat' dir='ltr'>nam</span> <span class='ocrx_word' id='word_1_224' title='bbox 1115 3308 1212 3380; x_wconf 85' lang='lat' dir='ltr'>qui</span> <span class='ocrx_word' id='word_1_225' title='bbox 1244 3307 1517 3364; x_wconf 86' lang='lat' dir='ltr'>mundari</span> <span class='ocrx_word' id='word_1_226' title='bbox 1567 3307 1804 3382; x_wconf 81' lang='lat' dir='ltr'>indiget,</span> 
     </span>
     <span class='ocr_line' id='line_1_37' title="bbox 453 3388 1811 3461; baseline 0.001 -17"><span class='ocrx_word' id='word_1_227' title='bbox 453 3388 809 3455; x_wconf 79' lang='lat' dir='ltr'>immunduS,</span> <span class='ocrx_word' id='word_1_228' title='bbox 840 3396 895 3445; x_wconf 89' lang='lat' dir='ltr'>et</span> <span class='ocrx_word' id='word_1_229' title='bbox 919 3392 1235 3446; x_wconf 87' lang='lat' dir='ltr'>maculatus</span> <span class='ocrx_word' id='word_1_230' title='bbox 1256 3391 1468 3447; x_wconf 84' lang='lat' dir='ltr'>existit.</span> <span class='ocrx_word' id='word_1_231' title='bbox 1494 3393 1560 3445; x_wconf 82' lang='lat' dir='ltr'>Et</span> <span class='ocrx_word' id='word_1_232' title='bbox 1585 3392 1811 3461; x_wconf 73' lang='lat' dir='ltr'>sanquis</span> 
     </span>
     <span class='ocr_line' id='line_1_38' title="bbox 454 3470 1804 3548; baseline 0.001 -21"><span class='ocrx_word' id='word_1_233' title='bbox 454 3470 581 3547; x_wconf 80' lang='lat' dir='ltr'>Jesu</span> <span class='ocrx_word' id='word_1_234' title='bbox 612 3470 827 3528; x_wconf 81' lang='lat' dir='ltr'>Christi</span> <span class='ocrx_word' id='word_1_235' title='bbox 853 3473 1112 3527; x_wconf 82' lang='lat' dir='ltr'>emundat</span> <span class='ocrx_word' id='word_1_236' title='bbox 1160 3490 1257 3528; x_wconf 78' lang='lat' dir='ltr'>nos</span> <span class='ocrx_word' id='word_1_237' title='bbox 1283 3474 1352 3528; x_wconf 86' lang='lat' dir='ltr'>ab</span> <span class='ocrx_word' id='word_1_238' title='bbox 1380 3476 1531 3529; x_wconf 81' lang='lat' dir='ltr'>omni</span> <span class='ocrx_word' id='word_1_239' title='bbox 1569 3481 1804 3548; x_wconf 73' lang='lat' dir='ltr'>peccate,</span> 
     </span>
     <span class='ocr_line' id='line_1_39' title="bbox 454 3553 1813 3627; baseline 0.004 -20"><span class='ocrx_word' id='word_1_240' title='bbox 454 3553 651 3624; x_wconf 88' lang='lat' dir='ltr'>utique</span> <span class='ocrx_word' id='word_1_241' title='bbox 666 3553 917 3618; x_wconf 87' lang='lat' dir='ltr'>mortali,</span> <span class='ocrx_word' id='word_1_242' title='bbox 939 3560 995 3609; x_wconf 89' lang='lat' dir='ltr'>et</span> <span class='ocrx_word' id='word_1_243' title='bbox 1007 3554 1240 3609; x_wconf 87' lang='lat' dir='ltr'>veniali.</span> <span class='ocrx_word' id='word_1_244' title='bbox 1261 3555 1813 3627; x_wconf 89' lang='lat' dir='ltr'>Atqueideoutrum-</span> 
     </span>
     <span class='ocr_line' id='line_1_40' title="bbox 426 3635 1811 3709; baseline 0.003 -20"><span class='ocrx_word' id='word_1_245' title='bbox 426 3651 563 3707; x_wconf 19' lang='lat' dir='ltr'>,que</span> <span class='ocrx_word' id='word_1_246' title='bbox 598 3635 749 3703; x_wconf 88' lang='lat' dir='ltr'>licet,</span> <span class='ocrx_word' id='word_1_247' title='bbox 792 3635 1199 3701; x_wconf 89' lang='lat' dir='ltr'>diversimode,</span> <span class='ocrx_word' id='word_1_248' title='bbox 1231 3639 1392 3709; x_wconf 87' lang='lat' dir='ltr'>ponit</span> <span class='ocrx_word' id='word_1_249' title='bbox 1418 3639 1705 3694; x_wconf 88' lang='lat' dir='ltr'>maculam</span> <span class='ocrx_word' id='word_1_250' title='bbox 1749 3639 1811 3693; x_wconf 90' lang='lat' dir='ltr'>in</span> 
     </span>
     <span class='ocr_line' id='line_1_41' title="bbox 262 3715 1809 3791; baseline 0.001 -20"><span class='ocrx_word' id='word_1_251' title='bbox 262 3722 425 3764; x_wconf 77' lang='lat' dir='ltr'>valent.</span> <span class='ocrx_word' id='word_1_252' title='bbox 459 3715 717 3772; x_wconf 90' lang='lat' dir='ltr'>homine.</span> <span class='ocrx_word' id='word_1_253' title='bbox 743 3716 1021 3773; x_wconf 89' lang='lat' dir='ltr'>Videatur</span> <span class='ocrx_word' id='word_1_254' title='bbox 1063 3718 1328 3774; x_wconf 88' lang='lat' dir='ltr'>Valentia</span> <span class='ocrx_word' id='word_1_255' title='bbox 1349 3726 1477 3775; x_wconf 79' lang='lat' dir='ltr'>tom.</span> <span class='ocrx_word' id='word_1_256' title='bbox 1504 3720 1558 3785; x_wconf 85' lang='lat'>3,</span> <span class='ocrx_word' id='word_1_257' title='bbox 1584 3721 1726 3791; x_wconf 79' lang='lat' dir='ltr'>disp.</span> <span class='ocrx_word' id='word_1_258' title='bbox 1756 3721 1809 3787; x_wconf 85' lang='lat'>6,</span> 
     </span>
     <span class='ocr_line' id='line_1_42' title="bbox 333 3797 1814 3874; baseline 0.003 -22"><span class='ocrx_word' id='word_1_259' title='bbox 333 3812 336 3815; x_wconf 67' lang='grc'><strong><em>’</em></strong></span> <span class='ocrx_word' id='word_1_260' title='bbox 459 3805 641 3874; x_wconf 75' lang='lat' dir='ltr'>quaest.</span> <span class='ocrx_word' id='word_1_261' title='bbox 668 3800 712 3864; x_wconf 89' lang='lat' dir='ltr'>l,</span> <span class='ocrx_word' id='word_1_262' title='bbox 738 3804 931 3870; x_wconf 82' lang='lat' dir='ltr'>punct.</span> <span class='ocrx_word' id='word_1_263' title='bbox 964 3799 1007 3862; x_wconf 91' lang='lat' dir='ltr'>l,</span> <span class='ocrx_word' id='word_1_264' title='bbox 1038 3797 1132 3854; x_wconf 90' lang='lat' dir='ltr'>ubi</span> <span class='ocrx_word' id='word_1_265' title='bbox 1151 3798 1298 3854; x_wconf 89' lang='lat' dir='ltr'>hanc</span> <span class='ocrx_word' id='word_1_266' title='bbox 1318 3798 1639 3856; x_wconf 87' lang='lat' dir='ltr'>doctrinam</span> <span class='ocrx_word' id='word_1_267' title='bbox 1670 3800 1814 3856; x_wconf 90' lang='lat' dir='ltr'>bene</span> 
     </span>
    </p>

    <p class='ocr_par' dir='ltr' id='par_1_4' title="bbox 460 3876 779 3934">
     <span class='ocr_line' id='line_1_43' title="bbox 460 3876 779 3934; baseline 0 0"><span class='ocrx_word' id='word_1_268' title='bbox 460 3876 779 3934; x_wconf 86' lang='lat' dir='ltr'>confirmat.</span> 
     </span>
    </p>

    <p class='ocr_par' dir='ltr' id='par_1_5' title="bbox 252 3958 1821 4685">
     <span class='ocr_line' id='line_1_44' title="bbox 276 3958 1813 4027; baseline 0.005 -18"><span class='ocrx_word' id='word_1_269' title='bbox 276 3969 423 4027; x_wconf 82' lang='lat' dir='ltr'>1nquo</span> <span class='ocrx_word' id='word_1_270' title='bbox 535 3959 662 4013; x_wconf 92' lang='lat' dir='ltr'>30l.</span> <span class='ocrx_word' id='word_1_271' title='bbox 707 3958 1026 4015; x_wconf 76' lang='lat' dir='ltr'>consistere</span> <span class='ocrx_word' id='word_1_272' title='bbox 1054 3963 1242 4014; x_wconf 86' lang='lat' dir='ltr'>autem</span> <span class='ocrx_word' id='word_1_273' title='bbox 1266 3958 1412 4015; x_wconf 89' lang='lat' dir='ltr'>hanc</span> <span class='ocrx_word' id='word_1_274' title='bbox 1440 3961 1727 4017; x_wconf 91' lang='lat' dir='ltr'>maculam</span> <span class='ocrx_word' id='word_1_275' title='bbox 1751 3960 1813 4016; x_wconf 91' lang='lat' dir='ltr'>in</span> 
     </span>
     <span class='ocr_line' id='line_1_45' title="bbox 252 4020 1816 4113; baseline 0.001 -19"><span class='ocrx_word' id='word_1_276' title='bbox 252 4020 732 4110; x_wconf 50' lang='lat' dir='ltr'>ffiffiffff‘carentia,</span> <span class='ocrx_word' id='word_1_277' title='bbox 768 4055 883 4094; x_wconf 90' lang='lat' dir='ltr'>non</span> <span class='ocrx_word' id='word_1_278' title='bbox 934 4037 1165 4110; x_wconf 86' lang='lat' dir='ltr'>quidem</span> <span class='ocrx_word' id='word_1_279' title='bbox 1206 4040 1422 4113; x_wconf 63' lang='lat' dir='ltr'>gratias,</span> <span class='ocrx_word' id='word_1_280' title='bbox 1468 4041 1566 4097; x_wconf 90' lang='lat' dir='ltr'>sed</span> <span class='ocrx_word' id='word_1_281' title='bbox 1609 4041 1816 4097; x_wconf 88' lang='lat' dir='ltr'>nitoris</span> 
     </span>
     <span class='ocr_line' id='line_1_46' title="bbox 252 4117 1815 4212; baseline 0.002 -38"><span class='ocrx_word' id='word_1_282' title='bbox 252 4117 433 4212; x_wconf 49' lang='lat' dir='ltr'>vssffiffiis</span> <span class='ocrx_word' id='word_1_283' title='bbox 462 4122 677 4195; x_wconf 63' lang='lat' dir='ltr'>gratiss,</span> <span class='ocrx_word' id='word_1_284' title='bbox 709 4119 830 4176; x_wconf 92' lang='lat' dir='ltr'>sive</span> <span class='ocrx_word' id='word_1_285' title='bbox 854 4120 916 4175; x_wconf 91' lang='lat' dir='ltr'>in</span> <span class='ocrx_word' id='word_1_286' title='bbox 937 4118 1327 4177; x_wconf 87' lang='lat' dir='ltr'>diminutione</span> <span class='ocrx_word' id='word_1_287' title='bbox 1349 4121 1594 4178; x_wconf 86' lang='lat' dir='ltr'>fervoris</span> <span class='ocrx_word' id='word_1_288' title='bbox 1619 4122 1815 4179; x_wconf 89' lang='lat' dir='ltr'>chari-</span> 
     </span>
     <span class='ocr_line' id='line_1_47' title="bbox 437 4199 1813 4278; baseline 0.002 -19"><span class='ocrx_word' id='word_1_289' title='bbox 437 4199 612 4270; x_wconf 83' lang='lat' dir='ltr'>&#39;tatis,</span> <span class='ocrx_word' id='word_1_290' title='bbox 638 4204 759 4278; x_wconf 80' lang='lat' dir='ltr'>J&#39;am</span> <span class='ocrx_word' id='word_1_291' title='bbox 799 4202 1167 4275; x_wconf 86' lang='lat' dir='ltr'>exposuimus</span> <span class='ocrx_word' id='word_1_292' title='bbox 1194 4205 1253 4259; x_wconf 79' lang='lat' dir='ltr'>in</span> <span class='ocrx_word' id='word_1_293' title='bbox 1289 4213 1571 4262; x_wconf 78' lang='lat' dir='ltr'>comment.</span> <span class='ocrx_word' id='word_1_294' title='bbox 1602 4206 1677 4261; x_wconf 79' lang='lat' dir='ltr'>ad</span> <span class='ocrx_word' id='word_1_295' title='bbox 1701 4212 1813 4262; x_wconf 85' lang='lat' dir='ltr'>art.</span> 
     </span>
     <span class='ocr_line' id='line_1_48' title="bbox 471 4284 1818 4363; baseline 0.001 -22"><span class='ocrx_word' id='word_1_296' title='bbox 471 4289 516 4351; x_wconf 90' lang='lat' dir='ltr'>l,</span> <span class='ocrx_word' id='word_1_297' title='bbox 550 4293 730 4363; x_wconf 74' lang='lat' dir='ltr'>quaest.</span> <span class='ocrx_word' id='word_1_298' title='bbox 756 4286 848 4341; x_wconf 90' lang='lat'>89.</span> <span class='ocrx_word' id='word_1_299' title='bbox 879 4287 992 4342; x_wconf 90' lang='lat' dir='ltr'>Nec</span> <span class='ocrx_word' id='word_1_300' title='bbox 1018 4285 1135 4342; x_wconf 82' lang='lat' dir='ltr'>haec</span> <span class='ocrx_word' id='word_1_301' title='bbox 1156 4284 1467 4344; x_wconf 87' lang='lat' dir='ltr'>diminutio</span> <span class='ocrx_word' id='word_1_302' title='bbox 1493 4303 1553 4343; x_wconf 92' lang='lat' dir='ltr'>se</span> <span class='ocrx_word' id='word_1_303' title='bbox 1573 4292 1728 4344; x_wconf 89' lang='lat' dir='ltr'>tenet</span> <span class='ocrx_word' id='word_1_304' title='bbox 1746 4303 1818 4345; x_wconf 86' lang='lat' dir='ltr'>ex</span> 
     </span>
     <span class='ocr_line' id='line_1_49' title="bbox 463 4367 1818 4443; baseline 0.001 -18"><span class='ocrx_word' id='word_1_305' title='bbox 463 4372 625 4443; x_wconf 90' lang='lat' dir='ltr'>parte</span> <span class='ocrx_word' id='word_1_306' title='bbox 663 4367 918 4441; x_wconf 81' lang='lat' dir='ltr'>subJ&#39;ecti,</span> <span class='ocrx_word' id='word_1_307' title='bbox 968 4368 1130 4440; x_wconf 89' lang='lat' dir='ltr'>quasi</span> <span class='ocrx_word' id='word_1_308' title='bbox 1178 4369 1405 4426; x_wconf 90' lang='lat' dir='ltr'>veniale</span> <span class='ocrx_word' id='word_1_309' title='bbox 1449 4370 1524 4425; x_wconf 87' lang='lat' dir='ltr'>sit</span> <span class='ocrx_word' id='word_1_310' title='bbox 1562 4372 1818 4427; x_wconf 89' lang='lat' dir='ltr'>carentia</span> 
     </span>
     <span class='ocr_line' id='line_1_50' title="bbox 465 4447 1818 4525; baseline 0.001 -20"><span class='ocrx_word' id='word_1_311' title='bbox 465 4448 705 4522; x_wconf 89' lang='lat' dir='ltr'>alicujus</span> <span class='ocrx_word' id='word_1_312' title='bbox 741 4447 951 4521; x_wconf 81' lang='lat' dir='ltr'>gradus</span> <span class='ocrx_word' id='word_1_313' title='bbox 992 4448 1340 4505; x_wconf 89' lang='lat' dir='ltr'>intensionis</span> <span class='ocrx_word' id='word_1_314' title='bbox 1368 4473 1380 4515; x_wconf 87' lang='lat'>;</span> <span class='ocrx_word' id='word_1_315' title='bbox 1411 4448 1508 4504; x_wconf 90' lang='lat' dir='ltr'>sed</span> <span class='ocrx_word' id='word_1_316' title='bbox 1537 4451 1719 4525; x_wconf 88' lang='lat' dir='ltr'>magis</span> <span class='ocrx_word' id='word_1_317' title='bbox 1746 4467 1818 4508; x_wconf 89' lang='lat' dir='ltr'>ex</span> 
     </span>
     <span class='ocr_line' id='line_1_51' title="bbox 464 4530 1812 4603; baseline 0.002 -17"><span class='ocrx_word' id='word_1_318' title='bbox 464 4534 625 4603; x_wconf 91' lang='lat' dir='ltr'>parte</span> <span class='ocrx_word' id='word_1_319' title='bbox 639 4530 1039 4602; x_wconf 89' lang='lat' dir='ltr'>termini,quia</span> <span class='ocrx_word' id='word_1_320' title='bbox 1055 4546 1152 4603; x_wconf 90' lang='lat' dir='ltr'>per</span> <span class='ocrx_word' id='word_1_321' title='bbox 1169 4531 1421 4586; x_wconf 87' lang='lat' dir='ltr'>venialia</span> <span class='ocrx_word' id='word_1_322' title='bbox 1434 4530 1812 4600; x_wconf 87' lang='lat' dir='ltr'>retardamur,</span> 
     </span>
     <span class='ocr_line' id='line_1_52' title="bbox 462 4610 1821 4685; baseline 0.002 -18"><span class='ocrx_word' id='word_1_323' title='bbox 462 4627 535 4669; x_wconf 92' lang='lat' dir='ltr'>ne</span> <span class='ocrx_word' id='word_1_324' title='bbox 557 4616 901 4685; x_wconf 88' lang='lat' dir='ltr'>prompte,et</span> <span class='ocrx_word' id='word_1_325' title='bbox 923 4610 1143 4669; x_wconf 89' lang='lat' dir='ltr'>fervide</span> <span class='ocrx_word' id='word_1_326' title='bbox 1166 4610 1423 4668; x_wconf 86' lang='lat' dir='ltr'>feramur</span> <span class='ocrx_word' id='word_1_327' title='bbox 1444 4613 1506 4667; x_wconf 90' lang='lat' dir='ltr'>in</span> <span class='ocrx_word' id='word_1_328' title='bbox 1538 4614 1735 4680; x_wconf 87' lang='lat' dir='ltr'>Deum,</span> <span class='ocrx_word' id='word_1_329' title='bbox 1757 4620 1821 4670; x_wconf 88' lang='lat' dir='ltr'>ut</span> 
     </span>
    </p>
   </div>
   <div class='ocr_carea' id='block_1_3' title="bbox 250 4694 1860 4769">
    <p class='ocr_par' dir='ltr' id='par_1_6' title="bbox 250 4694 1860 4769">
     <span class='ocr_line' id='line_1_53' title="bbox 250 4694 1860 4769; baseline 0.003 -21"><span class='ocrx_word' id='word_1_330' title='bbox 250 4694 303 4736; x_wconf 85' lang='lat' dir='ltr'>D·</span> <span class='ocrx_word' id='word_1_331' title='bbox 325 4695 426 4740; x_wconf 79' lang='lat' dir='ltr'>Tho.</span> <span class='ocrx_word' id='word_1_332' title='bbox 460 4694 621 4753; x_wconf 88' lang='lat' dir='ltr'>docet</span> <span class='ocrx_word' id='word_1_333' title='bbox 647 4697 716 4749; x_wconf 91' lang='lat' dir='ltr'>D.</span> <span class='ocrx_word' id='word_1_334' title='bbox 740 4694 944 4751; x_wconf 88' lang='lat' dir='ltr'>Thom.</span> <span class='ocrx_word' id='word_1_335' title='bbox 972 4696 1172 4769; x_wconf 76' lang='lat' dir='ltr'>Bpart.</span> <span class='ocrx_word' id='word_1_336' title='bbox 1205 4713 1252 4768; x_wconf 87' lang='lat' dir='ltr'>q.</span> <span class='ocrx_word' id='word_1_337' title='bbox 1273 4696 1363 4760; x_wconf 85' lang='grc'>87,</span> <span class='ocrx_word' id='word_1_338' title='bbox 1397 4702 1503 4763; x_wconf 85' lang='lat' dir='ltr'>art,</span> <span class='ocrx_word' id='word_1_339' title='bbox 1538 4697 1582 4762; x_wconf 91' lang='lat'>1,</span> <span class='ocrx_word' id='word_1_340' title='bbox 1608 4698 1739 4752; x_wconf 82' lang='lat' dir='ltr'>etin</span> <span class='ocrx_word' id='word_1_341' title='bbox 1758 4698 1813 4764; x_wconf 89' lang='grc'>4,</span> <span class='ocrx_word' id='word_1_342' title='bbox 1856 4722 1860 4727; x_wconf 86' lang='lat'><strong>·</strong></span> 
     </span>
    </p>
   </div>
   <div class='ocr_carea' id='block_1_4' title="bbox 461 4772 1822 5092">
    <p class='ocr_par' dir='ltr' id='par_1_7' title="bbox 461 4772 1822 5092">
     <span class='ocr_line' id='line_1_54' title="bbox 461 4772 1813 4853; baseline -0.001 -18"><span class='ocrx_word' id='word_1_343' title='bbox 461 4780 590 4835; x_wconf 81' lang='lat' dir='ltr'>dist.</span> <span class='ocrx_word' id='word_1_344' title='bbox 627 4777 709 4841; x_wconf 83' lang='lat'>16,</span> <span class='ocrx_word' id='word_1_345' title='bbox 740 4785 925 4853; x_wconf 72' lang='lat' dir='ltr'>quoest.</span> <span class='ocrx_word' id='word_1_346' title='bbox 956 4778 1010 4845; x_wconf 90' lang='lat'>3,</span> <span class='ocrx_word' id='word_1_347' title='bbox 1036 4784 1147 4832; x_wconf 81' lang='lat' dir='ltr'>art.</span> <span class='ocrx_word' id='word_1_348' title='bbox 1189 4777 1232 4841; x_wconf 90' lang='lat' dir='ltr'>l,</span> <span class='ocrx_word' id='word_1_349' title='bbox 1264 4778 1575 4852; x_wconf 63' lang='lat' dir='ltr'>quecstiunc.</span> <span class='ocrx_word' id='word_1_350' title='bbox 1611 4772 1633 4833; x_wconf 87' lang='grc' dir='ltr'>ῐ</span> <span class='ocrx_word' id='word_1_351' title='bbox 1660 4779 1734 4835; x_wconf 81' lang='lat' dir='ltr'>ad</span> <span class='ocrx_word' id='word_1_352' title='bbox 1760 4779 1813 4845; x_wconf 88' lang='lat'>3,</span> 
     </span>
     <span class='ocr_line' id='line_1_55' title="bbox 462 4856 1821 4931; baseline 0.001 -16"><span class='ocrx_word' id='word_1_353' title='bbox 462 4858 561 4915; x_wconf 91' lang='lat' dir='ltr'>ubi</span> <span class='ocrx_word' id='word_1_354' title='bbox 585 4856 668 4913; x_wconf 88' lang='lat' dir='ltr'>ait</span> <span class='ocrx_word' id='word_1_355' title='bbox 699 4877 712 4911; x_wconf 89' lang='lat'>:</span> <span class='ocrx_word' id='word_1_356' title='bbox 748 4877 774 4909; x_wconf 76' lang='grc' dir='ltr'><strong>α</strong></span> <span class='ocrx_word' id='word_1_357' title='bbox 805 4857 1025 4914; x_wconf 85' lang='lat' dir='ltr'>Dicitur</span> <span class='ocrx_word' id='word_1_358' title='bbox 1071 4858 1266 4914; x_wconf 84' lang='lat' dir='ltr'>fervor</span> <span class='ocrx_word' id='word_1_359' title='bbox 1286 4857 1581 4915; x_wconf 88' lang='lat' dir='ltr'>charitatis</span> <span class='ocrx_word' id='word_1_360' title='bbox 1615 4875 1717 4931; x_wconf 92' lang='lat' dir='ltr'>per</span> <span class='ocrx_word' id='word_1_361' title='bbox 1736 4860 1821 4916; x_wconf 90' lang='lat' dir='ltr'>si-</span> 
     </span>
     <span class='ocr_line' id='line_1_56' title="bbox 470 4937 1821 5013; baseline 0.002 -20"><span class='ocrx_word' id='word_1_362' title='bbox 470 4963 495 4993; x_wconf 77' lang='lat'>«</span> <span class='ocrx_word' id='word_1_363' title='bbox 526 4937 1263 5005; x_wconf 88' lang='lat' dir='ltr'>militudinem,secundum</span> <span class='ocrx_word' id='word_1_364' title='bbox 1280 4938 1430 5013; x_wconf 93' lang='lat' dir='ltr'>quod</span> <span class='ocrx_word' id='word_1_365' title='bbox 1447 4939 1514 4996; x_wconf 89' lang='lat' dir='ltr'>ad</span> <span class='ocrx_word' id='word_1_366' title='bbox 1537 4939 1821 4997; x_wconf 87' lang='lat' dir='ltr'>exteriora</span> 
     </span>
     <span class='ocr_line' id='line_1_57' title="bbox 471 5019 1822 5092; baseline 0.004 -19"><span class='ocrx_word' id='word_1_367' title='bbox 471 5043 496 5073; x_wconf 73' lang='grc' dir='ltr'><em>α</em></span> <span class='ocrx_word' id='word_1_368' title='bbox 524 5019 945 5092; x_wconf 89' lang='lat' dir='ltr'>quodammodo</span> <span class='ocrx_word' id='word_1_369' title='bbox 970 5020 1302 5080; x_wconf 89' lang='lat' dir='ltr'>ebulliendo</span> <span class='ocrx_word' id='word_1_370' title='bbox 1356 5022 1705 5080; x_wconf 87' lang='lat' dir='ltr'>refunditur.</span> <span class='ocrx_word' id='word_1_371' title='bbox 1736 5024 1822 5078; x_wconf 83' lang='lat' dir='ltr'>Ex</span> 
     </span>
    </p>
   </div>
   <div class='ocr_carea' id='block_1_5' title="bbox 1386 376 2410 434">
    <p class='ocr_par' dir='ltr' id='par_1_8' title="bbox 1386 376 2410 434">
     <span class='ocr_line' id='line_1_58' title="bbox 1386 376 2410 434; baseline 0 -4"><span class='ocrx_word' id='word_1_372' title='bbox 1386 377 1477 431; x_wconf 88' lang='lat' dir='ltr'>DE</span> <span class='ocrx_word' id='word_1_373' title='bbox 1515 376 2097 432; x_wconf 77' lang='lat' dir='ltr'>JUSTIFICATIONE</span> <span class='ocrx_word' id='word_1_374' title='bbox 2137 378 2340 434; x_wconf 86' lang='lat' dir='ltr'>1MP11.</span> <span class='ocrx_word' id='word_1_375' title='bbox 2407 427 2410 430; x_wconf 15' lang='grc' dir='ltr'><strong>Α</strong></span> 
     </span>
    </p>
   </div>
   <div class='ocr_carea' id='block_1_6' title="bbox 1933 544 3298 1843">
    <p class='ocr_par' dir='ltr' id='par_1_9' title="bbox 1933 544 3298 1843">
     <span class='ocr_line' id='line_1_59' title="bbox 1937 544 3290 618; baseline 0 -19"><span class='ocrx_word' id='word_1_376' title='bbox 1937 567 1964 599; x_wconf 78' lang='grc' dir='ltr'><strong>α</strong></span> <span class='ocrx_word' id='word_1_377' title='bbox 1993 544 2095 601; x_wconf 90' lang='lat' dir='ltr'>illa</span> <span class='ocrx_word' id='word_1_378' title='bbox 2117 551 2307 602; x_wconf 90' lang='lat' dir='ltr'>autem</span> <span class='ocrx_word' id='word_1_379' title='bbox 2327 550 2623 618; x_wconf 89' lang='lat' dir='ltr'>parte,qua</span> <span class='ocrx_word' id='word_1_380' title='bbox 2638 544 2866 602; x_wconf 86' lang='lat' dir='ltr'>veniale</span> <span class='ocrx_word' id='word_1_381' title='bbox 2886 544 3290 609; x_wconf 83' lang='lat' dir='ltr'>committitur,</span> 
     </span>
     <span class='ocr_line' id='line_1_60' title="bbox 1936 625 3295 701; baseline 0.002 -21"><span class='ocrx_word' id='word_1_382' title='bbox 1936 647 1962 680; x_wconf 77' lang='lat' dir='ltr'>c&lt;</span> <span class='ocrx_word' id='word_1_383' title='bbox 1993 627 2292 684; x_wconf 89' lang='lat' dir='ltr'>charitatis</span> <span class='ocrx_word' id='word_1_384' title='bbox 2309 628 2503 685; x_wconf 85' lang='lat' dir='ltr'>fervor</span> <span class='ocrx_word' id='word_1_385' title='bbox 2526 643 2643 683; x_wconf 91' lang='lat' dir='ltr'>non</span> <span class='ocrx_word' id='word_1_386' title='bbox 2666 632 2921 700; x_wconf 86' lang='lat' dir='ltr'>apparet,</span> <span class='ocrx_word' id='word_1_387' title='bbox 2946 625 3045 683; x_wconf 91' lang='lat' dir='ltr'>sed</span> <span class='ocrx_word' id='word_1_388' title='bbox 3072 627 3295 701; x_wconf 89' lang='lat' dir='ltr'>aliquid</span> 
     </span>
     <span class='ocr_line' id='line_1_61' title="bbox 1938 707 3295 782; baseline 0.001 -19"><span class='ocrx_word' id='word_1_389' title='bbox 1938 730 1965 763; x_wconf 77' lang='grc' dir='ltr'><em>α</em></span> <span class='ocrx_word' id='word_1_390' title='bbox 1996 713 2199 782; x_wconf 84' lang='lat' dir='ltr'>praeter</span> <span class='ocrx_word' id='word_1_391' title='bbox 2219 709 2577 766; x_wconf 86' lang='lat' dir='ltr'>charitatem.</span> <span class='ocrx_word' id='word_1_392' title='bbox 2607 708 2770 765; x_wconf 88' lang='lat' dir='ltr'>Unde</span> <span class='ocrx_word' id='word_1_393' title='bbox 2794 709 3060 781; x_wconf 87' lang='lat' dir='ltr'>quamvis</span> <span class='ocrx_word' id='word_1_394' title='bbox 3079 709 3155 765; x_wconf 88' lang='lat' dir='ltr'>sit</span> <span class='ocrx_word' id='word_1_395' title='bbox 3182 707 3295 765; x_wconf 88' lang='lat' dir='ltr'>fer-</span> 
     </span>
     <span class='ocr_line' id='line_1_62' title="bbox 1936 789 3296 862; baseline 0 -19"><span class='ocrx_word' id='word_1_396' title='bbox 1936 811 1963 843; x_wconf 80' lang='lat'>«</span> <span class='ocrx_word' id='word_1_397' title='bbox 1996 805 2100 846; x_wconf 87' lang='lat' dir='ltr'>vor</span> <span class='ocrx_word' id='word_1_398' title='bbox 2125 790 2420 846; x_wconf 87' lang='lat' dir='ltr'>charitatis</span> <span class='ocrx_word' id='word_1_399' title='bbox 2459 795 2740 860; x_wconf 91' lang='lat' dir='ltr'>quantum</span> <span class='ocrx_word' id='word_1_400' title='bbox 2769 789 2838 846; x_wconf 90' lang='lat' dir='ltr'>ad</span> <span class='ocrx_word' id='word_1_401' title='bbox 2869 790 3080 862; x_wconf 88' lang='lat' dir='ltr'>aliqua,</span> <span class='ocrx_word' id='word_1_402' title='bbox 3113 794 3296 862; x_wconf 91' lang='lat' dir='ltr'>potest</span> 
     </span>
     <span class='ocr_line' id='line_1_63' title="bbox 1939 871 3297 945; baseline 0.002 -18"><span class='ocrx_word' id='word_1_403' title='bbox 1939 894 1966 927; x_wconf 77' lang='grc' dir='ltr'><strong>α</strong></span> <span class='ocrx_word' id='word_1_404' title='bbox 1994 888 2117 930; x_wconf 91' lang='lat' dir='ltr'>esse</span> <span class='ocrx_word' id='word_1_405' title='bbox 2161 871 2428 945; x_wconf 88' lang='lat' dir='ltr'>tepiditas</span> <span class='ocrx_word' id='word_1_406' title='bbox 2474 877 2756 943; x_wconf 90' lang='lat' dir='ltr'>quantum</span> <span class='ocrx_word' id='word_1_407' title='bbox 2795 871 2866 929; x_wconf 88' lang='lat' dir='ltr'>ad</span> <span class='ocrx_word' id='word_1_408' title='bbox 2905 872 3039 929; x_wconf 87' lang='lat' dir='ltr'>alia.</span> <span class='ocrx_word' id='word_1_409' title='bbox 3081 893 3106 923; x_wconf 83' lang='lat'>»</span> <span class='ocrx_word' id='word_1_410' title='bbox 3169 875 3297 929; x_wconf 84' lang='lat' dir='ltr'>Haec</span> 
     </span>
     <span class='ocr_line' id='line_1_64' title="bbox 1933 953 3298 1027; baseline 0.001 -17"><span class='ocrx_word' id='word_1_411' title='bbox 1933 971 2071 1011; x_wconf 87' lang='lat' dir='ltr'>vero</span> <span class='ocrx_word' id='word_1_412' title='bbox 2094 953 2376 1027; x_wconf 89' lang='lat' dir='ltr'>tepiditas,</span> <span class='ocrx_word' id='word_1_413' title='bbox 2408 958 2464 1010; x_wconf 88' lang='lat' dir='ltr'>et</span> <span class='ocrx_word' id='word_1_414' title='bbox 2489 953 2837 1026; x_wconf 89' lang='lat' dir='ltr'>ineptitudo,</span> <span class='ocrx_word' id='word_1_415' title='bbox 2862 959 2919 1011; x_wconf 91' lang='lat' dir='ltr'>et</span> <span class='ocrx_word' id='word_1_416' title='bbox 2945 960 3005 1010; x_wconf 92' lang='lat' dir='ltr'>ut</span> <span class='ocrx_word' id='word_1_417' title='bbox 3032 955 3113 1011; x_wconf 88' lang='lat' dir='ltr'>sic</span> <span class='ocrx_word' id='word_1_418' title='bbox 3137 954 3298 1011; x_wconf 89' lang='lat' dir='ltr'>dica-</span> 
     </span>
     <span class='ocr_line' id='line_1_65' title="bbox 1935 1033 3298 1107; baseline 0.002 -19"><span class='ocrx_word' id='word_1_419' title='bbox 1935 1049 2082 1100; x_wconf 91' lang='lat' dir='ltr'>mus,</span> <span class='ocrx_word' id='word_1_420' title='bbox 2114 1033 2402 1107; x_wconf 88' lang='lat' dir='ltr'>elongatio</span> <span class='ocrx_word' id='word_1_421' title='bbox 2447 1033 2743 1091; x_wconf 88' lang='lat' dir='ltr'>charitatis</span> <span class='ocrx_word' id='word_1_422' title='bbox 2770 1050 2803 1090; x_wconf 90' lang='lat' dir='ltr'>a</span> <span class='ocrx_word' id='word_1_423' title='bbox 2825 1034 3076 1107; x_wconf 86' lang='lat' dir='ltr'>propriis</span> <span class='ocrx_word' id='word_1_424' title='bbox 3102 1036 3298 1107; x_wconf 87' lang='lat' dir='ltr'>operi-</span> 
     </span>
     <span class='ocr_line' id='line_1_66' title="bbox 1934 1114 3296 1189; baseline 0.002 -18"><span class='ocrx_word' id='word_1_425' title='bbox 1934 1114 2040 1171; x_wconf 90' lang='lat' dir='ltr'>bus</span> <span class='ocrx_word' id='word_1_426' title='bbox 2073 1115 2400 1172; x_wconf 87' lang='lat' dir='ltr'>voluntarie</span> <span class='ocrx_word' id='word_1_427' title='bbox 2427 1121 2732 1181; x_wconf 87' lang='lat' dir='ltr'>contracta,</span> <span class='ocrx_word' id='word_1_428' title='bbox 2764 1123 2821 1172; x_wconf 88' lang='lat' dir='ltr'>et</span> <span class='ocrx_word' id='word_1_429' title='bbox 2848 1115 2917 1171; x_wconf 91' lang='lat' dir='ltr'>ad</span> <span class='ocrx_word' id='word_1_430' title='bbox 2940 1117 3296 1189; x_wconf 74' lang='lat' dir='ltr'>praeteritum</span> 
     </span>
     <span class='ocr_line' id='line_1_67' title="bbox 1935 1198 3291 1266; baseline 0.002 -11"><span class='ocrx_word' id='word_1_431' title='bbox 1935 1204 2123 1256; x_wconf 89' lang='lat' dir='ltr'>actum</span> <span class='ocrx_word' id='word_1_432' title='bbox 2139 1214 2256 1255; x_wconf 88' lang='lat' dir='ltr'>non</span> <span class='ocrx_word' id='word_1_433' title='bbox 2278 1202 2645 1256; x_wconf 89' lang='lat' dir='ltr'>retractatum</span> <span class='ocrx_word' id='word_1_434' title='bbox 2664 1198 3062 1257; x_wconf 89' lang='lat' dir='ltr'>habitudinem</span> <span class='ocrx_word' id='word_1_435' title='bbox 3079 1200 3291 1266; x_wconf 86' lang='lat' dir='ltr'>dicens,</span> 
     </span>
     <span class='ocr_line' id='line_1_68' title="bbox 1936 1279 3289 1350; baseline 0.003 -16"><span class='ocrx_word' id='word_1_436' title='bbox 1936 1279 2197 1335; x_wconf 89' lang='lat' dir='ltr'>animam</span> <span class='ocrx_word' id='word_1_437' title='bbox 2245 1279 2510 1348; x_wconf 86' lang='lat' dir='ltr'>infuscat,</span> <span class='ocrx_word' id='word_1_438' title='bbox 2542 1285 2601 1337; x_wconf 89' lang='lat' dir='ltr'>et</span> <span class='ocrx_word' id='word_1_439' title='bbox 2626 1280 2875 1336; x_wconf 85' lang='lat' dir='ltr'>maculat</span> <span class='ocrx_word' id='word_1_440' title='bbox 2901 1279 3289 1350; x_wconf 88' lang='lat' dir='ltr'>habitualiter‚</span> 
     </span>
     <span class='ocr_line' id='line_1_69' title="bbox 1935 1359 3290 1435; baseline 0.003 -20"><span class='ocrx_word' id='word_1_441' title='bbox 1935 1364 1998 1415; x_wconf 89' lang='lat' dir='ltr'>ut</span> <span class='ocrx_word' id='word_1_442' title='bbox 2017 1359 2171 1416; x_wconf 88' lang='lat' dir='ltr'>idem</span> <span class='ocrx_word' id='word_1_443' title='bbox 2193 1361 2250 1417; x_wconf 89' lang='lat' dir='ltr'>S.</span> <span class='ocrx_word' id='word_1_444' title='bbox 2284 1362 2435 1417; x_wconf 92' lang='lat' dir='ltr'>Doct.</span> <span class='ocrx_word' id='word_1_445' title='bbox 2461 1361 2702 1435; x_wconf 88' lang='lat' dir='ltr'>exponit</span> <span class='ocrx_word' id='word_1_446' title='bbox 2724 1361 2845 1417; x_wconf 93' lang='lat' dir='ltr'>loco</span> <span class='ocrx_word' id='word_1_447' title='bbox 2884 1360 3074 1428; x_wconf 87' lang='lat' dir='ltr'>citato,</span> <span class='ocrx_word' id='word_1_448' title='bbox 3100 1370 3210 1419; x_wconf 83' lang='lat' dir='ltr'>art.</span> <span class='ocrx_word' id='word_1_449' title='bbox 3243 1365 3290 1429; x_wconf 90' lang='lat'>1,</span> 
     </span>
     <span class='ocr_line' id='line_1_70' title="bbox 1935 1441 3290 1517; baseline 0.003 -21"><span class='ocrx_word' id='word_1_450' title='bbox 1935 1442 2248 1517; x_wconf 65' lang='lat' dir='ltr'>qwstiunc.</span> <span class='ocrx_word' id='word_1_451' title='bbox 2282 1444 2302 1497; x_wconf 90' lang='lat'><em>1</em></span> <span class='ocrx_word' id='word_1_452' title='bbox 2331 1442 2405 1496; x_wconf 87' lang='lat' dir='ltr'>ad</span> <span class='ocrx_word' id='word_1_453' title='bbox 2440 1444 2485 1507; x_wconf 89' lang='lat' dir='ltr'>l,</span> <span class='ocrx_word' id='word_1_454' title='bbox 2512 1443 2605 1498; x_wconf 90' lang='lat' dir='ltr'>his</span> <span class='ocrx_word' id='word_1_455' title='bbox 2626 1441 2820 1499; x_wconf 88' lang='lat' dir='ltr'>verbis</span> <span class='ocrx_word' id='word_1_456' title='bbox 2853 1462 2866 1497; x_wconf 91' lang='lat'><strong>:</strong></span> <span class='ocrx_word' id='word_1_457' title='bbox 2903 1464 2929 1495; x_wconf 74' lang='grc' dir='ltr'>ι(</span> <span class='ocrx_word' id='word_1_458' title='bbox 2954 1442 3290 1512; x_wconf 90' lang='lat' dir='ltr'>Dicendum,</span> 
     </span>
     <span class='ocr_line' id='line_1_71' title="bbox 1940 1523 3294 1598; baseline 0.007 -24"><span class='ocrx_word' id='word_1_459' title='bbox 1940 1542 1966 1574; x_wconf 75' lang='grc' dir='ltr'>(ι</span> <span class='ocrx_word' id='word_1_460' title='bbox 1997 1523 2146 1595; x_wconf 90' lang='lat' dir='ltr'>quod</span> <span class='ocrx_word' id='word_1_461' title='bbox 2173 1525 2398 1580; x_wconf 89' lang='lat' dir='ltr'>macula</span> <span class='ocrx_word' id='word_1_462' title='bbox 2424 1529 2605 1597; x_wconf 91' lang='lat' dir='ltr'>potest</span> <span class='ocrx_word' id='word_1_463' title='bbox 2631 1540 2752 1582; x_wconf 91' lang='lat' dir='ltr'>esse</span> <span class='ocrx_word' id='word_1_464' title='bbox 2777 1524 3085 1598; x_wconf 89' lang='lat' dir='ltr'>dupliciter</span> <span class='ocrx_word' id='word_1_465' title='bbox 3118 1547 3131 1581; x_wconf 73' lang='grc' dir='ltr'><strong>ε</strong></span> <span class='ocrx_word' id='word_1_466' title='bbox 3176 1541 3294 1583; x_wconf 89' lang='lat' dir='ltr'>uno</span> 
     </span>
     <span class='ocr_line' id='line_1_72' title="bbox 1942 1602 3298 1680; baseline 0.006 -25"><span class='ocrx_word' id='word_1_467' title='bbox 1942 1625 1967 1655; x_wconf 79' lang='grc' dir='ltr'>α</span> <span class='ocrx_word' id='word_1_468' title='bbox 1998 1602 2168 1660; x_wconf 91' lang='lat' dir='ltr'>modo</span> <span class='ocrx_word' id='word_1_469' title='bbox 2195 1621 2295 1676; x_wconf 89' lang='lat' dir='ltr'>per</span> <span class='ocrx_word' id='word_1_470' title='bbox 2324 1604 2709 1677; x_wconf 87' lang='lat' dir='ltr'>privationem</span> <span class='ocrx_word' id='word_1_471' title='bbox 2739 1606 3211 1680; x_wconf 88' lang='lat' dir='ltr'>pulchritudiuis,</span> <span class='ocrx_word' id='word_1_472' title='bbox 3241 1614 3298 1665; x_wconf 89' lang='lat' dir='ltr'>et</span> 
     </span>
     <span class='ocr_line' id='line_1_73' title="bbox 1942 1683 3291 1760; baseline 0.001 -22"><span class='ocrx_word' id='word_1_473' title='bbox 1942 1704 1968 1737; x_wconf 76' lang='grc' dir='ltr'><strong>α</strong></span> <span class='ocrx_word' id='word_1_474' title='bbox 1995 1683 2075 1739; x_wconf 90' lang='lat' dir='ltr'>sic</span> <span class='ocrx_word' id='word_1_475' title='bbox 2102 1683 2165 1739; x_wconf 92' lang='lat' dir='ltr'>in</span> <span class='ocrx_word' id='word_1_476' title='bbox 2186 1684 2404 1741; x_wconf 89' lang='lat' dir='ltr'>veniali</span> <span class='ocrx_word' id='word_1_477' title='bbox 2436 1702 2554 1744; x_wconf 91' lang='lat' dir='ltr'>non</span> <span class='ocrx_word' id='word_1_478' title='bbox 2583 1693 2778 1744; x_wconf 88' lang='lat' dir='ltr'>manet</span> <span class='ocrx_word' id='word_1_479' title='bbox 2801 1688 2993 1760; x_wconf 92' lang='lat' dir='ltr'>aliqua</span> <span class='ocrx_word' id='word_1_480' title='bbox 3017 1689 3241 1744; x_wconf 89' lang='lat' dir='ltr'>macula</span> <span class='ocrx_word' id='word_1_481' title='bbox 3265 1708 3291 1740; x_wconf 67' lang='grc' dir='ltr'><strong>υ</strong></span> 
     </span>
     <span class='ocr_line' id='line_1_74' title="bbox 1935 1764 3294 1843; baseline 0.003 -23"><span class='ocrx_word' id='word_1_482' title='bbox 1935 1765 2094 1835; x_wconf 91' lang='lat' dir='ltr'>(etin</span> <span class='ocrx_word' id='word_1_483' title='bbox 2118 1764 2223 1822; x_wconf 88' lang='lat' dir='ltr'>hoc</span> <span class='ocrx_word' id='word_1_484' title='bbox 2248 1782 2418 1822; x_wconf 90' lang='lat' dir='ltr'>sensu</span> <span class='ocrx_word' id='word_1_485' title='bbox 2442 1768 2699 1841; x_wconf 89' lang='lat' dir='ltr'>loquitur</span> <span class='ocrx_word' id='word_1_486' title='bbox 2738 1771 2796 1824; x_wconf 82' lang='lat' dir='ltr'>in</span> <span class='ocrx_word' id='word_1_487' title='bbox 2836 1770 2941 1823; x_wconf 79' lang='lat' dir='ltr'>hac</span> <span class='ocrx_word' id='word_1_488' title='bbox 2966 1771 3014 1835; x_wconf 90' lang='lat'>1,</span> <span class='ocrx_word' id='word_1_489' title='bbox 3041 1769 3093 1834; x_wconf 91' lang='lat'>3,</span> <span class='ocrx_word' id='word_1_490' title='bbox 3111 1776 3294 1843; x_wconf 58' lang='lat' dir='ltr'>quast.</span> 
     </span>
    </p>
   </div>
   <div class='ocr_carea' id='block_1_7' title="bbox 1879 1849 3295 1920">
    <p class='ocr_par' dir='ltr' id='par_1_10' title="bbox 1879 1849 3295 1920">
     <span class='ocr_line' id='line_1_75' title="bbox 1879 1849 3295 1920; baseline 0.004 -18"><span class='ocrx_word' id='word_1_491' title='bbox 1879 1869 1884 1872; x_wconf 89' lang='grc'><em>·</em></span> <span class='ocrx_word' id='word_1_492' title='bbox 1935 1849 2026 1915; x_wconf 87' lang='grc'>89,</span> <span class='ocrx_word' id='word_1_493' title='bbox 2077 1856 2185 1904; x_wconf 83' lang='lat' dir='ltr'>art.</span> <span class='ocrx_word' id='word_1_494' title='bbox 2247 1851 2292 1914; x_wconf 93' lang='lat' dir='ltr'>l,</span> <span class='ocrx_word' id='word_1_495' title='bbox 2348 1850 2481 1904; x_wconf 77' lang='lat' dir='ltr'>dum</span> <span class='ocrx_word' id='word_1_496' title='bbox 2525 1858 2685 1920; x_wconf 66' lang='lat' dir='ltr'>negat</span> <span class='ocrx_word' id='word_1_497' title='bbox 2750 1853 2997 1907; x_wconf 81' lang='lat' dir='ltr'>venialia</span> <span class='ocrx_word' id='word_1_498' title='bbox 3044 1851 3295 1907; x_wconf 76' lang='lat' dir='ltr'>inducere</span> 
     </span>
    </p>
   </div>
   <div class='ocr_carea' id='block_1_8' title="bbox 1936 1928 3302 3138">
    <p class='ocr_par' dir='ltr' id='par_1_11' title="bbox 1936 1928 3302 3138">
     <span class='ocr_line' id='line_1_76' title="bbox 1936 1928 3296 2005; baseline 0.004 -23"><span class='ocrx_word' id='word_1_499' title='bbox 1936 1928 2263 1998; x_wconf 89' lang='lat' dir='ltr'>maculam),</span> <span class='ocrx_word' id='word_1_500' title='bbox 2303 1930 2486 2001; x_wconf 82' lang='lat' dir='ltr'>«quia</span> <span class='ocrx_word' id='word_1_501' title='bbox 2526 1944 2644 1987; x_wconf 91' lang='lat' dir='ltr'>non</span> <span class='ocrx_word' id='word_1_502' title='bbox 2684 1931 2837 1987; x_wconf 91' lang='lat' dir='ltr'>tollit</span> <span class='ocrx_word' id='word_1_503' title='bbox 2862 1931 3131 2005; x_wconf 82' lang='lat' dir='ltr'>gratiam,</span> <span class='ocrx_word' id='word_1_504' title='bbox 3171 1947 3296 2004; x_wconf 80' lang='lat' dir='ltr'>quae</span> 
     </span>
     <span class='ocr_line' id='line_1_77' title="bbox 1943 2009 3297 2085; baseline 0.004 -23"><span class='ocrx_word' id='word_1_505' title='bbox 1943 2029 1969 2062; x_wconf 77' lang='grc' dir='ltr'><strong><em>α</em></strong></span> <span class='ocrx_word' id='word_1_506' title='bbox 1997 2014 2082 2064; x_wconf 89' lang='lat' dir='ltr'>est</span> <span class='ocrx_word' id='word_1_507' title='bbox 2103 2011 2313 2066; x_wconf 82' lang='lat' dir='ltr'>animae</span> <span class='ocrx_word' id='word_1_508' title='bbox 2333 2009 2519 2068; x_wconf 91' lang='lat' dir='ltr'>decor.</span> <span class='ocrx_word' id='word_1_509' title='bbox 2546 2013 2678 2068; x_wconf 89' lang='lat' dir='ltr'>Alio</span> <span class='ocrx_word' id='word_1_510' title='bbox 2700 2012 2870 2070; x_wconf 92' lang='lat' dir='ltr'>modo</span> <span class='ocrx_word' id='word_1_511' title='bbox 2899 2030 3000 2085; x_wconf 89' lang='lat' dir='ltr'>per</span> <span class='ocrx_word' id='word_1_512' title='bbox 3021 2013 3297 2085; x_wconf 89' lang='lat' dir='ltr'>hoc,quod</span> 
     </span>
     <span class='ocr_line' id='line_1_78' title="bbox 1942 2090 3298 2167; baseline 0.007 -26"><span class='ocrx_word' id='word_1_513' title='bbox 1942 2110 1969 2141; x_wconf 77' lang='grc' dir='ltr'><strong>α</strong></span> <span class='ocrx_word' id='word_1_514' title='bbox 2001 2090 2384 2161; x_wconf 88' lang='lat' dir='ltr'>pulchritudo,</span> <span class='ocrx_word' id='word_1_515' title='bbox 2422 2107 2546 2164; x_wconf 79' lang='lat' dir='ltr'>quae</span> <span class='ocrx_word' id='word_1_516' title='bbox 2584 2097 2669 2148; x_wconf 91' lang='lat' dir='ltr'>est</span> <span class='ocrx_word' id='word_1_517' title='bbox 2718 2094 2935 2167; x_wconf 62' lang='lat' dir='ltr'>gratias.</span> <span class='ocrx_word' id='word_1_518' title='bbox 2982 2093 3298 2166; x_wconf 89' lang='lat' dir='ltr'>impeditur</span> 
     </span>
     <span class='ocr_line' id='line_1_79' title="bbox 1944 2174 3296 2247; baseline 0.007 -25"><span class='ocrx_word' id='word_1_519' title='bbox 1944 2191 1970 2222; x_wconf 75' lang='grc' dir='ltr'>(ι</span> <span class='ocrx_word' id='word_1_520' title='bbox 2001 2185 2073 2226; x_wconf 91' lang='lat' dir='ltr'>ne</span> <span class='ocrx_word' id='word_1_521' title='bbox 2095 2174 2351 2228; x_wconf 89' lang='lat' dir='ltr'>exterius</span> <span class='ocrx_word' id='word_1_522' title='bbox 2380 2179 2669 2244; x_wconf 87' lang='lat' dir='ltr'>appareat,</span> <span class='ocrx_word' id='word_1_523' title='bbox 2702 2175 2847 2231; x_wconf 87' lang='lat' dir='ltr'>sicut</span> <span class='ocrx_word' id='word_1_524' title='bbox 2874 2190 2975 2247; x_wconf 90' lang='lat' dir='ltr'>per</span> <span class='ocrx_word' id='word_1_525' title='bbox 2998 2175 3296 2246; x_wconf 83' lang='lat' dir='ltr'>pulverem</span> 
     </span>
     <span class='ocr_line' id='line_1_80' title="bbox 1944 2251 3295 2323; baseline 0.007 -20"><span class='ocrx_word' id='word_1_526' title='bbox 1944 2272 1970 2303; x_wconf 76' lang='grc' dir='ltr'>α</span> <span class='ocrx_word' id='word_1_527' title='bbox 2003 2251 2364 2323; x_wconf 87' lang='lat' dir='ltr'>pulchritudo</span> <span class='ocrx_word' id='word_1_528' title='bbox 2412 2252 2577 2309; x_wconf 88' lang='lat' dir='ltr'>faciei</span> <span class='ocrx_word' id='word_1_529' title='bbox 2601 2252 2849 2311; x_wconf 84' lang='lat' dir='ltr'>foedatur</span> <span class='ocrx_word' id='word_1_530' title='bbox 2877 2261 2967 2311; x_wconf 87' lang='lat' dir='ltr'>:et</span> <span class='ocrx_word' id='word_1_531' title='bbox 3007 2255 3137 2310; x_wconf 84' lang='lat' dir='ltr'>talis</span> <span class='ocrx_word' id='word_1_532' title='bbox 3164 2272 3295 2313; x_wconf 87' lang='lat' dir='ltr'>ma-</span> 
     </span>
     <span class='ocr_line' id='line_1_81' title="bbox 1942 2334 3296 2410; baseline 0.007 -24"><span class='ocrx_word' id='word_1_533' title='bbox 1942 2353 1968 2384; x_wconf 79' lang='lat'>«</span> <span class='ocrx_word' id='word_1_534' title='bbox 2000 2334 2126 2389; x_wconf 88' lang='lat' dir='ltr'>cula</span> <span class='ocrx_word' id='word_1_535' title='bbox 2158 2339 2242 2390; x_wconf 90' lang='lat' dir='ltr'>est</span> <span class='ocrx_word' id='word_1_536' title='bbox 2270 2336 2333 2391; x_wconf 89' lang='lat' dir='ltr'>in</span> <span class='ocrx_word' id='word_1_537' title='bbox 2361 2335 2599 2400; x_wconf 86' lang='lat' dir='ltr'>veniali,</span> <span class='ocrx_word' id='word_1_538' title='bbox 2631 2337 2767 2407; x_wconf 91' lang='lat' dir='ltr'>quia</span> <span class='ocrx_word' id='word_1_539' title='bbox 2790 2336 3097 2410; x_wconf 86' lang='lat' dir='ltr'>impeditur</span> <span class='ocrx_word' id='word_1_540' title='bbox 3124 2337 3296 2397; x_wconf 92' lang='lat' dir='ltr'>decor</span> 
     </span>
     <span class='ocr_line' id='line_1_82' title="bbox 1944 2414 3297 2488; baseline 0.004 -22"><span class='ocrx_word' id='word_1_541' title='bbox 1944 2435 1971 2466; x_wconf 76' lang='grc' dir='ltr'><strong>α</strong></span> <span class='ocrx_word' id='word_1_542' title='bbox 1998 2414 2299 2488; x_wconf 83' lang='lat' dir='ltr'>gratiae,ne</span> <span class='ocrx_word' id='word_1_543' title='bbox 2315 2417 2379 2471; x_wconf 91' lang='lat' dir='ltr'>in</span> <span class='ocrx_word' id='word_1_544' title='bbox 2397 2415 2615 2471; x_wconf 88' lang='lat' dir='ltr'>actibus</span> <span class='ocrx_word' id='word_1_545' title='bbox 2629 2419 2882 2474; x_wconf 90' lang='lat' dir='ltr'>exterius</span> <span class='ocrx_word' id='word_1_546' title='bbox 2903 2417 3252 2476; x_wconf 88' lang='lat' dir='ltr'>ostendatur.</span> <span class='ocrx_word' id='word_1_547' title='bbox 3269 2443 3297 2472; x_wconf 84' lang='lat'>»</span> 
     </span>
     <span class='ocr_line' id='line_1_83' title="bbox 1937 2494 3296 2570; baseline 0.004 -21"><span class='ocrx_word' id='word_1_548' title='bbox 1937 2495 2168 2552; x_wconf 87' lang='lat' dir='ltr'>Similia</span> <span class='ocrx_word' id='word_1_549' title='bbox 2194 2494 2364 2552; x_wconf 91' lang='lat' dir='ltr'>habet</span> <span class='ocrx_word' id='word_1_550' title='bbox 2389 2499 2424 2552; x_wconf 91' lang='lat'>3</span> <span class='ocrx_word' id='word_1_551' title='bbox 2445 2505 2597 2570; x_wconf 81' lang='lat' dir='ltr'>part.</span> <span class='ocrx_word' id='word_1_552' title='bbox 2622 2505 2805 2570; x_wconf 60' lang='lat' dir='ltr'>quast.</span> <span class='ocrx_word' id='word_1_553' title='bbox 2827 2500 2919 2567; x_wconf 89' lang='grc'>87,</span> <span class='ocrx_word' id='word_1_554' title='bbox 2947 2508 3056 2555; x_wconf 80' lang='lat' dir='ltr'>art.</span> <span class='ocrx_word' id='word_1_555' title='bbox 3091 2500 3110 2555; x_wconf 95' lang='lat' dir='ltr'>l</span> <span class='ocrx_word' id='word_1_556' title='bbox 3139 2500 3213 2554; x_wconf 85' lang='lat' dir='ltr'>ad</span> <span class='ocrx_word' id='word_1_557' title='bbox 3238 2500 3296 2567; x_wconf 88' lang='lat'>3,</span> 
     </span>
     <span class='ocr_line' id='line_1_84' title="bbox 1937 2577 3296 2656; baseline 0.004 -22"><span class='ocrx_word' id='word_1_558' title='bbox 1937 2583 1993 2634; x_wconf 89' lang='lat' dir='ltr'>et</span> <span class='ocrx_word' id='word_1_559' title='bbox 2014 2577 2167 2633; x_wconf 88' lang='lat' dir='ltr'>idem</span> <span class='ocrx_word' id='word_1_560' title='bbox 2187 2578 2439 2635; x_wconf 89' lang='lat' dir='ltr'>declarat</span> <span class='ocrx_word' id='word_1_561' title='bbox 2470 2588 2654 2656; x_wconf 68' lang='lat' dir='ltr'>quaest.</span> <span class='ocrx_word' id='word_1_562' title='bbox 2676 2582 2733 2646; x_wconf 91' lang='grc'>7,</span> <span class='ocrx_word' id='word_1_563' title='bbox 2765 2581 2828 2635; x_wconf 86' lang='lat' dir='ltr'>dc</span> <span class='ocrx_word' id='word_1_564' title='bbox 2861 2581 3038 2646; x_wconf 83' lang='lat' dir='ltr'>Malo,</span> <span class='ocrx_word' id='word_1_565' title='bbox 3064 2589 3175 2638; x_wconf 84' lang='lat' dir='ltr'>art.</span> <span class='ocrx_word' id='word_1_566' title='bbox 3209 2585 3296 2646; x_wconf 88' lang='lat'>11,</span> 
     </span>
     <span class='ocr_line' id='line_1_85' title="bbox 1937 2658 3302 2736; baseline 0.004 -22"><span class='ocrx_word' id='word_1_567' title='bbox 1937 2658 2202 2729; x_wconf 86' lang='lat' dir='ltr'>exemplo</span> <span class='ocrx_word' id='word_1_568' title='bbox 2227 2661 2484 2731; x_wconf 89' lang='lat' dir='ltr'>corporis</span> <span class='ocrx_word' id='word_1_569' title='bbox 2509 2662 2720 2735; x_wconf 73' lang='lat' dir='ltr'>gravis»,</span> <span class='ocrx_word' id='word_1_570' title='bbox 2753 2662 2842 2717; x_wconf 92' lang='lat' dir='ltr'>cui</span> <span class='ocrx_word' id='word_1_571' title='bbox 2867 2663 3017 2718; x_wconf 91' lang='lat' dir='ltr'>nihil</span> <span class='ocrx_word' id='word_1_572' title='bbox 3041 2663 3302 2736; x_wconf 86' lang='lat' dir='ltr'>gravita-</span> 
     </span>
     <span class='ocr_line' id='line_1_86' title="bbox 1937 2737 3301 2816; baseline 0.006 -24"><span class='ocrx_word' id='word_1_573' title='bbox 1937 2737 2011 2792; x_wconf 88' lang='lat' dir='ltr'>tis</span> <span class='ocrx_word' id='word_1_574' title='bbox 2051 2737 2380 2795; x_wconf 87' lang='lat' dir='ltr'>auferretur</span> <span class='ocrx_word' id='word_1_575' title='bbox 2394 2764 2409 2806; x_wconf 90' lang='lat'>;</span> <span class='ocrx_word' id='word_1_576' title='bbox 2450 2745 2506 2797; x_wconf 89' lang='lat' dir='ltr'>et</span> <span class='ocrx_word' id='word_1_577' title='bbox 2539 2747 2733 2797; x_wconf 90' lang='lat' dir='ltr'>tamen</span> <span class='ocrx_word' id='word_1_578' title='bbox 2773 2748 3004 2815; x_wconf 87' lang='lat' dir='ltr'>propter</span> <span class='ocrx_word' id='word_1_579' title='bbox 3044 2744 3301 2816; x_wconf 89' lang='lat' dir='ltr'>impedi-</span> 
     </span>
     <span class='ocr_line' id='line_1_87' title="bbox 1938 2821 3295 2897; baseline 0.009 -23"><span class='ocrx_word' id='word_1_580' title='bbox 1938 2826 2201 2876; x_wconf 88' lang='lat' dir='ltr'>mentum</span> <span class='ocrx_word' id='word_1_581' title='bbox 2224 2821 2504 2879; x_wconf 81' lang='lat' dir='ltr'>obsistens</span> <span class='ocrx_word' id='word_1_582' title='bbox 2520 2824 2920 2897; x_wconf 87' lang='lat' dir='ltr'>prohiberetur</span> <span class='ocrx_word' id='word_1_583' title='bbox 2930 2824 3295 2886; x_wconf 90' lang='lat' dir='ltr'>descendere.</span> 
     </span>
     <span class='ocr_line' id='line_1_88' title="bbox 1938 2898 3295 2982; baseline 0.007 -25"><span class='ocrx_word' id='word_1_584' title='bbox 1938 2901 2099 2967; x_wconf 88' lang='lat' dir='ltr'>Quod</span> <span class='ocrx_word' id='word_1_585' title='bbox 2131 2898 2233 2958; x_wconf 88' lang='lat' dir='ltr'>alii</span> <span class='ocrx_word' id='word_1_586' title='bbox 2261 2904 2436 2960; x_wconf 88' lang='lat' dir='ltr'>etiam</span> <span class='ocrx_word' id='word_1_587' title='bbox 2450 2912 2747 2977; x_wconf 87' lang='lat' dir='ltr'>exponunt</span> <span class='ocrx_word' id='word_1_588' title='bbox 2769 2909 3034 2982; x_wconf 88' lang='lat' dir='ltr'>exemplo</span> <span class='ocrx_word' id='word_1_589' title='bbox 3059 2912 3295 2982; x_wconf 88' lang='lat' dir='ltr'>speculi,</span> 
     </span>
     <span class='ocr_line' id='line_1_89' title="bbox 1938 2984 3294 3064; baseline 0.007 -25"><span class='ocrx_word' id='word_1_590' title='bbox 1938 2985 2032 3039; x_wconf 87' lang='lat' dir='ltr'>vel</span> <span class='ocrx_word' id='word_1_591' title='bbox 2055 2984 2293 3039; x_wconf 87' lang='lat' dir='ltr'>alterius</span> <span class='ocrx_word' id='word_1_592' title='bbox 2337 2989 2592 3058; x_wconf 88' lang='lat' dir='ltr'>corporis</span> <span class='ocrx_word' id='word_1_593' title='bbox 2630 2986 2822 3052; x_wconf 90' lang='lat' dir='ltr'>nitidi,</span> <span class='ocrx_word' id='word_1_594' title='bbox 2854 2994 2910 3044; x_wconf 92' lang='lat' dir='ltr'>et</span> <span class='ocrx_word' id='word_1_595' title='bbox 2937 2988 3083 3047; x_wconf 90' lang='lat' dir='ltr'>bene</span> <span class='ocrx_word' id='word_1_596' title='bbox 3111 2992 3294 3064; x_wconf 89' lang='lat' dir='ltr'>politi,</span> 
     </span>
     <span class='ocr_line' id='line_1_90' title="bbox 1938 3064 3299 3138; baseline 0.008 -19"><span class='ocrx_word' id='word_1_597' title='bbox 1938 3064 2147 3138; x_wconf 91' lang='lat' dir='ltr'>quibus</span> <span class='ocrx_word' id='word_1_598' title='bbox 2174 3066 2320 3122; x_wconf 83' lang='lat' dir='ltr'>levis</span> <span class='ocrx_word' id='word_1_599' title='bbox 2348 3073 2605 3135; x_wconf 78' lang='lat' dir='ltr'>attactuS,</span> <span class='ocrx_word' id='word_1_600' title='bbox 2637 3075 2735 3125; x_wconf 87' lang='lat' dir='ltr'>aut</span> <span class='ocrx_word' id='word_1_601' title='bbox 2773 3070 2940 3127; x_wconf 87' lang='lat' dir='ltr'>flatus</span> <span class='ocrx_word' id='word_1_602' title='bbox 2979 3071 3299 3130; x_wconf 91' lang='lat' dir='ltr'>detrimen-</span> 
     </span>
    </p>
   </div>
   <div class='ocr_carea' id='block_1_9' title="bbox 1940 3147 3299 3287">
    <p class='ocr_par' dir='ltr' id='par_1_12' title="bbox 1940 3147 3299 3287">
     <span class='ocr_line' id='line_1_91' title="bbox 1940 3147 3299 3219; baseline 0.009 -17"><span class='ocrx_word' id='word_1_603' title='bbox 1940 3154 2064 3203; x_wconf 92' lang='lat' dir='ltr'>tum</span> <span class='ocrx_word' id='word_1_604' title='bbox 2098 3147 2317 3206; x_wconf 87' lang='lat' dir='ltr'>decoris</span> <span class='ocrx_word' id='word_1_605' title='bbox 2345 3150 2529 3219; x_wconf 85' lang='lat' dir='ltr'>affert,</span> <span class='ocrx_word' id='word_1_606' title='bbox 2559 3169 2688 3209; x_wconf 90' lang='lat' dir='ltr'>cum</span> <span class='ocrx_word' id='word_1_607' title='bbox 2714 3158 2907 3211; x_wconf 89' lang='lat' dir='ltr'>tamen</span> <span class='ocrx_word' id='word_1_608' title='bbox 2946 3154 3018 3213; x_wconf 90' lang='lat' dir='ltr'>de</span> <span class='ocrx_word' id='word_1_609' title='bbox 3062 3156 3299 3215; x_wconf 88' lang='lat' dir='ltr'>entitate</span> 
     </span>
     <span class='ocr_line' id='line_1_92' title="bbox 1941 3227 2440 3287; baseline 0.006 -4"><span class='ocrx_word' id='word_1_610' title='bbox 1941 3228 2093 3284; x_wconf 91' lang='lat' dir='ltr'>nihil</span> <span class='ocrx_word' id='word_1_611' title='bbox 2133 3227 2440 3287; x_wconf 90' lang='lat' dir='ltr'>diminuat.</span> 
     </span>
    </p>
   </div>
   <div class='ocr_carea' id='block_1_10' title="bbox 1941 3303 3503 5157">
    <p class='ocr_par' dir='ltr' id='par_1_13' title="bbox 1941 3303 3503 5092">
     <span class='ocr_line' id='line_1_93' title="bbox 2014 3303 3474 3380; baseline 0.007 -24"><span class='ocrx_word' id='word_1_612' title='bbox 2014 3303 2142 3357; x_wconf 80' lang='lat'>302.</span> <span class='ocrx_word' id='word_1_613' title='bbox 2190 3304 2370 3362; x_wconf 88' lang='lat' dir='ltr'>Porro</span> <span class='ocrx_word' id='word_1_614' title='bbox 2396 3305 2541 3361; x_wconf 89' lang='lat' dir='ltr'>sicut</span> <span class='ocrx_word' id='word_1_615' title='bbox 2586 3313 2872 3379; x_wconf 88' lang='lat' dir='ltr'>peccatum</span> <span class='ocrx_word' id='word_1_616' title='bbox 2895 3310 3127 3368; x_wconf 91' lang='lat' dir='ltr'>veniale</span> <span class='ocrx_word' id='word_1_617' title='bbox 3154 3311 3300 3368; x_wconf 87' lang='lat' dir='ltr'>hanc</span> <span class='ocrx_word' id='word_1_618' title='bbox 3339 3320 3474 3380; x_wconf 64' lang='lat' dir='ltr'>infert</span> 
     </span>
     <span class='ocr_line' id='line_1_94' title="bbox 1942 3371 3503 3465; baseline 0.01 -28"><span class='ocrx_word' id='word_1_619' title='bbox 1942 3385 2229 3439; x_wconf 89' lang='lat' dir='ltr'>maculam</span> <span class='ocrx_word' id='word_1_620' title='bbox 2277 3385 2339 3440; x_wconf 91' lang='lat' dir='ltr'>in</span> <span class='ocrx_word' id='word_1_621' title='bbox 2390 3388 2621 3460; x_wconf 90' lang='lat' dir='ltr'>proprio</span> <span class='ocrx_word' id='word_1_622' title='bbox 2666 3389 2915 3463; x_wconf 85' lang='lat' dir='ltr'>subjecto</span> <span class='ocrx_word' id='word_1_623' title='bbox 2954 3400 3164 3461; x_wconf 87' lang='lat' dir='ltr'>causat,</span> <span class='ocrx_word' id='word_1_624' title='bbox 3220 3394 3299 3450; x_wconf 87' lang='lat' dir='ltr'>ita</span> <span class='ocrx_word' id='word_1_625' title='bbox 3311 3371 3503 3465; x_wconf 54' lang='grc' dir='ltr'>Ἢὲξᾞ.</span> 
     </span>
     <span class='ocr_line' id='line_1_95' title="bbox 1941 3464 3492 3545; baseline 0.01 -27"><span class='ocrx_word' id='word_1_626' title='bbox 1941 3466 2056 3521; x_wconf 92' lang='lat' dir='ltr'>Deo</span> <span class='ocrx_word' id='word_1_627' title='bbox 2084 3464 2389 3535; x_wconf 91' lang='lat' dir='ltr'>aliqualem</span> <span class='ocrx_word' id='word_1_628' title='bbox 2414 3466 2691 3525; x_wconf 82' lang='lat' dir='ltr'>offensam</span> <span class='ocrx_word' id='word_1_629' title='bbox 2716 3469 2951 3545; x_wconf 88' lang='lat' dir='ltr'>irrogat.</span> <span class='ocrx_word' id='word_1_630' title='bbox 2982 3475 3128 3529; x_wconf 89' lang='lat' dir='ltr'>Nam</span> <span class='ocrx_word' id='word_1_631' title='bbox 3156 3469 3492 3533; x_wconf 54' lang='lat' dir='ltr'>stouffen-‘²¹¹¹-</span> 
     </span>
     <span class='ocr_line' id='line_1_96' title="bbox 1943 3545 3300 3625; baseline 0.01 -25"><span class='ocrx_word' id='word_1_632' title='bbox 1943 3545 2081 3601; x_wconf 90' lang='lat' dir='ltr'>dum</span> <span class='ocrx_word' id='word_1_633' title='bbox 2104 3547 2274 3602; x_wconf 91' lang='lat' dir='ltr'>homo</span> <span class='ocrx_word' id='word_1_634' title='bbox 2305 3564 2404 3619; x_wconf 89' lang='lat' dir='ltr'>per</span> <span class='ocrx_word' id='word_1_635' title='bbox 2425 3554 2711 3621; x_wconf 91' lang='lat' dir='ltr'>peccatum</span> <span class='ocrx_word' id='word_1_636' title='bbox 2739 3568 2914 3625; x_wconf 86' lang='lat' dir='ltr'>grave</span> <span class='ocrx_word' id='word_1_637' title='bbox 2935 3571 2968 3609; x_wconf 92' lang='lat' dir='ltr'>a</span> <span class='ocrx_word' id='word_1_638' title='bbox 2996 3557 3109 3612; x_wconf 93' lang='lat' dir='ltr'>Deo</span> <span class='ocrx_word' id='word_1_639' title='bbox 3130 3572 3300 3613; x_wconf 90' lang='lat' dir='ltr'>aver-</span> 
     </span>
     <span class='ocr_line' id='line_1_97' title="bbox 1943 3627 3298 3693; baseline 0.008 -10"><span class='ocrx_word' id='word_1_640' title='bbox 1943 3628 2104 3692; x_wconf 87' lang='lat' dir='ltr'>titur,</span> <span class='ocrx_word' id='word_1_641' title='bbox 2137 3628 2287 3683; x_wconf 91' lang='lat' dir='ltr'>tollit</span> <span class='ocrx_word' id='word_1_642' title='bbox 2334 3627 2593 3686; x_wconf 82' lang='lat' dir='ltr'>affective</span> <span class='ocrx_word' id='word_1_643' title='bbox 2638 3629 2709 3686; x_wconf 93' lang='lat' dir='ltr'>ab</span> <span class='ocrx_word' id='word_1_644' title='bbox 2737 3633 2841 3689; x_wconf 91' lang='lat' dir='ltr'>illo</span> <span class='ocrx_word' id='word_1_645' title='bbox 2882 3634 3160 3692; x_wconf 86' lang='lat' dir='ltr'>rationem</span> <span class='ocrx_word' id='word_1_646' title='bbox 3203 3638 3298 3693; x_wconf 92' lang='lat' dir='ltr'>ul-</span> 
     </span>
     <span class='ocr_line' id='line_1_98' title="bbox 1945 3705 3297 3775; baseline 0.01 -15"><span class='ocrx_word' id='word_1_647' title='bbox 1945 3706 2075 3762; x_wconf 90' lang='lat' dir='ltr'>timi</span> <span class='ocrx_word' id='word_1_648' title='bbox 2123 3705 2275 3775; x_wconf 85' lang='lat' dir='ltr'>finis,</span> <span class='ocrx_word' id='word_1_649' title='bbox 2308 3713 2362 3764; x_wconf 89' lang='lat' dir='ltr'>et</span> <span class='ocrx_word' id='word_1_650' title='bbox 2392 3707 2519 3765; x_wconf 92' lang='lat' dir='ltr'>ideo</span> <span class='ocrx_word' id='word_1_651' title='bbox 2556 3712 2793 3767; x_wconf 87' lang='lat' dir='ltr'>resultat</span> <span class='ocrx_word' id='word_1_652' title='bbox 2840 3711 2902 3768; x_wconf 90' lang='lat' dir='ltr'>in</span> <span class='ocrx_word' id='word_1_653' title='bbox 2948 3718 3059 3772; x_wconf 92' lang='lat' dir='ltr'>Deo</span> <span class='ocrx_word' id='word_1_654' title='bbox 3083 3715 3297 3773; x_wconf 82' lang='lat' dir='ltr'>offensa</span> 
     </span>
     <span class='ocr_line' id='line_1_99' title="bbox 1944 3787 3302 3864; baseline 0.007 -22"><span class='ocrx_word' id='word_1_655' title='bbox 1944 3787 2285 3860; x_wconf 88' lang='lat' dir='ltr'>simpliciter</span> <span class='ocrx_word' id='word_1_656' title='bbox 2313 3790 2463 3854; x_wconf 80' lang='lat' dir='ltr'>talis„</span> <span class='ocrx_word' id='word_1_657' title='bbox 2497 3807 2623 3862; x_wconf 80' lang='lat' dir='ltr'>quae</span> <span class='ocrx_word' id='word_1_658' title='bbox 2644 3797 2728 3848; x_wconf 90' lang='lat' dir='ltr'>est</span> <span class='ocrx_word' id='word_1_659' title='bbox 2755 3796 3002 3864; x_wconf 88' lang='lat' dir='ltr'>privatio</span> <span class='ocrx_word' id='word_1_660' title='bbox 3023 3797 3302 3853; x_wconf 82' lang='lat' dir='ltr'>intentata</span> 
     </span>
     <span class='ocr_line' id='line_1_100' title="bbox 1947 3868 3302 3951; baseline 0.008 -28"><span class='ocrx_word' id='word_1_661' title='bbox 1947 3868 2107 3924; x_wconf 90' lang='lat' dir='ltr'>illius</span> <span class='ocrx_word' id='word_1_662' title='bbox 2126 3870 2295 3944; x_wconf 75' lang='lat' dir='ltr'>Juris,</span> <span class='ocrx_word' id='word_1_663' title='bbox 2328 3871 2477 3943; x_wconf 92' lang='lat' dir='ltr'>quod</span> <span class='ocrx_word' id='word_1_664' title='bbox 2508 3876 2654 3928; x_wconf 90' lang='lat' dir='ltr'>Deus</span> <span class='ocrx_word' id='word_1_665' title='bbox 2685 3873 2948 3945; x_wconf 88' lang='lat' dir='ltr'>possidet,</span> <span class='ocrx_word' id='word_1_666' title='bbox 2983 3883 3044 3933; x_wconf 89' lang='lat' dir='ltr'>ut</span> <span class='ocrx_word' id='word_1_667' title='bbox 3072 3894 3175 3951; x_wconf 90' lang='lat' dir='ltr'>pro</span> <span class='ocrx_word' id='word_1_668' title='bbox 3197 3876 3302 3934; x_wconf 89' lang='lat' dir='ltr'>tali</span> 
     </span>
     <span class='ocr_line' id='line_1_101' title="bbox 1946 3947 3303 4030; baseline 0.007 -26"><span class='ocrx_word' id='word_1_669' title='bbox 1946 3947 2062 4006; x_wconf 88' lang='lat' dir='ltr'>fine</span> <span class='ocrx_word' id='word_1_670' title='bbox 2090 3949 2365 4007; x_wconf 88' lang='lat' dir='ltr'>habeatur</span> <span class='ocrx_word' id='word_1_671' title='bbox 2392 3973 2404 4007; x_wconf 72' lang='grc' dir='ltr'><strong><em>ε</em></strong></span> <span class='ocrx_word' id='word_1_672' title='bbox 2431 3954 2510 4008; x_wconf 87' lang='lat' dir='ltr'>ita</span> <span class='ocrx_word' id='word_1_673' title='bbox 2531 3969 2660 4008; x_wconf 90' lang='lat' dir='ltr'>cum</span> <span class='ocrx_word' id='word_1_674' title='bbox 2690 3953 2862 4011; x_wconf 88' lang='lat' dir='ltr'>homo</span> <span class='ocrx_word' id='word_1_675' title='bbox 2883 3971 2985 4028; x_wconf 90' lang='lat' dir='ltr'>per</span> <span class='ocrx_word' id='word_1_676' title='bbox 3015 3963 3303 4030; x_wconf 87' lang='lat' dir='ltr'>peccatum</span> 
     </span>
     <span class='ocr_line' id='line_1_102' title="bbox 1949 4033 3303 4106; baseline 0.007 -17"><span class='ocrx_word' id='word_1_677' title='bbox 1949 4033 2226 4089; x_wconf 88' lang='lat' dir='ltr'>venialea</span> <span class='ocrx_word' id='word_1_678' title='bbox 2253 4035 2366 4092; x_wconf 90' lang='lat' dir='ltr'>Deo</span> <span class='ocrx_word' id='word_1_679' title='bbox 2408 4034 2643 4091; x_wconf 90' lang='lat' dir='ltr'>divertit</span> <span class='ocrx_word' id='word_1_680' title='bbox 2667 4037 2913 4106; x_wconf 88' lang='lat' dir='ltr'>(servato</span> <span class='ocrx_word' id='word_1_681' title='bbox 2964 4045 3159 4098; x_wconf 90' lang='lat' dir='ltr'>tamen</span> <span class='ocrx_word' id='word_1_682' title='bbox 3203 4057 3303 4098; x_wconf 92' lang='lat' dir='ltr'>or-</span> 
     </span>
     <span class='ocr_line' id='line_1_103' title="bbox 1947 4112 3305 4190; baseline 0.009 -22"><span class='ocrx_word' id='word_1_683' title='bbox 1947 4112 2083 4171; x_wconf 92' lang='lat' dir='ltr'>dine</span> <span class='ocrx_word' id='word_1_684' title='bbox 2110 4113 2392 4171; x_wconf 88' lang='lat' dir='ltr'>habituali</span> <span class='ocrx_word' id='word_1_685' title='bbox 2416 4116 2699 4188; x_wconf 90' lang='lat' dir='ltr'>adipsum</span> <span class='ocrx_word' id='word_1_686' title='bbox 2727 4123 2998 4190; x_wconf 87' lang='lat' dir='ltr'>tanquam</span> <span class='ocrx_word' id='word_1_687' title='bbox 3026 4120 3097 4177; x_wconf 90' lang='lat' dir='ltr'>ad</span> <span class='ocrx_word' id='word_1_688' title='bbox 3125 4121 3305 4180; x_wconf 86' lang='lat' dir='ltr'>finem</span> 
     </span>
     <span class='ocr_line' id='line_1_104' title="bbox 1949 4198 3306 4274; baseline 0.007 -21"><span class='ocrx_word' id='word_1_689' title='bbox 1949 4198 2243 4269; x_wconf 88' lang='lat' dir='ltr'>ultimum)</span> <span class='ocrx_word' id='word_1_690' title='bbox 2265 4199 2415 4255; x_wconf 87' lang='lat' dir='ltr'>tollit</span> <span class='ocrx_word' id='word_1_691' title='bbox 2442 4198 2511 4254; x_wconf 90' lang='lat' dir='ltr'>ab</span> <span class='ocrx_word' id='word_1_692' title='bbox 2532 4215 2599 4255; x_wconf 90' lang='lat' dir='ltr'>eo</span> <span class='ocrx_word' id='word_1_693' title='bbox 2620 4216 2736 4257; x_wconf 89' lang='lat' dir='ltr'>non</span> <span class='ocrx_word' id='word_1_694' title='bbox 2758 4201 2988 4274; x_wconf 89' lang='lat' dir='ltr'>quidem</span> <span class='ocrx_word' id='word_1_695' title='bbox 3018 4205 3306 4262; x_wconf 88' lang='lat' dir='ltr'>rationem</span> 
     </span>
     <span class='ocr_line' id='line_1_105' title="bbox 1948 4279 3309 4356; baseline 0.005 -19"><span class='ocrx_word' id='word_1_696' title='bbox 1948 4281 2142 4338; x_wconf 88' lang='lat' dir='ltr'>ultimi</span> <span class='ocrx_word' id='word_1_697' title='bbox 2165 4280 2318 4349; x_wconf 78' lang='lat' dir='ltr'>finiS,</span> <span class='ocrx_word' id='word_1_698' title='bbox 2345 4279 2443 4338; x_wconf 92' lang='lat' dir='ltr'>sed</span> <span class='ocrx_word' id='word_1_699' title='bbox 2465 4282 2647 4339; x_wconf 89' lang='lat' dir='ltr'>solam</span> <span class='ocrx_word' id='word_1_700' title='bbox 2674 4285 3089 4356; x_wconf 87' lang='lat' dir='ltr'>extensionem,</span> <span class='ocrx_word' id='word_1_701' title='bbox 3115 4292 3171 4343; x_wconf 87' lang='lat' dir='ltr'>et</span> <span class='ocrx_word' id='word_1_702' title='bbox 3196 4292 3309 4346; x_wconf 89' lang='lat' dir='ltr'>ter·</span> 
     </span>
     <span class='ocr_line' id='line_1_106' title="bbox 1948 4363 3308 4442; baseline 0.005 -22"><span class='ocrx_word' id='word_1_703' title='bbox 1948 4363 2331 4421; x_wconf 88' lang='lat' dir='ltr'>minationem</span> <span class='ocrx_word' id='word_1_704' title='bbox 2355 4365 2635 4421; x_wconf 87' lang='lat' dir='ltr'>actualem</span> <span class='ocrx_word' id='word_1_705' title='bbox 2659 4363 2734 4421; x_wconf 83' lang='lat' dir='ltr'>ad</span> <span class='ocrx_word' id='word_1_706' title='bbox 2761 4381 2921 4438; x_wconf 89' lang='lat' dir='ltr'>opus,</span> <span class='ocrx_word' id='word_1_707' title='bbox 2948 4368 3011 4424; x_wconf 90' lang='lat' dir='ltr'>in</span> <span class='ocrx_word' id='word_1_708' title='bbox 3051 4385 3163 4442; x_wconf 89' lang='lat' dir='ltr'>quo</span> <span class='ocrx_word' id='word_1_709' title='bbox 3203 4384 3308 4427; x_wconf 90' lang='lat' dir='ltr'>ve-</span> 
     </span>
     <span class='ocr_line' id='line_1_107' title="bbox 1950 4445 3308 4519; baseline 0.002 -15"><span class='ocrx_word' id='word_1_710' title='bbox 1950 4447 2184 4504; x_wconf 88' lang='lat' dir='ltr'>nialiter</span> <span class='ocrx_word' id='word_1_711' title='bbox 2211 4445 2495 4519; x_wconf 88' lang='lat' dir='ltr'>delinquit</span> <span class='ocrx_word' id='word_1_712' title='bbox 2525 4470 2539 4514; x_wconf 91' lang='lat'>;</span> <span class='ocrx_word' id='word_1_713' title='bbox 2583 4446 2824 4519; x_wconf 87' lang='lat' dir='ltr'>impedit</span> <span class='ocrx_word' id='word_1_714' title='bbox 2861 4450 3019 4506; x_wconf 90' lang='lat' dir='ltr'>enim</span> <span class='ocrx_word' id='word_1_715' title='bbox 3049 4468 3123 4510; x_wconf 89' lang='lat' dir='ltr'>ne</span> <span class='ocrx_word' id='word_1_716' title='bbox 3159 4455 3308 4509; x_wconf 84' lang='lat' dir='ltr'>Deus</span> 
     </span>
     <span class='ocr_line' id='line_1_108' title="bbox 1953 4528 3305 4605; baseline 0.004 -19"><span class='ocrx_word' id='word_1_717' title='bbox 1953 4548 2052 4605; x_wconf 87' lang='lat' dir='ltr'>per</span> <span class='ocrx_word' id='word_1_718' title='bbox 2090 4529 2327 4587; x_wconf 91' lang='lat' dir='ltr'>modum</span> <span class='ocrx_word' id='word_1_719' title='bbox 2373 4528 2568 4585; x_wconf 86' lang='lat' dir='ltr'>ultimi</span> <span class='ocrx_word' id='word_1_720' title='bbox 2608 4528 2742 4585; x_wconf 88' lang='lat' dir='ltr'>finis</span> <span class='ocrx_word' id='word_1_721' title='bbox 2788 4530 3120 4590; x_wconf 88' lang='lat' dir='ltr'>dominetur</span> <span class='ocrx_word' id='word_1_722' title='bbox 3179 4540 3305 4592; x_wconf 84' lang='lat' dir='ltr'>actu</span> 
     </span>
     <span class='ocr_line' id='line_1_109' title="bbox 1952 4610 3311 4688; baseline 0.003 -18"><span class='ocrx_word' id='word_1_723' title='bbox 1952 4612 2217 4688; x_wconf 82' lang='lat' dir='ltr'>praedicto</span> <span class='ocrx_word' id='word_1_724' title='bbox 2236 4610 2591 4685; x_wconf 85' lang='lat' dir='ltr'>operi.Unde</span> <span class='ocrx_word' id='word_1_725' title='bbox 2607 4610 2686 4676; x_wconf 87' lang='lat' dir='ltr'>fit,</span> <span class='ocrx_word' id='word_1_726' title='bbox 2713 4617 2776 4669; x_wconf 89' lang='lat' dir='ltr'>ut</span> <span class='ocrx_word' id='word_1_727' title='bbox 2798 4613 3071 4685; x_wconf 66' lang='lat' dir='ltr'>praedicta</span> <span class='ocrx_word' id='word_1_728' title='bbox 3090 4616 3311 4674; x_wconf 84' lang='lat' dir='ltr'>offensa</span> 
     </span>
     <span class='ocr_line' id='line_1_110' title="bbox 1951 4691 3305 4765; baseline 0.002 -13"><span class='ocrx_word' id='word_1_729' title='bbox 1951 4711 2069 4752; x_wconf 91' lang='lat' dir='ltr'>non</span> <span class='ocrx_word' id='word_1_730' title='bbox 2091 4693 2294 4750; x_wconf 88' lang='lat' dir='ltr'>evadat</span> <span class='ocrx_word' id='word_1_731' title='bbox 2334 4691 2678 4765; x_wconf 87' lang='lat' dir='ltr'>simpliciter</span> <span class='ocrx_word' id='word_1_732' title='bbox 2708 4692 2960 4763; x_wconf 85' lang='lat' dir='ltr'>infinita,</span> <span class='ocrx_word' id='word_1_733' title='bbox 2992 4698 3092 4754; x_wconf 91' lang='lat' dir='ltr'>sed</span> <span class='ocrx_word' id='word_1_734' title='bbox 3118 4696 3305 4765; x_wconf 83' lang='lat' dir='ltr'>finita,</span> 
     </span>
     <span class='ocr_line' id='line_1_111' title="bbox 1951 4770 3313 4850; baseline 0.001 -17"><span class='ocrx_word' id='word_1_735' title='bbox 1951 4782 2008 4833; x_wconf 86' lang='lat' dir='ltr'>et</span> <span class='ocrx_word' id='word_1_736' title='bbox 2027 4774 2294 4838; x_wconf 89' lang='lat' dir='ltr'>limitata,</span> <span class='ocrx_word' id='word_1_737' title='bbox 2329 4779 2495 4845; x_wconf 90' lang='lat' dir='ltr'>atque</span> <span class='ocrx_word' id='word_1_738' title='bbox 2516 4770 2682 4828; x_wconf 84' lang='lat' dir='ltr'>finita</span> <span class='ocrx_word' id='word_1_739' title='bbox 2702 4773 3088 4833; x_wconf 88' lang='lat' dir='ltr'>satisfactione</span> <span class='ocrx_word' id='word_1_740' title='bbox 3107 4777 3313 4850; x_wconf 85' lang='lat' dir='ltr'>expia-</span> 
     </span>
     <span class='ocr_line' id='line_1_112' title="bbox 1952 4854 3307 4929; baseline 0 -15"><span class='ocrx_word' id='word_1_741' title='bbox 1952 4858 2104 4923; x_wconf 88' lang='lat' dir='ltr'>bilis,</span> <span class='ocrx_word' id='word_1_742' title='bbox 2148 4859 2213 4910; x_wconf 91' lang='lat' dir='ltr'>ut</span> <span class='ocrx_word' id='word_1_743' title='bbox 2259 4854 2323 4911; x_wconf 92' lang='lat' dir='ltr'>in</span> <span class='ocrx_word' id='word_1_744' title='bbox 2348 4858 2657 4911; x_wconf 89' lang='lat' dir='ltr'>comment.</span> <span class='ocrx_word' id='word_1_745' title='bbox 2686 4854 2858 4913; x_wconf 85' lang='lat' dir='ltr'>citato</span> <span class='ocrx_word' id='word_1_746' title='bbox 2900 4856 3307 4929; x_wconf 85' lang='lat' dir='ltr'>explicuimus.</span> 
     </span>
     <span class='ocr_line' id='line_1_113' title="bbox 1952 4934 3310 5008; baseline -0.001 -11"><span class='ocrx_word' id='word_1_747' title='bbox 1952 4938 2134 4997; x_wconf 89' lang='lat' dir='ltr'>Habet</span> <span class='ocrx_word' id='word_1_748' title='bbox 2179 4942 2374 4995; x_wconf 89' lang='lat' dir='ltr'>tamen</span> <span class='ocrx_word' id='word_1_749' title='bbox 2440 4934 2767 5008; x_wconf 86' lang='lat' dir='ltr'>hujusmodi</span> <span class='ocrx_word' id='word_1_750' title='bbox 2808 4936 3038 4995; x_wconf 85' lang='lat' dir='ltr'>offensa·</span> <span class='ocrx_word' id='word_1_751' title='bbox 3087 4944 3310 4996; x_wconf 86' lang='lat' dir='ltr'>tantam</span> 
     </span>
     <span class='ocr_line' id='line_1_114' title="bbox 1952 5019 3305 5092; baseline -0.002 -12"><span class='ocrx_word' id='word_1_752' title='bbox 1952 5039 2081 5081; x_wconf 90' lang='lat' dir='ltr'>cum</span> <span class='ocrx_word' id='word_1_753' title='bbox 2104 5021 2331 5077; x_wconf 90' lang='lat' dir='ltr'>macula</span> <span class='ocrx_word' id='word_1_754' title='bbox 2357 5019 2565 5092; x_wconf 89' lang='lat' dir='ltr'>peccati</span> <span class='ocrx_word' id='word_1_755' title='bbox 2587 5020 2835 5077; x_wconf 86' lang='lat' dir='ltr'>venialis</span> <span class='ocrx_word' id='word_1_756' title='bbox 2863 5020 3305 5085; x_wconf 89' lang='lat' dir='ltr'>connexionem,</span> 
     </span>
    </p>

    <p class='ocr_par' dir='ltr' id='par_1_14' title="bbox 3248 5105 3313 5157">
     <span class='ocr_line' id='line_1_115' title="bbox 3248 5105 3313 5157; baseline 0 0"><span class='ocrx_word' id='word_1_757' title='bbox 3248 5105 3313 5157; x_wconf 86' lang='lat' dir='ltr'>ut</span> 
     </span>
    </p>
   </div>
  </div>
 </body>
</html>
