3647 5753
1442 345 1621 401 DISP.
1668 344 1767 409 111,
1810 341 1979 399 DUB.
2023 343 2118 399 IV.

314 513 477 570 tollat
502 512 760 572 effective
786 516 1035 588 culpam,
1064 518 1156 572 vel
1183 517 1331 590 quod
1353 518 1529 591 possit
1558 517 1685 573 cul-

314 610 399 669 pae
417 596 744 653 coexistere.
780 597 841 652 Id
861 597 1011 670 quod
1037 598 1177 655 satis
1204 600 1384 672 liquet
1411 600 1474 656 in
1495 600 1687 656 calore

316 682 379 733 ut
402 682 526 734 octo
565 677 904 751 disponente
944 679 1015 736 ad
1056 681 1457 753 expulsionem
1484 679 1688 736 formae

314 759 490 834 ligni3
516 775 651 816 nam
674 760 807 817 licet
830 761 1095 834 procedat
1117 777 1149 818 a
1172 761 1358 818 forma
1383 761 1535 836 ignis
1556 766 1688 817 tan-

311 856 482 913 quam
513 856 545 896 a
574 841 861 916 principio
897 835 1161 900 effectivo
1196 859 1299 915 per
1333 842 1688 900 dimanatio-

310 936 465 990 nem,
498 922 748 979 minime
795 929 989 981 tamen
1036 922 1298 997 impedit,
1330 925 1472 997 quin
1500 924 1689 981 forma

310 1001 462 1076 ignis
507 1004 758 1075 expellat
805 1003 1142 1061 immediate
1178 1004 1325 1079 ligni
1375 1005 1625 1063 formam
1671 1026 1685 1061 ε

310 1096 416 1138 nec
441 1082 654 1139 mediat
674 1083 826 1140 inter
854 1083 1345 1142 introductionem
1374 1085 1551 1142 unius
1575 1086 1690 1142 for·

312 1176 439 1230 mae,
461 1168 516 1220 et
542 1165 938 1237 expulsionem
964 1166 1225 1230 alterius3
1250 1166 1349 1223 sed
1370 1166 1442 1223 ad
1472 1171 1690 1223 utram-

311 1258 421 1316 que
446 1245 703 1315 sequitur
725 1245 787 1300 in
809 1261 925 1302 uno
945 1261 1174 1319 genere,
1203 1251 1258 1303 et
1288 1252 1592 1320 utramque
1620 1247 1685 1304 in

315 1326 430 1382 alio
479 1326 761 1399 praecedit,
794 1332 854 1383 ut
895 1328 1081 1402 magis
1106 1327 1529 1385 declarabimus
1555 1329 1684 1385 dub.

314 1411 579 1486 sequenti.

394 1488 555 1547 Unde
599 1492 774 1549 etiam
819 1496 1038 1549 constat
1065 1491 1135 1548 ad
1163 1492 1514 1550 difficultatis
1550 1509 1686 1568 aug-

314 1577 609 1638 mentum;
633 1572 996 1630 concedimus
1022 1573 1196 1640 enim,
1222 1573 1475 1648 gratiam
1503 1590 1676 1631 sanc-

317 1651 631 1708 tificantem
662 1654 1024 1726 praesupponi
1047 1654 1386 1712 existentem
1410 1653 1480 1711 ad
1502 1661 1690 1711 actum

315 1734 679 1791 contritionis
699 1737 763 1791 in
791 1737 896 1793 illo
921 1751 1152 1811 genere,
1186 1737 1252 1793 in
1279 1753 1390 1810 quo
1413 1737 1610 1793 influit
1628 1739 1691 1794 in

317 1815 651 1890 praedictum
681 1826 902 1886 actum;
932 1817 1031 1875 sed
1056 1818 1159 1875 hoc
1183 1834 1300 1876 non
1323 1820 1495 1885 tollit,
1529 1818 1681 1893 quod

313 1898 580 1955 contritio
610 1899 672 1954 in
720 1901 834 1957 alio
860 1914 1069 1973 genere
1120 1904 1594 1973 praesupponatur
1620 1900 1693 1957 ad

313 1979 679 2036 existentiam
726 1980 979 2054 ejusdem
1025 1980 1245 2052 gratiae,
1303 1986 1364 2036 ut
1409 1980 1694 2038 declarari

320 2062 782 2134 potestexemplo
808 2060 1071 2134 proxime
1100 2059 1358 2117 adducto,
1391 2063 1504 2118 Nec
1527 2061 1582 2118 id
1610 2065 1695 2118 est

319 2142 546 2215 aliquod
569 2143 1017 2209 inconveniens3
1051 2159 1188 2198 nam
1224 2158 1407 2199 causae
1435 2142 1506 2198 ad
1533 2143 1693 2199 invi-

317 2240 439 2280 cem
459 2230 594 2280 sunt
614 2242 817 2291 causae,
846 2231 907 2280 ut
933 2225 1062 2283 dub.
1103 2242 1212 2300 seq.
1247 2224 1687 2298 explicabimus„

317 2311 374 2361 et
389 2304 640 2361 admittit
664 2307 875 2362 relatus
899 2307 1119 2362 Author
1140 2306 1203 2361 in
1219 2305 1694 2379 dispositionibus

324 2387 703 2454 naturalibuS,
728 2394 783 2445 et
806 2387 1269 2461 proprietatibuS,
1295 2405 1420 2460 quae
1443 2389 1693 2445 formam

321 2475 763 2540 consequuntur.
797 2468 1118 2524 Videantur
1144 2485 1320 2541 supra
1347 2468 1499 2525 dicta
1526 2487 1682 2525 num.

322 2549 416 2614 60,
450 2548 547 2604 ubi
593 2550 950 2606 ostendimus
995 2549 1248 2621 qualiter
1292 2553 1354 2606 D.
1386 2550 1593 2607 Thom.
1630 2550 1694 2606 in

323 2631 650 2688 testimonio
699 2633 887 2708 relato=
928 2635 1051 2704 post
1100 2631 1296 2698 verba,
1347 2647 1472 2705 quae
1525 2631 1695 2690 nobis

319 2712 687 2786 objiciuntur,
740 2713 933 2771 doceat
980 2719 1238 2773 nostram
1287 2714 1689 2772 assertionem.

391 2794 679 2868 objiciunt
742 2796 916 2851 etiam
970 2796 1307 2852 Adversarii
1371 2797 1565 2868 aliqua
1625 2797 1690 2850 D.

315 2879 516 2936 Thom.
551 2876 728 2935 verba
755 2875 1057 2952 desumpta
1084 2895 1156 2936 ex
1184 2879 1367 2935 variis
1412 2880 1553 2937 locis
1581 2879 1695 2934 hu-

308 2961 402 3034 jus
454 2960 785 3034 quaestionis
862 2964 984 3018 113.
1048 2961 1155 3019 Sed
1201 2977 1325 3034 quae
1381 2961 1694 3035 aliqualem

313 3040 711 3098 difficultatem
742 3042 975 3109 habent,
1010 3047 1251 3099 manent
1298 3058 1474 3116 supra
1504 3041 1696 3115 expli-

314 3128 435 3179 cata
486 3140 520 3177 α
566 3140 718 3180 num.
775 3125 866 3179 52.
927 3125 997 3179 Et
1045 3123 1215 3195 plane
1256 3138 1430 3193 quam
1486 3138 1695 3195 parum

316 3206 370 3262 S.
418 3207 617 3262 Doctor
643 3204 1009 3261 Adversariis
1053 3205 1243 3261 faveat
1268 3205 1334 3260 in
1361 3205 1465 3262 hac
1510 3221 1697 3278 quaes-

318 3286 490 3353 tione,
520 3285 618 3341 ubi
639 3301 709 3342 ex
737 3285 992 3358 professo
1014 3284 1415 3342 difficultatem
1442 3301 1696 3358 praesen-

316 3372 434 3423 tem
462 3366 711 3430 discutit,
743 3368 882 3422 satis
909 3382 1194 3440 superque
1222 3373 1443 3423 constat
1470 3383 1541 3423 ex
1569 3366 1693 3423 dic-

321 3448 393 3502 tis
421 3451 534 3502 toto
572 3451 603 3516 g
631 3449 686 3501 2.
718 3446 900 3520 “Unde
942 3463 1060 3505 non
1089 3452 1309 3520 oportet
1337 3448 1403 3503 in
1447 3447 1698 3505 investi-

317 3524 507 3599 gando
533 3528 764 3598 qualem
804 3528 1151 3583 senteutiam
1202 3533 1413 3595 teneat,
1445 3527 1697 3601 amplius

324 3622 650 3663 immorari.

807 3828 1090 3883 DUBIUM
1134 3829 1227 3884 IV.

336 3995 536 4053 Utrum
587 3992 845 4062 (absolute
896 3991 1175 4069 loquendo)
1227 4001 1383 4049 actus
1428 3995 1523 4067 qui
1568 4000 1698 4049 sunt

404 4075 608 4130 ultima)
663 4073 1039 4146 dispositiones
1096 4072 1170 4127 ad
1221 4074 1692 4145 justificationem,

402 4175 438 4213 α
463 4157 651 4228 qratia
676 4156 1053 4227 sanctificante
1095 4156 1334 4227 effective
1353 4156 1700 4229 procedant?

405 4318 613 4376 Sensus
654 4319 810 4375 tituli
836 4318 975 4375 satis
1014 4322 1231 4374 constat
1257 4334 1328 4375 ex
1372 4318 1538 4376 dictis
1566 4318 1693 4375 dub.

325 4401 549 4474 praeced.
581 4403 612 4469 ξ
649 4403 695 4466 1,
728 4400 935 4473 quibus
958 4398 1242 4467 addimuS,
1276 4400 1517 4458 dubium
1546 4418 1700 4475 prae-

331 4499 463 4540 sens
488 4480 792 4554 procedere
812 4480 882 4538 de
902 4480 1375 4553 dispositionibus
1398 4499 1514 4540 non
1539 4498 1699 4539 mere

332 4562 869 4629 concomitantibus,
904 4563 995 4620 vel
1021 4568 1078 4617 ut
1106 4562 1340 4635 quidam
1361 4566 1694 4638 loquuntur,

332 4645 749 4704 exornantibus
794 4646 1075 4721 gratiam;
1129 4644 1227 4701 sed
1273 4646 1342 4703 de
1383 4647 1522 4716 illis,
1576 4663 1702 4721 quae

333 4728 589 4802 aliquam
620 4744 818 4785 veram
847 4727 1240 4784 causalitatem
1268 4744 1403 4802 erga
1428 4729 1695 4805 gratiam,

334 4814 396 4866 ut
417 4808 611 4867 adulto
636 4808 988 4871 infunditur,
1009 4813 1294 4865 exercent.
1316 4811 1380 4866 In
1403 4826 1513 4883 quo
1533 4825 1701 4867 sensu

329 4891 524 4951 omnis
571 4908 710 4949 vera
756 4891 1077 4965 dispositio,
1121 4892 1388 4964 quamvis
1428 4892 1702 4950 coexistat

333 4975 556 5039 formae,
591 4977 772 5047 potest
808 4971 1091 5045 appellari
1128 4972 1482 5042 antecedens,
1536 4977 1702 5031 ante-

3076 346 3188 401 577

1816 513 2076 571 cedentia
2121 516 2317 590 utique
2350 516 2720 584 causalitatiS,
2753 520 2808 572 et
2834 514 3039 573 ordine
3081 531 3193 571 na-

1818 599 1981 651 turae.
2014 595 2173 660 Quod
2195 597 2380 653 obiter
2409 597 2820 669 praemittimus
2847 602 3048 653 contra
3077 596 3191 652 ali-

1818 692 1978 748 quoS,
2009 677 2107 750 qui
2138 676 2381 750 probant
2409 685 2563 735 actus
2586 678 2793 735 ultimo
2820 678 3192 751 disponentes

1819 756 1891 814 ad
1935 758 2184 832 gratiam
2231 758 2705 824 sanctificantem,
2739 774 2858 815 non
2889 756 3194 832 procedere

1820 836 1894 894 ab
1920 837 2043 905 illa,
2074 839 2210 912 quia
2250 843 2386 895 sunt
2411 839 2817 913 dispositiones
2846 838 3193 896 anteceden-

1822 926 1904 978 tes
1932 920 2002 976 ad
2030 921 2295 979 eandem.
2328 925 2393 978 In
2421 938 2531 994 quo
2560 936 2679 977 non
2706 938 2913 994 parum
2943 921 3194 977 halluci-

1821 1006 2067 1068 nantur3
2100 1018 2237 1059 uam
2264 1003 2314 1058 si
2343 1004 2658 1074 loquuntur
2704 1002 2775 1058 de
2802 1000 3195 1057 antecedentia

1820 1082 2117 1154 temporis,
2153 1081 2467 1156 procedunt
2485 1088 2684 1140 contra
2711 1082 2788 1148 id,
2820 1080 2970 1154 quod
2993 1097 3199 1154 suppo·

1821 1165 2019 1221 nimus
2051 1186 2064 1222 :
2094 1163 2145 1219 si
2171 1180 2311 1222 vero
2351 1165 2666 1237 loquuntur
2709 1163 2779 1220 de
2807 1163 3200 1231 antecedentia

1820 1245 2187 1313 causalitatis,
2240 1252 2441 1319 petunt
2469 1247 2822 1318 principium
2855 1269 2870 1312 ;
2901 1244 2959 1300 id
2988 1245 3201 1318 quippe

1822 1326 1894 1384 ad
1932 1342 2178 1384 examen
2219 1335 2473 1393 vocatur,
2509 1333 2703 1383 utrum
2750 1326 2966 1383 scilicet
3018 1332 3192 1391 actus,

1821 1410 1918 1482 qui
1948 1416 2373 1482 consequuntur
2393 1410 2641 1485 gratiam
2668 1415 2942 1482 tanquam
2974 1408 3206 1481 princi--

1827 1492 1987 1566 pium
2028 1492 2375 1560 effectivum,
2423 1498 2641 1565 queunt
2685 1509 2813 1550 eam
2862 1490 3196 1552 antecedere

1823 1572 2216 1631 antecedentia
2239 1575 2588 1631 causalitatis
2610 1575 2980 1648 dispositivae,
3011 1580 3066 1631 et
3091 1590 3194 1631 or-

1823 1653 1959 1711 dine
1987 1659 2228 1710 naturae.
2259 1657 2367 1712 Pro
2387 1656 2546 1728 cujus
2579 1656 2949 1713 resolutione.

2471 1810 2572 1880 §1-

1945 1969 2198 2042 Eliyitur
2230 1988 2369 2044 pars
2406 1972 2772 2045 affirmativa,
2807 1978 2856 2026 et
2889 1973 3073 2044 primo

2168 2055 2528 2127 fundamento
2568 2057 2838 2111 munitur.

1899 2212 1992 2267 69.
2038 2211 2355 2268 Dicendum
2394 2216 2497 2278 est,
2531 2216 2686 2268 actus
2727 2209 3111 2273 contritionis,
3143 2212 3389 2282 etcsnctu-

1827 2292 2142 2361 charitatis,
2172 2292 2378 2366 quibus
2407 2293 2623 2365 impius
2644 2291 2716 2349 ad
2730 2289 3198 2365 Justificationem

1826 2370 2174 2444 disponitur,
2201 2372 2505 2445 procedere
2522 2389 2551 2429 a
2573 2372 2759 2446 gratia
2781 2368 3193 2434 sanctificante,

1827 2459 2101 2528 tanquam
2130 2471 2162 2511 a
2188 2456 2474 2528 principio
2497 2454 2773 2511 effectivo.
2809 2455 2934 2508 Haec
2963 2452 3199 2508 conclu-

1827 2539 1911 2595 sio
1936 2543 2022 2594 est
2062 2539 2123 2592 D.
2156 2538 2360 2595 Thom.
2397 2538 2532 2594 locis
2557 2537 2686 2593 dub.
2724 2536 2949 2609 prteced.
2980 2533 3186 2598 citatiS,

1827 2624 1881 2675 et
1895 2617 2182 2692 colligitur
2197 2634 2268 2675 ex
2286 2622 2348 2674 D.
2366 2620 2596 2691 Gregor.
2618 2618 2763 2681 hom.
2780 2617 2870 2671 30.
2887 2618 2946 2670 in
2967 2613 3187 2684 Evany.

1827 2700 1927 2757 ubi
1957 2701 2038 2757 ait
2072 2725 2085 2757 ι
2119 2700 2227 2769 Qui
2250 2692 2420 2756 mente
2447 2703 2660 2771 inteqra
2700 2698 2878 2756 Deum
2903 2698 3194 2762 desiderat,

1821 2783 2066 2855 profecto
2081 2784 2208 2854 jam
2227 2783 2383 2838 habet
2404 2800 2562 2860 quem
2583 2788 2736 2837 αηιαί
2750 2799 2770 2848 ,·
2797 2782 2923 2853 quia
2949 2798 3058 2835 non
3071 2796 3202 2853 pos-

1827 2870 1905 2919 set
1938 2862 2110 2920 Deum
2152 2865 2391 2935 diligere,
2425 2865 2475 2920 si
2499 2882 2623 2919 eum
2661 2880 2818 2936 quem
2844 2862 3049 2932 diliyit,
3094 2879 3204 2916 non

1828 2944 2063 3000 haberet.
2091 2947 2238 3000 Deus
2260 2946 2420 3001 enim
2445 2943 2688 3000 habetur
2710 2960 2741 2998 a
2767 2941 2934 2998 nobis
2958 2958 3059 3013 per
3079 2957 3206 3015 gra·

1832 3025 1974 3081 tiam
2002 3023 2453 3082 sanctificantem
2476 3048 2491 3093 ;
2516 3030 2571 3081 et
2589 3023 2689 3095 qui
2717 3023 2874 3079 elicit
2900 3020 3206 3078 contritio-

1834 3116 1993 3170 nem,
2021 3106 2112 3159 vel
2154 3121 2412 3161 amorem
2453 3102 2764 3166 charitatis
2801 3105 2983 3157 Deum
3013 3105 3206 3157 mente

1830 3187 2056 3259 integra
2103 3184 2421 3252 desiderat;
2452 3190 2618 3257 atque
2659 3184 2786 3246 ideo
2825 3199 2895 3239 ex
2921 3182 3207 3239 sententia

3263 2286 3343 2330 sio.

3228 2549 3413 2650 3:523:

3226 2651 3282 2693 D.
3303 2650 3413 2700 Aug.

1829 3266 2113 3340 Gregorii,
2164 3272 2320 3321 actus
2365 3265 2751 3331 contritioniS,
2804 3270 2861 3320 et
2907 3263 3206 3319 charitatis
3298 3278 3303 3282 ·

1781 3404 1784 3407 ,
1829 3350 2260 3418 consequuntur
2288 3347 2539 3419 gratiam
2569 3343 3042 3408 sanctificantem,
3076 3348 3207 3398 tan-

1829 3444 2005 3503 quam
2037 3427 2390 3499 principium
2416 3431 2691 3499 praestans
2716 3440 2876 3498 posse
2903 3424 2974 3480 ad
3000 3440 3204 3481 eorum

1829 3511 2202 3571 elicientium.
2225 3508 2379 3566 Idem
2401 3509 2684 3581 expressit
2703 3510 2765 3564 D.
2788 3511 3023 3582 August.
3040 3515 3201 3564 tract.

1827 3595 1921 3658 74,
1955 3593 2013 3647 in
2042 3590 2207 3647 Joan.
2235 3590 2326 3645 his
2352 3587 2547 3646 verbis
2574 3609 2587 3643 ε
2622 3610 2647 3640 α
2681 3587 2975 3653 Quomodo
3006 3587 3209 3661 diligi-

1837 3696 1864 3728 «
1896 3689 2045 3740 mus,
2090 3678 2153 3727 ut
2199 3671 2482 3744 Spiritum
2528 3674 2790 3725 sanctum
2840 3669 3205 3742 accipiamus,

1837 3776 1863 3808 «
1891 3770 2060 3828 quem
2108 3752 2223 3809 nisi
2267 3750 2598 3818 habeamus,
2630 3749 2872 3825 diligere
2900 3766 3020 3808 non
3045 3752 3209 3807 vale-

1835 3859 1861 3891 α
1893 3839 2059 3894 mus?
2112 3835 2190 3893 Et
2217 3837 2374 3908 infra
2405 3854 2423 3888 .·
2450 3833 2745 3899 Quomodo
2790 3835 2968 3908 igitur
2997 3833 3209 3908 dilige-

1836 3940 1861 3973 «
1893 3919 2052 3984 bant,
2081 3917 2193 3974 nisi
2219 3916 2282 3972 in
2303 3916 2521 3988 Spiritu
2549 3918 2780 3973 sancto?
2809 3917 2878 3970 Et
2904 3921 3101 3971 tamen
3123 3915 3206 3972 eis

1836 4021 1860 4053 α
1896 3999 2057 4072 prius
2086 3999 2425 4071 imperatur,
2463 4002 2525 4051 ut
2552 3995 2798 4071 diligant
2819 4011 2969 4061 eum,
3001 4000 3059 4051 et
3084 3994 3210 4068 ejus

1836 4102 1862 4134 α
1894 4078 2166 4137 mandata
2211 4083 2567 4144 conservent,
2603 4083 2664 4132 ut
2710 4076 2990 4148 accipiant
3016 4075 3207 4148 Spiri-

1838 4183 1865 4215 «
1895 4167 2019 4217 tum
2066 4164 2351 4226 sanctum,
2383 4174 2555 4232 quem
2597 4157 2710 4214 nisi
2740 4155 3039 4223 haberent,
3072 4172 3211 4230 pro-

1836 4265 1862 4295 «
1894 4243 2038 4300 fecto
2078 4241 2322 4315 diligere
2347 4257 2463 4297 non
2491 4248 2740 4314 possent.
2776 4260 2801 4290 »
2836 4238 3090 4295 Eandem
3114 4255 3210 4295 as-

1831 4324 2146 4381 sertionem
2197 4327 2387 4378 tuetur
2431 4321 2636 4394 maJ'or,
2673 4326 2730 4377 et
2774 4318 3029 4377 nobilior
3078 4336 3210 4394 pars

1832 4404 2288 4463 Thomistarum.
2323 4403 2499 4476 Caiet.
2520 4401 2764 4459 Conrad.
2806 4408 2864 4458 et
2889 4401 3123 4459 Medina
3153 4405 3212 4458 in

1822 4505 1982 4561 praes.
2002 4494 2113 4544 art.
2140 4489 2193 4553 8,
2217 4490 2461 4543 Ferrara
2483 4487 2536 4551 3,
2559 4492 2748 4541 contra
2760 4492 2909 4555 gent.
2933 4503 3055 4559 cap.
3084 4487 3205 4543 153.

1832 4568 2170 4625 Dominicus
2191 4569 2324 4625 Soto
2346 4567 2438 4623 lib.
2465 4569 2520 4632 2,
2546 4568 2610 4622 de
2630 4575 2747 4623 nat.
2773 4574 2822 4622 et
2845 4569 3053 4637 qratia,
3077 4585 3201 4639 cap.

1842 4651 1919 4716 18,
1963 4653 2107 4707 etin
2143 4651 2197 4717 4,
2230 4650 2360 4706 dist.
2411 4651 2490 4706 14.
2522 4656 2702 4726 quam.
2735 4651 2789 4714 2,
2821 4656 2932 4705 art.
2965 4650 3020 4713 5,
3052 4647 3213 4717 §Est

1837 4747 1984 4802 erqo,
2013 4736 2070 4787 et
2094 4739 2204 4788 art.
2236 4733 2292 4797 6,
2323 4734 2354 4801 ς
2383 4728 2493 4788 Sed
2512 4733 2751 4800 eaeuryit,
2784 4729 2881 4785 ubi
2904 4728 3109 4785 asserit
3133 4729 3215 4786 sic

1833 4811 2050 4868 sentire
2099 4815 2276 4870 totam
2317 4811 2571 4868 scholam
2613 4814 2678 4867 D.
2710 4811 2914 4868 Thom.
2968 4809 3206 4866 Martin.

1834 4892 1906 4951 de
1935 4893 2212 4951 Ledesma
2232 4893 2472 4964 ibidem,
2497 4897 2643 4968 disp.
2668 4896 2763 4964 26,
2791 4904 2899 4952 art.
2926 4895 2981 4961 6,
3008 4894 3213 4949 Petrus

1837 4973 1907 5031 de
1953 4975 2086 5032 Soto
2109 4975 2173 5030 de
2200 4976 2442 5032 institut.
2486 4975 2713 5035 Sacerd.
2747 4977 2865 5035 lect.
2921 4978 3003 5045 12,
3052 4976 3209 5032 Cano

3223 4415 3396 4465 cajetan
3408 4442 3420 4453 .

3231 4461 3411 4520 conrad.

3225 4513 3409 4557 Medma.

3223 4565 3425 4618 Ferrare.

3224 4614 3399 4655 Domin.

3266 4662 3384 4705 Soto.

3226 4809 3381 4853 Martia
3390 4841 3400 4852 .

3226 4858 3420 4903 Ledesm.

3248 4909 3397 4953 Petrus

3263 4959 3379 5001 soto.

3251 5007 3365 5052 cauo
3378 5038 3387 5048 .
