3647 5753
165 4856 366 4904 Solvitur.

386 335 500 392 830

381 506 578 580 quitur
603 508 753 582 quod
779 526 881 583 per
907 515 1095 567 actum
1124 508 1340 567 bonum
1368 506 1545 580 possit
1569 505 1746 566 etiam

383 588 752 648 antecedente
778 595 937 664 pacto
965 591 1065 648 Dei
1106 590 1320 649 mereri
1347 588 1457 645 sibi
1497 587 1570 645 de
1606 602 1747 645 con-

383 670 559 746 digno
584 673 835 746 gratiam
863 673 1225 730 remissivam
1256 671 1494 744 peccati:
1522 676 1578 727 et
1602 671 1749 727 sicut

381 766 455 808 ex
498 766 599 818 ec,
655 752 805 825 quod
856 758 1145 825 peccatum
1201 751 1409 808 Adami
1469 750 1749 808 meruerit

381 833 567 907 quoad
593 834 994 892 sufficientiam
1034 834 1349 892 carentiam
1391 832 1749 890 lncarnatio-

383 915 498 983 nis,
524 932 644 974 non
670 916 922 975 infertur
961 916 1110 992 quod
1137 916 1384 991 potuerit
1412 930 1514 988 per
1561 919 1749 972 actum

384 995 621 1065 bonum,
653 999 838 1055 adhuc
862 999 1158 1057 accedente
1199 1003 1358 1072 pacto
1400 998 1521 1064 Dei,
1554 998 1751 1054 Incar-

386 1079 683 1137 nationem
710 1079 780 1136 de
822 1079 1107 1154 condigno
1153 1079 1366 1137 mereri
1398 1094 1411 1130 ε
1445 1079 1526 1136 ita
1562 1093 1634 1135 ex
1659 1093 1746 1144 ec,

383 1158 535 1233 quod
576 1159 741 1217 nobis
779 1160 1060 1217 meruerit
1100 1160 1488 1233 privationem
1525 1159 1747 1234 gratiae,

383 1243 451 1299 in
476 1259 589 1317 qua
613 1244 874 1301 consistit
910 1248 1196 1317 peccatum
1227 1244 1529 1320 originale,
1559 1243 1753 1316 inepte

382 1324 694 1399 colligitur,
727 1324 877 1398 quod
903 1325 1156 1398 potuerit
1193 1325 1326 1393 sibi,
1355 1331 1451 1383 aut
1472 1324 1606 1382 aliis
1625 1339 1752 1381 me-

386 1407 504 1464 reri
532 1406 602 1462 de
629 1406 912 1482 condigno
936 1407 1185 1481 gratiam
1228 1407 1592 1464 remissivam
1621 1422 1754 1480 pec-

384 1488 515 1546 cati.
547 1490 617 1544 Et
639 1488 785 1545 ratio
805 1489 1144 1548 differentiae
1169 1497 1271 1560 est,
1303 1491 1439 1563 quia
1461 1495 1752 1563 peccatum

384 1588 484 1649 gra
494 1588 561 1629 ve
586 1571 652 1627 in
675 1572 897 1630 ratione
917 1573 1145 1631 offensae
1171 1573 1272 1631 Dei
1300 1577 1383 1629 est
1408 1570 1754 1644 simpliciter

386 1652 706 1718 infinitum,
763 1657 931 1725 atque
981 1654 1113 1712 ideo
1158 1653 1327 1712 habet
1376 1651 1754 1710 sufficientem

385 1732 838 1808 condignitatem
884 1734 955 1791 ad
1000 1733 1417 1794 demerendum
1463 1731 1756 1806 quodlibet

384 1813 631 1882 bonum;
659 1820 815 1872 actus
837 1821 1028 1874 autem
1050 1816 1390 1873 meritorius
1418 1815 1548 1888 puri
1573 1813 1756 1871 homi·

386 1895 482 1952 nis
506 1896 781 1969 importat
808 1897 1069 1954 valorem
1113 1895 1457 1969 simpliciter
1496 1893 1750 1962 finitum,

385 1975 537 2033 unde
582 1977 796 2035 mereri
836 1977 906 2034 de
944 1977 1229 2052 condigno
1266 1992 1383 2034 non
1414 1977 1564 2034 valet
1592 1976 1756 2033 infu-

384 2059 608 2117 sionem
630 2060 828 2133 gratiae
842 2060 1182 2132 expellentis
1205 2063 1515 2132 peccatum.
1532 2059 1601 2113 Et
1621 2058 1756 2114 hinc

388 2147 543 2216 patet
585 2143 657 2198 ad
695 2143 1112 2215 consequentiae
1154 2141 1584 2216 'probationem3
1618 2156 1754 2197 nam

391 2228 638 2297 pactum,
666 2224 758 2279 vel
797 2222 1086 2281 ordinatio
1130 2222 1332 2280 divina
1378 2237 1497 2279 non
1534 2221 1757 2280 confert

390 2304 608 2361 actibus
659 2304 871 2362 nostris
915 2303 1254 2379 dignitatem
1309 2303 1380 2361 ad
1426 2304 1751 2378 praemium,

388 2388 482 2445 vel
507 2388 889 2461 supplicium;
917 2386 1016 2444 sed
1054 2392 1140 2444 est
1182 2386 1454 2456 conditio,
1501 2393 1563 2443 ut
1601 2393 1757 2444 actus

385 2469 568 2526 nostri
609 2472 963 2537 mereantur,
996 2473 1095 2524 aut
1132 2467 1561 2526 demereantur.
1601 2471 1757 2534 Quo-

382 2550 533 2607 circa
585 2547 877 2606 deservire
923 2550 1393 2623 praesuppositive
1440 2550 1643 2623 potuit,
1695 2554 1757 2606 ut

382 2631 671 2688 Adamum
712 2631 1083 2688 constitueret
1129 2637 1297 2705 caput
1342 2631 1670 2700 hominum,
1700 2637 1757 2691 et

384 2729 490 2770 suo
535 2691 756 2783 peccato
792 2711 1013 2767 cunctis
1062 2718 1308 2778 noceret,
1356 2713 1427 2769 ad
1471 2711 1620 2785 quod
1672 2718 1758 2770 est

386 2792 672 2850 sufficiens
693 2790 1053 2866 condignitas
1075 2792 1138 2848 in
1167 2799 1392 2865 peccato
1414 2793 1614 2866 capitis
1635 2816 1647 2859 ;
1667 2799 1758 2849 at-

386 2882 582 2933 tamen
621 2871 920 2930 deservire
959 2889 1078 2930 non
1119 2875 1324 2941 valuit,
1370 2880 1433 2930 ut
1477 2875 1754 2933 meritum

386 2955 594 3013 Adami
635 2954 704 3012 ad
740 2953 1208 3029 justificationem
1238 2955 1492 3013 aliorum
1519 2955 1590 3013 de
1616 2973 1756 3015 con-

385 3036 562 3112 digno
581 3035 1007 3103 extenderetur,
1023 3036 1159 3110 quia
1180 3036 1244 3093 in
1262 3038 1528 3110 praedicto
1548 3039 1758 3095 merito

386 3133 505 3175 non
528 3120 749 3191 poterat
772 3132 894 3173 esse
919 3117 1084 3174 valor
1109 3117 1347 3190 aequalis
1373 3118 1465 3174 illi
1496 3118 1751 3190 praemio,

386 3204 452 3255 ut
495 3201 713 3254 constat
751 3211 822 3253 ex
866 3213 1041 3270 supra
1086 3196 1271 3254 dictis.
1316 3197 1483 3255 Unde
1520 3198 1570 3255 si
1610 3201 1759 3256 Deus

387 3277 610 3335 Adamo
632 3275 879 3334 merenti
908 3278 1266 3349 permitteret
1294 3277 1544 3334 aliorum
1572 3278 1761 3335 homi·

391 3374 534 3414 num
581 3357 923 3422 remedium,
974 3359 1164 3416 solum
1210 3357 1428 3414 adesset
1479 3360 1757 3416 meritum

389 3439 460 3499 de
502 3455 791 3515 congruo,
843 3437 1061 3495 habens
1116 3448 1309 3498 tamen
1362 3440 1759 3500 infallibiliter

388 3520 650 3614 effectum
684 3519 757 3579 ob
791 3519 1199 3578 certitudinem
1244 3521 1459 3579 divinae
1504 3523 1755 3595 promis-

387 3617 591 3660 sionis.
1079 3625 1084 3630 ·

290 3712 298 3722 ·
354 3742 366 3756 ‚
462 3687 555 3743 57.
604 3686 719 3741 Nec
764 3683 957 3751 refert,
1013 3685 1062 3741 si
1115 3684 1287 3751 dicas,
1347 3684 1491 3743 falso
1541 3686 1607 3742 in
1652 3686 1757 3743 hac

389 3766 761 3838 responsione
812 3766 1077 3839 supponi,
1133 3765 1282 3839 quod
1328 3765 1584 3823 Adamus
1637 3783 1756 3824 non

389 3847 640 3920 potuerit
679 3844 893 3902 habere
931 3846 1205 3902 meritum
1242 3844 1461 3903 infiniti
1502 3848 1751 3915 valoris;

386 3927 437 3984 si
483 3929 644 3987 enim
697 3926 768 3984 ab
812 3932 1029 3984 aeterno
1080 3928 1278 3986 fuisset
1331 3928 1656 4001 productus,
1700 3934 1757 3987 et

385 4011 659 4068 continuo
699 4012 880 4068 Deum
920 4026 993 4067 ex
1018 4010 1297 4068 charitate
1323 4010 1608 4086 diligeret,
1635 4028 1754 4070 non

383 4099 570 4166 posset
620 4108 739 4150 non
792 4092 863 4149 de
913 4092 1179 4164 praesenti
1221 4091 1433 4150 habere
1478 4095 1754 4151 meritum

379 4173 725 4247 simpliciter
754 4171 1075 4238 infinitum,
1102 4176 1219 4229 tam
1239 4174 1554 4241 extensive,
1580 4191 1753 4248 quam

381 4255 699 4321 intensive;
724 4268 793 4311 eo
818 4252 968 4326 quod
1007 4254 1383 4319 continuatio,
1415 4259 1472 4312 et
1497 4257 1754 4313 extensio

380 4338 579 4396 meriti
626 4336 933 4410 aequivalet
973 4335 1277 4394 moraliter
1320 4338 1660 4405 intensioni,
1698 4344 1755 4397 et

383 4418 617 4476 infinita
668 4418 929 4475 extensio
973 4417 1290 4476 intensioni
1332 4417 1605 4477 ‘infinita
1638 4423 1753 4478 Cur

384 4516 521 4577 ergo
541 4515 643 4573 per
662 4498 767 4555 hoc
790 4499 1065 4555 meritum
1087 4498 1430 4572 simpliciter
1451 4498 1752 4559 infinitum

385 4599 504 4642 non
532 4584 719 4654 posset
744 4580 911 4638 alteri
938 4580 1203 4639 obtinere
1225 4582 1471 4655 gratiam
1502 4583 1754 4640 remissi·

384 4683 517 4727 vam
546 4662 774 4739 peccati,
800 4668 920 4720 esto
960 4664 1078 4720 haec
1102 4663 1289 4738 gratia
1314 4665 1389 4721 sit
1416 4663 1591 4722 etiam
1614 4665 1752 4723 infi-

383 4746 508 4805 nita
528 4746 591 4802 in
616 4743 838 4800 ratione
866 4742 1113 4815 praemii.

456 4830 592 4894 Hoc,
638 4825 898 4898 inquam,
942 4840 1060 4882 non
1109 4825 1328 4885 refert:
1358 4841 1495 4883 nam
1535 4827 1753 4886 offensa

381 4909 483 4965 Dei
512 4911 596 4965 est
622 4904 967 4978 simpliciter
994 4902 1246 4970 infinita,
1279 4922 1397 4963 non
1426 4911 1746 4981 utcumque,

380 4990 481 5050 sed
510 4987 798 5046 infinitate
836 4985 1060 5043 ordinis
1098 4988 1415 5061 superioris
1446 5010 1460 5045 ε
1488 4990 1639 5063 quod
1685 4992 1749 5048 in

1417 335 1511 391 DE
1565 335 1873 392 PRAEMIO
1919 335 2196 393 MERITI.
2247 373 2250 380 ·

1881 507 2148 579 praesenti
2165 523 2284 565 non
2296 507 2464 566 debet
2481 508 2786 582 disputari,
2802 507 2901 566 sed
2913 525 2977 564 su
2987 509 3167 582 pponi
3186 525 3274 569 ex

1879 587 3262 665 his,quaecommuniterdocent'l'homistae3purt.

1881 676 2066 745 quast.
2103 672 2150 726 l.
2183 669 2347 727 Unde
2379 670 2525 727 sicut
2550 671 2623 727 ob
2664 670 2997 745 praedictum
3024 671 3277 729 ordinis

1880 766 2174 809 excessum
2213 767 2355 825 opus
2393 753 2839 810 satisfactorium
2877 759 3158 812 creaturae
3186 753 3272 812 ab

1883 839 2101 890 aeterno
2129 831 2432 906 productae,
2457 839 2514 890 et
2534 833 2754 891 habens
2774 833 3075 891 infinitum
3097 836 3270 893 valo·

1885 928 2009 970 rem
2055 929 2174 970 non
2217 913 2572 971 satisfaceret
2610 913 2682 971 de
2725 914 3027 989 condigno,
3078 921 3138 973 et
3187 915 3268 973 ad

1884 994 2272 1066 aequalitatem
2318 1010 2422 1067 pro
2448 997 2614 1069 gravi
2643 996 2744 1052 Dei
2770 995 2986 1052 offensa
3020 1016 3032 1051 :
3065 996 3146 1053 ita
3172 998 3266 1053 si-

1886 1074 2027 1131 mile
2070 1089 2212 1147 opus
2257 1074 2625 1132 meritorium
2663 1091 2779 1132 non
2826 1082 3150 1133 mereretur
3189 1076 3276 1136 de

1884 1155 2170 1230 condigno
2210 1155 2490 1228 praedictae
2534 1156 2764 1214 offensae
2811 1158 3223 1215 remissionem
3243 1182 3265 1226 ;

1888 1252 2025 1293 nam
2055 1253 2157 1310 par
2185 1237 2334 1294 ratio
2356 1237 2569 1294 militat
2591 1236 2913 1311 utrobique.
2937 1239 3105 1296 Unde
3123 1255 3268 1297 cum

1831 1355 1837 1368 ‚
1887 1317 2043 1376 idem
2087 1320 2253 1376 valor
2300 1319 2631 1392 requiratur
2677 1318 2749 1375 ad
2795 1321 3138 1379 merendum
3188 1322 3274 1380 de

1886 1399 2169 1475 condigno
2192 1401 2440 1474 gratiam
2467 1400 2854 1457 destruentem
2876 1401 3176 1472 offensam,
3204 1410 3269 1461 et

1888 1483 2165 1556 peccatori
2215 1481 2776 1548 communicandam,
2822 1500 2886 1540 ac
2938 1486 3272 1558 requiritur

1888 1562 1961 1620 ad
1987 1563 2329 1620 merendum
2357 1562 2428 1619 de
2453 1561 2739 1636 condigno
2777 1564 3006 1622 offensae
3045 1567 3266 1625 remis-

1886 1646 2112 1703 sionem
2136 1686 2150 1711 ,
2209 1651 2272 1700 ut
2314 1659 2491 1717 supra
2543 1645 3097 1717 argumentabamur
3121 1672 3138 1715 ;
3199 1647 3268 1704 fit

1889 1740 2260 1799 consequens,
2283 1724 2433 1799 quod
2462 1725 2628 1781 nulla
2653 1732 2916 1783 creatura
2943 1727 3129 1785 adhuc
3157 1745 3268 1801 per

1890 1807 2164 1865 meritum
2195 1807 2266 1862 ab
2290 1811 2506 1863 aeterno
2532 1805 2751 1862 durans
2778 1809 2954 1879 possit
2978 1809 3274 1884 condigne

1889 1889 2103 1947 mereri
2175 1889 2423 1963 gratiam
2500 1888 2889 1945 remittentem
2953 1891 3266 1950 offensam.

1890 1970 2063 2037 Adde,
2095 1970 2372 2028 offensam
2417 1968 2480 2023 in
2524 1969 2749 2027 ratione
2777 1970 3007 2028 offensae
3030 1988 3154 2030 esse
3185 1976 3272 2032 ita

1889 2050 2204 2119 infinitam,
2232 2055 2294 2107 ut
2320 2050 2384 2105 in
2413 2049 2514 2105 tali
2546 2050 2769 2107 ratione
2794 2067 2866 2108 ex
2894 2053 3056 2109 nullo
3076 2055 3274 2126 capite

1889 2132 2148 2203 finiatur,
2207 2138 2304 2188 aut
2347 2133 2696 2188 terminetur
2735 2154 2751 2188 ε
2799 2135 3074 2190 meritum
3120 2152 3274 2193 vero

1890 2220 2167 2271 creaturae
2195 2211 2265 2270 ab
2294 2218 2511 2270 aeterno
2536 2211 2754 2268 durans
2797 2229 2920 2272 esse
2946 2216 3133 2271 solum
3163 2216 3265 2272 in·

1892 2297 2123 2354 finitum
2140 2313 2173 2353 a
2191 2301 2350 2370 parte
2365 2301 2515 2361 ante,
2537 2310 2656 2351 non
2677 2302 2869 2353 autem
2891 2297 3259 2370 simpliciter,

1890 2385 1949 2438 et
1974 2396 2007 2436 a
2035 2384 2194 2452 parte
2223 2382 2373 2450 post;
2405 2380 2589 2448 posset
2615 2377 2778 2432 enim
2806 2376 2990 2434 adhuc
3018 2380 3267 2436 ulterius

1890 2463 2120 2527 durare,
2153 2464 2251 2517 aut
2275 2458 2566 2515 intensive
2604 2459 2826 2535 augeri.
2855 2463 2934 2516 De
2974 2460 3268 2519 infinitate

1890 2544 2050 2604 enim
2079 2541 2457 2601 conveniente
2483 2542 2693 2599 merito
2736 2542 2959 2599 ratione
3000 2542 3261 2600 duratio-

1890 2626 1984 2682 nis
2003 2624 2204 2682 eodem
2234 2621 2403 2680 modo
2426 2622 2949 2694 philosophandum
2976 2630 3078 2690 est,
3106 2641 3169 2681 ac
3189 2624 3264 2682 de

1892 2706 2016 2779 ipsa
2042 2704 2346 2760 duratione
2381 2723 2394 2758 ε
2425 2703 2544 2759 haec
2583 2709 2773 2759 autem
2803 2719 2920 2760 non
2946 2710 3092 2761 esset
3119 2703 3258 2761 infi-

1891 2788 2016 2843 nita
2053 2784 2417 2857 simpliciter,
2460 2782 2559 2839 sed
2598 2784 2785 2840 solum
2827 2800 2861 2840 a
2902 2790 3061 2857 parte
3101 2793 3254 2843 ante.

1893 2869 2057 2927 Unde
2085 2868 2281 2941 liquet,
2311 2865 2461 2941 quod
2502 2866 2615 2924 illa*
2644 2867 2946 2943 hypothesi
2987 2866 3253 2938 admissa,

1892 2950 2078 3007 adhuc
2106 2947 2368 3005 infinitas
2396 2948 2591 3004 meriti
2622 2964 2741 3004 non
2770 2947 3090 3020 adaequaret
3115 2950 3260 3005 sim-

1892 3033 2118 3107 pliciter
2172 3030 2522 3086 infinitatem
2581 3029 2828 3087 offensae.
2874 3030 2983 3087 sed
3037 3030 3109 3089 de
3155 3031 3261 3088 hoc

1891 3115 2084 3181 latius,
2108 3118 2163 3171 et
2183 3128 2254 3169 ex
2282 3112 2536 3184 professo
2569 3127 2803 3185 agemus
2844 3113 2966 3170 loco
2991 3113 3161 3169 citato
3188 3129 3259 3170 ex

1891 3198 1927 3252 3
1993 3200 2135 3252 arte.

1954 3214 2057 3334 28.
2101 3275 2381 3349 Arguitur
2417 3274 2587 3331 tertio
2618 3296 2631 3330 ε
2664 3291 2802 3331 nam
2835 3276 3021 3349 gratia
3062 3275 3452 3349 pecca-Ml-

1891 3359 2002 3416 tori
2024 3357 2215 3414 danda
2238 3363 2322 3413 est
2349 3354 2604 3429 ejusdem
2637 3358 2880 3414 rationis
2904 3374 3034 3414 cum
3060 3336 3463 3431 gratiaeffi.

1892 3445 2220 3514 augmento,
2250 3437 2399 3512 quod
2433 3437 2619 3511 justus
2667 3443 2847 3511 potest
2870 3438 2985 3495 sibi
3023 3437 3093 3495 de
3118 3455 3259 3496 con-

1891 3520 2065 3594 digno
2093 3518 2307 3576 mereri
2340 3539 2353 3573 :
2381 3533 2518 3591 ergo
2542 3518 2690 3574 sicut
2728 3519 2936 3593 justus,
2968 3518 3259 3591 supposito

1894 3608 2071 3675 pact0,
2104 3605 2361 3656 meretur
2398 3597 2510 3654 sibi
2552 3601 2801 3673 gratiam
2842 3599 2913 3656 de
2939 3601 3255 3674 condigno;

1891 3684 1973 3740 ita
1999 3683 2049 3738 si
2085 3681 2321 3738 daretur
2362 3686 2609 3754 pactum,
2644 3687 2831 3755 posset
2866 3683 2939 3740 de
2976 3682 3259 3756 condigno

1890 3764 2138 3840 gratiam
2166 3763 2442 3837 peccatori
2466 3762 2718 3819 dandam
2747 3766 2981 3822 mereri.

1963 3850 2078 3905 Nec
2103 3848 2241 3904 satis
2279 3848 2409 3913 erit,
2441 3847 2490 3902 si
2530 3846 2753 3904 dicatur
2799 3848 3136 3906 antecedens
3161 3863 3486 3909 εο-ιοᾱὼιε

1891 3930 2014 3985 lum
2043 3928 2328 3986 verificari
2351 3926 2421 3984 de
2445 3928 2632 4001 gratia
2652 3929 2805 4002 justo
2831 3914 3457 3986 communicari-⁹⁰¹⁸*

1889 4010 1980 4079 da,
2012 4016 2067 4068 et
2092 4011 2280 4086 gratia
2313 4011 2591 4083 peccatori
2619 4010 2971 4067 conserenda
2995 4012 3257 4070 conside-

1892 4094 2034 4150 ratis
2059 4093 2125 4148 in
2150 4107 2272 4148 esse
2309 4092 2498 4158 entis;
2541 4107 2700 4148 secus
2745 4108 2885 4149 vero
2930 4095 2994 4150 in
3036 4094 3260 4152 ratione

1890 4173 2136 4248 praemii,
2168 4177 2223 4230 et
2251 4172 2313 4229 in
2341 4173 2550 4229 morali
2586 4173 2985 4239 aestimatione,
3017 4190 3083 4231 eo
3106 4176 3257 4248 quod

1886 4255 2072 4332 gratia
2096 4259 2156 4309 ut
2184 4254 2460 4325 peccatori
2489 4252 2679 4310 danda
2708 4254 2894 4326 pluris
2917 4255 3252 4322 aestimatur,

1887 4354 2059 4413 quam
2085 4335 2285 4394 eadem
2326 4337 2514 4411 gratia
2541 4342 2602 4392 ut
2624 4337 2796 4410 justo,
2825 4341 2923 4393 aut
2963 4337 3257 4396 innocenti

1887 4418 2253 4478 conserenda.
2302 4420 2450 4474 Nam
2498 4422 2698 4475 contra
2742 4424 2826 4474 est
2866 4420 3081 4491 primo,·
3119 4436 3256 4477 nam

1885 4503 2072 4579 gratia
2101 4506 2163 4557 ut
2190 4501 2466 4575 peccatori
2495 4499 2687 4559 danda
2728 4516 2845 4557 non
2872 4501 3091 4558 excedit
3115 4502 3259 4559 infi-
3297 4493 3360 4528 ¹²⁸
3444 4516 3462 4527 ·

1888 4586 2007 4642 nite
2034 4583 2280 4656 seipsam
2304 4587 2366 4637 ut
2386 4581 2930 4639 communicandam
2956 4585 3255 4655 peccatori,

1885 4672 2004 4724 esto
2031 4667 2280 4739 aliquem
2309 4680 2603 4722 excessum
2635 4665 2908 4738 importet
2933 4666 3075 4723 :·sed
3105 4683 3260 4740 prae-

1885 4749 2092 4817 mium,
2124 4747 2274 4822 quod
2303 4764 2418 4805 non
2460 4749 2734 4821 importat
2762 4747 3058 4806 infinitam
3098 4751 3258 4808 aesti-

1886 4831 2266 4888 mabilitatem
2301 4871 2315 4895 ,
2379 4833 2558 4904 potest
2622 4827 2827 4886 cadere
2881 4829 2989 4889 sub
3048 4832 3261 4892 merito

1885 4927 2124 4983 operum
2147 4911 2287 4985 justi
2314 4930 2327 4965 ε
2356 4926 2493 4984 ergo
2517 4909 2702 4983 justus
2725 4914 2905 4981 potest
2932 4914 3255 4983 promereri

1885 4992 1956 5050 de
2011 4992 2294 5067 condigno
2350 4991 2598 5065 gratiam
2650 4989 2901 5047 dandam
2949 4995 3250 5064 peccatori.

2967 5073 3251 5143 Secundo,
