3647 5753
62 745 251 835 “affl'‘

64 840 251 893 primam.
277 837 414 880 nem
482 826 875 898 respondetur,
939 833 1280 901 praeceptum
1345 825 1635 883 referendi

75 2549 276 2596 occurri·

103 2607 177 2647 tur
195 2610 264 2643 se·

94 2649 268 2697 cunda.

1388 406 1566 462 DISP.
1611 405 1705 473 IV,
1750 404 1916 462 DUB.
1959 407 2030 463 V.
3014 411 3124 467 773

272 575 421 647 quod
438 575 502 634 fit
514 578 743 651 quando
757 580 1049 653 supposita
1066 581 1345 638 relatione
1360 580 1423 636 in
1439 596 1627 647 causa,

274 662 432 714 actus
452 660 562 733 ipsi
583 663 647 718 in
678 678 874 719 rerum
903 670 1110 721 natura
1141 669 1453 737 ponuntur.

359 744 480 800 110.
509 746 624 802 Hoc
642 747 952 819 supposito,
986 748 1056 804 ad
1084 748 1336 821 primam
1363 745 1635 820 objectio-

277 906 478 962 omnia
526 907 587 963 in
616 910 795 965 Deum
825 916 996 981 prout
1017 911 1250 983 praecise
1276 908 1415 966 dicit
1454 925 1636 965 unum

279 986 513 1059 aliquod
580 995 920 1063 praeceptum
947 1034 959 1054 ,
1039 992 1257 1049 scilicet
1316 989 1633 1056 charitatis,

279 1069 536 1144 obligare
580 1088 684 1143 pro
712 1072 873 1128 omni
921 1078 1066 1138 actu,
1099 1089 1218 1130 non
1246 1078 1309 1128 ut
1337 1070 1640 1152 referendo

278 1151 615 1209 immediate
643 1153 704 1208 in
748 1153 954 1226 seipso,
985 1152 1083 1210 sed
1138 1158 1200 1208 ut
1230 1151 1530 1211 referendo
1576 1151 1641 1206 in

278 1248 478 1295 causa;
507 1233 721 1308 obligat
766 1234 925 1292 enim
979 1234 1051 1292 ad
1105 1233 1432 1292 faciendum
1472 1232 1643 1289 initio

282 1331 419 1371 usus
447 1315 687 1372 rationis
717 1317 892 1373 talem
917 1322 1105 1372 actum
1138 1316 1453 1382 charitatis»,
1485 1314 1645 1388 cujus

279 1394 487 1461 virtus,
518 1401 574 1451 et
600 1396 919 1461 causalitaS,
952 1402 1232 1469 quantum
1254 1402 1339 1453 est
1363 1412 1436 1453 ex
1461 1411 1522 1451 se
1542 1396 1644 1465 (at-

281 1490 392 1547 que
425 1474 564 1531 adeo
591 1476 703 1531 nisi
736 1479 1116 1547 retractetur)
1164 1476 1234 1533 ad
1262 1491 1463 1533 omnes
1490 1479 1646 1530 actus

282 1555 690 1629 subsequentes
719 1573 819 1630 per
840 1563 1017 1614 totam
1046 1557 1229 1613 vitam
1251 1572 1312 1614 se
1351 1554 1643 1614 extendat.

284 1640 370 1696 Ex
397 1655 508 1712 quo
535 1638 618 1706 fit,
648 1639 798 1713 quod
828 1656 945 1697 non
972 1644 1108 1697 tunc
1135 1644 1392 1713 peccator
1433 1643 1642 1712 peccat,

283 1721 512 1796 quando
539 1722 609 1779 de
633 1722 777 1779 facto
802 1729 1028 1780 exercet
1054 1729 1211 1779 actus
1231 1719 1547 1778 secundum
1587 1734 1648 1776 se

285 1805 484 1871 bonos,
516 1805 622 1862 etsi
653 1806 784 1862 illos
830 1821 934 1879 pro
979 1809 1114 1862 tunc
1161 1820 1279 1861 non
1328 1802 1542 1860 referat
1585 1802 1650 1858 in

288 1888 467 1945 finem
496 1888 812 1953 charitatis,
844 1888 941 1962 qui
966 1887 1036 1944 ad
1066 1887 1302 1946 modum
1327 1886 1503 1943 istum
1533 1886 1647 1941 im-

290 1969 540 2028 mediate
568 1968 855 2027 referendi
879 1985 996 2026 non
1024 1975 1252 2027 tenetur
1271 1994 1285 2039 ;
1303 1968 1402 2026 sed
1421 1966 1651 2042 quando

288 2056 547 2122 tempore
576 2066 678 2123 pro
699 2067 810 2123 quo
837 2050 1050 2125 obligat
1079 2056 1429 2124 praeceptum
1455 2048 1650 2105 chari-

292 2134 425 2191 tatis
476 2132 546 2189 ad
594 2139 782 2189 actum
830 2132 1137 2191 formalem
1184 2134 1500 2201 charitatis,
1534 2147 1654 2189 non

293 2214 490 2273 retulit
518 2214 649 2270 illos
688 2215 750 2271 in
789 2231 976 2282 causa,
1009 2215 1289 2274 eliciendo
1320 2215 1653 2290 praedictum

294 2302 517 2363 actum;
563 2296 656 2352 vel
700 2297 750 2352 si
782 2303 914 2354 tunc
939 2313 1057 2354 non
1084 2297 1299 2362 elicuit,
1349 2303 1406 2354 et
1433 2296 1651 2362 retulit,

294 2377 523 2453 quando
551 2383 741 2449 postea
769 2378 1049 2450 peccando
1090 2379 1417 2436 mortaliter
1459 2379 1650 2443 illum,

296 2468 354 2519 et
375 2461 715 2518 relationem
744 2476 843 2533 per
871 2460 1041 2517 illum
1071 2461 1278 2519 factam
1305 2460 1651 2519 retractavit.

374 2543 460 2598 Ad
481 2539 788 2598 secundam
818 2539 1082 2615 neganda
1108 2548 1193 2600 est
1229 2543 1458 2617 sequela
1482 2556 1656 2597 :nam

298 2622 591 2696 supposito
616 2618 763 2694 quod
805 2621 990 2694 justus
1028 2638 1131 2679 suo
1181 2627 1440 2696 tempore
1467 2620 1659 2678 adim-

301 2704 546 2778 pleverit
587 2708 929 2776 praeceptum
975 2704 1274 2761 charitatis
1320 2720 1421 2776 per
1467 2708 1656 2759 actum

295 2786 421 2861 ejus
465 2785 790 2852 formalem,
824 2789 992 2856 atque
1030 2785 1170 2842 adeo
1213 2784 1476 2842 retulerit
1504 2784 1660 2839 rela-

296 2867 455 2926 tione
478 2866 541 2922 in
567 2881 733 2922 causa
773 2881 975 2922 omnes
1002 2882 1133 2923 suos
1162 2870 1316 2922 actus
1357 2866 1421 2920 in
1450 2864 1652 2930 Deum,

297 2965 418 3006 non
445 2952 624 3020 potest
672 2962 807 3013 non,
866 2946 1085 3019 quoties
1122 2945 1482 3019 postmodum
1514 2944 1659 3002 bene

298 3031 600 3089 moraliter
626 3035 916 3103 operatur,
947 3029 1165 3087 referre
1187 3030 1320 3086 illos
1347 3029 1410 3085 in
1429 3028 1653 3102 seipsis.

296 3114 367 3168 Et
391 3112 539 3170 ratio
557 3118 658 3179 est,
682 3113 817 3185 quia
845 3110 1049 3167 relatio
1078 3114 1408 3166 nostrorum
1431 3115 1659 3166 actuum

297 3195 364 3251 in
411 3209 582 3251 causa
625 3194 970 3250 sufficienter
1021 3190 1407 3246 determinata
1445 3188 1663 3261 (modo

300 3291 547 3333 numero
595 3273 933 3348 praecedenti
963 3273 1145 3342 tacto)
1172 3277 1454 3342 quantum
1482 3275 1567 3325 est
1592 3285 1664 3325 ex

300 3373 380 3423 se,
412 3362 579 3430 atque
607 3357 745 3413 adeo
792 3355 907 3411 nisi
937 3352 1308 3424 impediatur,
1344 3352 1521 3409 infert
1565 3351 1665 3406 in-

303 3439 633 3497 fallibiliter
664 3439 1002 3495 relationem
1026 3435 1089 3490 in
1111 3435 1251 3508 ipsis
1271 3451 1338 3492 eo
1353 3435 1494 3507 ipse,
1516 3433 1665 3506 quod

300 3521 370 3577 in
392 3537 588 3576 rerum
620 3525 829 3576 natura
851 3522 1157 3591 ponantur,
1182 3522 1243 3572 ut
1261 3532 1333 3573 ex
1360 3515 1525 3572 dictis
1554 3529 1667 3569 nu-

303 3618 466 3659 mero
508 3599 847 3675 praecedenti
901 3598 1163 3655 habetur.
1210 3597 1375 3655 Unde
1420 3596 1557 3672 quia
1603 3595 1668 3650 in

299 3685 452 3758 justo
467 3686 739 3755 operante
753 3679 899 3736 bene
910 3677 1211 3735 moraliter
1223 3694 1339 3736 non
1352 3676 1669 3750 impeditur

308 3761 576 3838 praedicta
604 3761 825 3825 relati0‚
860 3758 1003 3817 bene
1032 3765 1225 3814 tamen
1253 3758 1315 3813 in
1346 3762 1664 3831 peccatore;

308 3844 521 3901 idcirco
554 3844 740 3916 justus
767 3841 849 3897 sic
875 3854 1122 3914 operans
1163 3838 1341 3895 refert
1376 3838 1440 3893 in
1465 3834 1669 3908 seipsis

310 3941 510 3983 omnes
530 3940 661 3980 suos
690 3927 842 3978 actus
869 3922 936 3977 in
963 3923 1141 3977 Deum
1169 3936 1241 3976 ex
1270 3919 1325 3976 vi
1371 3915 1671 3975 relationis

312 4005 471 4063 factae
498 4005 559 4059 in
581 4019 782 4070 causa;
814 4017 931 4058 non
961 4006 1152 4056 autem
1180 4003 1455 4073 peccator.

386 4087 552 4144 Ratio
579 4101 715 4143 vero
742 4083 813 4141 ob
833 4099 1005 4157 quam
1031 4081 1299 4156 praedicta
1327 4080 1530 4138 relatio
1553 4093 1672 4135 non

314 4167 662 4241 impediatur
689 4166 751 4221 in
774 4164 943 4239 Justis
968 4164 1030 4218 in
1058 4163 1264 4221 ordine
1284 4162 1356 4219 ad
1387 4168 1542 4218 actus
1569 4159 1672 4216 bo-

312 4267 416 4308 nos
437 4250 752 4315 moraliter,
772 4263 931 4304 secus
955 4249 1149 4301 tamen
1171 4245 1236 4302 in
1254 4241 1668 4317 peccatoribus,

313 4348 381 4391 ea
406 4339 522 4399 est;
551 4332 684 4405 quia
713 4330 997 4386 nimirum
1052 4327 1184 4383 talis
1213 4328 1417 4384 relatio
1462 4343 1535 4383 ex
1562 4324 1672 4379 du-

316 4417 453 4490 plici
479 4416 775 4471 dumtaxat
820 4412 1003 4484 capite
1043 4414 1226 4481 potest
1271 4408 1566 4482 impediri,
1601 4423 1676 4465 ne

318 4499 522 4556 influat
548 4498 610 4554 in
633 4498 883 4567 aliquem
925 4498 1131 4549 actum.
1159 4493 1264 4549 Vel
1290 4492 1427 4564 quia
1456 4495 1676 4547 retrac-

315 4586 470 4639 tatur
494 4597 592 4654 per
621 4585 911 4653 peccatum
943 4576 1202 4640 mortale,
1233 4580 1289 4632 et
1315 4575 1477 4630 nullo
1506 4573 1676 4631 modo

317 4669 620 4738 permanet
645 4664 708 4719 in
747 4661 997 4735 subjecto
1023 4682 1037 4725 ;
1076 4663 1133 4714 et
1161 4657 1266 4715 hoc
1291 4657 1462 4714 habet
1489 4656 1676 4714 locum

319 4747 384 4803 in
405 4744 809 4818 peccatoribus,
852 4740 951 4797 sed
974 4755 1092 4796 non
1133 4739 1195 4795 111
1220 4739 1407 4812 justis,
1434 4744 1496 4794 ut
1522 4754 1593 4794 ex
1617 4752 1679 4795 se

319 4831 488 4901 patet.
528 4826 631 4881 Vel
658 4825 793 4897 quia
833 4827 989 4878 actus
1015 4820 1112 4893 qui
1154 4824 1450 4876 exercetur
1485 4817 1679 4874 asub-

312 4911 480 4983 jecto,
531 4909 594 4965 in
621 4923 732 4980 quo
777 4912 878 4970 est,
914 4919 1030 4959 non
1066 4906 1148 4960 est
1177 4916 1353 4973 capax
1382 4899 1682 4957 relationis

319 4991 591 5050 virtualis
611 4991 675 5046 in
697 4992 876 5045 Deum
898 5011 911 5055 ;
935 4992 990 5045 et
1012 4986 1116 5043 hoc
1138 4984 1242 5042 etsi
1259 4982 1466 5040 habeat
1492 4984 1680 5040 locum

316 5074 493 5133 etiam
516 5074 579 5130 in
602 5071 788 5146 justis,
807 5068 1036 5144 quando
1068 5065 1436 5125 committunt
1462 5069 1686 5139 peccata

1765 580 2041 648 venialia,
2062 587 2390 640 nontamen
2411 584 2631 657 quoties
2644 589 2959 657 operantur
2982 584 3128 645 bene

1768 663 2071 720 moraliter
2085 687 2100 731 ;
2148 664 2342 721 omnis
2386 665 2597 738 quippe
2639 672 2793 723 actus
2826 668 3128 724 moraliter

1768 742 1954 800 bonus
1972 760 2150 818 capax
2176 751 2262 803 est
2289 746 2569 820 praedictae
2592 748 2911 805 relationiS.

1846 826 1956 881 Per
1999 825 2149 898 quod
2177 833 2329 899 patet
2373 827 2443 884 ad
2483 829 2733 895 tertiam,
2769 846 2904 885 nam
2935 840 3335 937 pecca'ngssissu'

1771 909 1924 962 tores
1945 907 2042 979 qui
2065 922 2166 963 suo
2207 913 2466 981 tempore
2487 908 2954 983 adimpleverunt
2983 926 3125 983 prae-

1770 993 1998 1060 ceptum
2017 990 2312 1047 charitatis
2335 1006 2433 1064 per
2456 998 2644 1050 actum
2665 994 2788 1066 ejus
2804 993 3129 1060 formalem,

1772 1069 2211 1145 habueruntque
2258 1074 2599 1131 relationem
2645 1075 2811 1131 illam
2854 1077 2917 1132 in
2944 1093 3131 1144 causa,

1774 1150 1845 1208 ad
1872 1168 2045 1225 quam
2078 1168 2149 1210 ex
2176 1154 2236 1211 vi
2276 1153 2448 1229 huJus
2476 1157 2738 1230 praecepti
2768 1159 3131 1225 tenebantur,

1777 1238 2078 1305 propterea
2098 1233 2328 1306 quando
2349 1240 2473 1293 actu
2496 1235 2642 1295 bene
2662 1245 2995 1311 operantur,
3017 1255 3136 1296 non

1777 1312 2056 1380 referunt,
2100 1315 2237 1388 quia
2264 1316 2379 1372 alio
2400 1319 2656 1390 tempore
2678 1318 2959 1391 peccando
2985 1335 3138 1376 mor-

1776 1395 1971 1452 taliter
2018 1401 2473 1455 retractaverunt
2528 1399 2858 1472 praedictam
2902 1400 3138 1457 relatio-

1777 1479 3133 1554 nem,posueruntqueproindeimpedimentum‚

1777 1572 1853 1614 ne
1893 1559 2052 1615 illius
2097 1559 2285 1616 virtus
2324 1560 2394 1616 ad
2432 1560 2839 1636 subsequentes
2884 1564 3040 1620 actus
3080 1577 3141 1619 se

1778 1638 2132 1698 extenderet.

1865 1723 1987 1779 111.
2020 1723 2105 1779 Ad
2126 1722 2273 1780 illud
2292 1724 2440 1797 quod
2462 1724 2729 1799 objicitur
2747 1743 2818 1783 ex
2842 1729 2904 1785 D.
2930 1728 3136 1786 Thom.
3153 1725 3339 1770 solvitur

1785 1803 2090 1877 respondet
2117 1806 2424 1877 Capreolus
2447 1809 2506 1862 in
2525 1810 2580 1873 2,
2607 1809 2736 1865 dist.
2773 1810 2854 1875 18,
2882 1819 3065 1886 quaest.
3091 1812 3136 1878 l,
3162 1776 3353 1879 3111ῗέῧὶ

1783 1893 1894 1942 art.
1929 1887 1982 1952 3,
2008 1889 2070 1941 in
2095 1887 2362 1943 solutione
2387 1889 2462 1945 ad
2485 1892 2520 1945 2
2546 1889 2701 1948 Scoti
2749 1898 2938 1948 contra
2966 1911 3140 1969 quar-

1785 1971 1902 2021 tam
1945 1967 2361 2035 conclusionem,
2411 1971 2556 2044 Ang.
2591 1972 2886 2029 Doctorem
2934 1973 3145 2030 melio-

1788 2062 1943 2103 rasse
1968 2049 2313 2105 sententiam
2352 2051 2397 2115 l,
2437 2046 2498 2117 ’2,
2529 2060 2710 2129 quaest.
2759 2055 2878 2119 lOO,
2911 2061 3019 2109 art.
3060 2055 3145 2120 10,

1788 2128 1888 2185 ubi
1916 2128 2076 2186 docet
2114 2130 2350 2188 modum
2382 2133 2660 2205 operandi
2691 2134 2753 2190 in
2788 2135 3059 2192 omnibus
3079 2151 3152 2192 ex

1786 2210 2083 2278 charitate,
2137 2212 2268 2269 licet
2326 2228 2445 2269 non
2483 2213 2645 2271 cadat
2697 2215 2803 2271 sub
2857 2216 3152 2290 praeceptis

1790 2290 2040 2348 aliarum
2069 2292 2371 2360 virtutum,
2404 2294 2606 2351 cadere
2645 2300 2840 2354 tamen
2867 2296 2974 2354 sub
3003 2313 3154 2369 prae-

1789 2378 1950 2445 cepto
1997 2373 2175 2445 ipsius
2201 2374 2537 2431 charitatis:
2580 2375 2735 2434 unde
2780 2379 2845 2435 in
2869 2378 3155 2435 solutione

1791 2451 1864 2509 ad
1891 2456 1946 2519 2,
1976 2452 2061 2508 sic
2087 2452 2168 2508 ait
2199 2474 2212 2510 :
2259 2475 2285 2507 α
2319 2454 2636 2512 Dicendum
2678 2458 2829 2529 quod
2867 2459 2974 2515 sub
3002 2476 3157 2532 prae-

1795 2554 1821 2587 «
1855 2539 2016 2606 cepto
2060 2534 2359 2591 charitatis
2391 2538 2741 2605 continetur,
2777 2545 2839 2595 ut
2877 2539 3156 2613 diligatur

1799 2635 1828 2668 α
1856 2615 2006 2671 Deus
2032 2630 2103 2671 ex
2143 2620 2258 2673 toto
2285 2617 2480 2677 corde;
2510 2617 2581 2674 ad
2622 2618 2771 2691 quod
2802 2621 3069 2692 pertinet,
3095 2623 3158 2675 111

1800 2719 1827 2751 κ
1856 2697 2056 2755 01111119
2078 2698 2404 2757 referantur
2427 2701 2488 2757 in
2512 2701 2692 2757 Deum
2724 2722 2737 2757 :
2762 2707 2818 2758 et
2840 2701 2969 2758 ideo
3010 2719 3160 2776 prae-

1797 2800 1825 2833 «
1856 2784 2082 2853 ceptum
2106 2781 2403 2839 charitatis
2430 2783 2677 2856 implere
2705 2783 2878 2841 homo
2910 2800 3026 2842 non
3055 2801 3160 2858 po-

1797 2884 1822 2916 «
1855 2866 1997 2934 test,
2044 2865 2165 2923 nisi
2221 2866 2397 2925 etiam
2458 2870 2657 2927 omnia
2718 2867 3049 2925 referantur
3097 2868 3160 2924 in

1798 2964 1825 2996 α
1859 2947 2063 3003 Deum.
2111 2948 2202 3004 Sic
2244 2964 2380 3024 ergo
2430 2949 2528 3022 qui
2576 2951 2823 3009 honorat
2872 2955 3157 3022 parenteS,
3239 2983 3253 2995 ·

1801 3047 1828 3080 e:
1859 3030 2082 3084 tenetur
2108 3045 2180 3086 ex
2205 3029 2483 3087 charitate
2508 3031 2814 3099 honorare,
2848 3047 2967 3087 non
3002 3046 3073 3086 ex
3100 3030 3159 3086 vi

1802 3131 1830 3162 α
1858 3109 2027 3184 hujus
2056 3112 2338 3184 praecepti,
2359 3111 2508 3185 quod
2536 3117 2653 3169 est:
2685 3116 2918 3169 Honora
2947 3128 3160 3184 parcn-

1798 3213 1825 3244 «
1858 3197 1941 3249 tes
1965 3216 1980 3259 ;
2025 3193 2123 3250 sed
2166 3209 2238 3249 ex
2282 3193 2340 3249 vi
2385 3194 2554 3267 hujus
2601 3197 2868 3268 praecepti
2900 3196 3162 3271 :Diliges

1798 3292 1825 3324 ι
1859 3273 2170 3329 Dominum
2189 3275 2369 3330 Deum
2392 3278 2556 3329 tuum
2578 3290 2648 3331 ex
2670 3279 2787 3332 toto
2807 3274 2976 3332 corde
3002 3281 3157 3334 tuo.»

1873 3352 2052 3419 Adde,
2086 3368 2245 3425 posse
2272 3353 2441 3410 aliter
2478 3356 2686 3428 exponi
2711 3363 3056 3430 praeeeptum
3082 3359 3160 3415 il-

1803 3433 1901 3489 lud
1924 3435 2177 3507 Apostoli
2205 3456 2218 3491 :
2245 3433 2448 3491 Omnia
2482 3438 2544 3491 in
2560 3437 2800 3507 910νὲοω
2828 3438 2931 3494 Dei
2970 3441 3157 3511 facite,

1802 3515 1883 3573 ita
1910 3516 2203 3591 utobliget
2233 3534 2336 3590 pro
2363 3518 2522 3575 omni
2547 3525 2670 3575 actu
2700 3521 2763 3576 in
2789 3522 2975 3595 seipso
3012 3521 3164 3578 refe-

1804 3596 2002 3655 rendo.
2038 3598 2112 3652 Ut
2137 3598 2217 3654 sic
2258 3602 2448 3654 autem
2478 3615 2593 3656 non
2645 3606 2728 3656 est
2755 3602 2988 3659 unicum
3018 3603 3166 3658 sim-

1804 3680 1937 3751 plex
1985 3685 2329 3754 praeceptum
2362 3723 2376 3748 ,
2426 3679 2525 3737 sed
2569 3697 2640 3737 ex
2687 3683 2951 3754 pluribus
3003 3685 3165 3759 quasi

1805 3762 2094 3826 coalescit,
2153 3776 2362 3834 nempe
2411 3777 2483 3818 ex
2522 3770 2799 3836 praecepto
2842 3765 3159 3832 charitatis,

1805 3844 1955 3916 quod
1978 3843 2252 3917 praecipit,
2279 3849 2341 3900 ut
2359 3860 2560 3901 omnes
2588 3850 2742 3901 actus
2771 3847 2832 3902 in
2861 3849 3041 3904 Deum
3071 3863 3169 3904 re-

1806 3925 2068 3984 feribiles
2132 3927 2303 3983 initio
2353 3943 2487 3982 usus
2509 3928 2750 3985 rationis
2816 3946 2915 4002 per
2979 3934 3167 3985 actum

1808 4009 2114 4065 formalem
2143 4008 2438 4065 charitatis
2462 4008 2760 4066 efficaciter
2788 4010 2859 4067 ad
2909 4026 3040 4067 eum
3097 4011 3163 4067 in

1804 4105 1974 4146 causa
2002 4089 2358 4155 referantur3
2388 4095 2445 4146 et
2469 4105 2541 4147 ex
2563 4090 2693 4146 aliis
2717 4093 3027 4164 praeceptis,
3047 4107 3172 4164 quae

1808 4169 2115 4243 prohibent
2143 4170 2603 4227 retractationem
2645 4171 2975 4245 hujusmodi
3016 4177 3174 4228 actus

1808 4253 2120 4321 91191119113,
2152 4270 2279 4326 quae
2300 4258 2434 4309 sunt
2459 4253 2659 4311 omnia
2697 4253 3014 4328 obligantia
3059 4253 3167 4310 sub

1812 4334 2082 4401 mortali3
2135 4350 2198 4390 ac
2231 4333 2478 4407 denique
2504 4350 2575 4391 ex
2618 4336 2767 4400 aliis,
2798 4353 2924 4407 quae
2971 4336 3169 4408 prohi-

1812 4415 1969 4482 bent,
2000 4430 2074 4471 ne
2094 4414 2295 4471 fianta
2315 4414 2479 4471 nobis
2506 4419 2662 4472 actus
2713 4417 2776 4472 in
2807 4418 2984 4473 Deum
3022 4416 3202 4474 irre-·

1812 4495 2093 4558 feribiles,
2116 4510 2242 4569 quae
2269 4500 2403 4551 sunt
2431 4497 2629 4554 omnia
2649 4497 2874 4569 (saltem
2892 4499 3180 4571 negativa)

1815 4576 2133 4650 obligantia
2153 4574 2258 4631 sub
2279 4576 2518 4634 veniali.
2552 4579 2680 4633 Haec
2706 4578 2821 4633 tria
2869 4584 3179 4651 praecepto-

1817 4674 1949 4715 rum
1970 4672 2184 4732 genera
2207 4657 2451 4715 includit
2468 4663 2807 4731 praeceptum
2825 4661 3099 4732 Apostoli,
3126 4663 3184 4716 et

1818 4737 2031 4796 idcirco
2051 4737 2122 4794 ad
2143 4739 2265 4812 ejus
2305 4740 2692 4813 expletionem
2741 4739 3059 4796 necessaria
3100 4744 3186 4796 est

1817 4821 2086 4878 omnium
2128 4820 2338 4877 horum
2377 4820 2743 4880 observatio:
2775 4836 2912 4877 nam
2967 4820 3184 4877 bonum

1817 4918 1890 4959 ex
1913 4902 2139 4977 integra
2159 4918 2328 4959 causa
2357 4923 2371 4959 z
2398 4902 2469 4959 ad
2495 4902 2618 4976 ejus
2639 4917 2778 4959 vero
2805 4903 3182 4960 omissionem

1818 4982 1958 5040 satis
1983 4988 2068 5041 est
2113 4981 2416 5058 cujuslibet
2460 4983 2842 5058 transgressio
2861 5005 2875 5050 ;
2895 4983 3030 5056 quia
3055 4998 3186 5039 ma-

1821 5067 1951 5123 lum
1972 5081 2043 5123 ex
2068 5080 2423 5140 quocumque
2441 5064 2660 5124 deiectu
2677 5064 2975 5139 contingit.
2996 5066 3188 5129 Quare
