3647 5753
541 423 613 478 90
1549 422 1641 477 DE
1681 421 1953 477 GRATIA
2002 421 2349 476 EFFICACI.

533 594 615 649 bis
652 601 700 647 et
747 593 893 650 velle.
923 593 1191 672 Nunquid
1232 595 1476 650 homines
1496 592 1617 660 Dei,
1650 595 1745 671 qui
1787 593 1894 649 haic

532 678 884 747 scripserunt,
932 679 1041 732 imo
1069 680 1180 750 ipse
1205 675 1455 750 Spiritus
1482 676 1602 742 Dei,
1634 693 1739 753 quo
1765 675 1893 732 Au-

533 757 682 812 thore
720 758 826 812 ltaec
859 775 952 830 per
980 761 1124 830 ipsos
1148 761 1356 832 scripta
1382 766 1528 826 sunt,
1555 759 1891 831 oppuynavit

534 839 759 894 liberum
799 840 1037 894 hominis
1062 840 1399 896 arbitrium?
1426 839 1603 897 Absit.
1635 839 1745 897 Sed
1770 857 1892 895 om-

532 920 823 992 m'poteutts
863 923 921 974 in
960 920 1228 984 omnibuS,
1260 928 1308 975 et
1349 922 1628 992 judicium
1646 921 1891 991 justissi-

531 1019 712 1065 mum,
761 1008 810 1054 ct
853 1003 1135 1056 auxilium
1173 1003 1279 1060 Dei
1321 1002 1889 1058 misericordissimum

530 1082 948 1137 commendavit.
992 1081 1208 1145 Quibus
1254 1082 1444 1140 verbis
1495 1082 1740 1141 occurrit
1766 1084 1889 1137 Au-

529 1165 790 1238 gustinus
811 1163 1044 1235 antiquo
1067 1170 1421 1238 argumente,
1442 1162 1592 1237 quod
1618 1165 1888 1219 Recentes

530 1242 803 1301 adversus
823 1245 1069 1317 gratiam
1081 1259 1151 1301 ex
1162 1259 1222 1300 se
1241 1244 1519 1300 efficacem
1535 1245 1881 1316 intorquent,

531 1341 737 1397 nempe
765 1325 1012 1381 liberum
1035 1324 1342 1381 arbitrium
1369 1342 1467 1399 per
1490 1326 1653 1381 illam
1675 1323 1881 1390 everti;

531 1407 884 1478 recurritque
914 1420 1017 1477 pro
1043 1407 1163 1479 ejus
1187 1406 1529 1464 enodatione
1556 1403 1625 1461 ad
1643 1403 1738 1461 Dei
1765 1419 1883 1460 non

529 1487 964 1560 praescientiam,
996 1485 1093 1542 sed
1116 1487 1616 1560 omnipotentiam.

310 1577 494 1620 Robora-
611 1568 729 1621 134.
776 1567 1028 1638 Denique
1049 1581 1122 1623 ne
1149 1571 1325 1623 totam
1354 1567 1731 1637 Scripturam,
1758 1579 1884 1635 quae

304 1627 485 1718 ῑῇξζξυὲξ
529 1647 631 1704 hoc
645 1648 853 1720 passim
875 1646 1128 1714 damnat,
1147 1648 1254 1703 huc
1270 1648 1703 1711 transferamus»,
1727 1642 1881 1701 idem

334 1723 473 1817 >3329-
526 1725 820 1801 significat
858 1726 1113 1781 Christus
1157 1727 1436 1784 Dominus
1475 1726 1641 1782 Joan.
1679 1727 1714 1779 6
1761 1723 1882 1779 illis

319 1806 486 1866 Joanfe.
525 1806 715 1862 verbis
742 1828 752 1860 :
787 1805 978 1862 Oninis
1003 1809 1098 1884 qui
1136 1808 1353 1862 audivit
1377 1826 1412 1862 a
1435 1806 1624 1871 Patre,
1654 1812 1703 1859 et
1729 1805 1881 1859 didi-

320 1875 482 1928 D.Aug.
519 1890 614 1953 cit,
641 1891 783 1944 venit
803 1889 878 1944 ad
899 1908 995 1945 mc.
1016 1889 1239 1954 Quaesic
1261 1906 1364 1961 pro
1390 1893 1580 1944 nostra
1598 1885 1880 1943 sententia

519 1969 788 2040 expendit
813 1972 874 2025 D.
915 1974 1145 2042 August.
1177 1968 1278 2024 lib.
1312 1972 1328 2024 1
1359 1968 1428 2025 de
1453 1967 1639 2042 gratia
1663 1964 1877 2021 Christi

517 2058 716 2108 contra
764 2052 1083 2125 Pelagium,
1135 2067 1253 2123 cap.
1297 2053 1398 2106 14:
1435 2073 1460 2102 «
1504 2050 1643 2115 Quis
1690 2054 1879 2104 autem

525 2155 549 2184 «
593 2148 709 2189 non
740 2131 944 2194 videat,
974 2137 1028 2187 et
1053 2132 1251 2187 venire
1277 2146 1643 2203 quemquam,
1676 2135 1732 2185 et
1763 2141 1881 2182 non

523 2235 548 2264 «
594 2213 794 2269 venire
840 2211 1082 2268 arbitrio
1111 2211 1467 2267 voluntatis?
1494 2209 1600 2266 Sed
1650 2209 1753 2265 hoc
1791 2222 1882 2263 ar-

523 2318 547 2347 «
590 2295 830 2351 bitrium
861 2298 1040 2366 potest
1065 2308 1187 2350 esse
1206 2293 1414 2358 solum,
1439 2293 1488 2347 si
1519 2307 1651 2348 .non
1680 2291 1876 2356 venit3

522 2401 547 2430 «
591 2392 708 2435 non
737 2383 926 2432 autem
957 2379 1155 2446 potest,
1213 2375 1324 2429 nisi
1373 2373 1629 2446 adJutum
1657 2388 1798 2437 esse,
1828 2371 1879 2427 si

523 2481 546 2511 «
589 2458 771 2514 venit.
798 2458 865 2510 Et
885 2457 966 2511 sic
993 2454 1271 2528 adjutum,
1302 2460 1361 2511 ut
1391 2470 1507 2511 non
1529 2455 1718 2510 solum
1742 2453 1879 2525 quid

522 2561 546 2591 «
590 2534 914 2594 faciendum
947 2535 1039 2603 sit,
1094 2536 1262 2602 sciat;
1306 2533 1402 2592 sed
1454 2531 1604 2607 quod
1645 2534 1873 2600 scierit,

522 2641 545 2669 «
588 2617 762 2674 etiam
807 2615 992 2672 faciat.
1024 2617 1104 2671 Ac
1143 2631 1243 2687 per
1290 2615 1412 2678 hoc,
1463 2612 1692 2684 quando
1733 2616 1880 2670 Deus

521 2721 545 2751 «
587 2696 766 2759 docet,
819 2711 936 2751 non
966 2710 1066 2766 per
1120 2695 1260 2768 legis
1308 2694 1584 2759 litteram,
1639 2692 1734 2749 sed
1778 2709 1879 2765 per

520 2803 543 2833 «
586 2778 832 2850 Spiritus
858 2777 1103 2851 gratiam
1128 2776 1208 2831 ita
1230 2774 1408 2836 docet.
1443 2781 1504 2831 ut
1531 2774 1679 2847 quod
1726 2775 1879 2847 quis-

519 2886 545 2915 «
585 2876 695 2935 que
720 2859 1003 2926 didicerit,
1049 2874 1168 2916 non
1215 2862 1442 2915 tantum
1490 2857 1877 2932 cognoscendo

519 2970 542 2999 «
585 2945 792 3010 videat,
823 2942 918 2999 sed
949 2942 1123 2997 etiam
1163 2941 1408 2999 volendo
1430 2944 1672 3014 appetat,
1700 2956 1877 3014 agen-

519 3048 543 3077 «
585 3024 767 3096 doque
811 3019 1083 3095 perficiat.
1126 3023 1194 3076 Et
1227 3022 1337 3078 isto
1383 3021 1586 3077 divino
1639 3018 1875 3076 docendi

518 3130 543 3157 «
586 3103 755 3161 modo
774 3104 895 3175 ipsa
921 3101 1096 3157 etiam
1127 3102 1418 3167 voluntas,
1445 3102 1641 3174 etipsa
1670 3116 1877 3171 opera-

518 3208 542 3237 «
585 3186 684 3247 tio.
718 3199 833 3240 non
861 3182 983 3236 sola
1003 3179 1256 3246 volendi,
1291 3187 1344 3238 et
1373 3180 1650 3254 operandi
1704 3186 1876 3235 natu-

518 3288 542 3317 «
587 3264 724 3319 ralis
753 3259 1099 3334 possibilitas
1137 3260 1463 3334 adjuvatur.
1496 3262 1553 3316 Si
1577 3262 1737 3317 enim
1779 3276 1875 3318 so-

517 3366 543 3396 «
586 3345 708 3399 lum
737 3358 896 3415 posse
919 3346 1178 3397 nostrum
1204 3341 1307 3397 hac
1334 3342 1523 3416 gratia
1547 3342 1868 3415 juvaretur,

518 3448 542 3478 «
585 3426 663 3481 ita
704 3424 915 3480 diceret
943 3421 1222 3478 Dominus
1251 3424 1492 3479 :Omnis
1514 3421 1873 3496 qui-audivit

517 3529 542 3559 «
586 3522 617 3561 a
641 3508 826 3569 Patre,
858 3508 913 3559 et
952 3501 1168 3563 didicit,
1203 3508 1384 3575 potest
1429 3504 1630 3560 venire
1657 3501 1727 3558 ad
1755 3519 1869 3559 me.

518 3607 544 3639 «
586 3589 713 3642 Non
747 3591 936 3642 autem
966 3583 1046 3639 ita
1073 3582 1256 3649 dixit;
1311 3583 1410 3641 sed
1433 3628 1446 3654 ,
1498 3583 1720 3651 OmniS,
1772 3583 1872 3656 qui

517 3690 542 3721 «
585 3666 804 3723 audivit
831 3683 863 3722 a
892 3667 1077 3731 Patre,
1101 3670 1158 3721 et
1201 3664 1419 3733 didicit,
1453 3666 1613 3723 venit
1640 3664 1708 3721 ad
1754 3680 1870 3721 me.

517 3772 542 3802 «
586 3749 796 3805 Venire
825 3747 1068 3821 possein
1112 3753 1320 3804 natura
1350 3749 1538 3824 posui-t
1585 3746 1866 3821 Pelagius,

516 3853 540 3881 <c
586 3831 673 3885 vel
697 3828 870 3884 etiam
897 3833 956 3882 ut
983 3826 1153 3883 modo
1193 3827 1381 3885 dicere
1421 3828 1608 3900 coepit,
1645 3828 1707 3883 in
1746 3842 1872 3901 gra·

515 3933 534 3960 0
584 3910 679 3974 tia,
712 3905 1085 3981 qualemlibet
1105 3923 1234 3963 eam
1251 3909 1481 3975 sentiat,
1499 3924 1610 3981 qua
1637 3908 1777 3980 ipsa,
1809 3912 1873 3962 ut

514 4014 537 4042 α
581 3990 735 4054 dicit,
765 3988 1114 4062 possibilitas
1143 3988 1449 4062 adjuvatur
1477 4011 1490 4045 ε
1522 3988 1722 4046 venire
1763 4003 1871 4045 au-

516 4100 536 4125 «
583 4078 698 4130 tem
717 4074 836 4147 jam
868 4072 929 4127 in
957 4071 1271 4137 voluntate,
1316 4076 1372 4128 et
1410 4087 1580 4144 opere
1605 4077 1707 4127 est.
1741 4072 1869 4128 Non

518 4178 540 4205 «
585 4160 668 4210 est
709 4158 897 4209 autem
926 4166 1292 4223 consequenS,
1327 4152 1511 4223 utqui
1553 4157 1732 4224 potest
1775 4166 1869 4208 ve-

517 4260 540 4283 «
587 4234 735 4299 nire,
761 4232 935 4289 etiam
951 4231 1163 4298 veniat,
1183 4231 1294 4286 nisi
1323 4229 1380 4286 id
1409 4231 1674 4296 voluerit,
1704 4237 1868 4303 atque

517 4344 540 4368 ιι
585 4315 798 4372 fecerit.
851 4312 955 4369 Sed
988 4312 1180 4370 omnis
1225 4313 1322 4385 qui
1369 4311 1569 4369 didicit
1614 4329 1646 4369 a
1675 4315 1862 4377 Patre,

514 4419 539 4450 «
584 4411 700 4452 non
720 4395 907 4455 solum
946 4397 1126 4466 potest
1148 4394 1366 4457 venire,
1399 4392 1495 4450 sed
1538 4394 1698 4450 venit
1730 4392 1864 4450 :ubi

514 4501 538 4530 α
577 4480 697 4552 jam
720 4483 776 4533 et
800 4475 1194 4549 possibilitatis
1241 4476 1538 4549 profectus,
1569 4482 1625 4533 et
1663 4478 1867 4533 volun-

513 4580 534 4611 «
580 4558 712 4613 tatis
741 4557 988 4622 affectuS,
1033 4561 1089 4613 et
1141 4557 1378 4613 actionis
1428 4556 1656 4614 effectus
1681 4563 1785 4614 est.
1831 4579 1857 4609 »

506 4638 616 4695 Ubi
640 4646 848 4711 praeter
882 4637 1230 4713 adiutorium
1279 4638 1692 4711 possibilitatis,
1740 4641 1864 4698 sive

502 4721 792 4778 auxilium
841 4720 1161 4787 sufficiens,
1207 4720 1568 4793 apertissime
1613 4722 1864 4794 exposcit

502 4801 854 4875 Augustinus
881 4799 1038 4857 aliud
1066 4801 1372 4866 auxilium,
1404 4800 1476 4857 ad
1501 4800 1649 4873 quod
1691 4802 1862 4858 infal-

503 4880 743 4936 libiliter
753 4886 1020 4953 sequatur
1039 4880 1288 4938 effectus,
1300 4880 1627 4939 Adversarii
1644 4888 1855 4948 autem,

497 4962 595 5034 qui
621 4967 830 5035 negant
882 4962 1165 5018 auxilium
1193 4978 1264 5019 ex
1308 4962 1606 5029 seefficax,
1651 4969 1860 5034 praeter

499 5042 786 5099 auxilium
832 5041 1119 5099 sufficiens
1159 5043 1310 5099 nihil
1355 5042 1512 5100 aliud
1555 5042 1851 5118 adjiciunt,

2027 592 2140 649 nisi
2187 592 2373 665 ipsam
2415 593 2727 650 voluntatis
2764 593 3245 666 cooperationem,
3297 594 3391 650 vel

2024 673 2308 729 auxilium
2332 674 2431 732 Dei
2472 674 2912 742 simultaneum,
2934 691 3059 748 quae
3085 679 3221 729 sunt
3269 675 3392 748 ipse

2022 753 2252 811 effectus
2271 753 2647 828 subsequutus
2673 778 2686 814 ε
2717 749 2854 830 ergo
2882 756 2996 811 nisi
3027 754 3391 813 contradica-

2023 849 2155 889 mus
2187 835 2513 907 Scripturas,
2570 843 2625 892 et
2664 835 3008 909 expositioni
3055 835 3382 909 Augustini,

2025 921 2228 988 praeter
2255 917 2453 973 omnia
2475 918 2692 974 auxilia
2740 917 3081 974 sufficientia
3124 916 3387 974 confiteri

2024 1011 2253 1053 necesse
2289 1003 2374 1053 est
2394 997 2550 1053 aliud
2574 998 2880 1065 auxilium,
2913 997 3064 1071 quod
3092 997 3385 1070 possibili-

2022 1079 2195 1132 tatem
2226 1075 2618 1134 infallibiliter
2651 1078 2963 1152 conjungat
2989 1093 3118 1133 cum
3158 1075 3379 1134 effectu.

2097 1159 2208 1214 Pro
2228 1173 2339 1230 quo
2364 1158 2539 1215 etiam
2586 1158 2803 1215 faciunt
2833 1158 3009 1216 verba
3036 1157 3251 1214 Christi
3281 1160 3385 1216 Do-
3413 1169 3536 1211 δορα.
3554 1173 3594 1211 s.

2020 1237 2168 1294 mini
2192 1238 2255 1293 in
2280 1237 2481 1295 eodem
2509 1239 2691 1312 capite
2711 1242 2746 1295 6
2768 1262 2779 1292 z
2801 1241 2975 1298 Nemo
2996 1247 3169 1314 potest
3194 1242 3385 1296 venire

2018 1318 2094 1373 ad
2113 1336 2215 1386 me,
2237 1322 2350 1374 nisi
2369 1319 2539 1375 Pater
2557 1322 2653 1397 qui
2676 1322 2825 1376 misit
2842 1339 2939 1387 me,
2967 1322 3204 1382 tmaeerit
3232 1337 3376 1379 eum.

2018 1400 2152 1464 Quae
2179 1398 2259 1454 ita
2284 1398 2561 1472 ponderat
2585 1402 2821 1474 August.
2840 1400 2939 1458 lib.
2976 1404 2992 1456 1
3020 1407 3218 1457 contra
3240 1398 3383 1457 duas

2017 1481 2180 1553 epist.
2210 1482 2501 1556 Pelagian.
2534 1498 2654 1555 cap.
2718 1484 2783 1537 19
2816 1482 2982 1539 :Non
3010 1485 3112 1549 ait,
3148 1483 3377 1549 direxit,

2017 1561 2217 1617 utillic
2242 1563 2430 1640 aliquo
2468 1562 2624 1618 modo
2673 1563 3044 1633 intelliyamus
3091 1563 3383 1635 praecedere

2016 1643 2372 1700 voluntatem.
2406 1642 2547 1716 Quis
2586 1644 2850 1711 trahitur,
2881 1647 2931 1700 si
2960 1646 3086 1715 jam
3127 1644 3382 1698 volebat?

2022 1722 2094 1781 Et
2116 1731 2298 1780 tamen
2340 1741 2495 1779 nemo
2540 1727 2708 1790 venit,
2757 1727 2869 1780 nisi
2904 1726 3048 1780 velit.
3112 1723 3381 1780 Trahitur

2013 1820 2136 1873 er90
2159 1806 2317 1860 miris
2342 1805 2535 1873 modi-3,
2563 1812 2623 1859 ut
2670 1806 2818 1869 velit,
2843 1804 2912 1859 ab
2966 1804 3063 1859 illo
3092 1806 3188 1879 qui
3227 1805 3378 1859 novit

2018 1887 2168 1941 intus
2190 1888 2250 1942 in
2274 1888 2406 1959 ipsis
2431 1888 2717 1943 hominum
2737 1887 2989 1943 cordibus
3006 1888 3243 1959 operari,
3269 1903 3379 1941 non

2014 1975 2075 2022 ut
2102 1969 2362 2036 homines,
2414 1969 2563 2046 quod
2603 1971 2723 2042 sieri
2768 1987 2877 2025 non
2916 1976 3108 2042 potest,
3141 1969 3380 2024 nolentes

2014 2048 2257 2117 credam,
2282 2049 2373 2104 sed
2399 2055 2460 2104 ut
2504 2051 2735 2106 volentes
2778 2068 2851 2105 εα-
2884 2049 3190 2106 nolentibus
3214 2051 3374 2122 fiant.

2015 2129 2073 2185 Si
2096 2136 2287 2187 autem
2315 2131 2599 2187 auxilium
2631 2147 2747 2188 non
2781 2137 2924 2189 esset
2969 2148 3037 2189 ex
3059 2147 3118 2188 se
3159 2131 3373 2196 efficax,

2009 2212 2133 2285 jam
2159 2211 2322 2268 fieret
2347 2212 2542 2270 efficax
2573 2229 2672 2286 per
2711 2213 3171 2286 cooperationem
3216 2212 3378 2269 arbi—

2015 2292 2135 2357 trii,
2162 2295 2253 2350 vel
2282 2293 2345 2348 in
2369 2298 2517 2349 statu
2547 2293 2820 2358 absoluto,
2848 2294 2937 2349 vel
2967 2293 3030 2348 in
3057 2297 3205 2348 statu
3235 2308 3375 2349 con-

2013 2373 2325 2441 ditionato;
2372 2381 2429 2431 et
2492 2377 2573 2431 ita
2625 2377 2887 2432 voluntas
2944 2374 3374 2447 intelligeretur

2014 2457 2206 2529 aliquo
2245 2455 2415 2513 modo
2443 2457 2762 2530 praecedere
2782 2457 3083 2525 auxilium,
3103 2471 3214 2528 quo
3241 2470 3370 2512 mo-

2013 2541 2211 2601 vetur;
2243 2541 2409 2608 atque
2436 2535 2564 2594 ideo
2593 2553 2709 2594 non
2738 2537 3081 2604 traheretur,
3113 2534 3212 2590 sed
3259 2533 3370 2590 du-

2011 2618 2266 2681 ceretur,
2295 2615 2440 2686 quod
2481 2622 2674 2673 tamen
2696 2617 3049 2690 Augustinus
3087 2613 3224 2670 dicit
3249 2629 3372 2671 esse

2012 2693 2224 2749 Christi
2290 2694 2482 2751 verbis
2547 2699 2927 2753 contrarium.
2998 2698 3149 2769 Ergo
3207 2695 3371 2768 juxta

2012 2775 2364 2847 Scripturam
2410 2792 2630 2831 sacram
2661 2777 3007 2833 intellectam
3049 2774 3365 2832 secundum

2009 2856 2425 2928 expositionem
2466 2855 2788 2931 Augustini,
2814 2855 3285 2931 singularissimi‚
3318 2860 3374 2914 et

2013 2936 2397 3010 probatissimi
2421 2937 2485 2993 in
2507 2938 2611 2993 hac
2654 2953 2819 2993 causa
2847 2937 3121 3003 Doctoris,
3148 2937 3376 3010 simpli-

2009 3018 2150 3074 citer
2171 3016 2466 3074 fatendum
2506 3022 2604 3079 est,
2646 3017 2893 3090 gratiam
2941 3017 3221 3073 efficacem
3248 3033 3373 3075 esse

2011 3099 2184 3154 talem
2212 3113 2283 3153 ex
2316 3112 2395 3162 se,
2420 3102 2476 3153 et
2506 3096 2575 3153 ab
2604 3097 2944 3164 intrinseco;
2970 3098 3073 3154 hoc
3119 3102 3222 3162 est,
3250 3113 3370 3154 non

2010 3195 2080 3235 ex
2100 3195 2376 3237 consensu
2400 3177 2759 3253 subsequuto,
2793 3195 2894 3237 nec
2915 3197 2986 3238 ex
3009 3178 3371 3253 praescientia

2009 3258 2222 3316 media.

2092 3341 2212 3396 135.
2232 3340 2619 3397 confirmatur
2637 3340 2826 3413 primo
2846 3342 3369 3403 authoritateSum·
3403 3379 3568 3423 Coum..

2009 3435 2238 3477 morum
2256 3419 2617 3487 Pontificum,
2648 3426 2703 3477 et
2718 3422 3129 3482 conciliorum.
3148 3427 3361 3493 Primo,
3379 3430 3583 3523 {ffifflgffi

2007 3503 2489 3575 quia‘Coelestinus
2513 3507 2675 3571 I,Leo
2695 3506 2736 3570 1,
2760 3506 3036 3571 Gelasius,
3052 3510 3081 3561 J
3089 3521 3301 3565 oannes
3317 3512 3364 3564 11
3381 3528 3557 3571 summis

3392 3576 3569 3620 Pontiu-

3401 3625 3539 3670 cibus.

2008 3584 2415 3658 approbarunt,
2442 3592 2499 3643 et
2519 3586 2826 3659 amplexati
2864 3594 2999 3644 sunt
3043 3588 3363 3647 doctrinam

2007 3668 2061 3722 S.
2094 3667 2398 3740 Augustini
2428 3667 2492 3724 in
2521 3667 2944 3725 difficultatibus
2964 3670 3114 3727 circa
3145 3672 3366 3728 auxilia

2006 3749 2203 3820 gratiae
2252 3752 2449 3805 contra
2492 3748 2848 3822 PelagianOS,
2899 3756 2955 3806 et
2980 3767 3180 3808 eorum
3222 3753 3364 3810 reli-

2006 3827 2169 3899 quias
2220 3848 2233 3883 :
2281 3832 2337 3884 et
2388 3828 2552 3902 juxta
2620 3828 2781 3884 illam
2846 3828 3173 3889 decreverat
3232 3833 3363 3889 Cle-

2006 3924 2172 3965 mens
2193 3911 2318 3966 VIII
2347 3916 2521 3968 totam
2553 3910 2999 3967 controversiam
3049 3913 3203 3971 inter
3246 3918 3361 3973 Do-

2005 3990 2343 4057 minican05‚
2371 3997 2427 4048 et
2441 3990 2673 4047 Molinae
2699 3989 3025 4048 defensores
3051 3995 3360 4063 resolvere,

2005 4077 2064 4127 ut
2085 4077 2303 4128 constat
2327 4089 2399 4130 ex
2418 4072 2584 4128 dictis
2609 4071 2784 4129 dubio
2812 4071 3169 4145 praecedenti,
3197 4078 3285 4145 §7
3308 4084 3364 4134 et

2003 4151 2148 4224 disp.
2208 4154 2224 4207 l
2282 4153 2627 4225 prooemiali,
2682 4169 2800 4225 cap.
2851 4155 2905 4219 6,
2932 4157 2963 4222 ς
2991 4156 3025 4207 <t
3071 4161 3126 4210 et
3153 4171 3274 4229 cap.
3301 4161 3360 4224 7,

2002 4237 2033 4303 g
2083 4236 2126 4289 l.
2154 4234 2313 4299 Quod
2336 4241 2525 4292 autem
2556 4240 2750 4291 nostra
2771 4234 2943 4290 fuerit
2965 4238 3027 4291 D.
3054 4239 3364 4311 Augustini

2000 4317 2302 4382 sententia,
2319 4323 2537 4374 constat
2558 4323 2676 4373 tam
2692 4333 2762 4373 ex
2788 4333 2850 4371 su
2862 4333 2962 4389 =pra
2989 4316 3361 4393 dictis,quam

1999 4412 2071 4453 ex
2098 4396 2262 4455 dictis
2291 4399 2427 4456 locis
2449 4399 2616 4457 modo
2637 4399 2838 4467 citatis,
2865 4405 2920 4456 et
2935 4401 3185 4474 amplius
3204 4418 3366 4460 cons-

2000 4477 2142 4534 tabit
2166 4496 2237 4535 ex
2263 4478 2537 4537 dicendis,

2072 4560 2359 4617 Secundo:
2384 4562 2519 4635 quia
2564 4562 2903 4619 Coelestinus
2933 4565 3201 4622 Pontifex
3228 4566 3361 4639 qui-
3386 4570 3556 4664 Coellcst.

1999 4638 2239 4697 busdam
2267 4642 2466 4699 Gallias
2505 4643 2796 4716 Episcopis
2845 4644 3185 4711 rescribenS‚
3239 4648 3318 4704 ait
3345 4669 3358 4704 ε

1997 4720 2126 4777 Non
2151 4721 2457 4778 dubitemus
2482 4722 2551 4777 ab
2572 4725 2748 4796 ipsius
2762 4726 2951 4795 qratia
2970 4728 3157 4781 omnia
3179 4727 3362 4783 laonii-

1996 4802 2083 4856 nis
2116 4805 2312 4857 merita
2337 4805 2645 4875 praeveniri,
2675 4822 2776 4877 per
2802 4810 2960 4883 quem
2988 4807 3107 4877 fiat,
3158 4815 3217 4863 ut
3244 4809 3361 4864 ali-

1994 4883 2272 4957 quidboni
2317 4892 2367 4939 et
2404 4885 2537 4941 velle
2569 4887 2923 4959 incipiamus,
2977 4895 3027 4941 et
3064 4889 3259 4960 facere.
3294 4890 3362 4946 Et

1993 4963 2242 5020 inferius
2277 4985 2290 5020 ε
2314 4963 2447 5036 Λ9ἰι
2474 4967 2670 5040 quippe
2687 4969 2746 5022 in
2768 4966 2939 5033 nobis,
2963 4975 3025 5023 ut
3048 4969 3193 5046 quod
3218 4971 3354 5038 vult,

1991 5050 2041 5099 et
2060 5044 2306 5113 velimus,
2329 5054 2379 5101 et
2398 5063 2648 5118 ayamus.
2683 5046 2742 5104 Si
2772 5050 2919 5106 Deus
2963 5047 3121 5117 facit,
3146 5054 3210 5106 ut
3261 5051 3358 5106 in-

3076 5131 3356 5205 cipiamus

3602 4316 3615 4515 l
