3647 5753
278 1408 439 1453 satiem

301 1468 422 1511 ²¹8⁰-

244 3518 310 3556 tur
324 3523 421 3556 con·

243 3561 421 3621 firmatio

358 3644 369 3655 ·
456 3635 715 3704 tempore
742 3633 1047 3705 praemium
1079 3633 1383 3706 praecedat,
1415 3634 1513 3692 sed
1542 3636 1818 3694 sufficere.

485 415 598 473 850
1528 420 1625 477 DE
1669 419 1980 476 PRAEmo
2013 419 2295 476 MERITI.
3582 423 3584 526 ἵ

484 602 594 643 nus
615 603 734 646 non
755 589 956 647 habuit
976 592 1224 664 gratiam
1245 591 1620 659 habitualem,
1649 597 1706 649 et
1723 593 1854 667 glo-

481 670 635 728 riam
655 674 1020 732 essentialem
1047 692 1121 732 ex
1147 674 1392 744 meritis,
1422 674 1559 748 quia
1584 674 1851 733 videlicet

478 753 583 811 has
602 754 978 827 perfectiones
1004 757 1207 815 habuit
1249 772 1283 813 a
1309 758 1499 830 primo
1521 759 1851 832 :conceptio-

479 837 573 894 nis
599 838 842 896 instanti
867 865 884 907 ;
911 846 970 897 et
987 841 1211 897 similia
1238 840 1414 897 tradit
1441 843 1461 897 l
1487 849 1639 914 part.
1659 850 1843 921 quast.

478 920 574 986 62,
591 927 701 976 ort.
719 923 755 976 4
764 945 778 988 ;
802 921 960 995 atqui
988 926 1365 997 augmentum
1385 924 1590 997 gratiae
1611 925 1850 998 ponitur

475 1001 540 1058 in
578 1002 779 1060 eodem
807 1005 1069 1072 instanti,
1098 1007 1163 1063 in
1191 1022 1305 1079 quo
1332 1005 1492 1063 adest
1517 1012 1674 1063 actus
1704 1009 1849 1065 cha-

477 1083 665 1141 ritatis
693 1086 977 1144 intensior
1002 1112 1017 1155 ς
1048 1087 1336 1161 siquidem
1366 1089 1668 1160 praedictus
1689 1096 1847 1147 actus

473 1164 646 1223 habet
666 1169 950 1225 rationem
964 1168 1187 1226 ultimae
1209 1169 1605 1243 dispositionis
1617 1170 1688 1229 ad
1705 1187 1847 1244 prae-

471 1246 688 1305 dictum
719 1257 1132 1326 augmentum:
1178 1268 1319 1329 ergo
1362 1259 1520 1311 actus
1558 1256 1846 1313 intensior

473 1328 804 1405 hujusmodi
827 1339 1202 1406 augmentum
1229 1350 1350 1393 non
1376 1340 1652 1394 meretur.

548 1421 665 1476 Hoc
690 1430 1097 1497 argumentum
1118 1442 1250 1482 cum
1274 1443 1378 1483 sua
1398 1425 1844 1485 confirmatione

474 1500 692 1573 pariter
716 1503 935 1575 probat,
956 1507 1174 1579 justum
1205 1523 1307 1580 per
1344 1524 1476 1566 suos
1521 1515 1679 1565 actus
1720 1525 1841 1568 non

471 1583 686 1640 mereri
714 1584 784 1642 de
821 1602 1073 1661 congruo
1098 1591 1300 1661 gratiae
1327 1596 1710 1663 augmentum
1741 1614 1757 1658 ;
1783 1597 1842 1649 et

470 1665 551 1720 ita
578 1667 880 1742 impugnat
904 1671 1054 1743 quod
1082 1672 1146 1728 in
1187 1672 1351 1728 dubii
1382 1674 1592 1731 limine
1624 1691 1842 1747 suppo-

471 1748 698 1805 suimus
725 1794 740 1817 ,
793 1757 850 1807 et
890 1753 961 1808 ab
1000 1753 1371 1812 Adversariis
1408 1755 1736 1813 admittitur
1758 1800 1772 1823 ,
1805 1774 1840 1814 a

466 1832 675 1906 quibus
696 1834 937 1908 proinde
955 1835 1193 1895 dissolvi
1214 1836 1400 1896 debet.
1425 1837 1510 1893 Ad
1531 1855 1842 1914 argumen-

470 1919 597 1971 tum
632 1930 770 1990 ergo
810 1917 1138 1990 negandum
1165 1925 1250 1976 est
1288 1918 1669 1977 antecedens:
1698 1937 1838 1978 nam

469 2000 531 2053 ut
557 1997 922 2055 ostendemus
946 2001 1213 2057 'tractatu
1241 2000 1312 2058 de
1334 2001 1647 2067 charitate,
1681 2010 1839 2060 actus

468 2081 650 2138 nostri
679 2097 797 2138 non
817 2088 1026 2156 augent
1044 2085 1292 2158 gratiam
1309 2084 1564 2143 effective
1580 2085 1832 2159 physice,

463 2162 564 2220 sed
592 2169 818 2221 tantum
846 2164 1183 2238 dispositive
1211 2168 1461 2242 physice,
1498 2173 1556 2224 et
1580 2167 1838 2227 effective

464 2249 768 2305 moraliter
796 2266 810 2300 ε
867 2250 1023 2307 solus
1071 2250 1283 2323 quippe
1318 2254 1485 2318 Deus,
1537 2252 1636 2324 qui
1681 2253 1837 2310 valet

462 2330 712 2405 gratiam
732 2329 990 2387 effective
1010 2331 1281 2405 physicee
1300 2331 1552 2407 subjecto
1569 2332 1829 2403 educere,

462 2415 644 2483 potest
665 2409 846 2482 ipsam
875 2411 1066 2468 eidem
1091 2410 1343 2486 subjecto
1395 2414 1580 2486 magis
1631 2416 1829 2480 unire,

461 2496 519 2547 et
545 2490 610 2546 in
639 2490 742 2547 illo
764 2491 1014 2563 amplius
1043 2491 1301 2549 radicare
1325 2517 1340 2560 ;
1380 2493 1445 2549 in
1471 2510 1585 2566 quo
1612 2495 1835 2551 consis-

465 2569 535 2624 tit
554 2569 676 2643 ejus
698 2576 1091 2643 augmentum.
1117 2574 1232 2628 Nec
1257 2573 1321 2628 in
1343 2573 1448 2630 hoc
1468 2579 1624 2632 tenet
1642 2590 1835 2631 exem·

469 2651 631 2722 plum
658 2650 942 2707 virtutum
972 2653 1401 2724 acquisitarum,
1436 2654 1540 2710 has
1565 2655 1730 2711 enim
1759 2671 1833 2727 po

462 2737 570 2787 test
586 2731 761 2788 homo
783 2732 845 2787 in
872 2732 1061 2804 seipso
1084 2733 1318 2804 physice
1335 2732 1647 2804 producere
1676 2759 1691 2802 ;
1716 2751 1831 2790 un-

461 2812 533 2871 de
552 2813 772 2868 mirum
797 2829 915 2869 non
935 2818 1041 2878 est,
1062 2814 1211 2886 quod
1234 2816 1408 2887 possit
1427 2815 1655 2872 easdem
1679 2819 1832 2892 phy-

453 2895 568 2952 sice
595 2909 821 2968 augere.
869 2893 1146 2950 Videatur
1171 2896 1233 2950 D.
1282 2895 1493 2953 Thom.
1526 2899 1588 2953 in
1623 2899 1670 2963 l,
1690 2898 1822 2957 dist.

463 2980 551 3045 17,
574 2995 625 3052 q.
658 2979 713 3043 2,
738 2983 851 3032 art.
882 2977 933 3044 3,
961 2978 1182 3050 ιἠοοη).
1211 2977 1311 3034 ubi
1333 2978 1830 3038 concluditheu-

452 3067 534 3115 ter
572 3057 870 3113 charitatis
890 3064 1051 3113 actus
1071 3057 1307 3128 (scilicet
1327 3060 1419 3116 vel
1440 3061 1490 3135 ej
1499 3076 1563 3116 us
1590 3060 1830 3120 infusio-

454 3156 589 3198 nem
618 3138 986 3206 antecedens,
1019 3141 1112 3196 vel
1136 3138 1506 3213 subsequens)
1532 3144 1828 3202 ordinatur

455 3221 531 3276 ad
555 3220 862 3276 habendam
889 3221 1243 3290 charitatem,
1275 3223 1360 3279 vel
1401 3225 1709 3295 anyendam
1726 3244 1829 3299 per

456 3302 679 3357 modum
698 3301 941 3373 alicujus
965 3304 1277 3376 efficientia,
1302 3306 1443 3360 sicut
1468 3312 1626 3362 actus
1649 3310 1828 3363 nostri

457 3382 533 3437 ad
556 3382 863 3439 habendum
897 3384 1119 3440 babitus
1144 3387 1459 3462 acquisitos.

416 3485 433 3496 ·
538 3468 626 3524 Ad
653 3470 1153 3527 confirmationem
1184 3474 1579 3546 respondetur,
1605 3473 1675 3531 de
1723 3491 1825 3532 ra-

459 3549 616 3608 tione
660 3551 857 3607 meriti
894 3552 956 3607 in
1000 3555 1299 3610 communi
1330 3571 1447 3612 non
1493 3571 1633 3622 esse,
1672 3563 1823 3629 quod

452 3712 602 3786 quod
625 3714 771 3770 illud
798 3715 1089 3772 antecedat
1130 3717 1431 3789 prioritate
1482 3724 1722 3786 naturae,
1766 3724 1826 3776 et

453 3795 658 3854 ordine
684 3798 1047 3863 causalitatis,
1065 3804 1127 3853 ut
1148 3798 1210 3855 in
1226 3799 1359 3855 aliis
1379 3798 1564 3856 causis
1588 3802 1823 3858 contin-

448 3877 551 3952 git.
584 3877 735 3934 Fieri
782 3883 977 3935 tamen
1013 3884 1210 3950 potest,
1271 3884 1334 3935 ut
1385 3881 1619 3954 aliquod
1667 3898 1822 3955 prae-

449 3959 636 4016 mium
663 3964 905 4033 nequeat
949 3975 1078 4016 cum
1122 3976 1227 4018 suo
1272 3963 1486 4019 merito
1523 3963 1589 4019 in
1616 3962 1819 4022 eodem

447 4041 687 4099 instanti
713 4043 1043 4111 coexistere,
1066 4044 1222 4102 etita
1250 4045 1452 4102 accidit
1481 4046 1545 4103 in
1568 4048 1819 4120 praemio

447 4124 823 4183 beatitudinis
843 4133 1169 4200 comparato
1198 4127 1268 4186 ad
1297 4130 1574 4186 meritum
1594 4132 1819 4205 regula·

447 4213 570 4265 tum
600 4224 702 4282 per
727 4207 919 4266 fidem.
973 4212 1118 4266 Nam
1166 4209 1496 4283 hujusmodi
1538 4212 1817 4270 meritum

447 4295 532 4347 est
556 4288 785 4347 effectus
810 4290 1009 4364 gratiae
1032 4290 1398 4365 imperfectae.
1436 4297 1493 4349 et
1517 4293 1817 4351 existentis

447 4371 511 4428 in
532 4371 629 4428 via
658 4394 673 4438 ;
704 4370 850 4426 illud
875 4387 1010 4429 vero
1040 4372 1349 4445 praemium
1374 4370 1649 4445 importat
1685 4390 1817 4450 gra·

447 4455 587 4511 tiam
606 4459 1065 4511 consummatam
1084 4470 1184 4528 per
1194 4452 1462 4528 gloriam:
1480 4461 1536 4511 et
1556 4456 1815 4528 impossi-

446 4534 562 4592 bile
581 4541 685 4602 est,
715 4532 864 4606 quod
885 4536 1071 4609 gratia
1094 4536 1158 4592 in
1179 4534 1380 4593 eodem
1402 4537 1679 4609 temporis
1696 4554 1816 4596 mo·

443 4621 641 4674 mento
673 4615 878 4673 habeat
903 4616 1260 4673 conditiones
1285 4614 1425 4672 adeo
1452 4616 1606 4673 inter
1630 4632 1692 4674 se
1714 4635 1815 4675 re-

444 4702 785 4771 pugnantes.
820 4698 1149 4754 Praesertim
1177 4712 1307 4754 cum
1339 4698 1641 4769 praemium
1686 4698 1815 4757 bea·

443 4778 710 4835 titudinis
757 4779 1028 4852 importet
1061 4780 1278 4836 claram
1305 4778 1407 4835 Dei
1436 4779 1719 4837 visionem
1749 4781 1812 4838 in

442 4861 649 4934 seipso,
683 4863 842 4936 cujus
889 4862 1208 4919 absentiam
1257 4862 1577 4918 necessario
1599 4862 1814 4935 impor-

441 4948 523 5002 tat
550 4944 711 5011 fides,
745 4960 871 5017 quae
900 4944 1175 5001 meritum
1205 4947 1465 5000 nostrum
1494 4942 1710 5018 dirigit.
1742 4947 1813 5001 Et

444 5025 518 5083 de
545 5025 877 5100 hujusmodi
905 5026 1133 5094 meritc,
1178 5030 1236 5084 et
1275 5025 1513 5098 praemio
1558 5027 1812 5100 loquitur

1986 591 2278 662 D.,Thom.
2330 591 2470 649 locis
2521 593 2589 648 in
2637 591 3091 650 confirmatione
3139 593 3383 650 relatis.

1983 671 2333 729 Recolantur
2356 688 2484 747 quae
2509 672 2769 731 diximus
2793 681 2960 730 tract.
3008 674 3079 729 de
3105 674 3383 747 Anqelis,

1980 752 2125 826 disp.
2165 754 2250 819 12,
2281 772 2318 810 α
2339 771 2495 811 num.
2519 755 2614 811 32.

2468 967 2756 1024 DUBIUM
2776 969 2847 1024 V.

2023 1109 2223 1167 Utrum
2256 1114 2448 1184 justus
2487 1117 2663 1189 possit
2702 1116 2768 1171 de
2804 1117 3075 1189 condique
3121 1124 3341 1176 mem-i

2329 1196 2536 1253 denum
2556 1204 2986 1272 perseverantia.

2031 1354 2334 1430 Supposito
2358 1357 2509 1432 quod
2536 1376 2709 1418 nemo
2735 1362 2911 1434 possit
2938 1363 3205 1435 primam
3231 1380 3373 1440 gra·

1974 1436 2117 1495 tiam
2145 1439 2256 1497 sibi
2295 1441 2366 1499 de
2391 1443 2676 1518 condigno
2702 1446 2934 1514 mereri,
2980 1453 3046 1503 ut
3087 1448 3375 1507 vidimus

1972 1519 2100 1577 dub.
2134 1523 2181 1588 l,
2209 1525 2668 1582 examinandum
2692 1533 2795 1593 est,
2820 1543 2898 1583 an
2914 1530 3100 1586 semel
3128 1531 3200 1586 in
3219 1547 3372 1606 gra·

1974 1601 2053 1657 tia
2092 1605 2430 1663 constitutus
2468 1609 2657 1666 valeat
2692 1612 2908 1667 mereri
2960 1610 3122 1684 ipsus
3153 1629 3371 1685 perse-

1974 1687 2317 1753 verantiam,
2348 1706 2417 1747 eo
2456 1691 2629 1763 plane
2668 1693 2858 1759 modo,
2912 1710 3026 1767 quo
3087 1703 3372 1754 meretur

1972 1768 2094 1842 ejus
2121 1777 2520 1844 augmentum,
2570 1776 2718 1833 sicut
2740 1776 2870 1833 dub.
2899 1777 3124 1849 praeced.
3156 1781 3372 1852 expli-

1970 1850 2214 1908 cuimus.
2258 1853 2368 1909 Sed
2420 1857 2584 1928 prius
2629 1863 2853 1929 oportet
2888 1859 3086 1931 aliqua
3145 1860 3370 1919 obser-

1970 1947 2128 1991 vare.

2585 2108 2618 2174 5
2657 2106 2699 2162 1.

2180 2249 2545 2310 praenotanda
2562 2271 2663 2327 pro
2689 2253 2846 2310 dubis·
2869 2254 3162 2312 decisione.

2001 2410 2097 2465 87.
2120 2410 2186 2465 ln
2197 2425 2309 2482 quo
2331 2407 2605 2465 consistat
2621 2407 2951 2466 formaliter
2967 2425 3363 2483 perseveran—
3376 2409 3488 2460 ΟΜ
3509 2421 3544 2451 ⁵-

1967 2490 2059 2546 tiae
2083 2490 2323 2558 donum,
2343 2489 2767 2546 declaravimus
2792 2506 2867 2547 ex
2887 2491 3144 2563 professo
3165 2500 3344 2550 tract.
3378 2468 3546 2553 m

1974 2573 2057 2638 14,
2078 2572 2222 2645 disp.
2248 2571 2440 2636 3,dub.
2470 2572 2520 2625 1.
2539 2572 2608 2625 Et
2627 2569 2927 2629 exibidem
2944 2571 3113 2628 dictis
3126 2590 3358 2647 suppo-

1967 2652 2223 2709 nendum
2246 2657 2330 2709 est
2375 2653 2439 2707 in
2469 2654 2757 2725 praesenti,
2788 2653 2941 2726 quod
2969 2660 3181 2727 praeter
3206 2671 3356 2730 gra-

1966 2736 2106 2793 tiam
2128 2735 2567 2801 habitualem,et
2587 2736 2806 2792 auxilia
2831 2742 2951 2793 tam
2973 2737 3346 2805 sufficientia,

1962 2834 2136 2892 quam
2164 2819 2408 2875 efficacia
2436 2834 2539 2892 pro
2560 2819 2810 2894 singulis
2836 2820 3110 2894 operibus
3135 2819 3350 2878 distri-

1961 2899 2120 2966 buta,
2167 2900 2327 2957 addit
2372 2902 2802 2973 perseverantia
2849 2903 3344 2976 specialissimum

1960 2981 2247 3054 quoddam
2268 2982 2552 3039 auxilium
2574 2983 3186 3059 conjungensgratiam
3205 3001 3340 3041 cum

1960 3064 2166 3139 gloria,
2196 3070 2254 3121 et
2278 3063 2477 3122 datum
2500 3078 2573 3120 ex
2606 3064 2933 3124 intentione
2959 3066 3170 3123 efficaci
3195 3083 3340 3139 prae-

1961 3146 2124 3202 dictae
2147 3147 2588 3221 conjunctionis,
2619 3146 2744 3201 sive
2793 3146 3129 3221 hujusmodi
3164 3148 3334 3203 auxi-

1962 3228 2109 3284 lium
2128 3229 2205 3283 sit
2232 3231 2486 3295 unicum,
2512 3234 2570 3286 et
2614 3227 2997 3295 indivisibile,
3030 3229 3152 3285 sive
3184 3243 3317 3284 con-

1958 3310 2123 3367 sistat
2156 3310 2219 3366 in
2255 3312 2587 3369 collectione
2622 3312 2888 3369 omnium
2911 3310 3260 3368 auxiliorum
3282 3325 3319 3366 a

1960 3391 2155 3464 primo
2179 3407 2356 3464 usque
2395 3392 2467 3450 ad
2496 3392 2770 3450 ultimum
2805 3414 2818 3447 ε
2847 3398 2905 3449 et
2943 3392 3072 3450 sive
3108 3393 3182 3447 sit
3217 3391 3326 3447 ali-

1957 3471 2097 3546 quid
2124 3473 2455 3545 positivum,
2488 3481 2545 3532 et
2572 3475 2885 3532 intrinsece
2925 3481 3216 3547 receptum
3263 3474 3329 3530 in

1959 3561 2385 3627 perseverante,
2418 3561 2479 3611 ut
2528 3557 2918 3612 communiter
2943 3557 3230 3629 contingit
3262 3555 3332 3611 in

1957 3632 2170 3691 adultis
2199 3655 2212 3690 :
2260 3635 2386 3693 sive
2429 3637 2700 3693 consistat
2731 3637 2796 3692 in
2849 3637 3203 3710 protectione
3223 3652 3331 3693 ex-

1957 3715 2224 3782 trinseca,
2243 3733 2357 3788 qua
2378 3718 2469 3773 vel
2491 3733 2650 3774 mors
2669 3719 3035 3784 acceleratur,
3056 3716 3148 3773 vel
3165 3718 3331 3789 peri-

1956 3795 2103 3862 cula,
2129 3802 2186 3852 et
2211 3797 2532 3854 occasiones
2553 3798 2823 3871 peccandi
2848 3802 3243 3864 removentur,
3265 3803 3332 3853 ut

1954 3878 2247 3952 colligitur
2261 3895 2334 3936 ex
2359 3878 2555 3936 verbis
2581 3882 2834 3953 Sapient.
2863 3884 2934 3937 4:
2965 3880 3181 3953 Raptus
3223 3887 3325 3945 est,

1953 3976 2021 4014 nc
2057 3961 2282 4031 malitia
2303 3968 2544 4018 mutaret
2565 3964 2900 4019 intellectum
2933 3964 3051 4034 ejus
3070 3980 3089 4013 :
3107 3962 3328 4034 placita

1951 4042 2101 4096 enim
2114 4050 2234 4099 erat
2263 4044 2374 4101 Deo
2400 4047 2594 4101 anima
2622 4046 2794 4111 illiue,
2820 4052 3046 4119 propter
3067 4045 3167 4099 Ιιοο
3183 4062 3328 4117 pro-

1950 4125 2169 4195 peravit
2196 4125 2418 4181 educere
2462 4126 2621 4182 illum
2645 4127 2712 4181 de
2735 4126 2911 4181 medio
2934 4127 3320 4203 iniquitatum.

1953 4205 2088 4268 Quae
2135 4204 2442 4263 diversitas
2499 4211 2585 4264 est
2634 4207 2704 4265 de
2750 4206 3061 4273 materiali,
3112 4210 3167 4262 et
3219 4220 3328 4278 per

1951 4283 2210 4342 accidens
2227 4293 2481 4360 respectu
2497 4280 2635 4344 do'ni
2659 4287 3100 4361 perseverantiae
3121 4284 3185 4341 in
3198 4300 3327 4343 esse

1951 4365 2119 4423 talis:
2144 4368 2261 4425 haec
2279 4370 2491 4443 quippe
2506 4386 2610 4441 pro
2638 4368 2872 4427 formali
2889 4368 3031 4426 dicit
3054 4368 3176 4440 conj
3187 4382 3326 4423 unc-

1950 4447 2170 4504 tionem
2198 4451 2400 4524 gratiae
2421 4467 2553 4507 cum
2578 4451 2785 4525 gloria,
2820 4466 2922 4524 per
2947 4464 3326 4523 quaecumque

1949 4529 2142 4587 media
2181 4530 2298 4588 fiat.
2332 4532 2534 4589 Differt
2603 4539 2814 4600 autem,
2847 4539 2910 4590 ut
2955 4532 3233 4595 diximus,
3283 4546 3324 4588 a

1947 4612 2135 4686 gratia
2161 4609 2464 4681 habituali,
2513 4619 2572 4671 et
2621 4615 2876 4683 auxiliis:
2905 4610 3324 4671 sufficientibus

1947 4692 2261 4750 efficacibus
2281 4694 2595 4751 secundum
2623 4711 2683 4753 se
2706 4696 2953 4768 sumptis
2978 4716 2991 4752 ε
3036 4702 3157 4751 tum
3178 4695 3324 4766 quia

1948 4775 2280 4850 hujusmodi
2307 4775 2545 4844 auxilia,
2577 4780 2634 4834 et
2657 4778 2929 4851 praedicta
2954 4777 3142 4852 gratia
3177 4781 3321 4833 sunt

1945 4858 2084 4933 quid
2124 4875 2434 4917 commune
2453 4860 2892 4933 praedestinatis,
2923 4865 2981 4917 et
3007 4858 3273 4931 reprobis
3298 4883 3317 4926 ς

1948 4944 2380 5016 perseverantia
2419 4950 2609 5002 autem
2661 4951 2748 5001 est
2784 4946 2973 5021 gratia
3013 4943 3324 5017 praedesti-

1947 5027 2097 5084 natis
2125 5034 2350 5107 tantu-m
2377 5030 2729 5087 conveniens
2757 5035 2919 5086 :tum
2946 5028 3143 5094 etiam,
3174 5029 3322 5100 quia

2874 5115 3314 5188 perseverantia
