<?xml version="1.0" encoding="UTF-8"?>
<!DOCTYPE html PUBLIC "-//W3C//DTD XHTML 1.0 Transitional//EN"
    "http://www.w3.org/TR/xhtml1/DTD/xhtml1-transitional.dtd">
<html xmlns="http://www.w3.org/1999/xhtml" xml:lang="en" lang="en">
 <head>
  <title>
</title>
<meta http-equiv="Content-Type" content="text/html;charset=utf-8" />
  <meta name='ocr-system' content='tesseract 3.04.00' />
  <meta name='ocr-capabilities' content='ocr_page ocr_carea ocr_par ocr_line ocrx_word'/>
</head>
<body>
  <div class='ocr_page' id='page_1' title='image "./collegiisalmant00carmgoog_0756.png"; bbox 0 0 3647 5753; ppageno 0'>
   <div class='ocr_carea' id='block_1_1' title="bbox 341 2985 541 3088">
    <p class='ocr_par' dir='ltr' id='par_1_1' title="bbox 341 2985 541 3088">
     <span class='ocr_line' id='line_1_1' title="bbox 398 2985 497 3028; baseline 0 0"><span class='ocrx_word' id='word_1_1' title='bbox 398 2985 497 3028; x_wconf 73' lang='lat' dir='ltr'>Alia</span> 
     </span>
     <span class='ocr_line' id='line_1_2' title="bbox 341 3034 541 3088; baseline -0.015 -8"><span class='ocrx_word' id='word_1_2' title='bbox 341 3034 541 3088; x_wconf 77' lang='lat' dir='ltr'>objectio.</span> 
     </span>
    </p>
   </div>
   <div class='ocr_carea' id='block_1_2' title="bbox 555 443 2466 513">
    <p class='ocr_par' dir='ltr' id='par_1_2' title="bbox 555 443 2466 513">
     <span class='ocr_line' id='line_1_3' title="bbox 555 443 2466 513; baseline -0.007 0"><span class='ocrx_word' id='word_1_3' title='bbox 555 455 670 513; x_wconf 82' lang='lat'>734</span> <span class='ocrx_word' id='word_1_4' title='bbox 1512 448 1607 503; x_wconf 88' lang='lat' dir='ltr'>DE</span> <span class='ocrx_word' id='word_1_5' title='bbox 1646 445 1971 503; x_wconf 81' lang='lat' dir='ltr'>INFLUXU</span> <span class='ocrx_word' id='word_1_6' title='bbox 2011 443 2466 501; x_wconf 82' lang='lat' dir='ltr'>CHARITATIS.</span> 
     </span>
    </p>
   </div>
   <div class='ocr_carea' id='block_1_3' title="bbox 546 618 1916 1508">
    <p class='ocr_par' dir='ltr' id='par_1_3' title="bbox 546 618 1916 1508">
     <span class='ocr_line' id='line_1_4' title="bbox 547 618 1914 697; baseline -0.003 -18"><span class='ocrx_word' id='word_1_7' title='bbox 547 623 685 697; x_wconf 89' lang='lat' dir='ltr'>quia</span> <span class='ocrx_word' id='word_1_8' title='bbox 725 624 967 696; x_wconf 86' lang='lat' dir='ltr'>ipsemet</span> <span class='ocrx_word' id='word_1_9' title='bbox 994 628 1148 680; x_wconf 89' lang='lat' dir='ltr'>actus</span> <span class='ocrx_word' id='word_1_10' title='bbox 1174 621 1344 680; x_wconf 88' lang='lat' dir='ltr'>habet</span> <span class='ocrx_word' id='word_1_11' title='bbox 1370 624 1433 679; x_wconf 89' lang='lat' dir='ltr'>in</span> <span class='ocrx_word' id='word_1_12' title='bbox 1458 638 1519 680; x_wconf 90' lang='lat' dir='ltr'>se</span> <span class='ocrx_word' id='word_1_13' title='bbox 1546 621 1804 678; x_wconf 84' lang='lat' dir='ltr'>valorem</span> <span class='ocrx_word' id='word_1_14' title='bbox 1826 618 1914 675; x_wconf 89' lang='lat' dir='ltr'>ei-</span> 
     </span>
     <span class='ocr_line' id='line_1_5' title="bbox 546 701 1914 778; baseline -0.004 -18"><span class='ocrx_word' id='word_1_15' title='bbox 546 704 680 762; x_wconf 87' lang='lat' dir='ltr'>dem</span> <span class='ocrx_word' id='word_1_16' title='bbox 724 705 963 778; x_wconf 79' lang='lat' dir='ltr'>praemio</span> <span class='ocrx_word' id='word_1_17' title='bbox 1008 706 1305 776; x_wconf 81' lang='lat' dir='ltr'>aequalem,</span> <span class='ocrx_word' id='word_1_18' title='bbox 1362 710 1419 762; x_wconf 90' lang='lat' dir='ltr'>et</span> <span class='ocrx_word' id='word_1_19' title='bbox 1467 704 1549 761; x_wconf 89' lang='lat' dir='ltr'>sic</span> <span class='ocrx_word' id='word_1_20' title='bbox 1599 701 1914 775; x_wconf 88' lang='lat' dir='ltr'>condignus</span> 
     </span>
     <span class='ocr_line' id='line_1_6' title="bbox 546 787 1914 860; baseline -0.004 -15"><span class='ocrx_word' id='word_1_21' title='bbox 546 788 764 845; x_wconf 83' lang='lat' dir='ltr'><strong>existit.</strong></span> <span class='ocrx_word' id='word_1_22' title='bbox 796 789 865 842; x_wconf 89' lang='lat' dir='ltr'>Et</span> <span class='ocrx_word' id='word_1_23' title='bbox 890 787 1014 844; x_wconf 87' lang='lat' dir='ltr'>sive</span> <span class='ocrx_word' id='word_1_24' title='bbox 1033 787 1150 844; x_wconf 79' lang='lat' dir='ltr'>haec</span> <span class='ocrx_word' id='word_1_25' title='bbox 1178 788 1502 860; x_wconf 85' lang='lat' dir='ltr'>promissio,</span> <span class='ocrx_word' id='word_1_26' title='bbox 1535 791 1632 843; x_wconf 87' lang='lat' dir='ltr'>aut</span> <span class='ocrx_word' id='word_1_27' title='bbox 1657 788 1914 857; x_wconf 87' lang='lat' dir='ltr'>accepta-</span> 
     </span>
     <span class='ocr_line' id='line_1_7' title="bbox 546 865 1913 935; baseline -0.004 -10"><span class='ocrx_word' id='word_1_28' title='bbox 546 870 629 927; x_wconf 88' lang='lat' dir='ltr'>tio</span> <span class='ocrx_word' id='word_1_29' title='bbox 669 869 770 927; x_wconf 90' lang='lat' dir='ltr'>Dei</span> <span class='ocrx_word' id='word_1_30' title='bbox 797 873 962 935; x_wconf 91' lang='lat' dir='ltr'>esset,</span> <span class='ocrx_word' id='word_1_31' title='bbox 990 869 1113 924; x_wconf 88' lang='lat' dir='ltr'>sive</span> <span class='ocrx_word' id='word_1_32' title='bbox 1148 885 1266 925; x_wconf 90' lang='lat' dir='ltr'>nou</span> <span class='ocrx_word' id='word_1_33' title='bbox 1292 868 1607 933; x_wconf 88' lang='lat' dir='ltr'>accesserit,</span> <span class='ocrx_word' id='word_1_34' title='bbox 1634 865 1913 923; x_wconf 87' lang='lat' dir='ltr'>meritum</span> 
     </span>
     <span class='ocr_line' id='line_1_8' title="bbox 549 950 1915 1024; baseline -0.004 -16"><span class='ocrx_word' id='word_1_35' title='bbox 549 952 617 1008; x_wconf 94' lang='lat' dir='ltr'>in</span> <span class='ocrx_word' id='word_1_36' title='bbox 643 950 748 1007; x_wconf 88' lang='lat' dir='ltr'>hac</span> <span class='ocrx_word' id='word_1_37' title='bbox 774 952 1095 1023; x_wconf 82' lang='lat' dir='ltr'>acceptione</span> <span class='ocrx_word' id='word_1_38' title='bbox 1118 958 1414 1024; x_wconf 90' lang='lat' dir='ltr'>sumptum</span> <span class='ocrx_word' id='word_1_39' title='bbox 1441 965 1670 1023; x_wconf 86' lang='lat' dir='ltr'>semper</span> <span class='ocrx_word' id='word_1_40' title='bbox 1700 962 1915 1005; x_wconf 84' lang='lat' dir='ltr'>conve-</span> 
     </span>
     <span class='ocr_line' id='line_1_9' title="bbox 550 1028 1914 1098; baseline -0.005 -8"><span class='ocrx_word' id='word_1_41' title='bbox 550 1032 642 1090; x_wconf 90' lang='lat' dir='ltr'>nit</span> <span class='ocrx_word' id='word_1_42' title='bbox 706 1032 919 1088; x_wconf 88' lang='lat' dir='ltr'>nostris</span> <span class='ocrx_word' id='word_1_43' title='bbox 975 1032 1222 1098; x_wconf 88' lang='lat' dir='ltr'>actibus,</span> <span class='ocrx_word' id='word_1_44' title='bbox 1272 1030 1585 1090; x_wconf 91' lang='lat' dir='ltr'>dummodo</span> <span class='ocrx_word' id='word_1_45' title='bbox 1638 1028 1914 1086; x_wconf 85' lang='lat' dir='ltr'>charitate</span> 
     </span>
     <span class='ocr_line' id='line_1_10' title="bbox 550 1108 1913 1185; baseline -0.004 -17"><span class='ocrx_word' id='word_1_46' title='bbox 550 1111 966 1169; x_wconf 82' lang='lat' dir='ltr'>informentur.</span> <span class='ocrx_word' id='word_1_47' title='bbox 992 1115 1180 1176; x_wconf 82' lang='lat' dir='ltr'>Quare</span> <span class='ocrx_word' id='word_1_48' title='bbox 1207 1112 1529 1185; x_wconf 87' lang='lat' dir='ltr'>acceptatio,</span> <span class='ocrx_word' id='word_1_49' title='bbox 1555 1110 1647 1167; x_wconf 88' lang='lat' dir='ltr'>vel</span> <span class='ocrx_word' id='word_1_50' title='bbox 1673 1108 1913 1183; x_wconf 90' lang='lat' dir='ltr'>promis-</span> 
     </span>
     <span class='ocr_line' id='line_1_11' title="bbox 548 1189 1914 1267; baseline -0.001 -20"><span class='ocrx_word' id='word_1_51' title='bbox 548 1192 636 1249; x_wconf 89' lang='lat' dir='ltr'>sio</span> <span class='ocrx_word' id='word_1_52' title='bbox 663 1192 763 1248; x_wconf 92' lang='lat' dir='ltr'>Dei</span> <span class='ocrx_word' id='word_1_53' title='bbox 785 1207 856 1247; x_wconf 83' lang='lat' dir='ltr'>ex</span> <span class='ocrx_word' id='word_1_54' title='bbox 884 1198 1042 1264; x_wconf 88' lang='lat' dir='ltr'>parte</span> <span class='ocrx_word' id='word_1_55' title='bbox 1061 1194 1182 1267; x_wconf 86' lang='lat' dir='ltr'>ejus</span> <span class='ocrx_word' id='word_1_56' title='bbox 1210 1193 1396 1266; x_wconf 89' lang='lat' dir='ltr'>potius</span> <span class='ocrx_word' id='word_1_57' title='bbox 1417 1207 1477 1249; x_wconf 92' lang='lat' dir='ltr'>se</span> <span class='ocrx_word' id='word_1_58' title='bbox 1502 1197 1675 1258; x_wconf 90' lang='lat' dir='ltr'>tenet,</span> <span class='ocrx_word' id='word_1_59' title='bbox 1716 1189 1914 1247; x_wconf 91' lang='lat' dir='ltr'>deser-</span> 
     </span>
     <span class='ocr_line' id='line_1_12' title="bbox 548 1270 1916 1344; baseline -0.003 -15"><span class='ocrx_word' id='word_1_60' title='bbox 548 1272 746 1344; x_wconf 86' lang='lat' dir='ltr'>vitque</span> <span class='ocrx_word' id='word_1_61' title='bbox 796 1271 866 1328; x_wconf 90' lang='lat' dir='ltr'>ad</span> <span class='ocrx_word' id='word_1_62' title='bbox 915 1273 1019 1329; x_wconf 92' lang='lat' dir='ltr'>hoc</span> <span class='ocrx_word' id='word_1_63' title='bbox 1037 1316 1050 1339; x_wconf 94' lang='lat'>,</span> <span class='ocrx_word' id='word_1_64' title='bbox 1109 1281 1170 1329; x_wconf 95' lang='lat' dir='ltr'>ut</span> <span class='ocrx_word' id='word_1_65' title='bbox 1221 1276 1369 1331; x_wconf 90' lang='lat' dir='ltr'>Deus</span> <span class='ocrx_word' id='word_1_66' title='bbox 1420 1273 1633 1330; x_wconf 88' lang='lat' dir='ltr'>nostris</span> <span class='ocrx_word' id='word_1_67' title='bbox 1685 1270 1916 1328; x_wconf 88' lang='lat' dir='ltr'>meritis</span> 
     </span>
     <span class='ocr_line' id='line_1_13' title="bbox 547 1351 1916 1426; baseline -0.004 -14"><span class='ocrx_word' id='word_1_68' title='bbox 547 1354 819 1412; x_wconf 82' lang='lat' dir='ltr'>constitui</span> <span class='ocrx_word' id='word_1_69' title='bbox 842 1355 1017 1426; x_wconf 85' lang='lat' dir='ltr'>possit</span> <span class='ocrx_word' id='word_1_70' title='bbox 1037 1352 1279 1421; x_wconf 91' lang='lat' dir='ltr'>debitor,</span> <span class='ocrx_word' id='word_1_71' title='bbox 1307 1370 1423 1412; x_wconf 90' lang='lat' dir='ltr'>non</span> <span class='ocrx_word' id='word_1_72' title='bbox 1448 1359 1509 1410; x_wconf 91' lang='lat' dir='ltr'>ut</span> <span class='ocrx_word' id='word_1_73' title='bbox 1530 1353 1756 1409; x_wconf 88' lang='lat' dir='ltr'>meritis</span> <span class='ocrx_word' id='word_1_74' title='bbox 1776 1351 1916 1424; x_wconf 87' lang='lat' dir='ltr'>ipsis</span> 
     </span>
     <span class='ocr_line' id='line_1_14' title="bbox 547 1432 1913 1508; baseline -0.001 -19"><span class='ocrx_word' id='word_1_75' title='bbox 547 1433 662 1501; x_wconf 91' lang='lat' dir='ltr'>det,</span> <span class='ocrx_word' id='word_1_76' title='bbox 688 1435 782 1492; x_wconf 88' lang='lat' dir='ltr'>vel</span> <span class='ocrx_word' id='word_1_77' title='bbox 810 1438 1010 1508; x_wconf 89' lang='lat' dir='ltr'>augeat</span> <span class='ocrx_word' id='word_1_78' title='bbox 1035 1435 1313 1502; x_wconf 79' lang='lat' dir='ltr'>valorem,</span> <span class='ocrx_word' id='word_1_79' title='bbox 1338 1434 1642 1492; x_wconf 86' lang='lat' dir='ltr'>efficaciam</span> <span class='ocrx_word' id='word_1_80' title='bbox 1667 1438 1765 1490; x_wconf 93' lang='lat' dir='ltr'>aut</span> <span class='ocrx_word' id='word_1_81' title='bbox 1791 1432 1913 1488; x_wconf 83' lang='lat' dir='ltr'>vim</span> 
     </span>
    </p>
   </div>
   <div class='ocr_carea' id='block_1_4' title="bbox 552 1515 1917 1663">
    <p class='ocr_par' dir='ltr' id='par_1_4' title="bbox 552 1515 1917 1663">
     <span class='ocr_line' id='line_1_15' title="bbox 552 1515 836 1574; baseline -0.011 0"><span class='ocrx_word' id='word_1_82' title='bbox 552 1515 836 1574; x_wconf 86' lang='lat' dir='ltr'>merendi.</span> 
     </span>
     <span class='ocr_line' id='line_1_16' title="bbox 624 1589 1917 1663; baseline -0.001 -17"><span class='ocrx_word' id='word_1_83' title='bbox 624 1591 713 1647; x_wconf 87' lang='lat' dir='ltr'>Ad</span> <span class='ocrx_word' id='word_1_84' title='bbox 752 1589 919 1657; x_wconf 90' lang='lat' dir='ltr'>illud,</span> <span class='ocrx_word' id='word_1_85' title='bbox 952 1589 1101 1662; x_wconf 90' lang='lat' dir='ltr'>quod</span> <span class='ocrx_word' id='word_1_86' title='bbox 1142 1589 1392 1657; x_wconf 84' lang='lat' dir='ltr'>additur,</span> <span class='ocrx_word' id='word_1_87' title='bbox 1427 1595 1578 1663; x_wconf 87' lang='lat' dir='ltr'>patet</span> <span class='ocrx_word' id='word_1_88' title='bbox 1622 1591 1798 1647; x_wconf 87' lang='lat' dir='ltr'>etiam</span> <span class='ocrx_word' id='word_1_89' title='bbox 1843 1605 1917 1646; x_wconf 85' lang='lat' dir='ltr'>ex</span> 
     </span>
    </p>
   </div>
   <div class='ocr_carea' id='block_1_5' title="bbox 546 1669 1924 5175">
    <p class='ocr_par' dir='ltr' id='par_1_5' title="bbox 546 1669 1921 2965">
     <span class='ocr_line' id='line_1_17' title="bbox 553 1669 1914 1746; baseline -0.001 -18"><span class='ocrx_word' id='word_1_90' title='bbox 553 1671 754 1739; x_wconf 89' lang='lat' dir='ltr'>dictis;</span> <span class='ocrx_word' id='word_1_91' title='bbox 795 1673 931 1745; x_wconf 89' lang='lat' dir='ltr'>quia</span> <span class='ocrx_word' id='word_1_92' title='bbox 968 1671 1199 1728; x_wconf 81' lang='lat' dir='ltr'>effectus</span> <span class='ocrx_word' id='word_1_93' title='bbox 1225 1671 1599 1728; x_wconf 88' lang='lat' dir='ltr'>secundarius</span> <span class='ocrx_word' id='word_1_94' title='bbox 1636 1669 1914 1746; x_wconf 81' lang='lat' dir='ltr'>distingui</span> 
     </span>
     <span class='ocr_line' id='line_1_18' title="bbox 552 1751 1911 1826; baseline -0.001 -16"><span class='ocrx_word' id='word_1_95' title='bbox 552 1753 795 1810; x_wconf 90' lang='lat' dir='ltr'>omnino</span> <span class='ocrx_word' id='word_1_96' title='bbox 822 1757 1003 1825; x_wconf 90' lang='lat' dir='ltr'>potest</span> <span class='ocrx_word' id='word_1_97' title='bbox 1029 1769 1061 1809; x_wconf 91' lang='lat' dir='ltr'>a</span> <span class='ocrx_word' id='word_1_98' title='bbox 1089 1753 1291 1820; x_wconf 85' lang='lat' dir='ltr'>forma,</span> <span class='ocrx_word' id='word_1_99' title='bbox 1321 1757 1377 1810; x_wconf 91' lang='lat' dir='ltr'>et</span> <span class='ocrx_word' id='word_1_100' title='bbox 1414 1752 1672 1826; x_wconf 88' lang='lat' dir='ltr'>separari</span> <span class='ocrx_word' id='word_1_101' title='bbox 1714 1751 1785 1809; x_wconf 91' lang='lat' dir='ltr'>ab</span> <span class='ocrx_word' id='word_1_102' title='bbox 1823 1767 1911 1819; x_wconf 86' lang='lat' dir='ltr'>ea,</span> 
     </span>
     <span class='ocr_line' id='line_1_19' title="bbox 546 1833 1918 1909; baseline -0.001 -20"><span class='ocrx_word' id='word_1_103' title='bbox 546 1836 714 1909; x_wconf 83' lang='lat' dir='ltr'>juxta</span> <span class='ocrx_word' id='word_1_104' title='bbox 766 1850 951 1906; x_wconf 89' lang='lat' dir='ltr'>nuper</span> <span class='ocrx_word' id='word_1_105' title='bbox 1002 1833 1190 1901; x_wconf 90' lang='lat' dir='ltr'>dicta;</span> <span class='ocrx_word' id='word_1_106' title='bbox 1243 1835 1510 1906; x_wconf 89' lang='lat' dir='ltr'>quamvis</span> <span class='ocrx_word' id='word_1_107' title='bbox 1568 1850 1686 1892; x_wconf 89' lang='lat' dir='ltr'>non</span> <span class='ocrx_word' id='word_1_108' title='bbox 1738 1833 1918 1907; x_wconf 90' lang='lat' dir='ltr'>possit</span> 
     </span>
     <span class='ocr_line' id='line_1_20' title="bbox 552 1912 1916 1988; baseline 0 -18"><span class='ocrx_word' id='word_1_109' title='bbox 552 1913 781 1971; x_wconf 77' lang='lat' dir='ltr'>effectus</span> <span class='ocrx_word' id='word_1_110' title='bbox 804 1915 1138 1987; x_wconf 90' lang='lat' dir='ltr'>primarius.</span> <span class='ocrx_word' id='word_1_111' title='bbox 1157 1915 1374 1979; x_wconf 88' lang='lat' dir='ltr'>Quibus</span> <span class='ocrx_word' id='word_1_112' title='bbox 1388 1916 1563 1973; x_wconf 88' lang='lat' dir='ltr'>etiam</span> <span class='ocrx_word' id='word_1_113' title='bbox 1586 1915 1749 1982; x_wconf 90' lang='lat' dir='ltr'>adde,</span> <span class='ocrx_word' id='word_1_114' title='bbox 1766 1912 1916 1988; x_wconf 91' lang='lat' dir='ltr'>quod</span> 
     </span>
     <span class='ocr_line' id='line_1_21' title="bbox 554 1997 1918 2073; baseline 0 -20"><span class='ocrx_word' id='word_1_115' title='bbox 554 1997 687 2055; x_wconf 89' lang='lat' dir='ltr'>licet</span> <span class='ocrx_word' id='word_1_116' title='bbox 714 1999 990 2055; x_wconf 88' lang='lat' dir='ltr'>meritum</span> <span class='ocrx_word' id='word_1_117' title='bbox 1031 1998 1094 2054; x_wconf 93' lang='lat' dir='ltr'>in</span> <span class='ocrx_word' id='word_1_118' title='bbox 1122 2003 1247 2055; x_wconf 89' lang='lat' dir='ltr'>actu</span> <span class='ocrx_word' id='word_1_119' title='bbox 1286 1999 1552 2066; x_wconf 91' lang='lat' dir='ltr'>secund0,</span> <span class='ocrx_word' id='word_1_120' title='bbox 1585 2004 1753 2073; x_wconf 91' lang='lat' dir='ltr'>prout</span> <span class='ocrx_word' id='word_1_121' title='bbox 1778 1997 1918 2054; x_wconf 90' lang='lat' dir='ltr'>dicit</span> 
     </span>
     <span class='ocr_line' id='line_1_22' title="bbox 552 2078 1918 2154; baseline -0.001 -19"><span class='ocrx_word' id='word_1_122' title='bbox 552 2079 675 2135; x_wconf 83' lang='lat' dir='ltr'>vim</span> <span class='ocrx_word' id='word_1_123' title='bbox 703 2085 827 2136; x_wconf 88' lang='lat' dir='ltr'>actu</span> <span class='ocrx_word' id='word_1_124' title='bbox 857 2079 1197 2151; x_wconf 80' lang='lat' dir='ltr'>applicatam</span> <span class='ocrx_word' id='word_1_125' title='bbox 1228 2079 1297 2135; x_wconf 89' lang='lat' dir='ltr'>ad</span> <span class='ocrx_word' id='word_1_126' title='bbox 1325 2078 1697 2154; x_wconf 88' lang='lat' dir='ltr'>obligandum</span> <span class='ocrx_word' id='word_1_127' title='bbox 1728 2094 1918 2136; x_wconf 88' lang='lat' dir='ltr'>remu·</span> 
     </span>
     <span class='ocr_line' id='line_1_23' title="bbox 553 2159 1918 2236; baseline 0 -19"><span class='ocrx_word' id='word_1_128' title='bbox 553 2166 900 2230; x_wconf 89' lang='lat' dir='ltr'>neratorem,</span> <span class='ocrx_word' id='word_1_129' title='bbox 936 2178 1002 2218; x_wconf 93' lang='lat' dir='ltr'>eo</span> <span class='ocrx_word' id='word_1_130' title='bbox 1045 2160 1195 2233; x_wconf 91' lang='lat' dir='ltr'>quod</span> <span class='ocrx_word' id='word_1_131' title='bbox 1234 2163 1316 2219; x_wconf 90' lang='lat' dir='ltr'>sic</span> <span class='ocrx_word' id='word_1_132' title='bbox 1352 2161 1670 2236; x_wconf 90' lang='lat' dir='ltr'>dependeat</span> <span class='ocrx_word' id='word_1_133' title='bbox 1709 2159 1781 2218; x_wconf 90' lang='lat' dir='ltr'>ab</span> <span class='ocrx_word' id='word_1_134' title='bbox 1821 2176 1918 2218; x_wconf 90' lang='lat' dir='ltr'>ac-</span> 
     </span>
     <span class='ocr_line' id='line_1_24' title="bbox 550 2243 1919 2319; baseline -0.001 -20"><span class='ocrx_word' id='word_1_135' title='bbox 550 2243 867 2316; x_wconf 87' lang='lat' dir='ltr'>ceptatione</span> <span class='ocrx_word' id='word_1_136' title='bbox 886 2244 1033 2319; x_wconf 85' lang='lat' dir='ltr'>ejus,</span> <span class='ocrx_word' id='word_1_137' title='bbox 1063 2243 1154 2300; x_wconf 89' lang='lat' dir='ltr'>vel</span> <span class='ocrx_word' id='word_1_138' title='bbox 1185 2244 1585 2315; x_wconf 89' lang='lat' dir='ltr'>promissione,</span> <span class='ocrx_word' id='word_1_139' title='bbox 1617 2246 1919 2316; x_wconf 86' lang='lat' dir='ltr'>separetur</span> 
     </span>
     <span class='ocr_line' id='line_1_25' title="bbox 552 2323 1918 2382; baseline 0 -2"><span class='ocrx_word' id='word_1_140' title='bbox 552 2339 587 2380; x_wconf 88' lang='lat' dir='ltr'>a</span> <span class='ocrx_word' id='word_1_141' title='bbox 607 2325 821 2380; x_wconf 88' lang='lat' dir='ltr'>nostris</span> <span class='ocrx_word' id='word_1_142' title='bbox 843 2323 1058 2380; x_wconf 90' lang='lat' dir='ltr'>actibus</span> <span class='ocrx_word' id='word_1_143' title='bbox 1084 2326 1363 2382; x_wconf 86' lang='lat' dir='ltr'>charitate</span> <span class='ocrx_word' id='word_1_144' title='bbox 1385 2324 1648 2381; x_wconf 89' lang='lat' dir='ltr'>formatis</span> <span class='ocrx_word' id='word_1_145' title='bbox 1676 2344 1690 2379; x_wconf 74' lang='lat' dir='ltr'>z</span> <span class='ocrx_word' id='word_1_146' title='bbox 1713 2328 1769 2379; x_wconf 90' lang='lat' dir='ltr'>at</span> <span class='ocrx_word' id='word_1_147' title='bbox 1789 2338 1918 2380; x_wconf 89' lang='lat' dir='ltr'>me-</span> 
     </span>
     <span class='ocr_line' id='line_1_26' title="bbox 553 2406 1920 2479; baseline -0.002 -16"><span class='ocrx_word' id='word_1_148' title='bbox 553 2407 731 2464; x_wconf 92' lang='lat' dir='ltr'>ritum</span> <span class='ocrx_word' id='word_1_149' title='bbox 756 2407 818 2463; x_wconf 90' lang='lat' dir='ltr'>in</span> <span class='ocrx_word' id='word_1_150' title='bbox 839 2414 960 2464; x_wconf 89' lang='lat' dir='ltr'>actu</span> <span class='ocrx_word' id='word_1_151' title='bbox 994 2408 1204 2479; x_wconf 90' lang='lat' dir='ltr'>prim0,</span> <span class='ocrx_word' id='word_1_152' title='bbox 1236 2412 1406 2479; x_wconf 90' lang='lat' dir='ltr'>prout</span> <span class='ocrx_word' id='word_1_153' title='bbox 1424 2408 1613 2464; x_wconf 91' lang='lat' dir='ltr'>solum</span> <span class='ocrx_word' id='word_1_154' title='bbox 1643 2406 1920 2479; x_wconf 86' lang='lat' dir='ltr'>importat</span> 
     </span>
     <span class='ocr_line' id='line_1_27' title="bbox 551 2483 1918 2558; baseline 0 -17"><span class='ocrx_word' id='word_1_155' title='bbox 551 2485 909 2558; x_wconf 86' lang='lat' dir='ltr'>dignitatem,</span> <span class='ocrx_word' id='word_1_156' title='bbox 941 2491 998 2542; x_wconf 93' lang='lat' dir='ltr'>et</span> <span class='ocrx_word' id='word_1_157' title='bbox 1033 2488 1156 2543; x_wconf 87' lang='lat' dir='ltr'>vim</span> <span class='ocrx_word' id='word_1_158' title='bbox 1206 2486 1488 2553; x_wconf 86' lang='lat' dir='ltr'>merendi,</span> <span class='ocrx_word' id='word_1_159' title='bbox 1543 2487 1803 2544; x_wconf 90' lang='lat' dir='ltr'>nondum</span> <span class='ocrx_word' id='word_1_160' title='bbox 1847 2483 1918 2543; x_wconf 88' lang='lat' dir='ltr'>ad</span> 
     </span>
     <span class='ocr_line' id='line_1_28' title="bbox 552 2565 1920 2641; baseline -0.002 -17"><span class='ocrx_word' id='word_1_161' title='bbox 552 2565 925 2639; x_wconf 88' lang='lat' dir='ltr'>obligandum</span> <span class='ocrx_word' id='word_1_162' title='bbox 979 2568 1321 2640; x_wconf 84' lang='lat' dir='ltr'>applicatam</span> <span class='ocrx_word' id='word_1_163' title='bbox 1374 2570 1507 2641; x_wconf 90' lang='lat' dir='ltr'>(qua</span> <span class='ocrx_word' id='word_1_164' title='bbox 1558 2568 1798 2632; x_wconf 87' lang='lat' dir='ltr'>ratione,</span> <span class='ocrx_word' id='word_1_165' title='bbox 1856 2570 1920 2622; x_wconf 93' lang='lat' dir='ltr'>ut</span> 
     </span>
     <span class='ocr_line' id='line_1_29' title="bbox 552 2645 1919 2721; baseline 0.001 -19"><span class='ocrx_word' id='word_1_166' title='bbox 552 2645 828 2711; x_wconf 88' lang='lat' dir='ltr'>diximus,</span> <span class='ocrx_word' id='word_1_167' title='bbox 862 2663 1015 2704; x_wconf 89' lang='lat' dir='ltr'>nunc</span> <span class='ocrx_word' id='word_1_168' title='bbox 1054 2649 1124 2704; x_wconf 88' lang='lat' dir='ltr'>de</span> <span class='ocrx_word' id='word_1_169' title='bbox 1164 2650 1372 2706; x_wconf 90' lang='lat' dir='ltr'>merito</span> <span class='ocrx_word' id='word_1_170' title='bbox 1418 2648 1733 2721; x_wconf 89' lang='lat' dir='ltr'>loquimur)</span> <span class='ocrx_word' id='word_1_171' title='bbox 1760 2664 1919 2704; x_wconf 87' lang='lat' dir='ltr'>nun·</span> 
     </span>
     <span class='ocr_line' id='line_1_30' title="bbox 554 2726 1920 2802; baseline 0.001 -19"><span class='ocrx_word' id='word_1_172' title='bbox 554 2743 726 2800; x_wconf 90' lang='lat' dir='ltr'>quam</span> <span class='ocrx_word' id='word_1_173' title='bbox 779 2726 849 2784; x_wconf 92' lang='lat' dir='ltr'>ab</span> <span class='ocrx_word' id='word_1_174' title='bbox 896 2728 1016 2784; x_wconf 88' lang='lat' dir='ltr'>illis</span> <span class='ocrx_word' id='word_1_175' title='bbox 1064 2736 1393 2802; x_wconf 88' lang='lat' dir='ltr'>separatur,</span> <span class='ocrx_word' id='word_1_176' title='bbox 1446 2744 1631 2801; x_wconf 92' lang='lat' dir='ltr'>neque</span> <span class='ocrx_word' id='word_1_177' title='bbox 1675 2728 1920 2786; x_wconf 90' lang='lat' dir='ltr'>omnino</span> 
     </span>
     <span class='ocr_line' id='line_1_31' title="bbox 554 2808 1921 2882; baseline 0.001 -18"><span class='ocrx_word' id='word_1_178' title='bbox 554 2808 933 2882; x_wconf 88' lang='lat' dir='ltr'>distinguitur</span> <span class='ocrx_word' id='word_1_179' title='bbox 979 2826 1011 2866; x_wconf 92' lang='lat' dir='ltr'>a</span> <span class='ocrx_word' id='word_1_180' title='bbox 1060 2809 1311 2867; x_wconf 86' lang='lat' dir='ltr'>bonitate</span> <span class='ocrx_word' id='word_1_181' title='bbox 1355 2825 1577 2875; x_wconf 88' lang='lat' dir='ltr'>eorum,</span> <span class='ocrx_word' id='word_1_182' title='bbox 1629 2825 1802 2882; x_wconf 88' lang='lat' dir='ltr'>quam</span> <span class='ocrx_word' id='word_1_183' title='bbox 1848 2825 1921 2867; x_wconf 85' lang='lat' dir='ltr'>ex</span> 
     </span>
     <span class='ocr_line' id='line_1_32' title="bbox 554 2888 1479 2965; baseline 0 -19"><span class='ocrx_word' id='word_1_184' title='bbox 554 2888 852 2955; x_wconf 87' lang='lat' dir='ltr'>charitate,</span> <span class='ocrx_word' id='word_1_185' title='bbox 884 2895 939 2947; x_wconf 91' lang='lat' dir='ltr'>et</span> <span class='ocrx_word' id='word_1_186' title='bbox 957 2892 1145 2965; x_wconf 89' lang='lat' dir='ltr'>gratia</span> <span class='ocrx_word' id='word_1_187' title='bbox 1176 2890 1479 2963; x_wconf 89' lang='lat' dir='ltr'>recipiunt.</span> 
     </span>
    </p>

    <p class='ocr_par' dir='ltr' id='par_1_6' title="bbox 549 2970 1924 5175">
     <span class='ocr_line' id='line_1_33' title="bbox 629 2970 1915 3044; baseline 0.003 -19"><span class='ocrx_word' id='word_1_188' title='bbox 629 2971 726 3026; x_wconf 86' lang='lat'>31.</span> <span class='ocrx_word' id='word_1_189' title='bbox 755 2973 949 3044; x_wconf 89' lang='lat' dir='ltr'>Neque</span> <span class='ocrx_word' id='word_1_190' title='bbox 975 2972 1150 3028; x_wconf 84' lang='lat' dir='ltr'>etiam</span> <span class='ocrx_word' id='word_1_191' title='bbox 1174 2971 1368 3039; x_wconf 75' lang='lat' dir='ltr'>refert,</span> <span class='ocrx_word' id='word_1_192' title='bbox 1399 2973 1449 3028; x_wconf 92' lang='lat' dir='ltr'>si</span> <span class='ocrx_word' id='word_1_193' title='bbox 1474 2970 1722 3030; x_wconf 91' lang='lat' dir='ltr'>secundo</span> <span class='ocrx_word' id='word_1_194' title='bbox 1741 2972 1915 3040; x_wconf 89' lang='lat' dir='ltr'>dicas,</span> 
     </span>
     <span class='ocr_line' id='line_1_34' title="bbox 556 3051 1922 3124; baseline 0.002 -15"><span class='ocrx_word' id='word_1_195' title='bbox 556 3054 675 3109; x_wconf 80' lang='lat' dir='ltr'>esto</span> <span class='ocrx_word' id='word_1_196' title='bbox 694 3051 843 3124; x_wconf 87' lang='lat' dir='ltr'>quod</span> <span class='ocrx_word' id='word_1_197' title='bbox 866 3053 1202 3110; x_wconf 88' lang='lat' dir='ltr'>antecedens</span> <span class='ocrx_word' id='word_1_198' title='bbox 1218 3054 1293 3109; x_wconf 93' lang='lat' dir='ltr'>sit</span> <span class='ocrx_word' id='word_1_199' title='bbox 1309 3069 1532 3121; x_wconf 88' lang='lat' dir='ltr'>verum,</span> <span class='ocrx_word' id='word_1_200' title='bbox 1553 3053 1776 3110; x_wconf 90' lang='lat' dir='ltr'>nullam</span> <span class='ocrx_word' id='word_1_201' title='bbox 1797 3069 1922 3112; x_wconf 86' lang='lat' dir='ltr'>esse</span> 
     </span>
     <span class='ocr_line' id='line_1_35' title="bbox 556 3137 1922 3209; baseline 0 -16"><span class='ocrx_word' id='word_1_202' title='bbox 556 3137 1059 3209; x_wconf 64' lang='lat' dir='ltr'>consequentiam</span> <span class='ocrx_word' id='word_1_203' title='bbox 1115 3142 1295 3209; x_wconf 86' lang='lat' dir='ltr'>potest</span> <span class='ocrx_word' id='word_1_204' title='bbox 1338 3137 1497 3193; x_wconf 90' lang='lat' dir='ltr'>enim</span> <span class='ocrx_word' id='word_1_205' title='bbox 1541 3151 1815 3204; x_wconf 88' lang='lat' dir='ltr'>crescere,</span> <span class='ocrx_word' id='word_1_206' title='bbox 1849 3142 1922 3195; x_wconf 59' lang='lat' dir='ltr'>&gt;et</span> 
     </span>
     <span class='ocr_line' id='line_1_36' title="bbox 558 3216 1921 3291; baseline 0.001 -19"><span class='ocrx_word' id='word_1_207' title='bbox 558 3217 753 3290; x_wconf 88' lang='lat' dir='ltr'>augeri</span> <span class='ocrx_word' id='word_1_208' title='bbox 799 3217 1028 3274; x_wconf 80' lang='lat' dir='ltr'>effectus</span> <span class='ocrx_word' id='word_1_209' title='bbox 1073 3216 1338 3274; x_wconf 88' lang='lat' dir='ltr'>formalis</span> <span class='ocrx_word' id='word_1_210' title='bbox 1383 3216 1592 3291; x_wconf 88' lang='lat' dir='ltr'>absque</span> <span class='ocrx_word' id='word_1_211' title='bbox 1637 3233 1723 3285; x_wconf 84' lang='lat' dir='ltr'>ee,</span> <span class='ocrx_word' id='word_1_212' title='bbox 1768 3217 1921 3291; x_wconf 89' lang='lat' dir='ltr'>quod</span> 
     </span>
     <span class='ocr_line' id='line_1_37' title="bbox 559 3298 1921 3374; baseline 0.002 -20"><span class='ocrx_word' id='word_1_213' title='bbox 559 3298 749 3355; x_wconf 86' lang='lat' dir='ltr'>forma</span> <span class='ocrx_word' id='word_1_214' title='bbox 791 3304 1082 3374; x_wconf 88' lang='lat' dir='ltr'>augeatur.</span> <span class='ocrx_word' id='word_1_215' title='bbox 1116 3298 1276 3366; x_wconf 88' lang='lat' dir='ltr'>Quod</span> <span class='ocrx_word' id='word_1_216' title='bbox 1316 3301 1547 3373; x_wconf 87' lang='lat' dir='ltr'>probari</span> <span class='ocrx_word' id='word_1_217' title='bbox 1589 3305 1771 3373; x_wconf 86' lang='lat' dir='ltr'>potest</span> <span class='ocrx_word' id='word_1_218' title='bbox 1795 3304 1921 3357; x_wconf 90' lang='lat' dir='ltr'>tum</span> 
     </span>
     <span class='ocr_line' id='line_1_38' title="bbox 556 3380 1922 3454; baseline 0.001 -17"><span class='ocrx_word' id='word_1_219' title='bbox 556 3381 622 3437; x_wconf 91' lang='lat' dir='ltr'>in</span> <span class='ocrx_word' id='word_1_220' title='bbox 659 3382 939 3454; x_wconf 88' lang='lat' dir='ltr'>exemplis</span> <span class='ocrx_word' id='word_1_221' title='bbox 965 3382 1036 3437; x_wconf 91' lang='lat' dir='ltr'>de</span> <span class='ocrx_word' id='word_1_222' title='bbox 1063 3380 1209 3448; x_wconf 90' lang='lat' dir='ltr'>albo,</span> <span class='ocrx_word' id='word_1_223' title='bbox 1247 3387 1304 3438; x_wconf 88' lang='lat' dir='ltr'>et</span> <span class='ocrx_word' id='word_1_224' title='bbox 1328 3381 1512 3439; x_wconf 90' lang='lat' dir='ltr'>calido</span> <span class='ocrx_word' id='word_1_225' title='bbox 1550 3398 1582 3437; x_wconf 91' lang='lat' dir='ltr'>a</span> <span class='ocrx_word' id='word_1_226' title='bbox 1622 3381 1788 3439; x_wconf 91' lang='lat' dir='ltr'>nobis</span> <span class='ocrx_word' id='word_1_227' title='bbox 1825 3382 1922 3438; x_wconf 91' lang='lat' dir='ltr'>in-</span> 
     </span>
     <span class='ocr_line' id='line_1_39' title="bbox 554 3460 1924 3536; baseline 0.002 -20"><span class='ocrx_word' id='word_1_228' title='bbox 554 3460 770 3529; x_wconf 88' lang='lat' dir='ltr'>ductis;</span> <span class='ocrx_word' id='word_1_229' title='bbox 803 3478 937 3518; x_wconf 90' lang='lat' dir='ltr'>nam</span> <span class='ocrx_word' id='word_1_230' title='bbox 967 3462 1123 3519; x_wconf 91' lang='lat' dir='ltr'>idem</span> <span class='ocrx_word' id='word_1_231' title='bbox 1144 3478 1351 3535; x_wconf 87' lang='lat' dir='ltr'>corpus</span> <span class='ocrx_word' id='word_1_232' title='bbox 1378 3462 1590 3536; x_wconf 82' lang='lat' dir='ltr'>absque</span> <span class='ocrx_word' id='word_1_233' title='bbox 1628 3462 1924 3520; x_wconf 90' lang='lat' dir='ltr'>additione</span> 
     </span>
     <span class='ocr_line' id='line_1_40' title="bbox 558 3544 1921 3620; baseline 0.001 -20"><span class='ocrx_word' id='word_1_234' title='bbox 558 3559 723 3601; x_wconf 82' lang='lat' dir='ltr'>novae</span> <span class='ocrx_word' id='word_1_235' title='bbox 753 3544 1056 3610; x_wconf 87' lang='lat' dir='ltr'>albedinis,</span> <span class='ocrx_word' id='word_1_236' title='bbox 1082 3548 1173 3603; x_wconf 83' lang='lat' dir='ltr'>vel</span> <span class='ocrx_word' id='word_1_237' title='bbox 1200 3544 1409 3602; x_wconf 90' lang='lat' dir='ltr'>caloris</span> <span class='ocrx_word' id='word_1_238' title='bbox 1437 3544 1698 3602; x_wconf 88' lang='lat' dir='ltr'>redditur</span> <span class='ocrx_word' id='word_1_239' title='bbox 1737 3545 1921 3620; x_wconf 87' lang='lat' dir='ltr'>magis</span> 
     </span>
     <span class='ocr_line' id='line_1_41' title="bbox 557 3625 1921 3699; baseline 0.001 -18"><span class='ocrx_word' id='word_1_240' title='bbox 557 3625 773 3694; x_wconf 88' lang='lat' dir='ltr'>album,</span> <span class='ocrx_word' id='word_1_241' title='bbox 805 3628 899 3682; x_wconf 85' lang='lat' dir='ltr'>vel</span> <span class='ocrx_word' id='word_1_242' title='bbox 927 3626 1176 3684; x_wconf 87' lang='lat' dir='ltr'>calidum</span> <span class='ocrx_word' id='word_1_243' title='bbox 1218 3643 1318 3699; x_wconf 92' lang='lat' dir='ltr'>per</span> <span class='ocrx_word' id='word_1_244' title='bbox 1358 3627 1463 3683; x_wconf 92' lang='lat' dir='ltr'>hoc</span> <span class='ocrx_word' id='word_1_245' title='bbox 1490 3626 1738 3699; x_wconf 70' lang='lat' dir='ltr'>praecise,</span> <span class='ocrx_word' id='word_1_246' title='bbox 1770 3625 1921 3699; x_wconf 90' lang='lat' dir='ltr'>quod</span> 
     </span>
     <span class='ocr_line' id='line_1_42' title="bbox 556 3704 1916 3781; baseline 0.001 -18"><span class='ocrx_word' id='word_1_247' title='bbox 556 3707 730 3772; x_wconf 88' lang='lat' dir='ltr'>calor,</span> <span class='ocrx_word' id='word_1_248' title='bbox 773 3708 866 3764; x_wconf 88' lang='lat' dir='ltr'>vel</span> <span class='ocrx_word' id='word_1_249' title='bbox 906 3707 1107 3765; x_wconf 89' lang='lat' dir='ltr'>albedo</span> <span class='ocrx_word' id='word_1_250' title='bbox 1152 3707 1338 3765; x_wconf 91' lang='lat' dir='ltr'>eidem</span> <span class='ocrx_word' id='word_1_251' title='bbox 1386 3704 1570 3781; x_wconf 86' lang='lat' dir='ltr'>magis</span> <span class='ocrx_word' id='word_1_252' title='bbox 1617 3708 1916 3774; x_wconf 82' lang='lat' dir='ltr'>inhaereat,</span> 
     </span>
     <span class='ocr_line' id='line_1_43' title="bbox 556 3789 1922 3863; baseline 0.001 -18"><span class='ocrx_word' id='word_1_253' title='bbox 556 3789 851 3863; x_wconf 80' lang='lat' dir='ltr'>magisque</span> <span class='ocrx_word' id='word_1_254' title='bbox 878 3789 940 3845; x_wconf 88' lang='lat' dir='ltr'>in</span> <span class='ocrx_word' id='word_1_255' title='bbox 980 3791 1083 3847; x_wconf 92' lang='lat' dir='ltr'>illo</span> <span class='ocrx_word' id='word_1_256' title='bbox 1124 3791 1445 3857; x_wconf 87' lang='lat' dir='ltr'>radicetur;</span> <span class='ocrx_word' id='word_1_257' title='bbox 1477 3790 1622 3847; x_wconf 88' lang='lat' dir='ltr'>alias</span> <span class='ocrx_word' id='word_1_258' title='bbox 1668 3789 1922 3847; x_wconf 90' lang='lat' dir='ltr'>intensio</span> 
     </span>
     <span class='ocr_line' id='line_1_44' title="bbox 553 3869 1921 3946; baseline 0 -21"><span class='ocrx_word' id='word_1_259' title='bbox 553 3871 897 3943; x_wconf 88' lang='lat' dir='ltr'>qualitatum</span> <span class='ocrx_word' id='word_1_260' title='bbox 924 3871 1087 3929; x_wconf 88' lang='lat' dir='ltr'>fieret</span> <span class='ocrx_word' id='word_1_261' title='bbox 1114 3888 1214 3944; x_wconf 92' lang='lat' dir='ltr'>per</span> <span class='ocrx_word' id='word_1_262' title='bbox 1235 3870 1588 3928; x_wconf 87' lang='lat' dir='ltr'>additionem</span> <span class='ocrx_word' id='word_1_263' title='bbox 1610 3870 1822 3946; x_wconf 89' lang='lat' dir='ltr'>gradus</span> <span class='ocrx_word' id='word_1_264' title='bbox 1848 3869 1921 3928; x_wconf 89' lang='lat' dir='ltr'>ad</span> 
     </span>
     <span class='ocr_line' id='line_1_45' title="bbox 553 3951 1919 4027; baseline 0.001 -19"><span class='ocrx_word' id='word_1_265' title='bbox 553 3951 818 4027; x_wconf 87' lang='lat' dir='ltr'>gradum,</span> <span class='ocrx_word' id='word_1_266' title='bbox 844 3953 993 4026; x_wconf 91' lang='lat' dir='ltr'>quod</span> <span class='ocrx_word' id='word_1_267' title='bbox 1015 3956 1077 4009; x_wconf 93' lang='lat' dir='ltr'>D.</span> <span class='ocrx_word' id='word_1_268' title='bbox 1105 3954 1305 4010; x_wconf 90' lang='lat' dir='ltr'>Thom.</span> <span class='ocrx_word' id='word_1_269' title='bbox 1326 3952 1535 4026; x_wconf 90' lang='lat' dir='ltr'>ubique</span> <span class='ocrx_word' id='word_1_270' title='bbox 1556 3958 1743 4027; x_wconf 87' lang='lat' dir='ltr'>negat.</span> <span class='ocrx_word' id='word_1_271' title='bbox 1768 3955 1919 4009; x_wconf 90' lang='lat' dir='ltr'>Tum</span> 
     </span>
     <span class='ocr_line' id='line_1_46' title="bbox 554 4032 1921 4106; baseline 0.002 -16"><span class='ocrx_word' id='word_1_272' title='bbox 554 4033 750 4100; x_wconf 89' lang='lat' dir='ltr'>etiam,</span> <span class='ocrx_word' id='word_1_273' title='bbox 783 4035 918 4106; x_wconf 91' lang='lat' dir='ltr'>quia</span> <span class='ocrx_word' id='word_1_274' title='bbox 952 4032 1154 4090; x_wconf 90' lang='lat' dir='ltr'>eadem</span> <span class='ocrx_word' id='word_1_275' title='bbox 1203 4036 1401 4091; x_wconf 90' lang='lat' dir='ltr'>anima</span> <span class='ocrx_word' id='word_1_276' title='bbox 1449 4034 1752 4091; x_wconf 88' lang='lat' dir='ltr'>rationalis</span> <span class='ocrx_word' id='word_1_277' title='bbox 1792 4036 1921 4093; x_wconf 92' lang='lat' dir='ltr'>sine</span> 
     </span>
     <span class='ocr_line' id='line_1_47' title="bbox 554 4114 1921 4190; baseline 0.001 -18"><span class='ocrx_word' id='word_1_278' title='bbox 554 4114 848 4173; x_wconf 90' lang='lat' dir='ltr'>additione</span> <span class='ocrx_word' id='word_1_279' title='bbox 900 4117 1093 4190; x_wconf 89' lang='lat' dir='ltr'>aliqua</span> <span class='ocrx_word' id='word_1_280' title='bbox 1141 4131 1212 4172; x_wconf 84' lang='lat' dir='ltr'>ex</span> <span class='ocrx_word' id='word_1_281' title='bbox 1274 4121 1435 4188; x_wconf 91' lang='lat' dir='ltr'>parte</span> <span class='ocrx_word' id='word_1_282' title='bbox 1484 4116 1573 4172; x_wconf 91' lang='lat' dir='ltr'>sui</span> <span class='ocrx_word' id='word_1_283' title='bbox 1638 4116 1921 4175; x_wconf 86' lang='lat' dir='ltr'>informat</span> 
     </span>
     <span class='ocr_line' id='line_1_48' title="bbox 554 4195 1918 4271; baseline 0.001 -17"><span class='ocrx_word' id='word_1_284' title='bbox 554 4195 725 4254; x_wconf 89' lang='lat' dir='ltr'>modo</span> <span class='ocrx_word' id='word_1_285' title='bbox 752 4197 815 4252; x_wconf 93' lang='lat' dir='ltr'>in</span> <span class='ocrx_word' id='word_1_286' title='bbox 844 4197 971 4253; x_wconf 87' lang='lat' dir='ltr'>viro</span> <span class='ocrx_word' id='word_1_287' title='bbox 1000 4197 1194 4270; x_wconf 89' lang='lat' dir='ltr'>plures</span> <span class='ocrx_word' id='word_1_288' title='bbox 1220 4200 1410 4269; x_wconf 90' lang='lat' dir='ltr'>partes</span> <span class='ocrx_word' id='word_1_289' title='bbox 1436 4196 1712 4267; x_wconf 76' lang='lat' dir='ltr'>materiae,</span> <span class='ocrx_word' id='word_1_290' title='bbox 1743 4215 1918 4271; x_wconf 87' lang='lat' dir='ltr'>quam</span> 
     </span>
     <span class='ocr_line' id='line_1_49' title="bbox 553 4278 1920 4354; baseline 0.002 -18"><span class='ocrx_word' id='word_1_291' title='bbox 553 4285 723 4336; x_wconf 87' lang='lat' dir='ltr'>antea</span> <span class='ocrx_word' id='word_1_292' title='bbox 760 4278 1136 4336; x_wconf 80' lang='lat' dir='ltr'>&#39;informabat</span> <span class='ocrx_word' id='word_1_293' title='bbox 1193 4279 1257 4335; x_wconf 92' lang='lat' dir='ltr'>in</span> <span class='ocrx_word' id='word_1_294' title='bbox 1329 4295 1538 4352; x_wconf 90' lang='lat' dir='ltr'>puer0‚</span> <span class='ocrx_word' id='word_1_295' title='bbox 1607 4281 1920 4354; x_wconf 86' lang='lat' dir='ltr'>crescitque</span> 
     </span>
     <span class='ocr_line' id='line_1_50' title="bbox 553 4359 1917 4435; baseline 0.002 -18"><span class='ocrx_word' id='word_1_296' title='bbox 553 4359 797 4435; x_wconf 88' lang='lat' dir='ltr'>proinde</span> <span class='ocrx_word' id='word_1_297' title='bbox 836 4361 1063 4419; x_wconf 79' lang='lat' dir='ltr'>effectus</span> <span class='ocrx_word' id='word_1_298' title='bbox 1088 4361 1210 4435; x_wconf 89' lang='lat' dir='ltr'>ejus</span> <span class='ocrx_word' id='word_1_299' title='bbox 1237 4360 1500 4418; x_wconf 82' lang='lat' dir='ltr'>formalis</span> <span class='ocrx_word' id='word_1_300' title='bbox 1527 4366 1689 4418; x_wconf 82' lang='lat' dir='ltr'>aucta</span> <span class='ocrx_word' id='word_1_301' title='bbox 1726 4364 1917 4420; x_wconf 89' lang='lat' dir='ltr'>solum</span> 
     </span>
     <span class='ocr_line' id='line_1_51' title="bbox 556 4441 1917 4517; baseline 0.002 -19"><span class='ocrx_word' id='word_1_302' title='bbox 556 4443 821 4510; x_wconf 90' lang='lat' dir='ltr'>materia,</span> <span class='ocrx_word' id='word_1_303' title='bbox 846 4443 974 4500; x_wconf 91' lang='lat' dir='ltr'>sine</span> <span class='ocrx_word' id='word_1_304' title='bbox 998 4459 1065 4501; x_wconf 91' lang='lat' dir='ltr'>eo</span> <span class='ocrx_word' id='word_1_305' title='bbox 1084 4441 1234 4517; x_wconf 89' lang='lat' dir='ltr'>quod</span> <span class='ocrx_word' id='word_1_306' title='bbox 1256 4442 1375 4516; x_wconf 88' lang='lat' dir='ltr'>ipsa</span> <span class='ocrx_word' id='word_1_307' title='bbox 1405 4443 1599 4515; x_wconf 88' lang='lat' dir='ltr'>aliquo</span> <span class='ocrx_word' id='word_1_308' title='bbox 1620 4441 1790 4501; x_wconf 91' lang='lat' dir='ltr'>modo</span> <span class='ocrx_word' id='word_1_309' title='bbox 1810 4460 1917 4500; x_wconf 92' lang='lat' dir='ltr'>au-</span> 
     </span>
     <span class='ocr_line' id='line_1_52' title="bbox 554 4525 1918 4598; baseline 0.002 -18"><span class='ocrx_word' id='word_1_310' title='bbox 554 4527 777 4598; x_wconf 90' lang='lat' dir='ltr'>geatur.</span> <span class='ocrx_word' id='word_1_311' title='bbox 809 4525 1065 4598; x_wconf 88' lang='lat' dir='ltr'>Denique</span> <span class='ocrx_word' id='word_1_312' title='bbox 1090 4525 1287 4582; x_wconf 90' lang='lat' dir='ltr'>eadem</span> <span class='ocrx_word' id='word_1_313' title='bbox 1316 4525 1603 4598; x_wconf 87' lang='lat' dir='ltr'>quantitas</span> <span class='ocrx_word' id='word_1_314' title='bbox 1646 4526 1774 4583; x_wconf 89' lang='lat' dir='ltr'>sine</span> <span class='ocrx_word' id='word_1_315' title='bbox 1812 4526 1918 4583; x_wconf 90' lang='lat' dir='ltr'>ad-</span> 
     </span>
     <span class='ocr_line' id='line_1_53' title="bbox 552 4603 1919 4683; baseline 0.002 -23"><span class='ocrx_word' id='word_1_316' title='bbox 552 4603 774 4662; x_wconf 90' lang='lat' dir='ltr'>ditione</span> <span class='ocrx_word' id='word_1_317' title='bbox 815 4622 1100 4663; x_wconf 88' lang='lat' dir='ltr'>novarum</span> <span class='ocrx_word' id='word_1_318' title='bbox 1143 4607 1392 4679; x_wconf 90' lang='lat' dir='ltr'>partium</span> <span class='ocrx_word' id='word_1_319' title='bbox 1432 4604 1689 4664; x_wconf 82' lang='lat' dir='ltr'>extendit</span> <span class='ocrx_word' id='word_1_320' title='bbox 1731 4608 1919 4683; x_wconf 88' lang='lat' dir='ltr'>magis</span> 
     </span>
     <span class='ocr_line' id='line_1_54' title="bbox 549 4686 1914 4763; baseline 0.003 -20"><span class='ocrx_word' id='word_1_321' title='bbox 549 4686 617 4744; x_wconf 92' lang='lat' dir='ltr'>in</span> <span class='ocrx_word' id='word_1_322' title='bbox 668 4687 872 4745; x_wconf 88' lang='lat' dir='ltr'>ordine</span> <span class='ocrx_word' id='word_1_323' title='bbox 911 4687 982 4744; x_wconf 91' lang='lat' dir='ltr'>ad</span> <span class='ocrx_word' id='word_1_324' title='bbox 1027 4690 1216 4746; x_wconf 90' lang='lat' dir='ltr'>locum</span> <span class='ocrx_word' id='word_1_325' title='bbox 1257 4705 1461 4763; x_wconf 88' lang='lat' dir='ltr'>corpus</span> <span class='ocrx_word' id='word_1_326' title='bbox 1488 4705 1707 4759; x_wconf 85' lang='lat' dir='ltr'>rarum,</span> <span class='ocrx_word' id='word_1_327' title='bbox 1740 4705 1914 4763; x_wconf 90' lang='lat' dir='ltr'>quam</span> 
     </span>
     <span class='ocr_line' id='line_1_55' title="bbox 551 4769 1916 4840; baseline 0.001 -13"><span class='ocrx_word' id='word_1_328' title='bbox 551 4769 827 4839; x_wconf 86' lang='lat' dir='ltr'>densum;</span> <span class='ocrx_word' id='word_1_329' title='bbox 869 4787 1001 4827; x_wconf 89' lang='lat' dir='ltr'>cum</span> <span class='ocrx_word' id='word_1_330' title='bbox 1028 4776 1224 4830; x_wconf 90' lang='lat' dir='ltr'>tamen</span> <span class='ocrx_word' id='word_1_331' title='bbox 1252 4788 1369 4830; x_wconf 91' lang='lat' dir='ltr'>non</span> <span class='ocrx_word' id='word_1_332' title='bbox 1398 4771 1625 4840; x_wconf 86' lang='lat' dir='ltr'>raritas,</span> <span class='ocrx_word' id='word_1_333' title='bbox 1648 4773 1743 4830; x_wconf 85' lang='lat' dir='ltr'>vel</span> <span class='ocrx_word' id='word_1_334' title='bbox 1768 4771 1916 4829; x_wconf 91' lang='lat' dir='ltr'>den-</span> 
     </span>
     <span class='ocr_line' id='line_1_56' title="bbox 549 4853 1915 4927; baseline 0.003 -17"><span class='ocrx_word' id='word_1_335' title='bbox 549 4853 707 4921; x_wconf 88' lang='lat' dir='ltr'>sitas,</span> <span class='ocrx_word' id='word_1_336' title='bbox 738 4853 837 4911; x_wconf 90' lang='lat' dir='ltr'>sed</span> <span class='ocrx_word' id='word_1_337' title='bbox 875 4854 998 4911; x_wconf 90' lang='lat' dir='ltr'>sola</span> <span class='ocrx_word' id='word_1_338' title='bbox 1022 4854 1312 4927; x_wconf 84' lang='lat' dir='ltr'>quantitas</span> <span class='ocrx_word' id='word_1_339' title='bbox 1349 4855 1425 4912; x_wconf 91' lang='lat' dir='ltr'>sit</span> <span class='ocrx_word' id='word_1_340' title='bbox 1465 4855 1631 4924; x_wconf 88' lang='lat' dir='ltr'>ratio,</span> <span class='ocrx_word' id='word_1_341' title='bbox 1663 4862 1720 4913; x_wconf 89' lang='lat' dir='ltr'>et</span> <span class='ocrx_word' id='word_1_342' title='bbox 1746 4872 1915 4914; x_wconf 85' lang='lat' dir='ltr'>causa</span> 
     </span>
     <span class='ocr_line' id='line_1_57' title="bbox 550 4935 1915 5012; baseline 0.002 -21"><span class='ocrx_word' id='word_1_343' title='bbox 550 4935 819 4993; x_wconf 89' lang='lat' dir='ltr'>formalis</span> <span class='ocrx_word' id='word_1_344' title='bbox 846 4936 1010 4991; x_wconf 86' lang='lat' dir='ltr'>istius</span> <span class='ocrx_word' id='word_1_345' title='bbox 1029 4935 1279 4994; x_wconf 81' lang='lat' dir='ltr'>effectus.</span> <span class='ocrx_word' id='word_1_346' title='bbox 1304 4937 1521 4994; x_wconf 81' lang='lat' dir='ltr'>Poterit</span> <span class='ocrx_word' id='word_1_347' title='bbox 1544 4952 1681 5012; x_wconf 86' lang='lat' dir='ltr'>ergo</span> <span class='ocrx_word' id='word_1_348' title='bbox 1704 4937 1915 4994; x_wconf 88' lang='lat' dir='ltr'>simili-</span> 
     </span>
     <span class='ocr_line' id='line_1_58' title="bbox 549 5017 1916 5092; baseline 0.003 -19"><span class='ocrx_word' id='word_1_349' title='bbox 549 5022 635 5073; x_wconf 89' lang='lat' dir='ltr'>ter</span> <span class='ocrx_word' id='word_1_350' title='bbox 656 5018 854 5075; x_wconf 91' lang='lat' dir='ltr'>eadem</span> <span class='ocrx_word' id='word_1_351' title='bbox 874 5034 1107 5092; x_wconf 90' lang='lat' dir='ltr'>prorsus</span> <span class='ocrx_word' id='word_1_352' title='bbox 1126 5018 1373 5075; x_wconf 82' lang='lat' dir='ltr'>charitas</span> <span class='ocrx_word' id='word_1_353' title='bbox 1393 5017 1603 5091; x_wconf 87' lang='lat' dir='ltr'>absque</span> <span class='ocrx_word' id='word_1_354' title='bbox 1620 5017 1916 5077; x_wconf 87' lang='lat' dir='ltr'>additione</span> 
     </span>
     <span class='ocr_line' id='line_1_59' title="bbox 551 5099 1915 5175; baseline 0.006 -22"><span class='ocrx_word' id='word_1_355' title='bbox 551 5099 763 5170; x_wconf 89' lang='lat' dir='ltr'>aliqua,</span> <span class='ocrx_word' id='word_1_356' title='bbox 792 5107 850 5157; x_wconf 93' lang='lat' dir='ltr'>et</span> <span class='ocrx_word' id='word_1_357' title='bbox 876 5105 1182 5175; x_wconf 88' lang='lat' dir='ltr'>augmento</span> <span class='ocrx_word' id='word_1_358' title='bbox 1218 5116 1290 5157; x_wconf 84' lang='lat' dir='ltr'>ex</span> <span class='ocrx_word' id='word_1_359' title='bbox 1336 5106 1496 5173; x_wconf 90' lang='lat' dir='ltr'>parte</span> <span class='ocrx_word' id='word_1_360' title='bbox 1540 5100 1631 5157; x_wconf 91' lang='lat' dir='ltr'>sui</span> <span class='ocrx_word' id='word_1_361' title='bbox 1673 5101 1915 5161; x_wconf 84' lang='lat' dir='ltr'>reddere</span> 
     </span>
    </p>
   </div>
   <div class='ocr_carea' id='block_1_6' title="bbox 884 5427 1225 5674">
    <p class='ocr_par' dir='ltr' id='par_1_7' title="bbox 884 5427 1225 5674">
     <span class='ocr_line' id='line_1_60' title="bbox 884 5427 1225 5674; baseline -0.006 1"><span class='ocrx_word' id='word_1_362' title='bbox 884 5427 1225 5674; x_wconf 63' lang='grc' dir='ltr'>’Ἴ</span> 
     </span>
    </p>
   </div>
   <div class='ocr_carea' id='block_1_7' title="bbox 2043 607 3549 2397">
    <p class='ocr_par' dir='ltr' id='par_1_8' title="bbox 2043 607 3354 835">
     <span class='ocr_line' id='line_1_61' title="bbox 2043 607 3353 688; baseline -0.008 -15"><span class='ocrx_word' id='word_1_363' title='bbox 2043 632 2187 687; x_wconf 89' lang='lat' dir='ltr'>opus</span> <span class='ocrx_word' id='word_1_364' title='bbox 2227 614 2411 688; x_wconf 88' lang='lat' dir='ltr'>magis</span> <span class='ocrx_word' id='word_1_365' title='bbox 2457 612 2858 677; x_wconf 88' lang='lat' dir='ltr'>meritorium,</span> <span class='ocrx_word' id='word_1_366' title='bbox 2908 625 2979 666; x_wconf 89' lang='lat' dir='ltr'>ex</span> <span class='ocrx_word' id='word_1_367' title='bbox 3028 624 3093 665; x_wconf 91' lang='lat' dir='ltr'>eo</span> <span class='ocrx_word' id='word_1_368' title='bbox 3128 607 3353 681; x_wconf 80' lang='lat' dir='ltr'>praecise,</span> 
     </span>
     <span class='ocr_line' id='line_1_62' title="bbox 2043 688 3354 770; baseline -0.008 -16"><span class='ocrx_word' id='word_1_369' title='bbox 2043 694 2193 770; x_wconf 88' lang='lat' dir='ltr'>quod</span> <span class='ocrx_word' id='word_1_370' title='bbox 2220 712 2361 769; x_wconf 90' lang='lat' dir='ltr'>opus</span> <span class='ocrx_word' id='word_1_371' title='bbox 2386 709 2457 750; x_wconf 84' lang='lat' dir='ltr'>ex</span> <span class='ocrx_word' id='word_1_372' title='bbox 2485 695 2616 751; x_wconf 91' lang='lat' dir='ltr'>aliis</span> <span class='ocrx_word' id='word_1_373' title='bbox 2643 692 2923 766; x_wconf 89' lang='lat' dir='ltr'>capitibus</span> <span class='ocrx_word' id='word_1_374' title='bbox 2949 697 3150 747; x_wconf 88' lang='lat' dir='ltr'>crescat</span> <span class='ocrx_word' id='word_1_375' title='bbox 3184 689 3241 745; x_wconf 90' lang='lat' dir='ltr'>in</span> <span class='ocrx_word' id='word_1_376' title='bbox 3270 688 3354 745; x_wconf 87' lang='lat' dir='ltr'>bo-</span> 
     </span>
     <span class='ocr_line' id='line_1_63' title="bbox 2046 779 2245 835; baseline -0.005 0"><span class='ocrx_word' id='word_1_377' title='bbox 2046 779 2245 835; x_wconf 84' lang='lat' dir='ltr'>nitate.</span> 
     </span>
    </p>

    <p class='ocr_par' dir='ltr' id='par_1_9' title="bbox 2044 851 3549 1488">
     <span class='ocr_line' id='line_1_64' title="bbox 2119 851 3484 932; baseline -0.006 -17"><span class='ocrx_word' id='word_1_378' title='bbox 2119 862 2247 917; x_wconf 90' lang='lat' dir='ltr'>Nou</span> <span class='ocrx_word' id='word_1_379' title='bbox 2269 858 2447 932; x_wconf 89' lang='lat' dir='ltr'>igitur</span> <span class='ocrx_word' id='word_1_380' title='bbox 2474 858 2577 915; x_wconf 89' lang='lat' dir='ltr'>hoc</span> <span class='ocrx_word' id='word_1_381' title='bbox 2606 858 2810 925; x_wconf 84' lang='lat' dir='ltr'>refert;</span> <span class='ocrx_word' id='word_1_382' title='bbox 2836 856 3034 931; x_wconf 88' lang='lat' dir='ltr'>negari</span> <span class='ocrx_word' id='word_1_383' title='bbox 3058 854 3209 911; x_wconf 90' lang='lat' dir='ltr'>euim</span> <span class='ocrx_word' id='word_1_384' title='bbox 3226 851 3484 910; x_wconf 69' lang='lat' dir='ltr'>debetbihits.</span> 
     </span>
     <span class='ocr_line' id='line_1_65' title="bbox 2046 935 3359 1010; baseline -0.005 -14"><span class='ocrx_word' id='word_1_385' title='bbox 2046 939 2401 1006; x_wconf 83' lang='lat' dir='ltr'>antecedens,</span> <span class='ocrx_word' id='word_1_386' title='bbox 2426 940 2476 996; x_wconf 90' lang='lat' dir='ltr'>si</span> <span class='ocrx_word' id='word_1_387' title='bbox 2505 938 2576 995; x_wconf 90' lang='lat' dir='ltr'>de</span> <span class='ocrx_word' id='word_1_388' title='bbox 2601 938 2762 996; x_wconf 93' lang='lat' dir='ltr'>omni</span> <span class='ocrx_word' id='word_1_389' title='bbox 2790 937 2962 994; x_wconf 90' lang='lat' dir='ltr'>modo</span> <span class='ocrx_word' id='word_1_390' title='bbox 2988 935 3260 1010; x_wconf 80' lang='lat' dir='ltr'>augmenti</span> <span class='ocrx_word' id='word_1_391' title='bbox 3285 935 3359 990; x_wconf 86' lang='lat' dir='ltr'>iu·</span> 
     </span>
     <span class='ocr_line' id='line_1_66' title="bbox 2044 1013 3361 1095; baseline -0.005 -17"><span class='ocrx_word' id='word_1_392' title='bbox 2044 1021 2361 1095; x_wconf 89' lang='lat' dir='ltr'>telligatur.</span> <span class='ocrx_word' id='word_1_393' title='bbox 2411 1024 2604 1094; x_wconf 90' lang='lat' dir='ltr'>Neque</span> <span class='ocrx_word' id='word_1_394' title='bbox 2648 1021 2915 1092; x_wconf 84' lang='lat' dir='ltr'>exempla</span> <span class='ocrx_word' id='word_1_395' title='bbox 2964 1018 3193 1075; x_wconf 89' lang='lat' dir='ltr'>adducta</span> <span class='ocrx_word' id='word_1_396' title='bbox 3229 1013 3361 1073; x_wconf 81' lang='lat' dir='ltr'>nobis</span> 
     </span>
     <span class='ocr_line' id='line_1_67' title="bbox 2045 1100 3363 1177; baseline -0.005 -16"><span class='ocrx_word' id='word_1_397' title='bbox 2045 1102 2267 1171; x_wconf 89' lang='lat' dir='ltr'>obsunt,</span> <span class='ocrx_word' id='word_1_398' title='bbox 2298 1103 2397 1159; x_wconf 90' lang='lat' dir='ltr'>sed</span> <span class='ocrx_word' id='word_1_399' title='bbox 2438 1103 2754 1177; x_wconf 88' lang='lat' dir='ltr'>proderunt</span> <span class='ocrx_word' id='word_1_400' title='bbox 2798 1103 3018 1175; x_wconf 83' lang='lat' dir='ltr'>potius;</span> <span class='ocrx_word' id='word_1_401' title='bbox 3060 1100 3278 1172; x_wconf 91' lang='lat' dir='ltr'>ideoque</span> <span class='ocrx_word' id='word_1_402' title='bbox 3311 1112 3363 1154; x_wconf 85' lang='lat' dir='ltr'>ea</span> 
     </span>
     <span class='ocr_line' id='line_1_68' title="bbox 2046 1184 3366 1259; baseline -0.005 -16"><span class='ocrx_word' id='word_1_403' title='bbox 2046 1187 2245 1243; x_wconf 89' lang='lat' dir='ltr'>omnia</span> <span class='ocrx_word' id='word_1_404' title='bbox 2286 1188 2609 1252; x_wconf 87' lang='lat' dir='ltr'>retulimus,</span> <span class='ocrx_word' id='word_1_405' title='bbox 2658 1187 2793 1259; x_wconf 89' lang='lat' dir='ltr'>quia</span> <span class='ocrx_word' id='word_1_406' title='bbox 2832 1202 2972 1242; x_wconf 85' lang='lat' dir='ltr'>sane</span> <span class='ocrx_word' id='word_1_407' title='bbox 3017 1184 3301 1248; x_wconf 85' lang='lat' dir='ltr'>intellecta,</span> <span class='ocrx_word' id='word_1_408' title='bbox 3322 1186 3366 1237; x_wconf 89' lang='lat' dir='ltr'>et</span> 
     </span>
     <span class='ocr_line' id='line_1_69' title="bbox 2047 1267 3364 1340; baseline -0.005 -17"><span class='ocrx_word' id='word_1_409' title='bbox 2047 1267 2345 1340; x_wconf 89' lang='lat' dir='ltr'>applicata,</span> <span class='ocrx_word' id='word_1_410' title='bbox 2397 1269 2796 1335; x_wconf 86' lang='lat' dir='ltr'>assertionem,</span> <span class='ocrx_word' id='word_1_411' title='bbox 2840 1274 2897 1323; x_wconf 90' lang='lat' dir='ltr'>et</span> <span class='ocrx_word' id='word_1_412' title='bbox 2944 1268 3217 1323; x_wconf 89' lang='lat' dir='ltr'>rationem</span> <span class='ocrx_word' id='word_1_413' title='bbox 3258 1278 3364 1319; x_wconf 84' lang='lat' dir='ltr'>nos-</span> 
     </span>
     <span class='ocr_line' id='line_1_70' title="bbox 2046 1242 3549 1463; baseline -0.004 -60"><span class='ocrx_word' id='word_1_414' title='bbox 2046 1351 2217 1413; x_wconf 91' lang='lat' dir='ltr'>tram,</span> <span class='ocrx_word' id='word_1_415' title='bbox 2250 1352 2541 1421; x_wconf 89' lang='lat' dir='ltr'>totamque</span> <span class='ocrx_word' id='word_1_416' title='bbox 2569 1364 2694 1404; x_wconf 90' lang='lat' dir='ltr'>rem</span> <span class='ocrx_word' id='word_1_417' title='bbox 2722 1348 2885 1416; x_wconf 90' lang='lat' dir='ltr'>hanc,</span> <span class='ocrx_word' id='word_1_418' title='bbox 2916 1346 2986 1404; x_wconf 92' lang='lat' dir='ltr'>de</span> <span class='ocrx_word' id='word_1_419' title='bbox 3012 1360 3123 1419; x_wconf 90' lang='lat' dir='ltr'>qua</span> <span class='ocrx_word' id='word_1_420' title='bbox 3161 1342 3362 1418; x_wconf 84' lang='lat' dir='ltr'>agimus,</span> <span class='ocrx_word' id='word_1_421' title='bbox 3531 1242 3549 1463; x_wconf 41' lang='grc'><strong>4</strong></span> 
     </span>
     <span class='ocr_line' id='line_1_71' title="bbox 2045 1429 2591 1488; baseline 0 -1"><span class='ocrx_word' id='word_1_422' title='bbox 2045 1430 2184 1487; x_wconf 88' lang='lat' dir='ltr'>satis</span> <span class='ocrx_word' id='word_1_423' title='bbox 2203 1429 2591 1488; x_wconf 88' lang='lat' dir='ltr'>elucidabunt.</span> 
     </span>
    </p>

    <p class='ocr_par' dir='ltr' id='par_1_10' title="bbox 2046 1511 3548 2397">
     <span class='ocr_line' id='line_1_72' title="bbox 2122 1511 3367 1586; baseline -0.005 -19"><span class='ocrx_word' id='word_1_424' title='bbox 2122 1511 2518 1584; x_wconf 87' lang='lat' dir='ltr'>Respondetur</span> <span class='ocrx_word' id='word_1_425' title='bbox 2546 1527 2682 1586; x_wconf 88' lang='lat' dir='ltr'>ergo</span> <span class='ocrx_word' id='word_1_426' title='bbox 2710 1513 2780 1568; x_wconf 91' lang='lat' dir='ltr'>ad</span> <span class='ocrx_word' id='word_1_427' title='bbox 2811 1512 3087 1585; x_wconf 87' lang='lat' dir='ltr'>primum,</span> <span class='ocrx_word' id='word_1_428' title='bbox 3113 1521 3367 1585; x_wconf 84' lang='lat' dir='ltr'>nunquam</span> 
     </span>
     <span class='ocr_line' id='line_1_73' title="bbox 2046 1587 3368 1669; baseline -0.005 -21"><span class='ocrx_word' id='word_1_429' title='bbox 2046 1607 2252 1665; x_wconf 89' lang='lat' dir='ltr'>corpus</span> <span class='ocrx_word' id='word_1_430' title='bbox 2298 1592 2459 1650; x_wconf 89' lang='lat' dir='ltr'>reddi</span> <span class='ocrx_word' id='word_1_431' title='bbox 2513 1595 2696 1669; x_wconf 89' lang='lat' dir='ltr'>magis</span> <span class='ocrx_word' id='word_1_432' title='bbox 2758 1592 2974 1658; x_wconf 88' lang='lat' dir='ltr'>album,</span> <span class='ocrx_word' id='word_1_433' title='bbox 3027 1595 3120 1647; x_wconf 90' lang='lat' dir='ltr'>aut</span> <span class='ocrx_word' id='word_1_434' title='bbox 3157 1587 3368 1646; x_wconf 89' lang='lat' dir='ltr'>calidum</span> 
     </span>
     <span class='ocr_line' id='line_1_74' title="bbox 2048 1670 3367 1748; baseline 0.001 -18"><span class='ocrx_word' id='word_1_435' title='bbox 2048 1673 2259 1748; x_wconf 87' lang='lat' dir='ltr'>absque</span> <span class='ocrx_word' id='word_1_436' title='bbox 2287 1675 2580 1733; x_wconf 88' lang='lat' dir='ltr'>additione</span> <span class='ocrx_word' id='word_1_437' title='bbox 2608 1677 2799 1748; x_wconf 88' lang='lat' dir='ltr'>aliqua</span> <span class='ocrx_word' id='word_1_438' title='bbox 2820 1692 2889 1733; x_wconf 85' lang='lat' dir='ltr'>ex</span> <span class='ocrx_word' id='word_1_439' title='bbox 2919 1680 3081 1747; x_wconf 86' lang='lat' dir='ltr'>parte</span> <span class='ocrx_word' id='word_1_440' title='bbox 3107 1670 3367 1731; x_wconf 79' lang='lat' dir='ltr'>albedinis.</span> 
     </span>
     <span class='ocr_line' id='line_1_75' title="bbox 2047 1751 3366 1831; baseline -0.004 -20"><span class='ocrx_word' id='word_1_441' title='bbox 2047 1756 2142 1813; x_wconf 87' lang='lat' dir='ltr'>vel</span> <span class='ocrx_word' id='word_1_442' title='bbox 2162 1758 2390 1825; x_wconf 90' lang='lat' dir='ltr'>caloris,</span> <span class='ocrx_word' id='word_1_443' title='bbox 2418 1772 2536 1812; x_wconf 90' lang='lat' dir='ltr'>non</span> <span class='ocrx_word' id='word_1_444' title='bbox 2563 1755 2796 1828; x_wconf 91' lang='lat' dir='ltr'>quidem</span> <span class='ocrx_word' id='word_1_445' title='bbox 2816 1756 3031 1831; x_wconf 91' lang='lat' dir='ltr'>gradus</span> <span class='ocrx_word' id='word_1_446' title='bbox 3056 1754 3123 1812; x_wconf 89' lang='lat' dir='ltr'>ad</span> <span class='ocrx_word' id='word_1_447' title='bbox 3143 1751 3366 1829; x_wconf 86' lang='lat' dir='ltr'>gradum,</span> 
     </span>
     <span class='ocr_line' id='line_1_76' title="bbox 2046 1832 3369 1911; baseline -0.002 -19"><span class='ocrx_word' id='word_1_448' title='bbox 2046 1834 2147 1892; x_wconf 84' lang='lat' dir='ltr'>sed</span> <span class='ocrx_word' id='word_1_449' title='bbox 2186 1836 2344 1894; x_wconf 90' lang='lat' dir='ltr'>modi</span> <span class='ocrx_word' id='word_1_450' title='bbox 2384 1836 2678 1911; x_wconf 89' lang='lat' dir='ltr'>cujusdam</span> <span class='ocrx_word' id='word_1_451' title='bbox 2732 1836 2970 1910; x_wconf 84' lang='lat' dir='ltr'>maJ&#39;oris</span> <span class='ocrx_word' id='word_1_452' title='bbox 3024 1832 3369 1891; x_wconf 79' lang='lat' dir='ltr'>radicationis.</span> 
     </span>
     <span class='ocr_line' id='line_1_77' title="bbox 2046 1916 3548 2021; baseline -0.004 -48"><span class='ocrx_word' id='word_1_453' title='bbox 2046 1918 2145 1990; x_wconf 92' lang='lat' dir='ltr'>qui</span> <span class='ocrx_word' id='word_1_454' title='bbox 2170 1934 2242 1975; x_wconf 86' lang='lat' dir='ltr'>ex</span> <span class='ocrx_word' id='word_1_455' title='bbox 2281 1926 2489 1975; x_wconf 90' lang='lat' dir='ltr'>natura</span> <span class='ocrx_word' id='word_1_456' title='bbox 2530 1919 2614 1975; x_wconf 92' lang='lat' dir='ltr'>rei</span> <span class='ocrx_word' id='word_1_457' title='bbox 2659 1918 3039 1993; x_wconf 86' lang='lat' dir='ltr'>distinguitur</span> <span class='ocrx_word' id='word_1_458' title='bbox 3065 1916 3306 1980; x_wconf 87' lang='lat' dir='ltr'>acalore,</span> <span class='ocrx_word' id='word_1_459' title='bbox 3329 1921 3373 1969; x_wconf 86' lang='lat' dir='ltr'>et</span> <span class='ocrx_word' id='word_1_460' title='bbox 3545 1952 3548 2021; x_wconf 74' lang='grc' dir='ltr'>Ι</span> 
     </span>
     <span class='ocr_line' id='line_1_78' title="bbox 2048 1996 3369 2073; baseline -0.005 -16"><span class='ocrx_word' id='word_1_461' title='bbox 2048 1997 2333 2064; x_wconf 85' lang='lat' dir='ltr'>albedine,</span> <span class='ocrx_word' id='word_1_462' title='bbox 2358 2005 2551 2073; x_wconf 88' lang='lat' dir='ltr'>estque</span> <span class='ocrx_word' id='word_1_463' title='bbox 2578 2001 2701 2073; x_wconf 90' lang='lat' dir='ltr'>ipsa</span> <span class='ocrx_word' id='word_1_464' title='bbox 2727 2000 3019 2072; x_wconf 83' lang='lat' dir='ltr'>quantitas</span> <span class='ocrx_word' id='word_1_465' title='bbox 3041 1996 3274 2061; x_wconf 82' lang='lat' dir='ltr'>virtutis,</span> <span class='ocrx_word' id='word_1_466' title='bbox 3294 2010 3369 2052; x_wconf 90' lang='lat' dir='ltr'>seu</span> 
     </span>
     <span class='ocr_line' id='line_1_79' title="bbox 2048 2076 3371 2153; baseline -0.005 -17"><span class='ocrx_word' id='word_1_467' title='bbox 2048 2079 2242 2153; x_wconf 88' lang='lat' dir='ltr'>ipsum</span> <span class='ocrx_word' id='word_1_468' title='bbox 2265 2083 2459 2152; x_wconf 55' lang='lat' dir='ltr'>maffia,</span> <span class='ocrx_word' id='word_1_469' title='bbox 2494 2087 2556 2136; x_wconf 89' lang='lat' dir='ltr'>ut</span> <span class='ocrx_word' id='word_1_470' title='bbox 2587 2082 2668 2138; x_wconf 88' lang='lat' dir='ltr'>sic</span> <span class='ocrx_word' id='word_1_471' title='bbox 2694 2080 2951 2137; x_wconf 90' lang='lat' dir='ltr'>dicamus</span> <span class='ocrx_word' id='word_1_472' title='bbox 2992 2078 3278 2141; x_wconf 87' lang='lat' dir='ltr'>albedinis,</span> <span class='ocrx_word' id='word_1_473' title='bbox 3300 2076 3371 2131; x_wconf 74' lang='lat' dir='ltr'>vel</span> 
     </span>
     <span class='ocr_line' id='line_1_80' title="bbox 2048 2157 3366 2234; baseline -0.005 -17"><span class='ocrx_word' id='word_1_474' title='bbox 2048 2161 2274 2228; x_wconf 91' lang='lat' dir='ltr'>caloris,</span> <span class='ocrx_word' id='word_1_475' title='bbox 2324 2162 2486 2234; x_wconf 83' lang='lat' dir='ltr'>juxta</span> <span class='ocrx_word' id='word_1_476' title='bbox 2540 2160 2989 2233; x_wconf 86' lang='lat' dir='ltr'>probabiliorem</span> <span class='ocrx_word' id='word_1_477' title='bbox 3044 2157 3366 2222; x_wconf 86' lang='lat' dir='ltr'>sententiam,</span> 
     </span>
     <span class='ocr_line' id='line_1_81' title="bbox 2047 2241 3369 2315; baseline -0.005 -17"><span class='ocrx_word' id='word_1_478' title='bbox 2047 2258 2221 2315; x_wconf 89' lang='lat' dir='ltr'>quam</span> <span class='ocrx_word' id='word_1_479' title='bbox 2267 2249 2427 2300; x_wconf 89' lang='lat' dir='ltr'>acute</span> <span class='ocrx_word' id='word_1_480' title='bbox 2473 2250 2724 2310; x_wconf 90' lang='lat' dir='ltr'>tuentur,</span> <span class='ocrx_word' id='word_1_481' title='bbox 2772 2248 2831 2299; x_wconf 87' lang='lat' dir='ltr'>et</span> <span class='ocrx_word' id='word_1_482' title='bbox 2868 2242 3089 2315; x_wconf 91' lang='lat' dir='ltr'>optime</span> <span class='ocrx_word' id='word_1_483' title='bbox 3125 2241 3369 2312; x_wconf 85' lang='lat' dir='ltr'>explicant</span> 
     </span>
     <span class='ocr_line' id='line_1_82' title="bbox 2048 2323 3490 2397; baseline 0.001 -19"><span class='ocrx_word' id='word_1_484' title='bbox 2048 2325 2118 2380; x_wconf 92' lang='lat' dir='ltr'>N.</span> <span class='ocrx_word' id='word_1_485' title='bbox 2176 2325 2459 2397; x_wconf 89' lang='lat' dir='ltr'>Complut.</span> <span class='ocrx_word' id='word_1_486' title='bbox 2518 2327 2577 2380; x_wconf 80' lang='lat' dir='ltr'>in</span> <span class='ocrx_word' id='word_1_487' title='bbox 2633 2325 2726 2381; x_wconf 79' lang='lat' dir='ltr'>tib.</span> <span class='ocrx_word' id='word_1_488' title='bbox 2771 2325 2833 2379; x_wconf 84' lang='lat' dir='ltr'>dc</span> <span class='ocrx_word' id='word_1_489' title='bbox 2873 2330 3121 2396; x_wconf 71' lang='lat' dir='ltr'>yenerat.</span> <span class='ocrx_word' id='word_1_490' title='bbox 3165 2323 3277 2377; x_wconf 79' lang='lat' dir='ltr'>dist.</span> <span class='ocrx_word' id='word_1_491' title='bbox 3322 2323 3490 2384; x_wconf 51' lang='lat' dir='ltr'>‘heom</span> 
     </span>
    </p>
   </div>
   <div class='ocr_carea' id='block_1_8' title="bbox 2048 2406 3369 2543">
    <p class='ocr_par' dir='ltr' id='par_1_11' title="bbox 2048 2406 3369 2543">
     <span class='ocr_line' id='line_1_83' title="bbox 2048 2406 2312 2482; baseline 0.008 -22"><span class='ocrx_word' id='word_1_492' title='bbox 2048 2406 2312 2482; x_wconf 52' lang='lat' dir='ltr'>quami).</span> 
     </span>
     <span class='ocr_line' id='line_1_84' title="bbox 2123 2477 3369 2543; baseline -0.005 -8"><span class='ocrx_word' id='word_1_493' title='bbox 2123 2479 2215 2536; x_wconf 80' lang='lat'>32.</span> <span class='ocrx_word' id='word_1_494' title='bbox 2278 2479 2437 2543; x_wconf 91' lang='lat' dir='ltr'>Quod</span> <span class='ocrx_word' id='word_1_495' title='bbox 2488 2480 2538 2535; x_wconf 88' lang='lat' dir='ltr'>si</span> <span class='ocrx_word' id='word_1_496' title='bbox 2585 2479 2820 2537; x_wconf 91' lang='lat' dir='ltr'>modum</span> <span class='ocrx_word' id='word_1_497' title='bbox 2873 2478 3105 2537; x_wconf 90' lang='lat' dir='ltr'>dicendi</span> <span class='ocrx_word' id='word_1_498' title='bbox 3162 2477 3369 2533; x_wconf 88' lang='lat' dir='ltr'>aliorum</span> 
     </span>
    </p>
   </div>
   <div class='ocr_carea' id='block_1_9' title="bbox 2046 2557 3546 5076">
    <p class='ocr_par' dir='ltr' id='par_1_12' title="bbox 2049 2557 3370 2618">
     <span class='ocr_line' id='line_1_85' title="bbox 2049 2557 3370 2618; baseline -0.002 -5"><span class='ocrx_word' id='word_1_499' title='bbox 2049 2558 2482 2617; x_wconf 89' lang='lat' dir='ltr'>Thomistarum</span> <span class='ocrx_word' id='word_1_500' title='bbox 2542 2562 2922 2618; x_wconf 88' lang='lat' dir='ltr'>asserentium</span> <span class='ocrx_word' id='word_1_501' title='bbox 2969 2561 3040 2616; x_wconf 89' lang='lat' dir='ltr'>in</span> <span class='ocrx_word' id='word_1_502' title='bbox 3091 2557 3370 2616; x_wconf 84' lang='lat' dir='ltr'>intensione</span> 
     </span>
    </p>

    <p class='ocr_par' dir='ltr' id='par_1_13' title="bbox 2049 2638 3369 2711">
     <span class='ocr_line' id='line_1_86' title="bbox 2049 2638 3369 2711; baseline -0.004 -16"><span class='ocrx_word' id='word_1_503' title='bbox 2049 2640 2340 2711; x_wconf 87' lang='lat' dir='ltr'>qualitatis</span> <span class='ocrx_word' id='word_1_504' title='bbox 2362 2642 2510 2697; x_wconf 89' lang='lat' dir='ltr'>nihil</span> <span class='ocrx_word' id='word_1_505' title='bbox 2537 2657 2610 2698; x_wconf 86' lang='lat' dir='ltr'>ex</span> <span class='ocrx_word' id='word_1_506' title='bbox 2649 2647 2856 2698; x_wconf 89' lang='lat' dir='ltr'>natura</span> <span class='ocrx_word' id='word_1_507' title='bbox 2884 2641 2966 2697; x_wconf 89' lang='lat' dir='ltr'>rei</span> <span class='ocrx_word' id='word_1_508' title='bbox 2991 2640 3066 2697; x_wconf 91' lang='lat' dir='ltr'>ab</span> <span class='ocrx_word' id='word_1_509' title='bbox 3086 2656 3151 2697; x_wconf 91' lang='lat' dir='ltr'>ea</span> <span class='ocrx_word' id='word_1_510' title='bbox 3170 2638 3369 2693; x_wconf 84' lang='lat' dir='ltr'>distinc-</span> 
     </span>
    </p>

    <p class='ocr_par' dir='ltr' id='par_1_14' title="bbox 2051 2719 3369 2799">
     <span class='ocr_line' id='line_1_87' title="bbox 2051 2719 3369 2799; baseline -0.004 -20"><span class='ocrx_word' id='word_1_511' title='bbox 2051 2728 2175 2779; x_wconf 90' lang='lat' dir='ltr'>tum</span> <span class='ocrx_word' id='word_1_512' title='bbox 2220 2723 2547 2796; x_wconf 87' lang='lat' dir='ltr'>superaddi,</span> <span class='ocrx_word' id='word_1_513' title='bbox 2591 2725 2751 2799; x_wconf 88' lang='lat' dir='ltr'>sequi</span> <span class='ocrx_word' id='word_1_514' title='bbox 2797 2725 3067 2791; x_wconf 85' lang='lat' dir='ltr'>velimus,</span> <span class='ocrx_word' id='word_1_515' title='bbox 3111 2719 3369 2778; x_wconf 87' lang='lat' dir='ltr'>dicendum</span> 
     </span>
    </p>

    <p class='ocr_par' dir='ltr' id='par_1_15' title="bbox 2050 2803 3374 2881">
     <span class='ocr_line' id='line_1_88' title="bbox 2050 2803 3374 2881; baseline -0.005 -19"><span class='ocrx_word' id='word_1_516' title='bbox 2050 2810 2154 2873; x_wconf 86' lang='lat' dir='ltr'>est,</span> <span class='ocrx_word' id='word_1_517' title='bbox 2188 2803 2381 2863; x_wconf 89' lang='lat' dir='ltr'>adesse</span> <span class='ocrx_word' id='word_1_518' title='bbox 2407 2807 2488 2863; x_wconf 91' lang='lat' dir='ltr'>ibi</span> <span class='ocrx_word' id='word_1_519' title='bbox 2516 2824 2587 2864; x_wconf 85' lang='lat' dir='ltr'>ex</span> <span class='ocrx_word' id='word_1_520' title='bbox 2608 2812 2770 2881; x_wconf 89' lang='lat' dir='ltr'>parte</span> <span class='ocrx_word' id='word_1_521' title='bbox 2796 2807 2997 2863; x_wconf 80' lang='lat' dir='ltr'>formae</span> <span class='ocrx_word' id='word_1_522' title='bbox 3028 2805 3264 2878; x_wconf 88' lang='lat' dir='ltr'>aliquem</span> <span class='ocrx_word' id='word_1_523' title='bbox 3283 2816 3374 2857; x_wconf 87' lang='lat' dir='ltr'>mo·</span> 
     </span>
    </p>

    <p class='ocr_par' dir='ltr' id='par_1_16' title="bbox 2046 2882 3546 5076">
     <span class='ocr_line' id='line_1_89' title="bbox 2051 2882 3546 2962; baseline -0.005 -20"><span class='ocrx_word' id='word_1_524' title='bbox 2051 2886 2190 2942; x_wconf 91' lang='lat' dir='ltr'>dum</span> <span class='ocrx_word' id='word_1_525' title='bbox 2214 2889 2525 2962; x_wconf 88' lang='lat' dir='ltr'>augmenti,</span> <span class='ocrx_word' id='word_1_526' title='bbox 2554 2904 2670 2945; x_wconf 91' lang='lat' dir='ltr'>non</span> <span class='ocrx_word' id='word_1_527' title='bbox 2693 2888 2976 2953; x_wconf 86' lang='lat' dir='ltr'>formalis,</span> <span class='ocrx_word' id='word_1_528' title='bbox 3002 2887 3106 2944; x_wconf 92' lang='lat' dir='ltr'>sed</span> <span class='ocrx_word' id='word_1_529' title='bbox 3128 2882 3369 2946; x_wconf 80' lang='lat' dir='ltr'>virtualis,</span> <span class='ocrx_word' id='word_1_530' title='bbox 3543 2889 3546 2920; x_wconf 82' lang='lat'><strong>¹</strong></span> 
     </span>
     <span class='ocr_line' id='line_1_90' title="bbox 2051 2969 3373 3046; baseline -0.003 -20"><span class='ocrx_word' id='word_1_531' title='bbox 2051 2974 2332 3043; x_wconf 89' lang='lat' dir='ltr'>quatenus</span> <span class='ocrx_word' id='word_1_532' title='bbox 2376 2972 2622 3044; x_wconf 89' lang='lat' dir='ltr'>qualitas</span> <span class='ocrx_word' id='word_1_533' title='bbox 2659 2971 2807 3046; x_wconf 84' lang='lat' dir='ltr'>ipsa,</span> <span class='ocrx_word' id='word_1_534' title='bbox 2854 2969 3062 3028; x_wconf 89' lang='lat' dir='ltr'>albedo</span> <span class='ocrx_word' id='word_1_535' title='bbox 3107 2987 3162 3026; x_wconf 87' lang='lat' dir='ltr'>v.</span> <span class='ocrx_word' id='word_1_536' title='bbox 3205 2985 3256 3042; x_wconf 88' lang='lat' dir='ltr'>g.</span> <span class='ocrx_word' id='word_1_537' title='bbox 3289 2978 3373 3037; x_wconf 86' lang='lat' dir='ltr'>quo</span> 
     </span>
     <span class='ocr_line' id='line_1_91' title="bbox 2052 3047 3375 3125; baseline -0.005 -19"><span class='ocrx_word' id='word_1_538' title='bbox 2052 3051 2236 3125; x_wconf 90' lang='lat' dir='ltr'>magis</span> <span class='ocrx_word' id='word_1_539' title='bbox 2255 3050 2568 3125; x_wconf 75' lang='lat' dir='ltr'>subJectum</span> <span class='ocrx_word' id='word_1_540' title='bbox 2590 3050 2659 3107; x_wconf 89' lang='lat' dir='ltr'>ad</span> <span class='ocrx_word' id='word_1_541' title='bbox 2681 3067 2809 3107; x_wconf 91' lang='lat' dir='ltr'>eam</span> <span class='ocrx_word' id='word_1_542' title='bbox 2827 3050 3213 3124; x_wconf 88' lang='lat' dir='ltr'>recipiendam</span> <span class='ocrx_word' id='word_1_543' title='bbox 3227 3047 3375 3118; x_wconf 85' lang='lat' dir='ltr'>dispo-</span> 
     </span>
     <span class='ocr_line' id='line_1_92' title="bbox 2053 3126 3372 3208; baseline 0 -18"><span class='ocrx_word' id='word_1_544' title='bbox 2053 3133 2232 3200; x_wconf 90' lang='lat' dir='ltr'>nitur,</span> <span class='ocrx_word' id='word_1_545' title='bbox 2274 3150 2343 3191; x_wconf 94' lang='lat' dir='ltr'>eo</span> <span class='ocrx_word' id='word_1_546' title='bbox 2381 3135 2565 3208; x_wconf 89' lang='lat' dir='ltr'>magis</span> <span class='ocrx_word' id='word_1_547' title='bbox 2617 3134 2861 3206; x_wconf 83' lang='lat' dir='ltr'>explicat</span> <span class='ocrx_word' id='word_1_548' title='bbox 2906 3134 3034 3190; x_wconf 86' lang='lat' dir='ltr'>vim</span> <span class='ocrx_word' id='word_1_549' title='bbox 3088 3126 3372 3190; x_wconf 82' lang='lat' dir='ltr'>dealbandi.</span> 
     </span>
     <span class='ocr_line' id='line_1_93' title="bbox 2052 3211 3380 3289; baseline -0.005 -19"><span class='ocrx_word' id='word_1_550' title='bbox 2052 3231 2225 3288; x_wconf 89' lang='lat' dir='ltr'>quam</span> <span class='ocrx_word' id='word_1_551' title='bbox 2271 3215 2514 3272; x_wconf 89' lang='lat' dir='ltr'>habebat</span> <span class='ocrx_word' id='word_1_552' title='bbox 2550 3215 2612 3272; x_wconf 90' lang='lat' dir='ltr'>in</span> <span class='ocrx_word' id='word_1_553' title='bbox 2651 3231 2712 3272; x_wconf 89' lang='lat' dir='ltr'>se</span> <span class='ocrx_word' id='word_1_554' title='bbox 2749 3216 2911 3288; x_wconf 87' lang='lat' dir='ltr'>quasi</span> <span class='ocrx_word' id='word_1_555' title='bbox 2953 3211 3380 3289; x_wconf 82' lang='lat' dir='ltr'>implicatam‚et</span> 
     </span>
     <span class='ocr_line' id='line_1_94' title="bbox 2053 3290 3376 3372; baseline -0.006 -17"><span class='ocrx_word' id='word_1_556' title='bbox 2053 3298 2395 3355; x_wconf 85' lang='lat' dir='ltr'>involutam.</span> <span class='ocrx_word' id='word_1_557' title='bbox 2431 3297 2594 3355; x_wconf 91' lang='lat' dir='ltr'>Unde</span> <span class='ocrx_word' id='word_1_558' title='bbox 2614 3299 2747 3372; x_wconf 88' lang='lat' dir='ltr'>quia</span> <span class='ocrx_word' id='word_1_559' title='bbox 2774 3299 2867 3355; x_wconf 91' lang='lat' dir='ltr'>hic</span> <span class='ocrx_word' id='word_1_560' title='bbox 2894 3298 3102 3355; x_wconf 91' lang='lat' dir='ltr'>modus</span> <span class='ocrx_word' id='word_1_561' title='bbox 3124 3290 3376 3372; x_wconf 87' lang='lat' dir='ltr'>augmenti</span> 
     </span>
     <span class='ocr_line' id='line_1_95' title="bbox 2053 3379 3375 3455; baseline -0.001 -17"><span class='ocrx_word' id='word_1_562' title='bbox 2053 3382 2323 3439; x_wconf 90' lang='lat' dir='ltr'>virtualis</span> <span class='ocrx_word' id='word_1_563' title='bbox 2363 3383 2669 3455; x_wconf 66' lang='lat' dir='ltr'>aequivalet</span> <span class='ocrx_word' id='word_1_564' title='bbox 2694 3382 2948 3447; x_wconf 86' lang='lat' dir='ltr'>formali,</span> <span class='ocrx_word' id='word_1_565' title='bbox 2980 3381 3260 3438; x_wconf 87' lang='lat' dir='ltr'>sufficiens</span> <span class='ocrx_word' id='word_1_566' title='bbox 3294 3379 3375 3437; x_wconf 76' lang='lat' dir='ltr'>est,</span> 
     </span>
     <span class='ocr_line' id='line_1_96' title="bbox 2054 3459 3380 3537; baseline -0.008 -17"><span class='ocrx_word' id='word_1_567' title='bbox 2054 3469 2116 3520; x_wconf 96' lang='lat' dir='ltr'>ut</span> <span class='ocrx_word' id='word_1_568' title='bbox 2157 3463 2357 3521; x_wconf 88' lang='lat' dir='ltr'>eadem</span> <span class='ocrx_word' id='word_1_569' title='bbox 2399 3464 2604 3530; x_wconf 87' lang='lat' dir='ltr'>forma,</span> <span class='ocrx_word' id='word_1_570' title='bbox 2651 3463 2850 3520; x_wconf 90' lang='lat' dir='ltr'>albedo</span> <span class='ocrx_word' id='word_1_571' title='bbox 2889 3481 2945 3521; x_wconf 86' lang='lat' dir='ltr'>v.</span> <span class='ocrx_word' id='word_1_572' title='bbox 2989 3480 3047 3537; x_wconf 90' lang='lat' dir='ltr'>g.</span> <span class='ocrx_word' id='word_1_573' title='bbox 3094 3459 3380 3520; x_wconf 82' lang='lat' dir='ltr'>formaliter</span> 
     </span>
     <span class='ocr_line' id='line_1_97' title="bbox 2053 3543 3380 3611; baseline -0.008 -9"><span class='ocrx_word' id='word_1_574' title='bbox 2053 3547 2361 3611; x_wconf 83' lang='lat' dir='ltr'>invariata,</span> <span class='ocrx_word' id='word_1_575' title='bbox 2391 3547 2615 3603; x_wconf 87' lang='lat' dir='ltr'>variata</span> <span class='ocrx_word' id='word_1_576' title='bbox 2662 3552 2875 3611; x_wconf 89' lang='lat' dir='ltr'>tamen,</span> <span class='ocrx_word' id='word_1_577' title='bbox 2905 3550 2963 3603; x_wconf 90' lang='lat' dir='ltr'>et</span> <span class='ocrx_word' id='word_1_578' title='bbox 3001 3551 3168 3602; x_wconf 86' lang='lat' dir='ltr'>aucta</span> <span class='ocrx_word' id='word_1_579' title='bbox 3193 3543 3380 3600; x_wconf 87' lang='lat' dir='ltr'>virtua-</span> 
     </span>
     <span class='ocr_line' id='line_1_98' title="bbox 2053 3628 3381 3704; baseline -0.005 -18"><span class='ocrx_word' id='word_1_580' title='bbox 2053 3629 2206 3696; x_wconf 90' lang='lat' dir='ltr'>liter,</span> <span class='ocrx_word' id='word_1_581' title='bbox 2240 3629 2440 3687; x_wconf 89' lang='lat' dir='ltr'>reddat</span> <span class='ocrx_word' id='word_1_582' title='bbox 2462 3629 2778 3704; x_wconf 81' lang='lat' dir='ltr'>subJ&#39;ectum</span> <span class='ocrx_word' id='word_1_583' title='bbox 2805 3629 2989 3703; x_wconf 90' lang='lat' dir='ltr'>magis</span> <span class='ocrx_word' id='word_1_584' title='bbox 3018 3628 3233 3692; x_wconf 91' lang='lat' dir='ltr'>album,</span> <span class='ocrx_word' id='word_1_585' title='bbox 3262 3637 3381 3696; x_wconf 82' lang='lat' dir='ltr'>prae·</span> 
     </span>
     <span class='ocr_line' id='line_1_99' title="bbox 2054 3708 3379 3784; baseline 0.001 -17"><span class='ocrx_word' id='word_1_586' title='bbox 2054 3708 2293 3784; x_wconf 88' lang='lat' dir='ltr'>beatque</span> <span class='ocrx_word' id='word_1_587' title='bbox 2306 3710 2476 3768; x_wconf 90' lang='lat' dir='ltr'>modo</span> <span class='ocrx_word' id='word_1_588' title='bbox 2489 3711 2751 3768; x_wconf 80' lang='lat' dir='ltr'>effectum</span> <span class='ocrx_word' id='word_1_589' title='bbox 2768 3710 3099 3766; x_wconf 82' lang='lat' dir='ltr'>formaliter</span> <span class='ocrx_word' id='word_1_590' title='bbox 3114 3709 3379 3782; x_wconf 77' lang='lat' dir='ltr'>maj0rem.</span> 
     </span>
     <span class='ocr_line' id='line_1_100' title="bbox 2052 3790 3383 3866; baseline -0.008 -16"><span class='ocrx_word' id='word_1_591' title='bbox 2052 3809 2224 3866; x_wconf 88' lang='lat' dir='ltr'>quam</span> <span class='ocrx_word' id='word_1_592' title='bbox 2267 3799 2433 3850; x_wconf 89' lang='lat' dir='ltr'>antea</span> <span class='ocrx_word' id='word_1_593' title='bbox 2476 3792 2791 3865; x_wconf 82' lang='lat' dir='ltr'>praestabat.</span> <span class='ocrx_word' id='word_1_594' title='bbox 2825 3790 3154 3865; x_wconf 88' lang='lat' dir='ltr'>Eodemque</span> <span class='ocrx_word' id='word_1_595' title='bbox 3175 3801 3383 3863; x_wconf 87' lang='lat' dir='ltr'>propor-</span> 
     </span>
     <span class='ocr_line' id='line_1_101' title="bbox 2051 3874 3382 3948; baseline -0.006 -17"><span class='ocrx_word' id='word_1_596' title='bbox 2051 3875 2258 3933; x_wconf 87' lang='lat' dir='ltr'>tionali</span> <span class='ocrx_word' id='word_1_597' title='bbox 2280 3875 2451 3933; x_wconf 89' lang='lat' dir='ltr'>modo</span> <span class='ocrx_word' id='word_1_598' title='bbox 2478 3874 2882 3948; x_wconf 83' lang='lat' dir='ltr'>explicandum</span> <span class='ocrx_word' id='word_1_599' title='bbox 2916 3879 3002 3931; x_wconf 92' lang='lat' dir='ltr'>est</span> <span class='ocrx_word' id='word_1_600' title='bbox 3041 3876 3382 3948; x_wconf 81' lang='lat' dir='ltr'>augmentum</span> 
     </span>
     <span class='ocr_line' id='line_1_102' title="bbox 2051 3950 3385 4031; baseline -0.007 -17"><span class='ocrx_word' id='word_1_601' title='bbox 2051 3957 2389 4031; x_wconf 89' lang='lat' dir='ltr'>quantitatis</span> <span class='ocrx_word' id='word_1_602' title='bbox 2417 3958 2598 4030; x_wconf 89' lang='lat' dir='ltr'>posita</span> <span class='ocrx_word' id='word_1_603' title='bbox 2627 3958 2883 4022; x_wconf 87' lang='lat' dir='ltr'>raritate,</span> <span class='ocrx_word' id='word_1_604' title='bbox 2908 3962 2964 4012; x_wconf 94' lang='lat' dir='ltr'>et</span> <span class='ocrx_word' id='word_1_605' title='bbox 2991 3956 3206 4012; x_wconf 83' lang='lat' dir='ltr'>animae</span> <span class='ocrx_word' id='word_1_606' title='bbox 3234 3950 3385 4009; x_wconf 88' lang='lat' dir='ltr'>ratio-</span> 
     </span>
     <span class='ocr_line' id='line_1_103' title="bbox 2052 4038 3386 4110; baseline -0.006 -14"><span class='ocrx_word' id='word_1_607' title='bbox 2052 4040 2206 4096; x_wconf 91' lang='lat' dir='ltr'>nalis</span> <span class='ocrx_word' id='word_1_608' title='bbox 2228 4039 2373 4096; x_wconf 85' lang='lat' dir='ltr'>facta</span> <span class='ocrx_word' id='word_1_609' title='bbox 2398 4039 2630 4097; x_wconf 81' lang='lat' dir='ltr'>formali</span> <span class='ocrx_word' id='word_1_610' title='bbox 2661 4038 2953 4096; x_wconf 87' lang='lat' dir='ltr'>additione</span> <span class='ocrx_word' id='word_1_611' title='bbox 2985 4053 3058 4095; x_wconf 84' lang='lat' dir='ltr'>ex</span> <span class='ocrx_word' id='word_1_612' title='bbox 3100 4042 3257 4110; x_wconf 85' lang='lat' dir='ltr'>parte</span> <span class='ocrx_word' id='word_1_613' title='bbox 3280 4048 3386 4089; x_wconf 90' lang='lat' dir='ltr'>ma-</span> 
     </span>
     <span class='ocr_line' id='line_1_104' title="bbox 2052 4109 3388 4192; baseline -0.006 -14"><span class='ocrx_word' id='word_1_614' title='bbox 2052 4120 2232 4184; x_wconf 68' lang='lat' dir='ltr'>teriae.</span> <span class='ocrx_word' id='word_1_615' title='bbox 2262 4120 2475 4176; x_wconf 86' lang='lat' dir='ltr'>Anima</span> <span class='ocrx_word' id='word_1_616' title='bbox 2503 4136 2750 4191; x_wconf 89' lang='lat' dir='ltr'>namque</span> <span class='ocrx_word' id='word_1_617' title='bbox 2791 4119 2953 4192; x_wconf 90' lang='lat' dir='ltr'>pueri</span> <span class='ocrx_word' id='word_1_618' title='bbox 2979 4118 3104 4173; x_wconf 83' lang='lat' dir='ltr'>vim</span> <span class='ocrx_word' id='word_1_619' title='bbox 3147 4109 3388 4173; x_wconf 82' lang='lat' dir='ltr'>habetad</span> 
     </span>
     <span class='ocr_line' id='line_1_105' title="bbox 2050 4195 3393 4268; baseline -0.007 -11"><span class='ocrx_word' id='word_1_620' title='bbox 2050 4198 2485 4257; x_wconf 83' lang='lat' dir='ltr'>informandam</span> <span class='ocrx_word' id='word_1_621' title='bbox 2509 4205 2686 4256; x_wconf 88' lang='lat' dir='ltr'>totam</span> <span class='ocrx_word' id='word_1_622' title='bbox 2715 4200 2879 4255; x_wconf 88' lang='lat' dir='ltr'>illam</span> <span class='ocrx_word' id='word_1_623' title='bbox 2902 4198 3228 4260; x_wconf 89' lang='lat' dir='ltr'>materiam,</span> <span class='ocrx_word' id='word_1_624' title='bbox 3252 4195 3393 4268; x_wconf 88' lang='lat' dir='ltr'>cujus</span> 
     </span>
     <span class='ocr_line' id='line_1_106' title="bbox 2050 4278 3391 4353; baseline -0.007 -14"><span class='ocrx_word' id='word_1_625' title='bbox 2050 4298 2227 4353; x_wconf 83' lang='lat' dir='ltr'>capax</span> <span class='ocrx_word' id='word_1_626' title='bbox 2249 4286 2342 4348; x_wconf 23' lang='lat' dir='ltr'>,est</span> <span class='ocrx_word' id='word_1_627' title='bbox 2369 4282 2490 4348; x_wconf 88' lang='lat' dir='ltr'>vir;</span> <span class='ocrx_word' id='word_1_628' title='bbox 2520 4280 2738 4338; x_wconf 81' lang='lat' dir='ltr'>defectu</span> <span class='ocrx_word' id='word_1_629' title='bbox 2775 4285 2969 4337; x_wconf 90' lang='lat' dir='ltr'>tamen</span> <span class='ocrx_word' id='word_1_630' title='bbox 2996 4278 3252 4336; x_wconf 84' lang='lat' dir='ltr'>materiae</span> <span class='ocrx_word' id='word_1_631' title='bbox 3290 4289 3391 4332; x_wconf 90' lang='lat' dir='ltr'>non</span> 
     </span>
     <span class='ocr_line' id='line_1_107' title="bbox 2049 4359 3395 4435; baseline -0.006 -16"><span class='ocrx_word' id='word_1_632' title='bbox 2049 4369 2167 4422; x_wconf 89' lang='lat' dir='ltr'>tota</span> <span class='ocrx_word' id='word_1_633' title='bbox 2211 4364 2330 4421; x_wconf 82' lang='lat' dir='ltr'>haec</span> <span class='ocrx_word' id='word_1_634' title='bbox 2373 4364 2462 4420; x_wconf 89' lang='lat' dir='ltr'>vis</span> <span class='ocrx_word' id='word_1_635' title='bbox 2505 4363 2844 4435; x_wconf 84' lang='lat' dir='ltr'>explicatur,</span> <span class='ocrx_word' id='word_1_636' title='bbox 2899 4360 2997 4418; x_wconf 89' lang='lat' dir='ltr'>sed</span> <span class='ocrx_word' id='word_1_637' title='bbox 3038 4376 3246 4434; x_wconf 89' lang='lat' dir='ltr'>magna</span> <span class='ocrx_word' id='word_1_638' title='bbox 3288 4359 3395 4431; x_wconf 86' lang='lat' dir='ltr'>ejus</span> 
     </span>
     <span class='ocr_line' id='line_1_108' title="bbox 2051 4439 3397 4518; baseline -0.006 -16"><span class='ocrx_word' id='word_1_639' title='bbox 2051 4461 2183 4518; x_wconf 90' lang='lat' dir='ltr'>pars</span> <span class='ocrx_word' id='word_1_640' title='bbox 2202 4446 2366 4518; x_wconf 90' lang='lat' dir='ltr'>quasi</span> <span class='ocrx_word' id='word_1_641' title='bbox 2391 4445 2671 4508; x_wconf 87' lang='lat' dir='ltr'>involuta,</span> <span class='ocrx_word' id='word_1_642' title='bbox 2703 4448 2757 4499; x_wconf 93' lang='lat' dir='ltr'>et</span> <span class='ocrx_word' id='word_1_643' title='bbox 2781 4442 3070 4514; x_wconf 89' lang='lat' dir='ltr'>implicata</span> <span class='ocrx_word' id='word_1_644' title='bbox 3097 4446 3183 4497; x_wconf 91' lang='lat' dir='ltr'>est</span> <span class='ocrx_word' id='word_1_645' title='bbox 3211 4439 3269 4496; x_wconf 90' lang='lat' dir='ltr'>in</span> <span class='ocrx_word' id='word_1_646' title='bbox 3287 4439 3397 4512; x_wconf 82' lang='lat' dir='ltr'>ipsa</span> 
     </span>
     <span class='ocr_line' id='line_1_109' title="bbox 2048 4518 3394 4594; baseline -0.008 -11"><span class='ocrx_word' id='word_1_647' title='bbox 2048 4527 2247 4583; x_wconf 90' lang='lat' dir='ltr'>anima</span> <span class='ocrx_word' id='word_1_648' title='bbox 2274 4550 2287 4583; x_wconf 75' lang='lat' dir='ltr'><strong><em>z</em></strong></span> <span class='ocrx_word' id='word_1_649' title='bbox 2317 4526 2661 4583; x_wconf 83' lang='lat' dir='ltr'>adveniente</span> <span class='ocrx_word' id='word_1_650' title='bbox 2687 4540 2824 4581; x_wconf 80' lang='lat' dir='ltr'>vero</span> <span class='ocrx_word' id='word_1_651' title='bbox 2853 4524 3096 4579; x_wconf 88' lang='lat' dir='ltr'>materia</span> <span class='ocrx_word' id='word_1_652' title='bbox 3117 4537 3222 4594; x_wconf 87' lang='lat' dir='ltr'>per</span> <span class='ocrx_word' id='word_1_653' title='bbox 3246 4518 3394 4577; x_wconf 89' lang='lat' dir='ltr'>addi·</span> 
     </span>
     <span class='ocr_line' id='line_1_110' title="bbox 2048 4602 3394 4676; baseline -0.005 -14"><span class='ocrx_word' id='word_1_654' title='bbox 2048 4607 2265 4664; x_wconf 90' lang='lat' dir='ltr'>tionem</span> <span class='ocrx_word' id='word_1_655' title='bbox 2293 4607 2618 4676; x_wconf 87' lang='lat' dir='ltr'>formalem,</span> <span class='ocrx_word' id='word_1_656' title='bbox 2652 4604 2739 4661; x_wconf 83' lang='lat' dir='ltr'>vis</span> <span class='ocrx_word' id='word_1_657' title='bbox 2773 4604 2874 4661; x_wconf 89' lang='lat' dir='ltr'>illa</span> <span class='ocrx_word' id='word_1_658' title='bbox 2916 4602 3289 4660; x_wconf 84' lang='lat' dir='ltr'>informativa</span> <span class='ocrx_word' id='word_1_659' title='bbox 3311 4615 3394 4657; x_wconf 85' lang='lat' dir='ltr'>ex·</span> 
     </span>
     <span class='ocr_line' id='line_1_111' title="bbox 2047 4685 3394 4761; baseline -0.005 -18"><span class='ocrx_word' id='word_1_660' title='bbox 2047 4688 2314 4760; x_wconf 88' lang='lat' dir='ltr'>plicatur,</span> <span class='ocrx_word' id='word_1_661' title='bbox 2357 4694 2413 4746; x_wconf 92' lang='lat' dir='ltr'>et</span> <span class='ocrx_word' id='word_1_662' title='bbox 2450 4688 2611 4761; x_wconf 90' lang='lat' dir='ltr'>quasi</span> <span class='ocrx_word' id='word_1_663' title='bbox 2649 4687 2958 4753; x_wconf 83' lang='lat' dir='ltr'>evolvitur,</span> <span class='ocrx_word' id='word_1_664' title='bbox 3006 4685 3394 4754; x_wconf 88' lang='lat' dir='ltr'>reduciturque</span> 
     </span>
     <span class='ocr_line' id='line_1_112' title="bbox 2047 4766 3397 4837; baseline -0.007 -10"><span class='ocrx_word' id='word_1_665' title='bbox 2047 4769 2120 4827; x_wconf 91' lang='lat' dir='ltr'>ad</span> <span class='ocrx_word' id='word_1_666' title='bbox 2166 4777 2375 4837; x_wconf 91' lang='lat' dir='ltr'>actum,</span> <span class='ocrx_word' id='word_1_667' title='bbox 2432 4776 2489 4827; x_wconf 92' lang='lat' dir='ltr'>et</span> <span class='ocrx_word' id='word_1_668' title='bbox 2531 4768 2871 4826; x_wconf 86' lang='lat' dir='ltr'>exercitium</span> <span class='ocrx_word' id='word_1_669' title='bbox 2922 4766 3304 4833; x_wconf 85' lang='lat' dir='ltr'>informandi,</span> <span class='ocrx_word' id='word_1_670' title='bbox 3345 4766 3397 4820; x_wconf 87' lang='lat' dir='ltr'>et</span> 
     </span>
     <span class='ocr_line' id='line_1_113' title="bbox 2047 4851 3395 4930; baseline -0.009 -17"><span class='ocrx_word' id='word_1_671' title='bbox 2047 4861 2276 4930; x_wconf 81' lang='lat' dir='ltr'>praestat</span> <span class='ocrx_word' id='word_1_672' title='bbox 2296 4855 2576 4928; x_wconf 85' lang='lat' dir='ltr'>majorem</span> <span class='ocrx_word' id='word_1_673' title='bbox 2597 4853 2858 4911; x_wconf 76' lang='lat' dir='ltr'>effectum</span> <span class='ocrx_word' id='word_1_674' title='bbox 2887 4851 3212 4914; x_wconf 81' lang='lat' dir='ltr'>formalem,</span> <span class='ocrx_word' id='word_1_675' title='bbox 3237 4859 3395 4923; x_wconf 86' lang='lat' dir='ltr'>quam</span> 
     </span>
     <span class='ocr_line' id='line_1_114' title="bbox 2050 4929 3398 5011; baseline -0.009 -16"><span class='ocrx_word' id='word_1_676' title='bbox 2050 4937 2335 5011; x_wconf 80' lang='lat' dir='ltr'>praebebat</span> <span class='ocrx_word' id='word_1_677' title='bbox 2361 4943 2563 5003; x_wconf 89' lang='lat' dir='ltr'>antea;</span> <span class='ocrx_word' id='word_1_678' title='bbox 2593 4936 3006 5010; x_wconf 68' lang='lat' dir='ltr'>aequivaletque</span> <span class='ocrx_word' id='word_1_679' title='bbox 3025 4934 3142 4989; x_wconf 78' lang='lat' dir='ltr'>haec</span> <span class='ocrx_word' id='word_1_680' title='bbox 3165 4929 3398 5002; x_wconf 84' lang='lat' dir='ltr'>explica·</span> 
     </span>
     <span class='ocr_line' id='line_1_115' title="bbox 2046 5008 3393 5076; baseline -0.007 -2"><span class='ocrx_word' id='word_1_681' title='bbox 2046 5019 2127 5076; x_wconf 91' lang='lat' dir='ltr'>tio</span> <span class='ocrx_word' id='word_1_682' title='bbox 2155 5019 2389 5076; x_wconf 85' lang='lat' dir='ltr'>virtutis</span> <span class='ocrx_word' id='word_1_683' title='bbox 2418 5018 2807 5075; x_wconf 79' lang='lat' dir='ltr'>informativae</span> <span class='ocrx_word' id='word_1_684' title='bbox 2847 5015 3124 5073; x_wconf 90' lang='lat' dir='ltr'>additioni</span> <span class='ocrx_word' id='word_1_685' title='bbox 3149 5008 3393 5072; x_wconf 89' lang='lat' dir='ltr'>formali,</span> 
     </span>
    </p>
   </div>
   <div class='ocr_carea' id='block_1_10' title="bbox 3540 3305 3546 3845">
    <p class='ocr_par' dir='ltr' id='par_1_17' title="bbox 3540 3305 3546 3845">
     <span class='ocr_line' id='line_1_116' title="bbox 3540 3305 3546 3845; baseline 0 0"><span class='ocrx_word' id='word_1_686' title='bbox 3540 3305 3546 3845; x_wconf 95' lang='lat' dir='ltr'> </span> 
     </span>
    </p>
   </div>
   <div class='ocr_carea' id='block_1_11' title="bbox 2045 5095 3394 5173">
    <p class='ocr_par' dir='ltr' id='par_1_18' title="bbox 2045 5095 3394 5173">
     <span class='ocr_line' id='line_1_117' title="bbox 2045 5095 3394 5173; baseline -0.007 -15"><span class='ocrx_word' id='word_1_687' title='bbox 2045 5102 2095 5158; x_wconf 85' lang='lat' dir='ltr'>si</span> <span class='ocrx_word' id='word_1_688' title='bbox 2123 5099 2250 5157; x_wconf 89' lang='lat' dir='ltr'>fieri</span> <span class='ocrx_word' id='word_1_689' title='bbox 2275 5105 2476 5173; x_wconf 88' lang='lat' dir='ltr'>posset,</span> <span class='ocrx_word' id='word_1_690' title='bbox 2502 5117 2605 5173; x_wconf 89' lang='lat' dir='ltr'>per</span> <span class='ocrx_word' id='word_1_691' title='bbox 2626 5116 2797 5173; x_wconf 76' lang='lat' dir='ltr'>quam</span> <span class='ocrx_word' id='word_1_692' title='bbox 2830 5113 2979 5154; x_wconf 74' lang='lat' dir='ltr'>nova</span> <span class='ocrx_word' id='word_1_693' title='bbox 3008 5096 3091 5152; x_wconf 82' lang='lat' dir='ltr'>vis</span> <span class='ocrx_word' id='word_1_694' title='bbox 3118 5095 3394 5151; x_wconf 86' lang='lat' dir='ltr'>informa·</span> 
     </span>
    </p>
   </div>
   <div class='ocr_carea' id='block_1_12' title="bbox 3282 5166 3391 5220">
    <p class='ocr_par' dir='ltr' id='par_1_19' title="bbox 3282 5166 3391 5220">
     <span class='ocr_line' id='line_1_118' title="bbox 3282 5166 3391 5220; baseline -0.018 -1"><span class='ocrx_word' id='word_1_695' title='bbox 3282 5166 3391 5220; x_wconf 74' lang='lat' dir='ltr'>tiva</span> 
     </span>
    </p>
   </div>
  </div>
 </body>
</html>
