3647 5753
1459 374 1638 430 DISP.
1683 376 1780 444 IV,
1823 378 1969 434 DUB
2009 382 2077 437 11.

226 575 233 582 -
336 539 521 613 major
549 539 859 613 proporti0,
893 544 988 596 aut
1033 542 1309 613 capacitas
1353 544 1418 600 in
1463 544 1547 601 eis
1577 547 1706 603 exi-

84 2664 146 2705 D.
170 2662 274 2706 Tho.

331 620 506 694 gitur,
562 624 619 674 ut
669 621 887 693 possint
939 621 1249 680 intrinsece
1311 623 1554 683 formari
1603 644 1704 701 per

330 700 691 765 charitatem,
724 706 779 757 et
820 702 1090 759 constitui
1133 702 1204 759 ab
1250 720 1317 761 ea
1364 705 1557 764 media
1596 707 1702 766 hac

331 780 680 838 formatione
744 782 1056 841 intrinsece
1129 786 1458 855 meritorii,
1525 804 1698 861 quam

330 862 479 935 quod
502 863 720 935 possint
751 862 820 919 ad
867 866 989 937 ejus
1034 864 1212 922 finem
1249 867 1575 926 formaliter
1605 886 1700 929 re-

333 943 494 1007 ferri,
520 949 576 1001 et
601 946 856 1001 exerceri
886 952 1117 1019 propter
1144 949 1346 1004 Deum.

404 1027 581 1093 Adde,
602 1029 738 1085 satis
761 1028 1136 1101 probabiliter
1163 1030 1274 1088 dici
1298 1048 1476 1104 posse,
1504 1034 1695 1092 virtu-

328 1119 411 1168 tes
431 1111 751 1184 acquisitaS,
774 1112 996 1185 quoties
1022 1120 1329 1170 moventur
1358 1130 1391 1171 a
1417 1115 1695 1176 charitate

326 1195 397 1252 ad
425 1196 728 1271 agendum,
760 1202 1036 1254 etearum
1065 1203 1219 1253 actus
1271 1196 1342 1254 ab
1380 1213 1447 1254 ea
1502 1200 1693 1274 impe-

324 1284 546 1344 rantur,
578 1281 635 1334 et
672 1277 1087 1346 informantur,
1138 1279 1360 1335 moveri
1403 1279 1601 1350 etiam,
1635 1287 1692 1339 et

320 1361 794 1434 imperari,atque
815 1360 954 1418 adeo
972 1361 1217 1418 formari
1242 1377 1275 1418 a
1298 1364 1550 1436 propriis
1573 1365 1690 1421 vir-

315 1441 532 1498 tutibus
561 1441 768 1498 infusis
795 1446 888 1508 ;et
910 1457 1027 1498 non
1055 1442 1171 1497 nisi
1201 1441 1392 1500 media
1420 1444 1526 1502 hac
1555 1461 1688 1518 pos-

316 1523 516 1579 teriori
583 1523 1013 1589 informatione,
1064 1540 1189 1595 quae
1239 1526 1562 1583 necessario
1600 1532 1687 1583 est

316 1605 794 1677 supernaturalia,
836 1605 1086 1676 recipere
1132 1604 1488 1677 supradictos
1529 1613 1685 1664 actus

317 1685 486 1743 illam
510 1683 957 1761 priorem.Unde
979 1687 1137 1759 prius
1154 1692 1361 1745 natura
1374 1689 1456 1759 (in
1476 1705 1685 1763 genere

313 1783 495 1825 causae
520 1770 861 1839 materialis)
880 1785 1052 1841 quam
1089 1769 1473 1845 intelligimus
1493 1777 1683 1829 actum

312 1866 367 1907 v.
404 1866 458 1925 g.
484 1852 830 1909 humilitatis
857 1851 1143 1923 acquisitae
1165 1852 1475 1909 informari
1497 1853 1684 1910 chari-

314 1936 445 1999 tate,
472 1938 528 1988 et
548 1931 811 1989 ordinari
835 1931 904 1988 ad
925 1932 1047 2004 ejus
1067 1931 1265 1997 tinem,
1297 1933 1681 2007 intelligimus

312 2028 446 2069 eum
487 2011 797 2069 informari
840 2011 1168 2069 humilitate
1208 2012 1419 2078 infusa,
1462 2020 1520 2069 et
1559 2015 1681 2088 ejus

313 2092 594 2167 objectum
654 2094 1091 2166 supernaturale
1158 2094 1458 2166 respicere,
1511 2098 1681 2165 atque

314 2174 454 2233 adeo
474 2174 774 2233 desumere
792 2192 863 2233 ex
890 2192 956 2234 eo
986 2175 1299 2232 bonitatem
1327 2181 1679 2249 supernatu-

315 2257 495 2313 ralem
525 2257 871 2313 humilitatis
901 2257 1104 2313 infusae
1128 2280 1140 2314 :
1168 2261 1223 2313 et
1248 2256 1331 2312 sic
1358 2255 1547 2313 media
1568 2257 1678 2315 ista

311 2341 613 2405 relatione,
646 2345 700 2396 et
722 2339 973 2396 bonitate
1014 2345 1169 2396 actus
1204 2339 1553 2395 humilitatis
1581 2355 1677 2396 ac-

311 2421 534 2493 quisitae
558 2421 1167 2477 remanetsufficienter
1185 2421 1670 2492 proportionatus,

312 2507 372 2556 ut
412 2501 723 2557 intrinsece
769 2502 1005 2572 recipiat
1055 2502 1305 2557 formam
1351 2500 1668 2568 charitatis,

311 2599 436 2654 quae
461 2588 545 2640 est
571 2582 791 2649 relatio,
824 2589 879 2637 et
904 2582 1194 2639 ordinatio
1222 2581 1291 2637 ad
1320 2582 1442 2655 ejus
1468 2581 1667 2641 finem.

308 2667 445 2727 Quae
513 2662 772 2720 doctrina
847 2662 1076 2719 videtur
1139 2678 1260 2720 esse
1325 2664 1388 2718 D.
1461 2661 1665 2721 Thom.

306 2755 488 2822 quaest.
524 2745 633 2800 lde
672 2743 871 2800 Virtut.
920 2751 1030 2800 art.
1098 2745 1178 2808 10,
1230 2743 1326 2799 ubi
1370 2760 1497 2800 cum
1526 2750 1672 2801 esset

305 2831 712 2901 argumentum
764 2824 833 2883 ad
871 2824 1231 2899 probandum
1262 2840 1378 2882 non
1406 2841 1668 2883 necessa-

306 2907 422 2965 rias
449 2923 571 2964 esse
616 2907 857 2963 virtutes
909 2907 1160 2963 morales
1205 2906 1426 2962 infusas
1471 2922 1542 2964 ex
1570 2923 1667 2964 ra-

301 2989 458 3045 tione
504 2988 717 3055 meriti,
762 2986 858 3044 sed
895 2987 1153 3043 sufficere
1199 2984 1273 3042 ad‘
1322 2985 1664 3043 merendum

301 3068 544 3125 virtutes
571 3068 870 3141 acquisitas
901 3082 1014 3122 una
1046 3083 1173 3122 cum
1204 3067 1408 3141 gratia,
1433 3073 1491 3122 et
1526 3067 1663 3124 cha-

301 3151 488 3217 ritate,
541 3151 604 3207 in
661 3150 1032 3224 responsione
1073 3149 1143 3205 ad
1187 3152 1241 3216 4,
1300 3150 1380 3205 ita
1426 3149 1660 3220 inquit:

303 3253 328 3284 α
373 3229 687 3287 Dicendum
725 3229 874 3303 quod
914 3245 1044 3286 cum
1100 3230 1329 3285 nullum
1379 3228 1656 3284 meritum

301 3333 328 3364 α
367 3311 444 3367 sit
480 3312 607 3368 sine
634 3311 928 3374 charitate,
956 3314 1111 3365 actus
1137 3309 1373 3364 virtutis
1407 3307 1659 3379 acquisi-

302 3414 327 3445 «
368 3397 439 3449 tae
466 3408 584 3451 non
612 3399 792 3465 potest
819 3408 940 3449 esse
961 3392 1298 3448 meritorius
1325 3391 1451 3446 sine
1465 3390 1658 3446 chari-

301 3491 326 3524 «
371 3477 486 3529 tate
509 3496 523 3540 ;
547 3489 675 3529 cum
703 3473 979 3529 charitate
1014 3478 1206 3529 autem
1244 3473 1421 3527 simul
1449 3470 1658 3528 infun-

304 3571 330 3604 α
371 3551 589 3608 duntur
613 3553 739 3608 aliae
760 3554 1001 3609 virtutes
1033 3575 1046 3609 :
1078 3552 1230 3609 unde
1250 3558 1404 3610 actus
1425 3552 1656 3611 virtutis

300 3652 325 3682 α
371 3632 653 3704 acquisitae
684 3650 796 3690 non
819 3640 999 3706 potest
1019 3650 1139 3690 esse
1161 3633 1512 3701 meritoriuS‚
1541 3635 1655 3692 nisi

296 3733 323 3766 α
370 3712 659 3771 mediante
680 3715 892 3772 virtute
920 3715 1113 3771 infusa
1137 3739 1151 3782 ;
1184 3731 1320 3770 nam
1342 3715 1530 3771 virtus
1557 3733 1657 3775 or-

298 3817 325 3848 «
367 3794 565 3851 dinata
605 3796 668 3852 in
719 3795 895 3852 finem
950 3798 1312 3864 inferiorem,
1359 3813 1474 3853 non
1521 3798 1656 3856 facit

297 3898 322 3928 α
365 3880 554 3932 actum
594 3875 922 3934 ordinatum
951 3877 1019 3934 ad
1060 3877 1235 3935 finem
1263 3878 1648 3951 superiorem,

298 3979 324 4009 «
366 3956 480 4013 nisi
502 3955 791 4013 mediante
816 3959 1101 4030 superiori
1134 3981 1147 4015 :
1178 3960 1326 4015 sicut
1354 3961 1647 4029 fortitud0,

298 4060 323 4090 α
364 4052 490 4109 quae
526 4041 611 4093 est
660 4037 845 4094 virtus
887 4038 1160 4102 hominis,
1193 4055 1305 4111 qua
1333 4040 1506 4097 homo
1534 4057 1651 4099 non

297 4141 323 4174 α
364 4121 597 4177 ordinat
636 4125 823 4176 actum
869 4136 1037 4175 suum
1080 4120 1147 4176 ad
1189 4120 1405 4178 bonum
1455 4124 1651 4195 politi-

297 4222 322 4252 «
365 4218 516 4266 cum,
549 4201 663 4257 nisi
692 4199 980 4257 mediante
1027 4201 1387 4268 fortitudine,
1419 4220 1544 4276 quae
1568 4211 1652 4262 est

296 4305 321 4336 α
365 4284 551 4341 virtus
577 4283 851 4349 hominiS,
884 4284 945 4338 in
972 4290 1251 4355 quantum
1286 4290 1370 4341 est
1407 4288 1572 4344 civis.
1616 4308 1643 4341 n

290 4365 422 4422 Haec
455 4368 518 4421 D.
545 4364 749 4421 Thom.
784 4363 854 4421 de
897 4362 1104 4436 quibus
1156 4367 1219 4421 in
1265 4368 1532 4425 Tractatu
1581 4369 1649 4427 de

288 4444 579 4503 Charitate
605 4458 797 4501 sermo
819 4443 1048 4501 redibit.

899 4609 1083 4678 (sn.r

287 4715 438 4788 Quid
475 4716 638 4772 obstet
678 4723 869 4771 contra
910 4724 1156 4773 nostram
1201 4720 1554 4787 sententiam,
1596 4726 1647 4775 et

640 4799 902 4875 quomodo
940 4800 1308 4856 solvendum?

359 4909 453 4966 26.
498 4909 771 4974 Quamvis
813 4916 1031 4984 partem
1080 4914 1408 4985 negativam
1439 4918 1647 4971 nostrae

283 4991 584 5049 sententiae
604 4991 904 5053 adversam
934 5009 1084 5049 unus
1114 4999 1356 5060 tantum,
1389 4996 1481 5050 vel
1503 4994 1648 5052 alter

3392 48 3647 294 N

1839 553 2147 609 asseruerit
2175 557 2316 611 'cum
2363 558 2569 631 quibus
2607 561 2779 617 sentit
2808 564 3040 621 Bannez
3066 568 3195 634 22,
3241 582 3398 636 opinio

1836 641 2020 705 quaest.
2049 637 2143 703 24,
2173 647 2282 696 art.
2310 641 2364 704 6,
2395 641 2523 697 dub.
2555 644 2609 708 5,
2640 646 2811 701 concl.
2844 648 2923 712 3),
2968 648 3199 706 videtur
3238 644 3387 729 (ἓξὲξ,

1836 717 2033 772 tamen
2084 717 2250 775 nobis
2296 719 2520 778 obstare
2572 723 2775 780 modus
2820 727 3091 799 loquendi
3126 732 3190 786 D.
3233 735 3430 781 Bannez.

1835 795 2041 857 Thom.
2064 800 2162 872 qui
2186 800 2515 874 frequenter
2535 807 2755 874 asserit,
2788 815 2942 864 actus
2961 816 3198 869 caetera-
3235 784 3398 878 fiiri-⁰21³(

1835 891 1966 933 rum
1994 880 2276 939 virtutum
2307 899 2422 939 non
2449 900 2572 942 esse
2598 889 2927 946 meritorios
2955 891 3068 948 nisi
3099 909 3196 949 ra·
3211 882 3404 976 Dssm·

1833 955 1989 1015 tione
2008 960 2324 1028 charitatiS,
2351 968 2645 1040 totumque
2683 985 2885 1026 eorum
2915 973 3192 1029 meritum
3330 965 3344 977 ⁶

1830 1051 1865 1092 a
1913 1038 2193 1099 charitate
2232 1045 2558 1115 provenire,
2590 1053 2644 1103 et
2698 1049 2767 1106 ad
2818 1067 2948 1107 eam
2997 1052 3191 1109 reduci

1829 1114 2054 1188 debere,
2088 1124 2152 1176 ut
2179 1128 2329 1194 patet
2354 1139 2425 1179 ex
2455 1127 2799 1183 testimoniis
2821 1131 3019 1201 ipsiuS,
3065 1148 3192 1205 quae

1827 1196 1954 1253 dub.
1979 1202 2207 1272 praeced.
2231 1221 2387 1259 num.
2410 1205 2447 1259 3
2472 1209 2792 1264 retulimus
2821 1212 2980 1275 Quod
3001 1212 3050 1266 si
3074 1216 3192 1269 tota

1828 1277 1975 1336 ratio
2002 1282 2197 1338 meriti
2227 1282 2290 1338 in
2327 1283 2654 1358 hujusmodi
2699 1289 2914 1345 actibus
2940 1298 3024 1348 est
3050 1292 3191 1352 cha-

1826 1357 1984 1427 ritas,
2017 1377 2135 1420 non
2186 1362 2481 1422 habebunt
2527 1366 2688 1423 aliud
2742 1371 3037 1438 meritum,
3070 1375 3186 1433 nisi

1821 1440 2099 1498 meritum
2146 1444 2460 1512 charitatis,
2508 1453 2675 1520 atque
2729 1450 2808 1507 ita
2864 1454 3187 1514 extrinsece

1819 1523 2048 1578 tantum
2089 1522 2621 1584 denominabuntur
2668 1531 2953 1588 meritorii
2995 1535 3067 1591 ‘ab
3094 1552 3187 1596 eo-

1819 1599 1950 1658 dem
1999 1620 2242 1664 numero
2282 1609 2511 1678 merito,
2541 1612 2685 1683 quod
2727 1619 2813 1670 est
2851 1615 2913 1672 in
2965 1618 3186 1675 actibus

1816 1682 2135 1743 charitatis.

1891 1759 1961 1815 Et
1985 1760 2320 1820 confirmari
2344 1768 2523 1837 potest
2548 1781 2620 1822 ex
2643 1766 2844 1825 eodem
2867 1775 3014 1844 Aug.
3038 1774 3182 1830 Doc-
3211 1777 3373 1823 conar-

1815 1841 1941 1895 tore
1971 1860 1986 1895 :
2016 1858 2153 1898 nam
2181 1843 2301 1915 ipse
2339 1846 2356 1899 l
2379 1852 2531 1917 part.
2561 1856 2739 1919 quaest.
2774 1850 2864 1917 95,
2897 1859 3007 1909 art.
3033 1854 3087 1917 4,
3127 1855 3175 1920 l,
3212 1833 3362 1873 mm·

1814 1920 1892 1975 ad
1914 1920 2166 1981 Corinth.
2200 1927 2254 1994 3,
2288 1926 2408 1983 lect.
2433 1929 2490 1994 2,
2519 1929 2758 2004 aliisque
2800 1932 2864 1988 in
2892 1933 3029 1989 locis
3055 1935 3179 1992 dis-

1815 2001 2026 2077 tinguit
2054 2005 2117 2062 in
2147 2007 2358 2064 nostris
2380 2007 2597 2066 actibus
2625 2011 2836 2085 duplex
2857 2015 3133 2073 meritum
3162 2039 3176 2074 :

1814 2083 1973 2139 aliud
2021 2087 2244 2159 praemii
2294 2091 2635 2160 essentialis,
2663 2098 2718 2149 et
2746 2095 2904 2150 aliud
2947 2098 3179 2168 praemii

1812 2166 2176 2224 accidentalis
2207 2190 2219 2225 :
2252 2174 2307 2227 et
2336 2172 2496 2242 prius
2543 2174 2690 2231 illud
2737 2176 2875 2233 dicit
2915 2178 3184 2237 tribuen-

1811 2244 1950 2302 dum
1979 2262 2100 2305 esse
2122 2248 2408 2316 charitati,
2443 2255 2726 2324 posterius
2766 2272 2904 2314 vero
2941 2259 3182 2330 quanti-

1809 2327 1914 2383 tati
1959 2329 2167 2400 operis,
2198 2330 2321 2386 sive
2366 2332 2534 2403 (quod
2578 2334 2733 2392 idem
2783 2342 2888 2401 est)
2935 2338 3176 2396 bonitati

1809 2411 1966 2462 actus
1986 2409 2257 2465 moralis:
2285 2426 2421 2484 ergo
2446 2421 2697 2485 respectu
2720 2418 2949 2488 praemii
2978 2434 3177 2477 essen-

1809 2485 1984 2555 tialis,
2017 2488 2089 2545 de
2122 2491 2280 2564 cujus
2322 2492 2530 2549 merito
2577 2495 2670 2551 hic
2710 2513 2814 2553 nos
2854 2497 3168 2571 loquimur,

1808 2567 2038 2624 nullum
2062 2569 2220 2626 aliud
2243 2570 2517 2628 meritum
2565 2575 2801 2633 attribui
2831 2586 3012 2651 potest
3035 2596 3172 2638 nos-

1806 2650 1913 2706 tris
1941 2651 2178 2719 actibus,
2205 2652 2316 2710 nisi
2347 2656 2623 2713 meritum
2646 2659 2961 2720 charitatis,

1878 2732 2275 2804 Respondetur
2313 2751 2385 2792 ex
2429 2736 2538 2804 his,
2578 2743 2636 2794 et
2687 2741 2818 2796 aliis
2855 2745 2919 2798 D.
2957 2744 3164 2800 Thom.
3206 2752 3355 2805 Expu-

1801 2812 2151 2869 testimoniis
2191 2813 2250 2868 id
2289 2818 2479 2873 solum
2524 2818 2740 2885 haberi,
2773 2822 2923 2895 quod
2958 2839 3061 2881 nos
3090 2807 3369 2896 Ιί-ιὲξιῗξξξ.

1801 2892 2002 2952 beuter
2022 2899 2404 2969 concedimus,
2436 2901 2653 2958 scilicet
2677 2909 2858 2961 totum
2890 2907 3163 2963 meritum
3178 2900 3352 2996 rffimlssi

1799 2983 2133 3039 nostrorum
2177 2986 2405 3038 actuum
2443 2991 2695 3056 respectu
2720 2990 3164 3058 praemiiessen·
3357 2985 3369 2997 ”

1797 3058 1976 3125 tialis,
2001 3076 2034 3116 a
2059 3061 2337 3118 charitate
2375 3068 2650 3136 tanquam
2700 3082 2730 3122 a
2773 3069 2994 3125 ratione
3037 3069 3162 3126 for-

1796 3138 1960 3203 mali,
2013 3140 2105 3196 vel
2155 3146 2427 3212 tanquam
2477 3160 2510 3199 a
2558 3145 2746 3202 radice
2804 3149 3160 3218 provenire:

1794 3217 1944 3289 quod
1994 3234 2130 3276 vero
2179 3221 2509 3293 hujusmodi
2561 3226 2858 3293 meritum,
2926 3228 3076 3300 quod
3127 3247 3162 3288 a

1792 3297 2072 3355 charitate
2093 3299 2175 3356 sic
2219 3302 2486 3371 provenit
2531 3304 2595 3359 in
2647 3305 2864 3363 actibus
2905 3308 3160 3368 aliarum

1794 3379 2096 3445 virtutum,
2125 3396 2242 3437 non
2258 3382 2333 3437 sit
2355 3380 2689 3442 distinctum
2713 3405 2745 3444 a
2766 3391 2992 3455 merito,
3007 3393 3159 3464 quod

1790 3464 1878 3516 est
1920 3460 1985 3516 in
2019 3460 2160 3532 ipsis
2195 3460 2410 3518 actibus
2457 3465 2768 3532 charitatis,
2802 3484 2873 3526 ex
2900 3469 3159 3530 adductis

1790 3541 2155 3609 testimoniis,
2175 3547 2231 3600 et
2255 3559 2327 3600 ex
2348 3546 2517 3604 modo
2538 3548 2808 3621 loquendi
2842 3552 2902 3606 D.
2938 3553 3148 3611 Thom.

1790 3636 2148 3696 nequaquam
2169 3623 2486 3694 deducitur,
2512 3628 2609 3685 sed
2652 3632 2837 3702 potius
2859 3634 3155 3708 colligitur

1788 3705 2131 3775 oppositum.
2189 3706 2301 3761 Pro
2345 3723 2457 3779 quo
2511 3715 2663 3775 nota,
2714 3711 2861 3784 quod
2911 3715 3153 3772 nomine

1786 3784 2080 3841 charitatis
2118 3787 2456 3861 quandoque
2500 3790 2857 3864 significatur
2888 3794 2967 3862 id,
2999 3797 3152 3869 quod

1785 3869 1872 3921 est
1933 3865 2284 3931 formaliter,
2335 3874 2393 3925 et
2434 3871 2820 3930 essentialiter
2873 3875 3146 3943 charitas,

1785 3959 1993 4017 nempe
2044 3950 2200 4002 actus
2249 3947 2474 4003 elicitus
2532 3950 2672 4023 ejus,
2730 3957 2821 4011 vel
2875 3955 3105 4012 habitus
3131 3981 3146 4022 ς

1782 4024 2120 4098 quandoque
2147 4041 2284 4083 vero
2311 4027 2369 4083 id
2395 4027 2544 4101 quod
2584 4037 2668 4087 est
2713 4032 2962 4092 charitas
2982 4036 3147 4108 quasi

1782 4106 2126 4175 virtualiter,
2151 4112 2209 4163 et
2235 4110 2650 4183 participative,
2682 4114 2895 4173 scilicet
2940 4115 3147 4173 relatio

1782 4183 1902 4254 illa,
1936 4186 2026 4242 vel
2073 4186 2295 4254 modus,
2346 4206 2515 4263 quem
2560 4192 2809 4250 charitas
2850 4196 3145 4269 imprimit

1781 4264 1914 4321 aliis
1935 4267 2264 4336 virtutibuS,
2298 4275 2354 4326 et
2398 4287 2600 4328 earum
2648 4273 2882 4344 actibus,
2917 4278 3143 4334 ratione

1780 4347 1939 4421 qu'us
1978 4348 2289 4409 intrinsece
2337 4353 2680 4421 formantur,
2706 4362 2762 4412 et
2788 4358 3143 4416 ordinantur

1780 4427 1851 4485 ad
1876 4428 1997 4501 ejus
2022 4428 2221 4489 finem.
2253 4434 2318 4488 In
2345 4435 2598 4505 qualibet
2624 4454 2757 4512 ergo
2784 4454 2855 4494 ex
2901 4440 3027 4497 istis
3057 4443 3143 4500 si-

1776 4509 2240 4583 gnificationibus
2277 4514 2526 4572 charitas
2554 4519 2884 4590 accipiatur,
2909 4539 3144 4598 semper

1778 4594 1862 4645 est
1883 4606 2109 4658 verum,
2141 4592 2291 4665 quod
2313 4601 2468 4651 actus
2488 4602 2824 4655 caeterarum
2852 4602 3141 4664 virtutum

1779 4685 1898 4727 non
1917 4675 2051 4727 sunt
2072 4672 2380 4741 meritorii,
2411 4676 2523 4732 nisi
2555 4680 2777 4737 ratione
2816 4684 3142 4744 charitatis.

1777 4752 1964 4809 Aliter
2010 4758 2224 4822 tamen,
2266 4761 2323 4811 et
2362 4758 2531 4814 aliter
2565 4781 2578 4816 ε
2611 4778 2746 4818 nam
2804 4764 2853 4819 si
2904 4770 3146 4827 nomine

1777 4833 2075 4891 charitatis
2104 4835 2463 4911 intelligatur
2503 4846 2659 4897 actus
2691 4844 2831 4916 ejus,
2860 4850 2951 4904 vel
2975 4849 3146 4907 habi-

1777 4919 1889 4979 tus,
1923 4919 2057 4971 tunc
2080 4921 2234 4972 actus
2256 4916 2508 4989 praedicti
2538 4921 2751 4978 habent
2778 4923 2848 4980 ab
2874 4942 2958 4991 ea,
2994 4930 3146 5002 quod

1776 4995 1896 5051 sint
1918 4996 2226 5062 meritorii,
2259 5013 2375 5053 non
2417 5002 2690 5072 tanquam
2721 5020 2750 5059 a
2777 5007 2999 5064 ratione
3023 5011 3151 5067 for-

3103 397 3210 454 731
