<?xml version="1.0" encoding="UTF-8"?>
<!DOCTYPE html PUBLIC "-//W3C//DTD XHTML 1.0 Transitional//EN"
    "http://www.w3.org/TR/xhtml1/DTD/xhtml1-transitional.dtd">
<html xmlns="http://www.w3.org/1999/xhtml" xml:lang="en" lang="en">
 <head>
  <title>
</title>
<meta http-equiv="Content-Type" content="text/html;charset=utf-8" />
  <meta name='ocr-system' content='tesseract 3.04.00' />
  <meta name='ocr-capabilities' content='ocr_page ocr_carea ocr_par ocr_line ocrx_word'/>
</head>
<body>
  <div class='ocr_page' id='page_1' title='image "./collegiisalmant00carmgoog_0211.png"; bbox 0 0 3647 5753; ppageno 0'>
   <div class='ocr_carea' id='block_1_1' title="bbox 1375 454 3116 523">
    <p class='ocr_par' dir='ltr' id='par_1_1' title="bbox 1375 454 3116 523">
     <span class='ocr_line' id='line_1_1' title="bbox 1375 454 3116 523; baseline -0.001 -12"><span class='ocrx_word' id='word_1_1' title='bbox 1375 454 1552 511; x_wconf 85' lang='lat' dir='ltr'><strong>DISP.</strong></span> <span class='ocrx_word' id='word_1_2' title='bbox 1596 455 1716 523; x_wconf 81' lang='lat' dir='ltr'><strong>vn,</strong></span> <span class='ocrx_word' id='word_1_3' title='bbox 1762 455 1930 511; x_wconf 90' lang='lat' dir='ltr'><strong>DUB.</strong></span> <span class='ocrx_word' id='word_1_4' title='bbox 1973 455 2068 512; x_wconf 88' lang='lat' dir='ltr'><strong>IV.</strong></span> <span class='ocrx_word' id='word_1_5' title='bbox 3012 454 3116 511; x_wconf 81' lang='lat'><strong>189</strong></span> 
     </span>
    </p>
   </div>
   <div class='ocr_carea' id='block_1_2' title="bbox 133 624 1614 5074">
    <p class='ocr_par' dir='ltr' id='par_1_2' title="bbox 212 624 1614 2151">
     <span class='ocr_line' id='line_1_2' title="bbox 228 624 1609 699; baseline 0.001 -19"><span class='ocrx_word' id='word_1_6' title='bbox 228 625 503 681; x_wconf 83' lang='lat' dir='ltr'><strong>tellectus</strong></span> <span class='ocrx_word' id='word_1_7' title='bbox 534 632 883 699; x_wconf 82' lang='lat' dir='ltr'><strong>praesentare</strong></span> <span class='ocrx_word' id='word_1_8' title='bbox 909 627 1191 683; x_wconf 84' lang='lat' dir='ltr'><strong>voluntati</strong></span> <span class='ocrx_word' id='word_1_9' title='bbox 1218 624 1453 699; x_wconf 80' lang='lat' dir='ltr'><strong>aliquod</strong></span> <span class='ocrx_word' id='word_1_10' title='bbox 1479 641 1609 682; x_wconf 88' lang='lat' dir='ltr'><strong>mo·-</strong></span> 
     </span>
     <span class='ocr_line' id='line_1_3' title="bbox 226 704 1613 780; baseline 0.002 -21"><span class='ocrx_word' id='word_1_11' title='bbox 226 704 447 771; x_wconf 82' lang='lat' dir='ltr'><strong>tivum,</strong></span> <span class='ocrx_word' id='word_1_12' title='bbox 497 714 738 780; x_wconf 89' lang='lat' dir='ltr'><strong>propter</strong></span> <span class='ocrx_word' id='word_1_13' title='bbox 776 706 920 779; x_wconf 90' lang='lat' dir='ltr'><strong>quod</strong></span> <span class='ocrx_word' id='word_1_14' title='bbox 969 706 1300 780; x_wconf 80' lang='lat' dir='ltr'><strong>praedictum</strong></span> <span class='ocrx_word' id='word_1_15' title='bbox 1329 704 1613 780; x_wconf 86' lang='lat' dir='ltr'><strong>objectum</strong></span> 
     </span>
     <span class='ocr_line' id='line_1_4' title="bbox 228 784 1614 859; baseline 0.001 -17"><span class='ocrx_word' id='word_1_16' title='bbox 228 792 494 859; x_wconf 86' lang='lat' dir='ltr'><strong>respuat,</strong></span> <span class='ocrx_word' id='word_1_17' title='bbox 527 789 628 845; x_wconf 87' lang='lat' dir='ltr'><strong>vel</strong></span> <span class='ocrx_word' id='word_1_18' title='bbox 657 787 785 845; x_wconf 90' lang='lat' dir='ltr'><strong>odio</strong></span> <span class='ocrx_word' id='word_1_19' title='bbox 822 787 1045 844; x_wconf 87' lang='lat' dir='ltr'><strong>habeat.</strong></span> <span class='ocrx_word' id='word_1_20' title='bbox 1078 785 1242 843; x_wconf 87' lang='lat' dir='ltr'>Unde</span> <span class='ocrx_word' id='word_1_21' title='bbox 1287 801 1417 843; x_wconf 92' lang='lat' dir='ltr'><strong>cum</strong></span> <span class='ocrx_word' id='word_1_22' title='bbox 1446 784 1614 844; x_wconf 83' lang='lat' dir='ltr'>radix</span> 
     </span>
     <span class='ocr_line' id='line_1_5' title="bbox 227 866 1612 941; baseline 0 -18"><span class='ocrx_word' id='word_1_23' title='bbox 227 866 531 924; x_wconf 78' lang='lat' dir='ltr'><strong>libertatis</strong></span> <span class='ocrx_word' id='word_1_24' title='bbox 550 868 630 924; x_wconf 88' lang='lat' dir='ltr'><strong>sit</strong></span> <span class='ocrx_word' id='word_1_25' title='bbox 652 867 1037 925; x_wconf 79' lang='lat' dir='ltr'><strong>indifferentia</strong></span> <span class='ocrx_word' id='word_1_26' title='bbox 1058 866 1260 941; x_wconf 85' lang='lat' dir='ltr'><strong>judicii</strong></span> <span class='ocrx_word' id='word_1_27' title='bbox 1292 882 1612 940; x_wconf 65' lang='lat' dir='ltr'><strong>repraesen-</strong></span> 
     </span>
     <span class='ocr_line' id='line_1_6' title="bbox 220 946 1605 1016; baseline -0.001 -13"><span class='ocrx_word' id='word_1_28' title='bbox 220 947 409 1003; x_wconf 84' lang='lat' dir='ltr'><strong>tantis</strong></span> <span class='ocrx_word' id='word_1_29' title='bbox 424 948 955 1016; x_wconf 89' lang='lat' dir='ltr'><strong>unum,etalterum</strong></span> <span class='ocrx_word' id='word_1_30' title='bbox 971 946 1252 1005; x_wconf 75' lang='lat' dir='ltr'><strong>libertatis</strong></span> <span class='ocrx_word' id='word_1_31' title='bbox 1266 952 1605 1013; x_wconf 84' lang='lat' dir='ltr'><strong>extremum,</strong></span> 
     </span>
     <span class='ocr_line' id='line_1_7' title="bbox 215 1026 1610 1101; baseline 0 -19"><span class='ocrx_word' id='word_1_32' title='bbox 215 1027 496 1100; x_wconf 86' lang='lat' dir='ltr'><strong>sequitur</strong></span> <span class='ocrx_word' id='word_1_33' title='bbox 511 1028 870 1085; x_wconf 82' lang='lat' dir='ltr'><strong>voluntatem</strong></span> <span class='ocrx_word' id='word_1_34' title='bbox 887 1043 1002 1085; x_wconf 91' lang='lat' dir='ltr'><strong>non</strong></span> <span class='ocrx_word' id='word_1_35' title='bbox 1017 1043 1140 1085; x_wconf 89' lang='lat' dir='ltr'><strong>esse</strong></span> <span class='ocrx_word' id='word_1_36' title='bbox 1156 1028 1402 1085; x_wconf 82' lang='lat' dir='ltr'><strong>liberam</strong></span> <span class='ocrx_word' id='word_1_37' title='bbox 1423 1026 1610 1101; x_wconf 89' lang='lat' dir='ltr'><strong>quoad</strong></span> 
     </span>
     <span class='ocr_line' id='line_1_8' title="bbox 213 1107 1609 1180; baseline 0.002 -18"><span class='ocrx_word' id='word_1_38' title='bbox 213 1107 481 1180; x_wconf 87' lang='lat' dir='ltr'><strong>speciem</strong></span> <span class='ocrx_word' id='word_1_39' title='bbox 536 1109 602 1164; x_wconf 90' lang='lat' dir='ltr'><strong>in</strong></span> <span class='ocrx_word' id='word_1_40' title='bbox 648 1124 842 1165; x_wconf 86' lang='lat' dir='ltr'><strong>amore</strong></span> <span class='ocrx_word' id='word_1_41' title='bbox 869 1108 1005 1165; x_wconf 90' lang='lat' dir='ltr'><strong>boni</strong></span> <span class='ocrx_word' id='word_1_42' title='bbox 1053 1109 1117 1164; x_wconf 93' lang='lat' dir='ltr'><strong>in</strong></span> <span class='ocrx_word' id='word_1_43' title='bbox 1146 1109 1474 1176; x_wconf 87' lang='lat' dir='ltr'><strong>communi;</strong></span> <span class='ocrx_word' id='word_1_44' title='bbox 1509 1108 1609 1165; x_wconf 91' lang='lat' dir='ltr'><strong>sed</strong></span> 
     </span>
     <span class='ocr_line' id='line_1_9' title="bbox 219 1189 1610 1263; baseline 0 -17"><span class='ocrx_word' id='word_1_45' title='bbox 219 1189 373 1246; x_wconf 88' lang='lat' dir='ltr'><strong>illud</strong></span> <span class='ocrx_word' id='word_1_46' title='bbox 417 1189 504 1246; x_wconf 92' lang='lat' dir='ltr'><strong>ita</strong></span> <span class='ocrx_word' id='word_1_47' title='bbox 556 1189 876 1247; x_wconf 88' lang='lat' dir='ltr'><strong>necessario</strong></span> <span class='ocrx_word' id='word_1_48' title='bbox 919 1207 1139 1255; x_wconf 86' lang='lat' dir='ltr'><strong>amare,</strong></span> <span class='ocrx_word' id='word_1_49' title='bbox 1171 1190 1322 1262; x_wconf 90' lang='lat' dir='ltr'><strong>quod</strong></span> <span class='ocrx_word' id='word_1_50' title='bbox 1368 1195 1610 1263; x_wconf 85' lang='lat' dir='ltr'><strong>nequeat</strong></span> 
     </span>
     <span class='ocr_line' id='line_1_10' title="bbox 218 1271 1598 1344; baseline 0.001 -16"><span class='ocrx_word' id='word_1_51' title='bbox 218 1271 496 1328; x_wconf 87' lang='lat' dir='ltr'><strong>absolute</strong></span> <span class='ocrx_word' id='word_1_52' title='bbox 535 1272 728 1344; x_wconf 90' lang='lat' dir='ltr'><strong>ipsum</strong></span> <span class='ocrx_word' id='word_1_53' title='bbox 758 1271 961 1328; x_wconf 88' lang='lat' dir='ltr'><strong>odisse.</strong></span> <span class='ocrx_word' id='word_1_54' title='bbox 988 1273 1291 1329; x_wconf 85' lang='lat' dir='ltr'><strong>Auxilium</strong></span> <span class='ocrx_word' id='word_1_55' title='bbox 1320 1287 1460 1329; x_wconf 76' lang='lat' dir='ltr'><strong>,vero</strong></span> <span class='ocrx_word' id='word_1_56' title='bbox 1479 1271 1598 1329; x_wconf 81' lang='lat' dir='ltr'><strong>effi-</strong></span> 
     </span>
     <span class='ocr_line' id='line_1_11' title="bbox 214 1352 1602 1428; baseline -0.001 -17"><span class='ocrx_word' id='word_1_57' title='bbox 214 1370 323 1411; x_wconf 86' lang='lat' dir='ltr'><strong>cax</strong></span> <span class='ocrx_word' id='word_1_58' title='bbox 370 1354 454 1410; x_wconf 83' lang='lat' dir='ltr'><strong>ita</strong></span> <span class='ocrx_word' id='word_1_59' title='bbox 500 1353 854 1410; x_wconf 82' lang='lat' dir='ltr'><strong>determinat</strong></span> <span class='ocrx_word' id='word_1_60' title='bbox 876 1353 1175 1411; x_wconf 84' lang='lat' dir='ltr'><strong>efficaciter</strong></span> <span class='ocrx_word' id='word_1_61' title='bbox 1197 1352 1267 1410; x_wconf 90' lang='lat' dir='ltr'><strong>ad</strong></span> <span class='ocrx_word' id='word_1_62' title='bbox 1296 1353 1602 1428; x_wconf 83' lang='lat' dir='ltr'><strong>agendum,</strong></span> 
     </span>
     <span class='ocr_line' id='line_1_12' title="bbox 212 1432 1602 1508; baseline 0 -18"><span class='ocrx_word' id='word_1_63' title='bbox 212 1434 375 1508; x_wconf 90' lang='lat' dir='ltr'><strong>quod</strong></span> <span class='ocrx_word' id='word_1_64' title='bbox 430 1450 544 1491; x_wconf 84' lang='lat' dir='ltr'><strong>nec</strong></span> <span class='ocrx_word' id='word_1_65' title='bbox 596 1434 821 1492; x_wconf 83' lang='lat' dir='ltr'><strong>auferat</strong></span> <span class='ocrx_word' id='word_1_66' title='bbox 870 1433 1326 1491; x_wconf 80' lang='lat' dir='ltr'><strong>indifferentiam</strong></span> <span class='ocrx_word' id='word_1_67' title='bbox 1374 1432 1602 1507; x_wconf 83' lang='lat' dir='ltr'><strong>judicii,</strong></span> 
     </span>
     <span class='ocr_line' id='line_1_13' title="bbox 218 1513 1606 1587; baseline -0.001 -17"><span class='ocrx_word' id='word_1_68' title='bbox 218 1529 325 1571; x_wconf 84' lang='lat' dir='ltr'><strong>nec</strong></span> <span class='ocrx_word' id='word_1_69' title='bbox 348 1515 524 1571; x_wconf 88' lang='lat' dir='ltr'><strong>tollat</strong></span> <span class='ocrx_word' id='word_1_70' title='bbox 547 1519 883 1586; x_wconf 86' lang='lat' dir='ltr'><strong>potestatem</strong></span> <span class='ocrx_word' id='word_1_71' title='bbox 906 1513 976 1570; x_wconf 88' lang='lat' dir='ltr'><strong>ad</strong></span> <span class='ocrx_word' id='word_1_72' title='bbox 1004 1514 1327 1587; x_wconf 88' lang='lat' dir='ltr'><strong>oppositum</strong></span> <span class='ocrx_word' id='word_1_73' title='bbox 1352 1513 1414 1576; x_wconf 87' lang='lat' dir='ltr'><strong>in</strong></span> <span class='ocrx_word' id='word_1_74' title='bbox 1435 1530 1606 1571; x_wconf 86' lang='lat' dir='ltr'><strong>sensu</strong></span> 
     </span>
     <span class='ocr_line' id='line_1_14' title="bbox 213 1593 1607 1668; baseline 0 -18"><span class='ocrx_word' id='word_1_75' title='bbox 213 1593 453 1652; x_wconf 86' lang='lat' dir='ltr'><strong>diviso:</strong></span> <span class='ocrx_word' id='word_1_76' title='bbox 486 1611 618 1668; x_wconf 79' lang='lat' dir='ltr'><strong>quae</strong></span> <span class='ocrx_word' id='word_1_77' title='bbox 655 1594 769 1652; x_wconf 92' lang='lat' dir='ltr'><strong>duo</strong></span> <span class='ocrx_word' id='word_1_78' title='bbox 807 1595 1114 1660; x_wconf 87' lang='lat' dir='ltr'><strong>sufficiunt,</strong></span> <span class='ocrx_word' id='word_1_79' title='bbox 1146 1600 1204 1650; x_wconf 91' lang='lat' dir='ltr'><strong>et</strong></span> <span class='ocrx_word' id='word_1_80' title='bbox 1230 1593 1607 1667; x_wconf 90' lang='lat' dir='ltr'><strong>requiruntur</strong></span> 
     </span>
     <span class='ocr_line' id='line_1_15' title="bbox 218 1675 1600 1750; baseline 0.001 -18"><span class='ocrx_word' id='word_1_81' title='bbox 218 1676 291 1742; x_wconf 88' lang='lat' dir='ltr'><strong>ad</strong></span> <span class='ocrx_word' id='word_1_82' title='bbox 333 1676 700 1740; x_wconf 88' lang='lat' dir='ltr'><strong>libertatem,</strong></span> <span class='ocrx_word' id='word_1_83' title='bbox 748 1682 809 1733; x_wconf 88' lang='lat' dir='ltr'><strong>ut</strong></span> <span class='ocrx_word' id='word_1_84' title='bbox 853 1693 1028 1750; x_wconf 90' lang='lat' dir='ltr'><strong>supra</strong></span> <span class='ocrx_word' id='word_1_85' title='bbox 1065 1675 1323 1732; x_wconf 83' lang='lat' dir='ltr'><strong>diximus</strong></span> <span class='ocrx_word' id='word_1_86' title='bbox 1348 1679 1379 1746; x_wconf 65' lang='lat' dir='ltr'><strong>g</strong></span> <span class='ocrx_word' id='word_1_87' title='bbox 1407 1677 1442 1731; x_wconf 88' lang='lat'>3</span> <span class='ocrx_word' id='word_1_88' title='bbox 1468 1681 1523 1733; x_wconf 90' lang='lat' dir='ltr'><strong>et</strong></span> <span class='ocrx_word' id='word_1_89' title='bbox 1545 1680 1600 1733; x_wconf 87' lang='lat'><strong>7.</strong></span> 
     </span>
     <span class='ocr_line' id='line_1_16' title="bbox 220 1755 1606 1830; baseline 0 -17"><span class='ocrx_word' id='word_1_90' title='bbox 220 1755 391 1814; x_wconf 80' lang='lat' dir='ltr'><strong>Unde</strong></span> <span class='ocrx_word' id='word_1_91' title='bbox 419 1757 770 1830; x_wconf 80' lang='lat' dir='ltr'><strong>praedictum</strong></span> <span class='ocrx_word' id='word_1_92' title='bbox 801 1758 1087 1813; x_wconf 86' lang='lat' dir='ltr'><strong>auxilium</strong></span> <span class='ocrx_word' id='word_1_93' title='bbox 1136 1772 1254 1814; x_wconf 90' lang='lat' dir='ltr'><strong>non</strong></span> <span class='ocrx_word' id='word_1_94' title='bbox 1301 1756 1482 1813; x_wconf 88' lang='lat' dir='ltr'><strong>infert</strong></span> <span class='ocrx_word' id='word_1_95' title='bbox 1509 1773 1606 1813; x_wconf 90' lang='lat' dir='ltr'><strong>ac-</strong></span> 
     </span>
     <span class='ocr_line' id='line_1_17' title="bbox 221 1835 1606 1901; baseline 0 -9"><span class='ocrx_word' id='word_1_96' title='bbox 221 1842 347 1892; x_wconf 88' lang='lat' dir='ltr'><strong>tum</strong></span> <span class='ocrx_word' id='word_1_97' title='bbox 370 1837 705 1894; x_wconf 87' lang='lat' dir='ltr'><strong>necessario</strong></span> <span class='ocrx_word' id='word_1_98' title='bbox 729 1836 1057 1893; x_wconf 81' lang='lat' dir='ltr'><strong>necessitate</strong></span> <span class='ocrx_word' id='word_1_99' title='bbox 1078 1835 1357 1901; x_wconf 89' lang='lat' dir='ltr'><strong>absoluta,</strong></span> <span class='ocrx_word' id='word_1_100' title='bbox 1389 1841 1446 1892; x_wconf 91' lang='lat' dir='ltr'><strong>et</strong></span> <span class='ocrx_word' id='word_1_101' title='bbox 1465 1835 1606 1892; x_wconf 90' lang='lat' dir='ltr'><strong>sim-</strong></span> 
     </span>
     <span class='ocr_line' id='line_1_18' title="bbox 224 1916 1605 1990; baseline 0 -17"><span class='ocrx_word' id='word_1_102' title='bbox 224 1917 458 1990; x_wconf 88' lang='lat' dir='ltr'><strong>pliciter</strong></span> <span class='ocrx_word' id='word_1_103' title='bbox 513 1916 895 1983; x_wconf 83' lang='lat' dir='ltr'><strong>antecedenti,</strong></span> <span class='ocrx_word' id='word_1_104' title='bbox 950 1916 1050 1972; x_wconf 87' lang='lat' dir='ltr'><strong>sed</strong></span> <span class='ocrx_word' id='word_1_105' title='bbox 1095 1917 1217 1974; x_wconf 89' lang='lat' dir='ltr'><strong>sola</strong></span> <span class='ocrx_word' id='word_1_106' title='bbox 1269 1917 1605 1973; x_wconf 83' lang='lat' dir='ltr'><strong>necessitate</strong></span> 
     </span>
     <span class='ocr_line' id='line_1_19' title="bbox 226 1996 1604 2069; baseline 0 -16"><span class='ocrx_word' id='word_1_107' title='bbox 226 1997 681 2059; x_wconf 76' lang='lat' dir='ltr'><strong>infallibilitatis</strong></span> <span class='ocrx_word' id='word_1_108' title='bbox 718 2002 1097 2069; x_wconf 86' lang='lat' dir='ltr'><strong>consequente</strong></span> <span class='ocrx_word' id='word_1_109' title='bbox 1125 2002 1383 2054; x_wconf 87' lang='lat' dir='ltr'><strong>nostram</strong></span> <span class='ocrx_word' id='word_1_110' title='bbox 1412 1996 1604 2054; x_wconf 87' lang='lat' dir='ltr'><strong>deter-</strong></span> 
     </span>
     <span class='ocr_line' id='line_1_20' title="bbox 226 2078 1359 2151; baseline -0.001 -15"><span class='ocrx_word' id='word_1_111' title='bbox 226 2078 626 2137; x_wconf 87' lang='lat' dir='ltr'><strong>minationem</strong></span> <span class='ocrx_word' id='word_1_112' title='bbox 656 2085 711 2135; x_wconf 88' lang='lat' dir='ltr'><strong>ul</strong></span> <span class='ocrx_word' id='word_1_113' title='bbox 744 2079 1117 2151; x_wconf 85' lang='lat' dir='ltr'><strong>praehabitam</strong></span> <span class='ocrx_word' id='word_1_114' title='bbox 1146 2095 1180 2135; x_wconf 92' lang='lat' dir='ltr'><strong>a</strong></span> <span class='ocrx_word' id='word_1_115' title='bbox 1206 2081 1359 2136; x_wconf 72' lang='lat' dir='ltr'><strong>Deo.</strong></span> 
     </span>
    </p>

    <p class='ocr_par' dir='ltr' id='par_1_3' title="bbox 133 2159 1605 2233">
     <span class='ocr_line' id='line_1_21' title="bbox 133 2159 1605 2233; baseline -0.001 -14"><span class='ocrx_word' id='word_1_116' title='bbox 133 2170 194 2212; x_wconf 77' lang='lat' dir='ltr'><strong>lex</strong></span> <span class='ocrx_word' id='word_1_117' title='bbox 299 2161 391 2219; x_wconf 82' lang='lat' dir='ltr'><strong>Ad</strong></span> <span class='ocrx_word' id='word_1_118' title='bbox 436 2161 757 2219; x_wconf 86' lang='lat' dir='ltr'><strong>secundam</strong></span> <span class='ocrx_word' id='word_1_119' title='bbox 807 2165 985 2233; x_wconf 88' lang='lat' dir='ltr'><strong>potest</strong></span> <span class='ocrx_word' id='word_1_120' title='bbox 1032 2160 1365 2233; x_wconf 88' lang='lat' dir='ltr'><strong>responderi</strong></span> <span class='ocrx_word' id='word_1_121' title='bbox 1414 2159 1605 2233; x_wconf 88' lang='lat' dir='ltr'><strong>primo</strong></span> 
     </span>
    </p>

    <p class='ocr_par' dir='ltr' id='par_1_4' title="bbox 133 2229 1605 2320">
     <span class='ocr_line' id='line_1_22' title="bbox 133 2229 1605 2320; baseline 0 -20"><span class='ocrx_word' id='word_1_122' title='bbox 133 2229 216 2313; x_wconf 61' lang='grc' dir='ltr'><strong>ῗξξ.</strong></span> <span class='ocrx_word' id='word_1_123' title='bbox 228 2244 499 2320; x_wconf 82' lang='lat' dir='ltr'><strong>negando</strong></span> <span class='ocrx_word' id='word_1_124' title='bbox 519 2245 880 2316; x_wconf 90' lang='lat' dir='ltr'><strong>suppositum</strong></span> <span class='ocrx_word' id='word_1_125' title='bbox 904 2242 1174 2316; x_wconf 73' lang='lat' dir='ltr'><strong>maJoris;</strong></span> <span class='ocrx_word' id='word_1_126' title='bbox 1207 2258 1344 2299; x_wconf 90' lang='lat' dir='ltr'><strong>nam</strong></span> <span class='ocrx_word' id='word_1_127' title='bbox 1369 2245 1497 2301; x_wconf 89' lang='lat' dir='ltr'><strong>licet</strong></span> <span class='ocrx_word' id='word_1_128' title='bbox 1519 2261 1605 2300; x_wconf 91' lang='lat' dir='ltr'><strong>ac-</strong></span> 
     </span>
    </p>

    <p class='ocr_par' dir='ltr' id='par_1_5' title="bbox 133 2325 1604 4674">
     <span class='ocr_line' id='line_1_23' title="bbox 133 2325 1601 2398; baseline -0.001 -15"><span class='ocrx_word' id='word_1_129' title='bbox 133 2329 207 2362; x_wconf 77' lang='lat'>³¹¹³·</span> <span class='ocrx_word' id='word_1_130' title='bbox 228 2333 319 2383; x_wconf 83' lang='lat' dir='ltr'><strong>tus</strong></span> <span class='ocrx_word' id='word_1_131' title='bbox 364 2325 885 2398; x_wconf 84' lang='lat' dir='ltr'><strong>correspondentes</strong></span> <span class='ocrx_word' id='word_1_132' title='bbox 935 2325 1137 2398; x_wconf 81' lang='lat' dir='ltr'><strong>gratiae</strong></span> <span class='ocrx_word' id='word_1_133' title='bbox 1181 2326 1442 2398; x_wconf 89' lang='lat' dir='ltr'><strong>operanti</strong></span> <span class='ocrx_word' id='word_1_134' title='bbox 1485 2341 1601 2383; x_wconf 91' lang='lat' dir='ltr'><strong>non</strong></span> 
     </span>
     <span class='ocr_line' id='line_1_24' title="bbox 228 2407 1597 2475; baseline 0 -10"><span class='ocrx_word' id='word_1_135' title='bbox 228 2410 346 2467; x_wconf 90' lang='lat' dir='ltr'><strong>sint</strong></span> <span class='ocrx_word' id='word_1_136' title='bbox 369 2408 703 2470; x_wconf 86' lang='lat' dir='ltr'><strong>deliberati,</strong></span> <span class='ocrx_word' id='word_1_137' title='bbox 725 2407 1016 2464; x_wconf 85' lang='lat' dir='ltr'><strong>multoties</strong></span> <span class='ocrx_word' id='word_1_138' title='bbox 1044 2412 1235 2463; x_wconf 90' lang='lat' dir='ltr'><strong>tamen</strong></span> <span class='ocrx_word' id='word_1_139' title='bbox 1252 2412 1385 2463; x_wconf 87' lang='lat' dir='ltr'><strong>sunt</strong></span> <span class='ocrx_word' id='word_1_140' title='bbox 1407 2407 1597 2475; x_wconf 89' lang='lat' dir='ltr'><strong>liberi,</strong></span> 
     </span>
     <span class='ocr_line' id='line_1_25' title="bbox 231 2486 1604 2560; baseline 0 -15"><span class='ocrx_word' id='word_1_141' title='bbox 231 2495 295 2546; x_wconf 88' lang='lat' dir='ltr'><strong>ut</strong></span> <span class='ocrx_word' id='word_1_142' title='bbox 320 2491 565 2547; x_wconf 89' lang='lat' dir='ltr'><strong>tradunt</strong></span> <span class='ocrx_word' id='word_1_143' title='bbox 610 2488 781 2560; x_wconf 76' lang='lat' dir='ltr'><strong>CaJ&#39;et.</strong></span> <span class='ocrx_word' id='word_1_144' title='bbox 825 2493 881 2544; x_wconf 91' lang='lat' dir='ltr'><strong>et</strong></span> <span class='ocrx_word' id='word_1_145' title='bbox 905 2486 1156 2551; x_wconf 86' lang='lat' dir='ltr'><strong>Medina,</strong></span> <span class='ocrx_word' id='word_1_146' title='bbox 1188 2492 1245 2543; x_wconf 90' lang='lat' dir='ltr'><strong>et</strong></span> <span class='ocrx_word' id='word_1_147' title='bbox 1284 2488 1386 2543; x_wconf 88' lang='lat' dir='ltr'><strong>alii</strong></span> <span class='ocrx_word' id='word_1_148' title='bbox 1414 2488 1604 2545; x_wconf 89' lang='lat' dir='ltr'><strong>Theo-</strong></span> 
     </span>
     <span class='ocr_line' id='line_1_26' title="bbox 234 2569 1602 2646; baseline -0.002 -19"><span class='ocrx_word' id='word_1_149' title='bbox 234 2571 352 2646; x_wconf 81' lang='lat' dir='ltr'><strong>logi</strong></span> <span class='ocrx_word' id='word_1_150' title='bbox 378 2587 555 2644; x_wconf 88' lang='lat' dir='ltr'><strong>supra</strong></span> <span class='ocrx_word' id='word_1_151' title='bbox 578 2578 761 2644; x_wconf 60' lang='lat' dir='ltr'><strong>quaest.</strong></span> <span class='ocrx_word' id='word_1_152' title='bbox 796 2571 915 2634; x_wconf 92' lang='lat' dir='ltr'><strong>lll,</strong></span> <span class='ocrx_word' id='word_1_153' title='bbox 940 2577 1049 2625; x_wconf 85' lang='lat' dir='ltr'><strong>art.</strong></span> <span class='ocrx_word' id='word_1_154' title='bbox 1070 2571 1124 2635; x_wconf 81' lang='lat'><strong>2,</strong></span> <span class='ocrx_word' id='word_1_155' title='bbox 1149 2574 1208 2625; x_wconf 92' lang='lat' dir='ltr'><strong>et</strong></span> <span class='ocrx_word' id='word_1_156' title='bbox 1220 2569 1602 2642; x_wconf 85' lang='lat' dir='ltr'><strong>explicuimus</strong></span> 
     </span>
     <span class='ocr_line' id='line_1_27' title="bbox 232 2649 1602 2724; baseline -0.001 -17"><span class='ocrx_word' id='word_1_157' title='bbox 232 2654 380 2724; x_wconf 74' lang='lat' dir='ltr'><strong>disp.</strong></span> <span class='ocrx_word' id='word_1_158' title='bbox 408 2654 465 2719; x_wconf 85' lang='lat'><strong>5,</strong></span> <span class='ocrx_word' id='word_1_159' title='bbox 495 2652 627 2706; x_wconf 81' lang='lat' dir='ltr'><strong>dub.</strong></span> <span class='ocrx_word' id='word_1_160' title='bbox 654 2655 709 2716; x_wconf 87' lang='lat'><strong>7,</strong></span> <span class='ocrx_word' id='word_1_161' title='bbox 740 2653 771 2719; x_wconf 67' lang='grc' dir='ltr'><strong>ξ</strong></span> <span class='ocrx_word' id='word_1_162' title='bbox 803 2652 820 2705; x_wconf 90' lang='lat' dir='ltr'><strong>l</strong></span> <span class='ocrx_word' id='word_1_163' title='bbox 855 2655 908 2706; x_wconf 88' lang='lat' dir='ltr'><strong>et</strong></span> <span class='ocrx_word' id='word_1_164' title='bbox 936 2651 991 2705; x_wconf 78' lang='lat'><strong>2.</strong></span> <span class='ocrx_word' id='word_1_165' title='bbox 1036 2649 1320 2715; x_wconf 90' lang='lat' dir='ltr'><strong>Quoniam</strong></span> <span class='ocrx_word' id='word_1_166' title='bbox 1352 2654 1413 2705; x_wconf 91' lang='lat' dir='ltr'><strong>ut</strong></span> <span class='ocrx_word' id='word_1_167' title='bbox 1447 2655 1602 2707; x_wconf 90' lang='lat' dir='ltr'><strong>actus</strong></span> 
     </span>
     <span class='ocr_line' id='line_1_28' title="bbox 232 2728 1602 2802; baseline -0.001 -13"><span class='ocrx_word' id='word_1_168' title='bbox 232 2732 457 2789; x_wconf 88' lang='lat' dir='ltr'><strong>dicatur</strong></span> <span class='ocrx_word' id='word_1_169' title='bbox 496 2730 868 2798; x_wconf 87' lang='lat' dir='ltr'><strong>deliberatus,</strong></span> <span class='ocrx_word' id='word_1_170' title='bbox 899 2728 1066 2786; x_wconf 90' lang='lat' dir='ltr'><strong>debet</strong></span> <span class='ocrx_word' id='word_1_171' title='bbox 1103 2731 1249 2788; x_wconf 85' lang='lat' dir='ltr'><strong>oriri</strong></span> <span class='ocrx_word' id='word_1_172' title='bbox 1275 2745 1347 2786; x_wconf 83' lang='lat' dir='ltr'><strong>ex</strong></span> <span class='ocrx_word' id='word_1_173' title='bbox 1387 2746 1602 2802; x_wconf 83' lang='lat' dir='ltr'><strong>praece-</strong></span> 
     </span>
     <span class='ocr_line' id='line_1_29' title="bbox 228 2809 1599 2885; baseline -0.001 -18"><span class='ocrx_word' id='word_1_174' title='bbox 228 2813 399 2870; x_wconf 90' lang='lat' dir='ltr'><strong>dente</strong></span> <span class='ocrx_word' id='word_1_175' title='bbox 424 2810 678 2869; x_wconf 89' lang='lat' dir='ltr'><strong>consilio</strong></span> <span class='ocrx_word' id='word_1_176' title='bbox 701 2809 919 2884; x_wconf 90' lang='lat' dir='ltr'><strong>proprii</strong></span> <span class='ocrx_word' id='word_1_177' title='bbox 949 2810 1243 2883; x_wconf 83' lang='lat' dir='ltr'><strong>suppositi,</strong></span> <span class='ocrx_word' id='word_1_178' title='bbox 1268 2826 1380 2885; x_wconf 91' lang='lat' dir='ltr'><strong>quo</strong></span> <span class='ocrx_word' id='word_1_179' title='bbox 1399 2826 1460 2867; x_wconf 91' lang='lat' dir='ltr'><strong>se</strong></span> <span class='ocrx_word' id='word_1_180' title='bbox 1482 2815 1599 2866; x_wconf 90' lang='lat' dir='ltr'><strong>tam</strong></span> 
     </span>
     <span class='ocr_line' id='line_1_30' title="bbox 230 2890 1601 2968; baseline -0.001 -17"><span class='ocrx_word' id='word_1_181' title='bbox 230 2895 489 2968; x_wconf 79' lang='lat' dir='ltr'><strong>physice,</strong></span> <span class='ocrx_word' id='word_1_182' title='bbox 516 2909 694 2965; x_wconf 89' lang='lat' dir='ltr'><strong>quam</strong></span> <span class='ocrx_word' id='word_1_183' title='bbox 734 2891 1034 2948; x_wconf 87' lang='lat' dir='ltr'><strong>moraliter</strong></span> <span class='ocrx_word' id='word_1_184' title='bbox 1056 2891 1300 2963; x_wconf 89' lang='lat' dir='ltr'><strong>applicet</strong></span> <span class='ocrx_word' id='word_1_185' title='bbox 1326 2890 1395 2947; x_wconf 89' lang='lat' dir='ltr'><strong>ad</strong></span> <span class='ocrx_word' id='word_1_186' title='bbox 1423 2908 1601 2965; x_wconf 82' lang='lat' dir='ltr'><strong>agen-</strong></span> 
     </span>
     <span class='ocr_line' id='line_1_31' title="bbox 226 2971 1601 3046; baseline 0 -17"><span class='ocrx_word' id='word_1_187' title='bbox 226 2975 366 3031; x_wconf 91' lang='lat' dir='ltr'><strong>dum</strong></span> <span class='ocrx_word' id='word_1_188' title='bbox 398 2997 411 3030; x_wconf 91' lang='lat'><strong>:</strong></span> <span class='ocrx_word' id='word_1_189' title='bbox 443 2980 605 3030; x_wconf 89' lang='lat' dir='ltr'><strong>actus</strong></span> <span class='ocrx_word' id='word_1_190' title='bbox 644 2977 833 3028; x_wconf 90' lang='lat' dir='ltr'><strong>autem</strong></span> <span class='ocrx_word' id='word_1_191' title='bbox 863 2971 1368 3044; x_wconf 88' lang='lat' dir='ltr'><strong>correspondentes</strong></span> <span class='ocrx_word' id='word_1_192' title='bbox 1400 2973 1601 3046; x_wconf 76' lang='lat' dir='ltr'><strong>gratias</strong></span> 
     </span>
     <span class='ocr_line' id='line_1_32' title="bbox 220 3050 1601 3128; baseline -0.003 -15"><span class='ocrx_word' id='word_1_193' title='bbox 220 3054 502 3128; x_wconf 89' lang='lat' dir='ltr'><strong>operanti</strong></span> <span class='ocrx_word' id='word_1_194' title='bbox 525 3069 643 3109; x_wconf 92' lang='lat' dir='ltr'><strong>non</strong></span> <span class='ocrx_word' id='word_1_195' title='bbox 683 3053 763 3108; x_wconf 86' lang='lat' dir='ltr'><strong>ita</strong></span> <span class='ocrx_word' id='word_1_196' title='bbox 789 3050 949 3121; x_wconf 82' lang='lat' dir='ltr'><strong>fiunt,</strong></span> <span class='ocrx_word' id='word_1_197' title='bbox 978 3051 1076 3108; x_wconf 91' lang='lat' dir='ltr'><strong>sed</strong></span> <span class='ocrx_word' id='word_1_198' title='bbox 1120 3057 1450 3125; x_wconf 90' lang='lat' dir='ltr'><strong>supponunt</strong></span> <span class='ocrx_word' id='word_1_199' title='bbox 1478 3053 1601 3125; x_wconf 87' lang='lat' dir='ltr'><strong>pri-</strong></span> 
     </span>
     <span class='ocr_line' id='line_1_33' title="bbox 230 3133 1601 3209; baseline -0.003 -15"><span class='ocrx_word' id='word_1_200' title='bbox 230 3153 388 3194; x_wconf 88' lang='lat' dir='ltr'><strong>mam</strong></span> <span class='ocrx_word' id='word_1_201' title='bbox 417 3133 869 3209; x_wconf 85' lang='lat' dir='ltr'><strong>applicationem</strong></span> <span class='ocrx_word' id='word_1_202' title='bbox 899 3134 1181 3191; x_wconf 89' lang='lat' dir='ltr'><strong>moralem</strong></span> <span class='ocrx_word' id='word_1_203' title='bbox 1210 3138 1397 3190; x_wconf 86' lang='lat' dir='ltr'><strong>ortam</strong></span> <span class='ocrx_word' id='word_1_204' title='bbox 1428 3150 1544 3192; x_wconf 91' lang='lat' dir='ltr'><strong>non</strong></span> <span class='ocrx_word' id='word_1_205' title='bbox 1568 3151 1601 3190; x_wconf 92' lang='lat' dir='ltr'><strong>a</strong></span> 
     </span>
     <span class='ocr_line' id='line_1_34' title="bbox 229 3215 1599 3294; baseline -0.001 -18"><span class='ocrx_word' id='word_1_206' title='bbox 229 3219 475 3294; x_wconf 89' lang='lat' dir='ltr'><strong>proprio</strong></span> <span class='ocrx_word' id='word_1_207' title='bbox 494 3217 804 3291; x_wconf 89' lang='lat' dir='ltr'><strong>supposito,</strong></span> <span class='ocrx_word' id='word_1_208' title='bbox 834 3215 932 3273; x_wconf 90' lang='lat' dir='ltr'><strong>sed</strong></span> <span class='ocrx_word' id='word_1_209' title='bbox 961 3234 994 3273; x_wconf 90' lang='lat' dir='ltr'><strong>a</strong></span> <span class='ocrx_word' id='word_1_210' title='bbox 1020 3218 1142 3274; x_wconf 89' lang='lat' dir='ltr'><strong>solo</strong></span> <span class='ocrx_word' id='word_1_211' title='bbox 1164 3218 1277 3273; x_wconf 91' lang='lat' dir='ltr'><strong>Deo</strong></span> <span class='ocrx_word' id='word_1_212' title='bbox 1305 3232 1406 3290; x_wconf 90' lang='lat' dir='ltr'><strong>per</strong></span> <span class='ocrx_word' id='word_1_213' title='bbox 1435 3217 1599 3274; x_wconf 88' lang='lat' dir='ltr'><strong>illam</strong></span> 
     </span>
     <span class='ocr_line' id='line_1_35' title="bbox 222 3296 1602 3377; baseline -0.004 -18"><span class='ocrx_word' id='word_1_214' title='bbox 222 3302 484 3377; x_wconf 78' lang='lat' dir='ltr'><strong>gratiam</strong></span> <span class='ocrx_word' id='word_1_215' title='bbox 533 3303 841 3371; x_wconf 86' lang='lat' dir='ltr'><strong>operante;</strong></span> <span class='ocrx_word' id='word_1_216' title='bbox 870 3302 928 3354; x_wconf 91' lang='lat' dir='ltr'><strong>et</strong></span> <span class='ocrx_word' id='word_1_217' title='bbox 973 3297 1103 3354; x_wconf 89' lang='lat' dir='ltr'><strong>ideo</strong></span> <span class='ocrx_word' id='word_1_218' title='bbox 1145 3296 1399 3370; x_wconf 83' lang='lat' dir='ltr'><strong>praedicti</strong></span> <span class='ocrx_word' id='word_1_219' title='bbox 1444 3303 1602 3355; x_wconf 91' lang='lat' dir='ltr'><strong>actus</strong></span> 
     </span>
     <span class='ocr_line' id='line_1_36' title="bbox 228 3378 1601 3456; baseline -0.004 -16"><span class='ocrx_word' id='word_1_220' title='bbox 228 3385 533 3456; x_wconf 86' lang='lat' dir='ltr'><strong>nequeunt</strong></span> <span class='ocrx_word' id='word_1_221' title='bbox 559 3386 676 3436; x_wconf 76' lang='lat' dir='ltr'><strong>esse</strong></span> <span class='ocrx_word' id='word_1_222' title='bbox 696 3378 1023 3436; x_wconf 87' lang='lat' dir='ltr'><strong>deliberati.</strong></span> <span class='ocrx_word' id='word_1_223' title='bbox 1053 3381 1333 3436; x_wconf 84' lang='lat' dir='ltr'><strong>Caeterum</strong></span> <span class='ocrx_word' id='word_1_224' title='bbox 1358 3384 1417 3435; x_wconf 90' lang='lat' dir='ltr'><strong>ut</strong></span> <span class='ocrx_word' id='word_1_225' title='bbox 1448 3385 1601 3438; x_wconf 90' lang='lat' dir='ltr'><strong>actus</strong></span> 
     </span>
     <span class='ocr_line' id='line_1_37' title="bbox 225 3461 1602 3536; baseline -0.001 -14"><span class='ocrx_word' id='word_1_226' title='bbox 225 3464 498 3531; x_wconf 88' lang='lat' dir='ltr'><strong>sitliber,</strong></span> <span class='ocrx_word' id='word_1_227' title='bbox 521 3462 722 3519; x_wconf 88' lang='lat' dir='ltr'><strong>sufficit</strong></span> <span class='ocrx_word' id='word_1_228' title='bbox 747 3461 1134 3518; x_wconf 81' lang='lat' dir='ltr'><strong>indifferentia</strong></span> <span class='ocrx_word' id='word_1_229' title='bbox 1152 3461 1355 3535; x_wconf 82' lang='lat' dir='ltr'><strong>judicii</strong></span> <span class='ocrx_word' id='word_1_230' title='bbox 1379 3462 1442 3518; x_wconf 90' lang='lat' dir='ltr'><strong>in</strong></span> <span class='ocrx_word' id='word_1_231' title='bbox 1466 3479 1602 3536; x_wconf 85' lang='lat' dir='ltr'><strong>pro-</strong></span> 
     </span>
     <span class='ocr_line' id='line_1_38' title="bbox 232 3542 1599 3621; baseline -0.004 -17"><span class='ocrx_word' id='word_1_232' title='bbox 232 3544 523 3621; x_wconf 86' lang='lat' dir='ltr'><strong>ponend0,</strong></span> <span class='ocrx_word' id='word_1_233' title='bbox 555 3549 609 3601; x_wconf 92' lang='lat' dir='ltr'><strong>et</strong></span> <span class='ocrx_word' id='word_1_234' title='bbox 655 3548 898 3616; x_wconf 91' lang='lat' dir='ltr'><strong>potestas</strong></span> <span class='ocrx_word' id='word_1_235' title='bbox 923 3543 1239 3599; x_wconf 82' lang='lat' dir='ltr'><strong>voluntatis</strong></span> <span class='ocrx_word' id='word_1_236' title='bbox 1266 3542 1334 3599; x_wconf 92' lang='lat' dir='ltr'><strong>ad</strong></span> <span class='ocrx_word' id='word_1_237' title='bbox 1369 3544 1599 3616; x_wconf 90' lang='lat' dir='ltr'><strong>opposi-</strong></span> 
     </span>
     <span class='ocr_line' id='line_1_39' title="bbox 231 3622 1600 3696; baseline -0.003 -13"><span class='ocrx_word' id='word_1_238' title='bbox 231 3633 354 3683; x_wconf 85' lang='lat' dir='ltr'><strong>tum</strong></span> <span class='ocrx_word' id='word_1_239' title='bbox 406 3626 473 3681; x_wconf 90' lang='lat' dir='ltr'><strong>in</strong></span> <span class='ocrx_word' id='word_1_240' title='bbox 520 3640 687 3681; x_wconf 88' lang='lat' dir='ltr'><strong>sensu</strong></span> <span class='ocrx_word' id='word_1_241' title='bbox 737 3622 923 3678; x_wconf 78' lang='lat' dir='ltr'><strong>diviso</strong></span> <span class='ocrx_word' id='word_1_242' title='bbox 956 3628 1047 3677; x_wconf 88' lang='lat' dir='ltr'><strong>:et</strong></span> <span class='ocrx_word' id='word_1_243' title='bbox 1087 3623 1222 3696; x_wconf 91' lang='lat' dir='ltr'><strong>quia</strong></span> <span class='ocrx_word' id='word_1_244' title='bbox 1262 3623 1376 3679; x_wconf 82' lang='lat' dir='ltr'><strong>haec</strong></span> <span class='ocrx_word' id='word_1_245' title='bbox 1402 3623 1600 3680; x_wconf 91' lang='lat' dir='ltr'><strong>omnia</strong></span> 
     </span>
     <span class='ocr_line' id='line_1_40' title="bbox 227 3703 1600 3778; baseline -0.004 -13"><span class='ocrx_word' id='word_1_246' title='bbox 227 3706 453 3765; x_wconf 77' lang='lat' dir='ltr'><strong>salvari</strong></span> <span class='ocrx_word' id='word_1_247' title='bbox 497 3710 714 3778; x_wconf 89' lang='lat' dir='ltr'><strong>queunt</strong></span> <span class='ocrx_word' id='word_1_248' title='bbox 739 3704 803 3759; x_wconf 90' lang='lat' dir='ltr'><strong>in</strong></span> <span class='ocrx_word' id='word_1_249' title='bbox 833 3703 1023 3776; x_wconf 85' lang='lat' dir='ltr'><strong>prima</strong></span> <span class='ocrx_word' id='word_1_250' title='bbox 1058 3703 1336 3760; x_wconf 86' lang='lat' dir='ltr'><strong>volitione</strong></span> <span class='ocrx_word' id='word_1_251' title='bbox 1374 3720 1600 3762; x_wconf 90' lang='lat' dir='ltr'><strong>corres-</strong></span> 
     </span>
     <span class='ocr_line' id='line_1_41' title="bbox 233 3784 1600 3861; baseline -0.001 -17"><span class='ocrx_word' id='word_1_252' title='bbox 233 3787 526 3861; x_wconf 87' lang='lat' dir='ltr'><strong>pondente</strong></span> <span class='ocrx_word' id='word_1_253' title='bbox 551 3786 750 3859; x_wconf 79' lang='lat' dir='ltr'><strong>gratiae</strong></span> <span class='ocrx_word' id='word_1_254' title='bbox 771 3784 1054 3856; x_wconf 90' lang='lat' dir='ltr'><strong>operanti,</strong></span> <span class='ocrx_word' id='word_1_255' title='bbox 1081 3784 1205 3840; x_wconf 85' lang='lat' dir='ltr'><strong>sive</strong></span> <span class='ocrx_word' id='word_1_256' title='bbox 1228 3788 1340 3841; x_wconf 85' lang='lat' dir='ltr'><strong>Deo</strong></span> <span class='ocrx_word' id='word_1_257' title='bbox 1378 3785 1600 3858; x_wconf 88' lang='lat' dir='ltr'><strong>specia-</strong></span> 
     </span>
     <span class='ocr_line' id='line_1_42' title="bbox 233 3867 1602 3941; baseline -0.002 -14"><span class='ocrx_word' id='word_1_258' title='bbox 233 3870 390 3936; x_wconf 91' lang='lat' dir='ltr'><strong>liter,</strong></span> <span class='ocrx_word' id='word_1_259' title='bbox 424 3885 489 3926; x_wconf 89' lang='lat' dir='ltr'><strong>ac</strong></span> <span class='ocrx_word' id='word_1_260' title='bbox 509 3867 806 3925; x_wconf 88' lang='lat' dir='ltr'><strong>moraliter</strong></span> <span class='ocrx_word' id='word_1_261' title='bbox 829 3883 930 3940; x_wconf 88' lang='lat' dir='ltr'><strong>per</strong></span> <span class='ocrx_word' id='word_1_262' title='bbox 956 3882 1084 3923; x_wconf 90' lang='lat' dir='ltr'><strong>eam</strong></span> <span class='ocrx_word' id='word_1_263' title='bbox 1125 3868 1398 3933; x_wconf 88' lang='lat' dir='ltr'><strong>moventi,</strong></span> <span class='ocrx_word' id='word_1_264' title='bbox 1426 3885 1602 3941; x_wconf 87' lang='lat' dir='ltr'><strong>prop-</strong></span> 
     </span>
     <span class='ocr_line' id='line_1_43' title="bbox 234 3948 1601 4024; baseline -0.002 -13"><span class='ocrx_word' id='word_1_265' title='bbox 234 3959 392 4011; x_wconf 83' lang='lat' dir='ltr'><strong>terea</strong></span> <span class='ocrx_word' id='word_1_266' title='bbox 422 3954 577 4008; x_wconf 88' lang='lat' dir='ltr'><strong>actus</strong></span> <span class='ocrx_word' id='word_1_267' title='bbox 595 3950 795 4024; x_wconf 61' lang='lat' dir='ltr'><strong>gratia?</strong></span> <span class='ocrx_word' id='word_1_268' title='bbox 808 3948 1068 4023; x_wconf 86' lang='lat' dir='ltr'><strong>operanti</strong></span> <span class='ocrx_word' id='word_1_269' title='bbox 1092 3950 1601 4022; x_wconf 87' lang='lat' dir='ltr'><strong>correspondentes</strong></span> 
     </span>
     <span class='ocr_line' id='line_1_44' title="bbox 230 4028 1599 4108; baseline -0.001 -18"><span class='ocrx_word' id='word_1_270' title='bbox 230 4038 455 4108; x_wconf 88' lang='lat' dir='ltr'><strong>queunt</strong></span> <span class='ocrx_word' id='word_1_271' title='bbox 476 4047 600 4088; x_wconf 85' lang='lat' dir='ltr'><strong>esse</strong></span> <span class='ocrx_word' id='word_1_272' title='bbox 628 4030 821 4088; x_wconf 89' lang='lat' dir='ltr'><strong>liberi.</strong></span> <span class='ocrx_word' id='word_1_273' title='bbox 846 4032 917 4086; x_wconf 89' lang='lat' dir='ltr'><strong>Et</strong></span> <span class='ocrx_word' id='word_1_274' title='bbox 943 4030 1021 4086; x_wconf 88' lang='lat' dir='ltr'><strong>ita</strong></span> <span class='ocrx_word' id='word_1_275' title='bbox 1045 4028 1117 4086; x_wconf 90' lang='lat' dir='ltr'><strong>de</strong></span> <span class='ocrx_word' id='word_1_276' title='bbox 1138 4028 1283 4087; x_wconf 80' lang='lat' dir='ltr'><strong>facto</strong></span> <span class='ocrx_word' id='word_1_277' title='bbox 1306 4030 1510 4088; x_wconf 90' lang='lat' dir='ltr'><strong>accidit</strong></span> <span class='ocrx_word' id='word_1_278' title='bbox 1536 4032 1599 4088; x_wconf 94' lang='lat' dir='ltr'><strong>in</strong></span> 
     </span>
     <span class='ocr_line' id='line_1_45' title="bbox 233 4113 1602 4191; baseline -0.002 -18"><span class='ocrx_word' id='word_1_279' title='bbox 233 4115 502 4191; x_wconf 82' lang='lat' dir='ltr'><strong>Angelis;</strong></span> <span class='ocrx_word' id='word_1_280' title='bbox 535 4130 669 4171; x_wconf 89' lang='lat' dir='ltr'><strong>nam</strong></span> <span class='ocrx_word' id='word_1_281' title='bbox 700 4114 890 4187; x_wconf 89' lang='lat' dir='ltr'><strong>prima</strong></span> <span class='ocrx_word' id='word_1_282' title='bbox 930 4129 1131 4170; x_wconf 90' lang='lat' dir='ltr'><strong>eorum</strong></span> <span class='ocrx_word' id='word_1_283' title='bbox 1152 4113 1356 4171; x_wconf 77' lang='lat' dir='ltr'><strong>volitio</strong></span> <span class='ocrx_word' id='word_1_284' title='bbox 1387 4114 1495 4172; x_wconf 83' lang='lat' dir='ltr'><strong>fuit</strong></span> <span class='ocrx_word' id='word_1_285' title='bbox 1525 4114 1602 4170; x_wconf 88' lang='lat' dir='ltr'><strong>li-</strong></span> 
     </span>
     <span class='ocr_line' id='line_1_46' title="bbox 236 4193 1601 4264; baseline -0.002 -10"><span class='ocrx_word' id='word_1_286' title='bbox 236 4195 391 4261; x_wconf 86' lang='lat' dir='ltr'><strong>bera,</strong></span> <span class='ocrx_word' id='word_1_287' title='bbox 435 4200 493 4251; x_wconf 88' lang='lat' dir='ltr'><strong>et</strong></span> <span class='ocrx_word' id='word_1_288' title='bbox 539 4199 732 4250; x_wconf 89' lang='lat' dir='ltr'><strong>tamen</strong></span> <span class='ocrx_word' id='word_1_289' title='bbox 778 4208 896 4250; x_wconf 89' lang='lat' dir='ltr'><strong>non</strong></span> <span class='ocrx_word' id='word_1_290' title='bbox 945 4193 1074 4259; x_wconf 80' lang='lat' dir='ltr'><strong>fuit,</strong></span> <span class='ocrx_word' id='word_1_291' title='bbox 1117 4209 1220 4250; x_wconf 89' lang='lat' dir='ltr'><strong>nec</strong></span> <span class='ocrx_word' id='word_1_292' title='bbox 1259 4194 1440 4264; x_wconf 88' lang='lat' dir='ltr'><strong>potuit</strong></span> <span class='ocrx_word' id='word_1_293' title='bbox 1479 4207 1601 4251; x_wconf 88' lang='lat' dir='ltr'><strong>esse</strong></span> 
     </span>
     <span class='ocr_line' id='line_1_47' title="bbox 228 4274 1600 4347; baseline -0.001 -16"><span class='ocrx_word' id='word_1_294' title='bbox 228 4276 566 4341; x_wconf 88' lang='lat' dir='ltr'><strong>deliberata,</strong></span> <span class='ocrx_word' id='word_1_295' title='bbox 608 4274 730 4332; x_wconf 81' lang='lat' dir='ltr'><strong>sive</strong></span> <span class='ocrx_word' id='word_1_296' title='bbox 774 4280 903 4331; x_wconf 82' lang='lat' dir='ltr'><strong>orta</strong></span> <span class='ocrx_word' id='word_1_297' title='bbox 941 4290 1012 4331; x_wconf 87' lang='lat' dir='ltr'><strong>ex</strong></span> <span class='ocrx_word' id='word_1_298' title='bbox 1067 4274 1300 4345; x_wconf 88' lang='lat' dir='ltr'><strong>proprio</strong></span> <span class='ocrx_word' id='word_1_299' title='bbox 1342 4274 1600 4347; x_wconf 91' lang='lat' dir='ltr'><strong>ipsorum</strong></span> 
     </span>
     <span class='ocr_line' id='line_1_48' title="bbox 224 4355 1601 4428; baseline -0.004 -12"><span class='ocrx_word' id='word_1_300' title='bbox 224 4358 489 4416; x_wconf 81' lang='lat' dir='ltr'><strong>oonsilio.</strong></span> <span class='ocrx_word' id='word_1_301' title='bbox 523 4360 646 4422; x_wconf 88' lang='lat' dir='ltr'><strong>Qua</strong></span> <span class='ocrx_word' id='word_1_302' title='bbox 664 4356 840 4414; x_wconf 89' lang='lat' dir='ltr'><strong>etiam</strong></span> <span class='ocrx_word' id='word_1_303' title='bbox 869 4355 940 4413; x_wconf 88' lang='lat' dir='ltr'><strong>de</strong></span> <span class='ocrx_word' id='word_1_304' title='bbox 964 4371 1132 4412; x_wconf 88' lang='lat' dir='ltr'><strong>causa</strong></span> <span class='ocrx_word' id='word_1_305' title='bbox 1156 4355 1360 4428; x_wconf 82' lang='lat' dir='ltr'><strong>Angeli</strong></span> <span class='ocrx_word' id='word_1_306' title='bbox 1390 4355 1453 4411; x_wconf 91' lang='lat' dir='ltr'><strong>in</strong></span> <span class='ocrx_word' id='word_1_307' title='bbox 1478 4357 1601 4428; x_wconf 92' lang='lat' dir='ltr'><strong>pri-</strong></span> 
     </span>
     <span class='ocr_line' id='line_1_49' title="bbox 229 4438 1600 4512; baseline -0.004 -14"><span class='ocrx_word' id='word_1_308' title='bbox 229 4457 329 4498; x_wconf 92' lang='lat' dir='ltr'><strong>mo</strong></span> <span class='ocrx_word' id='word_1_309' title='bbox 379 4439 622 4498; x_wconf 85' lang='lat' dir='ltr'><strong>instanti</strong></span> <span class='ocrx_word' id='word_1_310' title='bbox 674 4443 981 4512; x_wconf 89' lang='lat' dir='ltr'><strong>potuerunt</strong></span> <span class='ocrx_word' id='word_1_311' title='bbox 1027 4438 1260 4503; x_wconf 91' lang='lat' dir='ltr'><strong>mereri,</strong></span> <span class='ocrx_word' id='word_1_312' title='bbox 1305 4443 1360 4494; x_wconf 91' lang='lat' dir='ltr'><strong>et</strong></span> <span class='ocrx_word' id='word_1_313' title='bbox 1405 4443 1600 4495; x_wconf 91' lang='lat' dir='ltr'><strong>tamen</strong></span> 
     </span>
     <span class='ocr_line' id='line_1_50' title="bbox 234 4517 1596 4594; baseline -0.003 -16"><span class='ocrx_word' id='word_1_314' title='bbox 234 4537 353 4578; x_wconf 89' lang='lat' dir='ltr'><strong>non</strong></span> <span class='ocrx_word' id='word_1_315' title='bbox 381 4525 691 4594; x_wconf 89' lang='lat' dir='ltr'><strong>potuerunt</strong></span> <span class='ocrx_word' id='word_1_316' title='bbox 712 4534 960 4592; x_wconf 81' lang='lat' dir='ltr'><strong>peccare,</strong></span> <span class='ocrx_word' id='word_1_317' title='bbox 984 4523 1044 4573; x_wconf 91' lang='lat' dir='ltr'><strong>ut</strong></span> <span class='ocrx_word' id='word_1_318' title='bbox 1069 4517 1327 4573; x_wconf 87' lang='lat' dir='ltr'><strong>diximus</strong></span> <span class='ocrx_word' id='word_1_319' title='bbox 1355 4525 1523 4574; x_wconf 78' lang='lat' dir='ltr'><strong>tract.</strong></span> <span class='ocrx_word' id='word_1_320' title='bbox 1540 4522 1596 4588; x_wconf 88' lang='lat'><strong>7,</strong></span> 
     </span>
     <span class='ocr_line' id='line_1_51' title="bbox 234 4598 881 4674; baseline -0.008 -17"><span class='ocrx_word' id='word_1_321' title='bbox 234 4604 384 4674; x_wconf 77' lang='lat' dir='ltr'><strong>disp.</strong></span> <span class='ocrx_word' id='word_1_322' title='bbox 423 4603 508 4664; x_wconf 89' lang='lat' dir='ltr'><strong>ll,</strong></span> <span class='ocrx_word' id='word_1_323' title='bbox 540 4598 666 4654; x_wconf 81' lang='lat' dir='ltr'><strong>dub.</strong></span> <span class='ocrx_word' id='word_1_324' title='bbox 699 4600 881 4653; x_wconf 78' lang='lat' dir='ltr'><strong>unico.</strong></span> 
     </span>
    </p>

    <p class='ocr_par' dir='ltr' id='par_1_6' title="bbox 242 4676 1604 5074">
     <span class='ocr_line' id='line_1_52' title="bbox 318 4676 1602 4754; baseline -0.003 -15"><span class='ocrx_word' id='word_1_325' title='bbox 318 4678 712 4754; x_wconf 80' lang='lat' dir='ltr'><strong>Respondetur</strong></span> <span class='ocrx_word' id='word_1_326' title='bbox 732 4676 978 4735; x_wconf 90' lang='lat' dir='ltr'><strong>secundo</strong></span> <span class='ocrx_word' id='word_1_327' title='bbox 999 4677 1316 4735; x_wconf 90' lang='lat' dir='ltr'><strong>omittendo</strong></span> <span class='ocrx_word' id='word_1_328' title='bbox 1340 4678 1602 4750; x_wconf 82' lang='lat' dir='ltr'><strong>praemis-</strong></span> 
     </span>
     <span class='ocr_line' id='line_1_53' title="bbox 244 4757 1603 4833; baseline -0.001 -15"><span class='ocrx_word' id='word_1_329' title='bbox 244 4778 352 4830; x_wconf 84' lang='lat' dir='ltr'><strong>sas,</strong></span> <span class='ocrx_word' id='word_1_330' title='bbox 399 4766 457 4818; x_wconf 87' lang='lat' dir='ltr'><strong>et</strong></span> <span class='ocrx_word' id='word_1_331' title='bbox 502 4757 766 4833; x_wconf 84' lang='lat' dir='ltr'><strong>negando</strong></span> <span class='ocrx_word' id='word_1_332' title='bbox 810 4760 1292 4832; x_wconf 82' lang='lat' dir='ltr'><strong>consequentiam.</strong></span> <span class='ocrx_word' id='word_1_333' title='bbox 1340 4760 1409 4813; x_wconf 81' lang='lat' dir='ltr'><strong>Et</strong></span> <span class='ocrx_word' id='word_1_334' title='bbox 1457 4759 1603 4817; x_wconf 88' lang='lat' dir='ltr'><strong>ratio</strong></span> 
     </span>
     <span class='ocr_line' id='line_1_54' title="bbox 243 4838 1603 4916; baseline -0.003 -16"><span class='ocrx_word' id='word_1_335' title='bbox 243 4840 597 4916; x_wconf 83' lang='lat' dir='ltr'><strong>disparitatis</strong></span> <span class='ocrx_word' id='word_1_336' title='bbox 619 4838 860 4896; x_wconf 89' lang='lat' dir='ltr'><strong>habetur</strong></span> <span class='ocrx_word' id='word_1_337' title='bbox 879 4856 949 4896; x_wconf 79' lang='lat' dir='ltr'><strong>ex</strong></span> <span class='ocrx_word' id='word_1_338' title='bbox 962 4839 1127 4897; x_wconf 88' lang='lat' dir='ltr'><strong>dictis</strong></span> <span class='ocrx_word' id='word_1_339' title='bbox 1148 4840 1218 4896; x_wconf 91' lang='lat' dir='ltr'><strong>ad</strong></span> <span class='ocrx_word' id='word_1_340' title='bbox 1241 4840 1493 4913; x_wconf 90' lang='lat' dir='ltr'><strong>primam</strong></span> <span class='ocrx_word' id='word_1_341' title='bbox 1509 4838 1603 4897; x_wconf 89' lang='lat' dir='ltr'><strong>ob·</strong></span> 
     </span>
     <span class='ocr_line' id='line_1_55' title="bbox 242 4920 1604 4999; baseline -0.003 -16"><span class='ocrx_word' id='word_1_342' title='bbox 242 4925 548 4999; x_wconf 79' lang='lat' dir='ltr'><strong>jectionem</strong></span> <span class='ocrx_word' id='word_1_343' title='bbox 569 4945 583 4989; x_wconf 86' lang='lat'>;</span> <span class='ocrx_word' id='word_1_344' title='bbox 613 4920 887 4994; x_wconf 90' lang='lat' dir='ltr'><strong>quoniam</strong></span> <span class='ocrx_word' id='word_1_345' title='bbox 910 4924 1054 4978; x_wconf 87' lang='lat' dir='ltr'><strong>Deus</strong></span> <span class='ocrx_word' id='word_1_346' title='bbox 1083 4937 1184 4994; x_wconf 89' lang='lat' dir='ltr'><strong>per</strong></span> <span class='ocrx_word' id='word_1_347' title='bbox 1208 4922 1454 4996; x_wconf 81' lang='lat' dir='ltr'><strong>gratiam</strong></span> <span class='ocrx_word' id='word_1_348' title='bbox 1477 4937 1604 4995; x_wconf 87' lang='lat' dir='ltr'><strong>ope·</strong></span> 
     </span>
     <span class='ocr_line' id='line_1_56' title="bbox 251 5000 1604 5074; baseline -0.003 -13"><span class='ocrx_word' id='word_1_349' title='bbox 251 5010 480 5061; x_wconf 88' lang='lat' dir='ltr'><strong>rantem</strong></span> <span class='ocrx_word' id='word_1_350' title='bbox 506 5001 586 5056; x_wconf 91' lang='lat' dir='ltr'><strong>ita</strong></span> <span class='ocrx_word' id='word_1_351' title='bbox 631 5016 737 5056; x_wconf 84' lang='lat' dir='ltr'><strong>nos</strong></span> <span class='ocrx_word' id='word_1_352' title='bbox 763 5000 1022 5072; x_wconf 89' lang='lat' dir='ltr'><strong>applicat,</strong></span> <span class='ocrx_word' id='word_1_353' title='bbox 1053 5000 1146 5057; x_wconf 87' lang='lat' dir='ltr'><strong>vel</strong></span> <span class='ocrx_word' id='word_1_354' title='bbox 1172 5002 1373 5058; x_wconf 89' lang='lat' dir='ltr'><strong>saltem</strong></span> <span class='ocrx_word' id='word_1_355' title='bbox 1416 5002 1604 5074; x_wconf 89' lang='lat' dir='ltr'><strong>appli-</strong></span> 
     </span>
    </p>
   </div>
   <div class='ocr_carea' id='block_1_3' title="bbox 1738 625 3112 2077">
    <p class='ocr_par' dir='ltr' id='par_1_7' title="bbox 1738 625 3112 2077">
     <span class='ocr_line' id='line_1_57' title="bbox 1746 625 3108 702; baseline 0.001 -19"><span class='ocrx_word' id='word_1_356' title='bbox 1746 625 1898 699; x_wconf 92' lang='lat' dir='ltr'><strong>quod</strong></span> <span class='ocrx_word' id='word_1_357' title='bbox 1925 643 2042 684; x_wconf 91' lang='lat' dir='ltr'><strong>non</strong></span> <span class='ocrx_word' id='word_1_358' title='bbox 2071 628 2359 701; x_wconf 90' lang='lat' dir='ltr'><strong>relinquat</strong></span> <span class='ocrx_word' id='word_1_359' title='bbox 2386 628 2842 686; x_wconf 82' lang='lat' dir='ltr'><strong>indifferentiam</strong></span> <span class='ocrx_word' id='word_1_360' title='bbox 2865 627 3108 702; x_wconf 82' lang='lat' dir='ltr'><strong>judicii;</strong></span> 
     </span>
     <span class='ocr_line' id='line_1_58' title="bbox 1745 708 3110 784; baseline 0.001 -18"><span class='ocrx_word' id='word_1_361' title='bbox 1745 708 1846 766; x_wconf 88' lang='lat' dir='ltr'><strong>sed</strong></span> <span class='ocrx_word' id='word_1_362' title='bbox 1892 710 1974 766; x_wconf 88' lang='lat' dir='ltr'><strong>ita</strong></span> <span class='ocrx_word' id='word_1_363' title='bbox 2013 716 2383 783; x_wconf 82' lang='lat' dir='ltr'><strong>repraesentat</strong></span> <span class='ocrx_word' id='word_1_364' title='bbox 2430 711 2659 784; x_wconf 89' lang='lat' dir='ltr'><strong>aliquod</strong></span> <span class='ocrx_word' id='word_1_365' title='bbox 2689 711 2926 774; x_wconf 89' lang='lat' dir='ltr'><strong>bonum,</strong></span> <span class='ocrx_word' id='word_1_366' title='bbox 2959 708 3110 781; x_wconf 90' lang='lat' dir='ltr'><strong>quod</strong></span> 
     </span>
     <span class='ocr_line' id='line_1_59' title="bbox 1746 791 3109 866; baseline 0.001 -19"><span class='ocrx_word' id='word_1_367' title='bbox 1746 806 1866 848; x_wconf 89' lang='lat' dir='ltr'><strong>non</strong></span> <span class='ocrx_word' id='word_1_368' title='bbox 1893 792 2177 864; x_wconf 89' lang='lat' dir='ltr'><strong>permittit</strong></span> <span class='ocrx_word' id='word_1_369' title='bbox 2221 808 2499 866; x_wconf 79' lang='lat' dir='ltr'><strong>apparere</strong></span> <span class='ocrx_word' id='word_1_370' title='bbox 2536 791 3001 851; x_wconf 85' lang='lat' dir='ltr'><strong>convenientiam</strong></span> <span class='ocrx_word' id='word_1_371' title='bbox 3045 792 3109 848; x_wconf 88' lang='lat' dir='ltr'><strong>in</strong></span> 
     </span>
     <span class='ocr_line' id='line_1_60' title="bbox 1745 870 3109 944; baseline 0.001 -17"><span class='ocrx_word' id='word_1_372' title='bbox 1745 872 1868 944; x_wconf 88' lang='lat' dir='ltr'><strong>ejus</strong></span> <span class='ocrx_word' id='word_1_373' title='bbox 1889 871 2233 929; x_wconf 83' lang='lat' dir='ltr'><strong>refutatione</strong></span> <span class='ocrx_word' id='word_1_374' title='bbox 2267 893 2279 928; x_wconf 90' lang='lat'>:</span> <span class='ocrx_word' id='word_1_375' title='bbox 2311 873 2463 930; x_wconf 90' lang='lat' dir='ltr'><strong>unde</strong></span> <span class='ocrx_word' id='word_1_376' title='bbox 2489 873 2713 931; x_wconf 89' lang='lat' dir='ltr'><strong>sublata</strong></span> <span class='ocrx_word' id='word_1_377' title='bbox 2741 874 2844 929; x_wconf 89' lang='lat' dir='ltr'><strong>illa</strong></span> <span class='ocrx_word' id='word_1_378' title='bbox 2874 870 3109 928; x_wconf 85' lang='lat' dir='ltr'><strong>indiffe-</strong></span> 
     </span>
     <span class='ocr_line' id='line_1_61' title="bbox 1746 953 3110 1019; baseline 0.002 -12"><span class='ocrx_word' id='word_1_379' title='bbox 1746 953 1952 1019; x_wconf 90' lang='lat' dir='ltr'><strong>rentia,</strong></span> <span class='ocrx_word' id='word_1_380' title='bbox 1986 959 2182 1010; x_wconf 87' lang='lat' dir='ltr'><strong>manet</strong></span> <span class='ocrx_word' id='word_1_381' title='bbox 2202 954 2470 1011; x_wconf 84' lang='lat' dir='ltr'><strong>voluntas</strong></span> <span class='ocrx_word' id='word_1_382' title='bbox 2497 954 2829 1012; x_wconf 88' lang='lat' dir='ltr'><strong>necessitata</strong></span> <span class='ocrx_word' id='word_1_383' title='bbox 2851 953 3110 1010; x_wconf 88' lang='lat' dir='ltr'><strong>absolute</strong></span> 
     </span>
     <span class='ocr_line' id='line_1_62' title="bbox 1744 1032 3107 1108; baseline 0.001 -21"><span class='ocrx_word' id='word_1_384' title='bbox 1744 1047 1848 1105; x_wconf 89' lang='lat' dir='ltr'><strong>per</strong></span> <span class='ocrx_word' id='word_1_385' title='bbox 1874 1032 2110 1091; x_wconf 91' lang='lat' dir='ltr'><strong>modum</strong></span> <span class='ocrx_word' id='word_1_386' title='bbox 2152 1039 2375 1092; x_wconf 83' lang='lat' dir='ltr'><strong>naturae</strong></span> <span class='ocrx_word' id='word_1_387' title='bbox 2416 1034 2486 1093; x_wconf 85' lang='lat' dir='ltr'><strong>ad</strong></span> <span class='ocrx_word' id='word_1_388' title='bbox 2516 1035 2845 1108; x_wconf 78' lang='lat' dir='ltr'><strong>praedictum</strong></span> <span class='ocrx_word' id='word_1_389' title='bbox 2889 1033 3107 1090; x_wconf 89' lang='lat' dir='ltr'><strong>bonum</strong></span> 
     </span>
     <span class='ocr_line' id='line_1_63' title="bbox 1742 1112 3107 1186; baseline 0 -17"><span class='ocrx_word' id='word_1_390' title='bbox 1742 1114 2224 1186; x_wconf 91' lang='lat' dir='ltr'><strong>amplectendum.</strong></span> <span class='ocrx_word' id='word_1_391' title='bbox 2257 1118 2411 1173; x_wconf 91' lang='lat' dir='ltr'><strong>Sicut</strong></span> <span class='ocrx_word' id='word_1_392' title='bbox 2449 1116 2562 1172; x_wconf 90' lang='lat' dir='ltr'><strong>dici</strong></span> <span class='ocrx_word' id='word_1_393' title='bbox 2589 1116 2732 1173; x_wconf 91' lang='lat' dir='ltr'><strong>solet</strong></span> <span class='ocrx_word' id='word_1_394' title='bbox 2757 1114 2828 1170; x_wconf 89' lang='lat' dir='ltr'><strong>de</strong></span> <span class='ocrx_word' id='word_1_395' title='bbox 2858 1112 3107 1170; x_wconf 90' lang='lat' dir='ltr'><strong>motibus</strong></span> 
     </span>
     <span class='ocr_line' id='line_1_64' title="bbox 1744 1193 3108 1270; baseline 0.001 -19"><span class='ocrx_word' id='word_1_396' title='bbox 1744 1196 1934 1267; x_wconf 90' lang='lat' dir='ltr'><strong>primo</strong></span> <span class='ocrx_word' id='word_1_397' title='bbox 1961 1197 2166 1270; x_wconf 90' lang='lat' dir='ltr'><strong>primis</strong></span> <span class='ocrx_word' id='word_1_398' title='bbox 2199 1199 2351 1255; x_wconf 89' lang='lat' dir='ltr'><strong>circa</strong></span> <span class='ocrx_word' id='word_1_399' title='bbox 2376 1198 2620 1263; x_wconf 86' lang='lat' dir='ltr'><strong>malum,</strong></span> <span class='ocrx_word' id='word_1_400' title='bbox 2646 1197 2743 1270; x_wconf 90' lang='lat' dir='ltr'><strong>qui</strong></span> <span class='ocrx_word' id='word_1_401' title='bbox 2771 1198 2907 1251; x_wconf 89' lang='lat' dir='ltr'><strong>sunt</strong></span> <span class='ocrx_word' id='word_1_402' title='bbox 2934 1193 3108 1252; x_wconf 89' lang='lat' dir='ltr'><strong>abso-</strong></span> 
     </span>
     <span class='ocr_line' id='line_1_65' title="bbox 1742 1276 3107 1353; baseline 0 -20"><span class='ocrx_word' id='word_1_403' title='bbox 1742 1278 1861 1335; x_wconf 90' lang='lat' dir='ltr'><strong>lute</strong></span> <span class='ocrx_word' id='word_1_404' title='bbox 1888 1279 2189 1335; x_wconf 90' lang='lat' dir='ltr'><strong>necessarii</strong></span> <span class='ocrx_word' id='word_1_405' title='bbox 2216 1295 2288 1336; x_wconf 88' lang='lat' dir='ltr'><strong>ex</strong></span> <span class='ocrx_word' id='word_1_406' title='bbox 2313 1294 2398 1344; x_wconf 91' lang='lat' dir='ltr'><strong>eo,</strong></span> <span class='ocrx_word' id='word_1_407' title='bbox 2424 1279 2577 1353; x_wconf 91' lang='lat' dir='ltr'><strong>quod</strong></span> <span class='ocrx_word' id='word_1_408' title='bbox 2607 1278 2671 1334; x_wconf 90' lang='lat' dir='ltr'><strong>in</strong></span> <span class='ocrx_word' id='word_1_409' title='bbox 2701 1278 2994 1334; x_wconf 90' lang='lat' dir='ltr'><strong>intellectu</strong></span> <span class='ocrx_word' id='word_1_410' title='bbox 3024 1276 3107 1333; x_wconf 90' lang='lat' dir='ltr'><strong>ita</strong></span> 
     </span>
     <span class='ocr_line' id='line_1_66' title="bbox 1743 1356 3106 1431; baseline -0.001 -17"><span class='ocrx_word' id='word_1_411' title='bbox 1743 1363 2182 1431; x_wconf 62' lang='lat' dir='ltr'><strong>repraesentatur</strong></span> <span class='ocrx_word' id='word_1_412' title='bbox 2209 1357 2425 1417; x_wconf 88' lang='lat' dir='ltr'><strong>bonum</strong></span> <span class='ocrx_word' id='word_1_413' title='bbox 2453 1358 2746 1423; x_wconf 87' lang='lat' dir='ltr'><strong>sensibile,</strong></span> <span class='ocrx_word' id='word_1_414' title='bbox 2780 1362 2841 1412; x_wconf 92' lang='lat' dir='ltr'><strong>ut</strong></span> <span class='ocrx_word' id='word_1_415' title='bbox 2868 1372 2972 1428; x_wconf 87' lang='lat' dir='ltr'><strong>pro</strong></span> <span class='ocrx_word' id='word_1_416' title='bbox 2999 1356 3106 1413; x_wconf 92' lang='lat' dir='ltr'><strong>illo</strong></span> 
     </span>
     <span class='ocr_line' id='line_1_67' title="bbox 1740 1438 3105 1514; baseline 0 -20"><span class='ocrx_word' id='word_1_417' title='bbox 1740 1438 1980 1495; x_wconf 89' lang='lat' dir='ltr'><strong>instanti</strong></span> <span class='ocrx_word' id='word_1_418' title='bbox 2004 1455 2121 1497; x_wconf 92' lang='lat' dir='ltr'><strong>non</strong></span> <span class='ocrx_word' id='word_1_419' title='bbox 2139 1445 2411 1514; x_wconf 90' lang='lat' dir='ltr'><strong>appareat</strong></span> <span class='ocrx_word' id='word_1_420' title='bbox 2426 1438 2642 1497; x_wconf 90' lang='lat' dir='ltr'><strong>bonum</strong></span> <span class='ocrx_word' id='word_1_421' title='bbox 2658 1439 2984 1504; x_wconf 88' lang='lat' dir='ltr'><strong>honestum,</strong></span> <span class='ocrx_word' id='word_1_422' title='bbox 3010 1439 3105 1495; x_wconf 86' lang='lat' dir='ltr'><strong>vel</strong></span> 
     </span>
     <span class='ocr_line' id='line_1_68' title="bbox 1741 1519 3108 1594; baseline 0.001 -18"><span class='ocrx_word' id='word_1_423' title='bbox 1741 1520 1969 1593; x_wconf 87' lang='lat' dir='ltr'><strong>aliquod</strong></span> <span class='ocrx_word' id='word_1_424' title='bbox 1985 1522 2288 1590; x_wconf 89' lang='lat' dir='ltr'><strong>motivum,</strong></span> <span class='ocrx_word' id='word_1_425' title='bbox 2310 1526 2542 1594; x_wconf 90' lang='lat' dir='ltr'><strong>propter</strong></span> <span class='ocrx_word' id='word_1_426' title='bbox 2569 1519 2717 1594; x_wconf 88' lang='lat' dir='ltr'><strong>quod</strong></span> <span class='ocrx_word' id='word_1_427' title='bbox 2741 1519 2959 1577; x_wconf 89' lang='lat' dir='ltr'><strong>bonum</strong></span> <span class='ocrx_word' id='word_1_428' title='bbox 2976 1536 3108 1577; x_wconf 90' lang='lat' dir='ltr'><strong>sen-</strong></span> 
     </span>
     <span class='ocr_line' id='line_1_69' title="bbox 1738 1600 3109 1675; baseline 0.001 -20"><span class='ocrx_word' id='word_1_429' title='bbox 1738 1601 1906 1659; x_wconf 86' lang='lat' dir='ltr'><strong>sibile</strong></span> <span class='ocrx_word' id='word_1_430' title='bbox 1922 1603 2234 1675; x_wconf 83' lang='lat' dir='ltr'><strong>rejiciatur.</strong></span> <span class='ocrx_word' id='word_1_431' title='bbox 2259 1603 2561 1659; x_wconf 85' lang='lat' dir='ltr'><strong>Auxilium</strong></span> <span class='ocrx_word' id='word_1_432' title='bbox 2586 1606 2777 1658; x_wconf 88' lang='lat' dir='ltr'><strong>autem</strong></span> <span class='ocrx_word' id='word_1_433' title='bbox 2800 1601 2870 1658; x_wconf 90' lang='lat' dir='ltr'><strong>ab</strong></span> <span class='ocrx_word' id='word_1_434' title='bbox 2896 1600 3109 1657; x_wconf 88' lang='lat' dir='ltr'><strong>intrin-</strong></span> 
     </span>
     <span class='ocr_line' id='line_1_70' title="bbox 1738 1681 3112 1756; baseline 0.001 -18"><span class='ocrx_word' id='word_1_435' title='bbox 1738 1697 1864 1738; x_wconf 88' lang='lat' dir='ltr'><strong>seco</strong></span> <span class='ocrx_word' id='word_1_436' title='bbox 1901 1682 2097 1739; x_wconf 82' lang='lat' dir='ltr'><strong>efficax</strong></span> <span class='ocrx_word' id='word_1_437' title='bbox 2142 1699 2259 1741; x_wconf 95' lang='lat' dir='ltr'><strong>non</strong></span> <span class='ocrx_word' id='word_1_438' title='bbox 2304 1683 2385 1740; x_wconf 90' lang='lat' dir='ltr'><strong>sic</strong></span> <span class='ocrx_word' id='word_1_439' title='bbox 2424 1682 2771 1739; x_wconf 88' lang='lat' dir='ltr'><strong>determinat</strong></span> <span class='ocrx_word' id='word_1_440' title='bbox 2810 1681 2881 1739; x_wconf 90' lang='lat' dir='ltr'><strong>ad</strong></span> <span class='ocrx_word' id='word_1_441' title='bbox 2932 1698 3112 1756; x_wconf 82' lang='lat' dir='ltr'><strong>agen—</strong></span> 
     </span>
     <span class='ocr_line' id='line_1_71' title="bbox 1738 1761 3108 1835; baseline 0.001 -18"><span class='ocrx_word' id='word_1_442' title='bbox 1738 1761 1898 1829; x_wconf 90' lang='lat' dir='ltr'><strong>dum,</strong></span> <span class='ocrx_word' id='word_1_443' title='bbox 1941 1762 2039 1820; x_wconf 92' lang='lat' dir='ltr'><strong>sed</strong></span> <span class='ocrx_word' id='word_1_444' title='bbox 2068 1764 2147 1819; x_wconf 88' lang='lat' dir='ltr'><strong>ita</strong></span> <span class='ocrx_word' id='word_1_445' title='bbox 2192 1763 2493 1820; x_wconf 83' lang='lat' dir='ltr'><strong>efficaciter</strong></span> <span class='ocrx_word' id='word_1_446' title='bbox 2539 1763 2805 1835; x_wconf 89' lang='lat' dir='ltr'><strong>applicat,</strong></span> <span class='ocrx_word' id='word_1_447' title='bbox 2840 1767 2900 1817; x_wconf 89' lang='lat' dir='ltr'><strong>ut</strong></span> <span class='ocrx_word' id='word_1_448' title='bbox 2926 1763 3108 1818; x_wconf 89' lang='lat' dir='ltr'><strong>simul</strong></span> 
     </span>
     <span class='ocr_line' id='line_1_72' title="bbox 1740 1842 3110 1917; baseline 0 -19"><span class='ocrx_word' id='word_1_449' title='bbox 1740 1842 2029 1917; x_wconf 88' lang='lat' dir='ltr'><strong>relinquat</strong></span> <span class='ocrx_word' id='word_1_450' title='bbox 2066 1842 2517 1900; x_wconf 81' lang='lat' dir='ltr'><strong>indifferentiam</strong></span> <span class='ocrx_word' id='word_1_451' title='bbox 2540 1842 2762 1915; x_wconf 85' lang='lat' dir='ltr'><strong>judicii,</strong></span> <span class='ocrx_word' id='word_1_452' title='bbox 2808 1847 2865 1899; x_wconf 90' lang='lat' dir='ltr'><strong>et</strong></span> <span class='ocrx_word' id='word_1_453' title='bbox 2903 1847 3110 1914; x_wconf 90' lang='lat' dir='ltr'><strong>poten-</strong></span> 
     </span>
     <span class='ocr_line' id='line_1_73' title="bbox 1740 1921 3110 1995; baseline 0 -17"><span class='ocrx_word' id='word_1_454' title='bbox 1740 1923 1880 1979; x_wconf 87' lang='lat' dir='ltr'><strong>tiam</strong></span> <span class='ocrx_word' id='word_1_455' title='bbox 1921 1921 1992 1979; x_wconf 92' lang='lat' dir='ltr'><strong>ad</strong></span> <span class='ocrx_word' id='word_1_456' title='bbox 2019 1923 2343 1995; x_wconf 90' lang='lat' dir='ltr'><strong>oppositum</strong></span> <span class='ocrx_word' id='word_1_457' title='bbox 2373 1924 2437 1979; x_wconf 93' lang='lat' dir='ltr'><strong>in</strong></span> <span class='ocrx_word' id='word_1_458' title='bbox 2464 1939 2634 1980; x_wconf 89' lang='lat' dir='ltr'><strong>sensu</strong></span> <span class='ocrx_word' id='word_1_459' title='bbox 2661 1922 2869 1988; x_wconf 87' lang='lat' dir='ltr'><strong>diviso,</strong></span> <span class='ocrx_word' id='word_1_460' title='bbox 2900 1922 3110 1994; x_wconf 90' lang='lat' dir='ltr'><strong>quibus</strong></span> 
     </span>
     <span class='ocr_line' id='line_1_74' title="bbox 1739 2003 3015 2077; baseline 0 -17"><span class='ocrx_word' id='word_1_461' title='bbox 1739 2004 1891 2060; x_wconf 89' lang='lat' dir='ltr'><strong>nihil</strong></span> <span class='ocrx_word' id='word_1_462' title='bbox 1913 2004 2165 2077; x_wconf 89' lang='lat' dir='ltr'><strong>amplius</strong></span> <span class='ocrx_word' id='word_1_463' title='bbox 2186 2003 2545 2061; x_wconf 88' lang='lat' dir='ltr'><strong>desideratur</strong></span> <span class='ocrx_word' id='word_1_464' title='bbox 2572 2003 2642 2061; x_wconf 89' lang='lat' dir='ltr'><strong>ad</strong></span> <span class='ocrx_word' id='word_1_465' title='bbox 2670 2003 3015 2060; x_wconf 88' lang='lat' dir='ltr'><strong>libertatem.</strong></span> 
     </span>
    </p>
   </div>
   <div class='ocr_carea' id='block_1_4' title="bbox 1811 2083 3310 2188">
    <p class='ocr_par' dir='ltr' id='par_1_8' title="bbox 1811 2083 3310 2188">
     <span class='ocr_line' id='line_1_75' title="bbox 1811 2083 3310 2188; baseline -0.003 -48"><span class='ocrx_word' id='word_1_466' title='bbox 1811 2084 1897 2140; x_wconf 85' lang='lat' dir='ltr'><strong>Ad</strong></span> <span class='ocrx_word' id='word_1_467' title='bbox 1915 2086 2145 2142; x_wconf 89' lang='lat' dir='ltr'><strong>tertiam</strong></span> <span class='ocrx_word' id='word_1_468' title='bbox 2163 2100 2441 2159; x_wconf 82' lang='lat' dir='ltr'><strong>negamus</strong></span> <span class='ocrx_word' id='word_1_469' title='bbox 2461 2087 2761 2160; x_wconf 83' lang='lat' dir='ltr'><strong>majorem,</strong></span> <span class='ocrx_word' id='word_1_470' title='bbox 2782 2083 2917 2157; x_wconf 89' lang='lat' dir='ltr'><strong>quia</strong></span> <span class='ocrx_word' id='word_1_471' title='bbox 2933 2084 3107 2142; x_wconf 92' lang='lat' dir='ltr'><strong>homo</strong></span> <span class='ocrx_word' id='word_1_472' title='bbox 3118 2093 3310 2188; x_wconf 49' lang='lat' dir='ltr'><strong>⁹123}ss”</strong></span> 
     </span>
    </p>
   </div>
   <div class='ocr_carea' id='block_1_5' title="bbox 1731 2163 3113 5075">
    <p class='ocr_par' dir='ltr' id='par_1_9' title="bbox 1731 2163 3113 4671">
     <span class='ocr_line' id='line_1_76' title="bbox 1737 2163 3108 2237; baseline -0.001 -16"><span class='ocrx_word' id='word_1_473' title='bbox 1737 2180 1856 2221; x_wconf 89' lang='lat' dir='ltr'><strong>non</strong></span> <span class='ocrx_word' id='word_1_474' title='bbox 1882 2164 1946 2221; x_wconf 88' lang='lat' dir='ltr'><strong>fit</strong></span> <span class='ocrx_word' id='word_1_475' title='bbox 1993 2164 2326 2222; x_wconf 88' lang='lat' dir='ltr'><strong>immediate</strong></span> <span class='ocrx_word' id='word_1_476' title='bbox 2355 2170 2555 2237; x_wconf 90' lang='lat' dir='ltr'><strong>potens</strong></span> <span class='ocrx_word' id='word_1_477' title='bbox 2590 2165 2660 2222; x_wconf 90' lang='lat' dir='ltr'><strong>ad</strong></span> <span class='ocrx_word' id='word_1_478' title='bbox 2690 2163 2870 2220; x_wconf 90' lang='lat' dir='ltr'><strong>libere</strong></span> <span class='ocrx_word' id='word_1_479' title='bbox 2897 2163 3108 2220; x_wconf 89' lang='lat' dir='ltr'><strong>ambu—</strong></span> 
     </span>
     <span class='ocr_line' id='line_1_77' title="bbox 1738 2245 3110 2320; baseline -0.001 -18"><span class='ocrx_word' id='word_1_480' title='bbox 1738 2245 1977 2303; x_wconf 89' lang='lat' dir='ltr'><strong>landum</strong></span> <span class='ocrx_word' id='word_1_481' title='bbox 2001 2262 2102 2319; x_wconf 90' lang='lat' dir='ltr'><strong>per</strong></span> <span class='ocrx_word' id='word_1_482' title='bbox 2128 2248 2311 2304; x_wconf 89' lang='lat' dir='ltr'><strong>solam</strong></span> <span class='ocrx_word' id='word_1_483' title='bbox 2335 2247 2651 2320; x_wconf 88' lang='lat' dir='ltr'><strong>potentiam</strong></span> <span class='ocrx_word' id='word_1_484' title='bbox 2681 2245 3007 2303; x_wconf 83' lang='lat' dir='ltr'><strong>formaliter</strong></span> <span class='ocrx_word' id='word_1_485' title='bbox 3029 2245 3110 2301; x_wconf 90' lang='lat' dir='ltr'><strong>li—</strong></span> 
     </span>
     <span class='ocr_line' id='line_1_78' title="bbox 1738 2324 3111 2400; baseline -0.001 -18"><span class='ocrx_word' id='word_1_486' title='bbox 1738 2324 1955 2395; x_wconf 87' lang='lat' dir='ltr'><strong>beram,</strong></span> <span class='ocrx_word' id='word_1_487' title='bbox 2006 2341 2131 2400; x_wconf 81' lang='lat' dir='ltr'><strong>quae</strong></span> <span class='ocrx_word' id='word_1_488' title='bbox 2174 2332 2260 2383; x_wconf 90' lang='lat' dir='ltr'><strong>est</strong></span> <span class='ocrx_word' id='word_1_489' title='bbox 2300 2328 2600 2394; x_wconf 88' lang='lat' dir='ltr'><strong>voluntas;</strong></span> <span class='ocrx_word' id='word_1_490' title='bbox 2645 2325 2743 2382; x_wconf 90' lang='lat' dir='ltr'><strong>sed</strong></span> <span class='ocrx_word' id='word_1_491' title='bbox 2787 2325 2963 2381; x_wconf 88' lang='lat' dir='ltr'><strong>etiam</strong></span> <span class='ocrx_word' id='word_1_492' title='bbox 3007 2340 3111 2398; x_wconf 87' lang='lat' dir='ltr'><strong>per</strong></span> 
     </span>
     <span class='ocr_line' id='line_1_79' title="bbox 1737 2405 3110 2481; baseline 0 -19"><span class='ocrx_word' id='word_1_493' title='bbox 1737 2407 2195 2481; x_wconf 82' lang='lat' dir='ltr'><strong>imaginativam,</strong></span> <span class='ocrx_word' id='word_1_494' title='bbox 2228 2407 2320 2463; x_wconf 84' lang='lat' dir='ltr'><strong>vel</strong></span> <span class='ocrx_word' id='word_1_495' title='bbox 2364 2407 2680 2480; x_wconf 89' lang='lat' dir='ltr'><strong>appetitum</strong></span> <span class='ocrx_word' id='word_1_496' title='bbox 2711 2405 3058 2463; x_wconf 82' lang='lat' dir='ltr'><strong>sensitivum</strong></span> <span class='ocrx_word' id='word_1_497' title='bbox 3094 2426 3110 2462; x_wconf 75' lang='lat' dir='ltr'><strong><em>z</em></strong></span> 
     </span>
     <span class='ocr_line' id='line_1_80' title="bbox 1734 2486 3107 2561; baseline -0.001 -18"><span class='ocrx_word' id='word_1_498' title='bbox 1734 2504 1861 2561; x_wconf 81' lang='lat' dir='ltr'><strong>quae</strong></span> <span class='ocrx_word' id='word_1_499' title='bbox 1887 2489 2017 2545; x_wconf 90' lang='lat' dir='ltr'><strong>licet</strong></span> <span class='ocrx_word' id='word_1_500' title='bbox 2058 2504 2176 2545; x_wconf 91' lang='lat' dir='ltr'><strong>non</strong></span> <span class='ocrx_word' id='word_1_501' title='bbox 2205 2486 2494 2545; x_wconf 86' lang='lat' dir='ltr'><strong>resideant</strong></span> <span class='ocrx_word' id='word_1_502' title='bbox 2520 2489 2583 2544; x_wconf 91' lang='lat' dir='ltr'><strong>in</strong></span> <span class='ocrx_word' id='word_1_503' title='bbox 2606 2487 2886 2545; x_wconf 90' lang='lat' dir='ltr'><strong>membris</strong></span> <span class='ocrx_word' id='word_1_504' title='bbox 2909 2491 3107 2543; x_wconf 87' lang='lat' dir='ltr'><strong>exter—</strong></span> 
     </span>
     <span class='ocr_line' id='line_1_81' title="bbox 1737 2569 3113 2643; baseline -0.001 -18"><span class='ocrx_word' id='word_1_505' title='bbox 1737 2571 1848 2636; x_wconf 92' lang='lat' dir='ltr'><strong>nis,</strong></span> <span class='ocrx_word' id='word_1_506' title='bbox 1900 2575 2101 2643; x_wconf 89' lang='lat' dir='ltr'><strong>petunt</strong></span> <span class='ocrx_word' id='word_1_507' title='bbox 2140 2575 2335 2627; x_wconf 89' lang='lat' dir='ltr'><strong>tamen</strong></span> <span class='ocrx_word' id='word_1_508' title='bbox 2379 2586 2582 2627; x_wconf 91' lang='lat' dir='ltr'><strong>eorum</strong></span> <span class='ocrx_word' id='word_1_509' title='bbox 2626 2569 3008 2635; x_wconf 90' lang='lat' dir='ltr'><strong>habilitatem,</strong></span> <span class='ocrx_word' id='word_1_510' title='bbox 3055 2573 3113 2627; x_wconf 90' lang='lat' dir='ltr'><strong>et</strong></span> 
     </span>
     <span class='ocr_line' id='line_1_82' title="bbox 1737 2648 3112 2723; baseline -0.001 -17"><span class='ocrx_word' id='word_1_511' title='bbox 1737 2655 1948 2706; x_wconf 88' lang='lat' dir='ltr'><strong>rectam</strong></span> <span class='ocrx_word' id='word_1_512' title='bbox 1977 2650 2433 2723; x_wconf 87' lang='lat' dir='ltr'><strong>dispositionem.</strong></span> <span class='ocrx_word' id='word_1_513' title='bbox 2459 2649 2625 2706; x_wconf 90' lang='lat' dir='ltr'><strong>Unde</strong></span> <span class='ocrx_word' id='word_1_514' title='bbox 2649 2650 2746 2722; x_wconf 90' lang='lat' dir='ltr'><strong>qui</strong></span> <span class='ocrx_word' id='word_1_515' title='bbox 2769 2654 2922 2706; x_wconf 89' lang='lat' dir='ltr'><strong>caret</strong></span> <span class='ocrx_word' id='word_1_516' title='bbox 2944 2648 3112 2722; x_wconf 90' lang='lat' dir='ltr'><strong>pedi-</strong></span> 
     </span>
     <span class='ocr_line' id='line_1_83' title="bbox 1737 2730 3112 2804; baseline 0.001 -18"><span class='ocrx_word' id='word_1_517' title='bbox 1737 2730 1861 2798; x_wconf 88' lang='lat' dir='ltr'><strong>bus,</strong></span> <span class='ocrx_word' id='word_1_518' title='bbox 1913 2731 2044 2787; x_wconf 89' lang='lat' dir='ltr'><strong>licet</strong></span> <span class='ocrx_word' id='word_1_519' title='bbox 2089 2730 2294 2787; x_wconf 91' lang='lat' dir='ltr'><strong>habeat</strong></span> <span class='ocrx_word' id='word_1_520' title='bbox 2341 2733 2717 2798; x_wconf 85' lang='lat' dir='ltr'><strong>voluntatem,</strong></span> <span class='ocrx_word' id='word_1_521' title='bbox 2761 2731 3112 2804; x_wconf 78' lang='lat' dir='ltr'><strong>imaginati—</strong></span> 
     </span>
     <span class='ocr_line' id='line_1_84' title="bbox 1735 2811 3111 2887; baseline 0 -18"><span class='ocrx_word' id='word_1_522' title='bbox 1735 2830 1890 2881; x_wconf 84' lang='lat' dir='ltr'><strong>vam,</strong></span> <span class='ocrx_word' id='word_1_523' title='bbox 1922 2819 1978 2870; x_wconf 90' lang='lat' dir='ltr'><strong>et</strong></span> <span class='ocrx_word' id='word_1_524' title='bbox 2006 2813 2320 2887; x_wconf 91' lang='lat' dir='ltr'><strong>appetitum</strong></span> <span class='ocrx_word' id='word_1_525' title='bbox 2348 2813 2714 2879; x_wconf 85' lang='lat' dir='ltr'><strong>sensitivum,</strong></span> <span class='ocrx_word' id='word_1_526' title='bbox 2751 2827 2867 2869; x_wconf 93' lang='lat' dir='ltr'><strong>non</strong></span> <span class='ocrx_word' id='word_1_527' title='bbox 2897 2811 3111 2869; x_wconf 89' lang='lat' dir='ltr'><strong>dicitur</strong></span> 
     </span>
     <span class='ocr_line' id='line_1_85' title="bbox 1736 2895 3110 2969; baseline 0 -16"><span class='ocrx_word' id='word_1_528' title='bbox 1736 2900 1936 2968; x_wconf 90' lang='lat' dir='ltr'><strong>potens</strong></span> <span class='ocrx_word' id='word_1_529' title='bbox 1983 2895 2316 2963; x_wconf 89' lang='lat' dir='ltr'><strong>ambulare;</strong></span> <span class='ocrx_word' id='word_1_530' title='bbox 2371 2896 2507 2969; x_wconf 89' lang='lat' dir='ltr'><strong>quia</strong></span> <span class='ocrx_word' id='word_1_531' title='bbox 2554 2896 2672 2952; x_wconf 83' lang='lat' dir='ltr'><strong>haec</strong></span> <span class='ocrx_word' id='word_1_532' title='bbox 2712 2895 3110 2953; x_wconf 89' lang='lat' dir='ltr'><strong>denominatio</strong></span> 
     </span>
     <span class='ocr_line' id='line_1_86' title="bbox 1736 2974 3109 3049; baseline -0.001 -16"><span class='ocrx_word' id='word_1_533' title='bbox 1736 2992 1855 3033; x_wconf 90' lang='lat' dir='ltr'><strong>non</strong></span> <span class='ocrx_word' id='word_1_534' title='bbox 1881 2976 2133 3032; x_wconf 90' lang='lat' dir='ltr'><strong>sumitur</strong></span> <span class='ocrx_word' id='word_1_535' title='bbox 2162 2975 2232 3033; x_wconf 92' lang='lat' dir='ltr'><strong>ab</strong></span> <span class='ocrx_word' id='word_1_536' title='bbox 2261 2976 2381 3032; x_wconf 88' lang='lat' dir='ltr'><strong>illis</strong></span> <span class='ocrx_word' id='word_1_537' title='bbox 2403 2976 2676 3049; x_wconf 89' lang='lat' dir='ltr'><strong>potentiis</strong></span> <span class='ocrx_word' id='word_1_538' title='bbox 2696 2976 2857 3049; x_wconf 89' lang='lat' dir='ltr'><strong>quasi</strong></span> <span class='ocrx_word' id='word_1_539' title='bbox 2882 2975 2946 3032; x_wconf 92' lang='lat' dir='ltr'><strong>in</strong></span> <span class='ocrx_word' id='word_1_540' title='bbox 2975 2974 3109 3032; x_wconf 88' lang='lat' dir='ltr'><strong>abs-</strong></span> 
     </span>
     <span class='ocr_line' id='line_1_87' title="bbox 1737 3057 3103 3131; baseline 0 -18"><span class='ocrx_word' id='word_1_541' title='bbox 1737 3063 1917 3115; x_wconf 90' lang='lat' dir='ltr'><strong>tracto</strong></span> <span class='ocrx_word' id='word_1_542' title='bbox 1955 3058 2219 3131; x_wconf 88' lang='lat' dir='ltr'><strong>sumptis,</strong></span> <span class='ocrx_word' id='word_1_543' title='bbox 2263 3057 2363 3115; x_wconf 90' lang='lat' dir='ltr'><strong>sed</strong></span> <span class='ocrx_word' id='word_1_544' title='bbox 2402 3062 2684 3130; x_wconf 87' lang='lat' dir='ltr'><strong>quatenus</strong></span> <span class='ocrx_word' id='word_1_545' title='bbox 2728 3063 3103 3124; x_wconf 88' lang='lat' dir='ltr'><strong>concurrunt,</strong></span> 
     </span>
     <span class='ocr_line' id='line_1_88' title="bbox 1734 3137 3108 3211; baseline 0 -16"><span class='ocrx_word' id='word_1_546' title='bbox 1734 3142 1791 3195; x_wconf 90' lang='lat' dir='ltr'><strong>et</strong></span> <span class='ocrx_word' id='word_1_547' title='bbox 1810 3143 2120 3195; x_wconf 85' lang='lat' dir='ltr'><strong>connotant</strong></span> <span class='ocrx_word' id='word_1_548' title='bbox 2147 3138 2573 3211; x_wconf 87' lang='lat' dir='ltr'><strong>expeditionem</strong></span> <span class='ocrx_word' id='word_1_549' title='bbox 2593 3137 3013 3195; x_wconf 85' lang='lat' dir='ltr'><strong>membrorum.</strong></span> <span class='ocrx_word' id='word_1_550' title='bbox 3039 3138 3108 3195; x_wconf 88' lang='lat' dir='ltr'><strong>Ei</strong></span> 
     </span>
     <span class='ocr_line' id='line_1_89' title="bbox 1734 3218 3108 3293; baseline -0.001 -17"><span class='ocrx_word' id='word_1_551' title='bbox 1734 3223 1943 3286; x_wconf 86' lang='lat' dir='ltr'><strong>autem,</strong></span> <span class='ocrx_word' id='word_1_552' title='bbox 1972 3219 2070 3291; x_wconf 84' lang='lat' dir='ltr'><strong>qui</strong></span> <span class='ocrx_word' id='word_1_553' title='bbox 2101 3219 2313 3293; x_wconf 82' lang='lat' dir='ltr'><strong>ligatur</strong></span> <span class='ocrx_word' id='word_1_554' title='bbox 2341 3218 2476 3276; x_wconf 81' lang='lat' dir='ltr'><strong>sorti</strong></span> <span class='ocrx_word' id='word_1_555' title='bbox 2510 3224 2727 3285; x_wconf 86' lang='lat' dir='ltr'><strong>catena,</strong></span> <span class='ocrx_word' id='word_1_556' title='bbox 2762 3234 2880 3276; x_wconf 91' lang='lat' dir='ltr'><strong>non</strong></span> <span class='ocrx_word' id='word_1_557' title='bbox 2909 3220 3108 3275; x_wconf 90' lang='lat' dir='ltr'><strong>minus</strong></span> 
     </span>
     <span class='ocr_line' id='line_1_90' title="bbox 1735 3300 3109 3375; baseline 0 -18"><span class='ocrx_word' id='word_1_558' title='bbox 1735 3300 2131 3375; x_wconf 87' lang='lat' dir='ltr'><strong>impediuntur</strong></span> <span class='ocrx_word' id='word_1_559' title='bbox 2148 3300 2411 3358; x_wconf 91' lang='lat' dir='ltr'><strong>membra</strong></span> <span class='ocrx_word' id='word_1_560' title='bbox 2427 3306 2684 3367; x_wconf 85' lang='lat' dir='ltr'><strong>externa,</strong></span> <span class='ocrx_word' id='word_1_561' title='bbox 2701 3318 2872 3375; x_wconf 91' lang='lat' dir='ltr'><strong>quam</strong></span> <span class='ocrx_word' id='word_1_562' title='bbox 2887 3302 2935 3358; x_wconf 91' lang='lat' dir='ltr'><strong>si</strong></span> <span class='ocrx_word' id='word_1_563' title='bbox 2953 3303 3109 3359; x_wconf 87' lang='lat' dir='ltr'><strong>clau·</strong></span> 
     </span>
     <span class='ocr_line' id='line_1_91' title="bbox 1733 3380 3107 3456; baseline -0.001 -17"><span class='ocrx_word' id='word_1_564' title='bbox 1733 3383 1840 3439; x_wconf 92' lang='lat' dir='ltr'><strong>dus</strong></span> <span class='ocrx_word' id='word_1_565' title='bbox 1859 3388 2022 3449; x_wconf 90' lang='lat' dir='ltr'><strong>esset,</strong></span> <span class='ocrx_word' id='word_1_566' title='bbox 2043 3382 2134 3439; x_wconf 84' lang='lat' dir='ltr'><strong>vel</strong></span> <span class='ocrx_word' id='word_1_567' title='bbox 2163 3381 2413 3456; x_wconf 87' lang='lat' dir='ltr'><strong>paralysi</strong></span> <span class='ocrx_word' id='word_1_568' title='bbox 2439 3380 2746 3447; x_wconf 88' lang='lat' dir='ltr'><strong>laboraret,</strong></span> <span class='ocrx_word' id='word_1_569' title='bbox 2771 3384 2863 3439; x_wconf 81' lang='lat' dir='ltr'><strong>vel</strong></span> <span class='ocrx_word' id='word_1_570' title='bbox 2888 3381 3107 3439; x_wconf 91' lang='lat' dir='ltr'><strong>eisdem</strong></span> 
     </span>
     <span class='ocr_line' id='line_1_92' title="bbox 1733 3461 3102 3529; baseline -0.001 -8"><span class='ocrx_word' id='word_1_571' title='bbox 1733 3463 2015 3521; x_wconf 88' lang='lat' dir='ltr'><strong>membris</strong></span> <span class='ocrx_word' id='word_1_572' title='bbox 2043 3468 2282 3521; x_wconf 87' lang='lat' dir='ltr'><strong>careret.</strong></span> <span class='ocrx_word' id='word_1_573' title='bbox 2327 3464 2395 3517; x_wconf 86' lang='lat' dir='ltr'><strong>Et</strong></span> <span class='ocrx_word' id='word_1_574' title='bbox 2437 3461 2564 3519; x_wconf 88' lang='lat' dir='ltr'><strong>ideo</strong></span> <span class='ocrx_word' id='word_1_575' title='bbox 2594 3463 2811 3518; x_wconf 89' lang='lat' dir='ltr'><strong>mirum</strong></span> <span class='ocrx_word' id='word_1_576' title='bbox 2843 3479 2959 3519; x_wconf 92' lang='lat' dir='ltr'><strong>non</strong></span> <span class='ocrx_word' id='word_1_577' title='bbox 2999 3468 3102 3529; x_wconf 84' lang='lat' dir='ltr'><strong>est,</strong></span> 
     </span>
     <span class='ocr_line' id='line_1_93' title="bbox 1731 3540 3107 3618; baseline -0.001 -19"><span class='ocrx_word' id='word_1_578' title='bbox 1731 3543 1883 3618; x_wconf 90' lang='lat' dir='ltr'><strong>quod</strong></span> <span class='ocrx_word' id='word_1_579' title='bbox 1904 3543 2127 3600; x_wconf 90' lang='lat' dir='ltr'><strong>dicatur</strong></span> <span class='ocrx_word' id='word_1_580' title='bbox 2152 3542 2438 3614; x_wconf 90' lang='lat' dir='ltr'><strong>impotens</strong></span> <span class='ocrx_word' id='word_1_581' title='bbox 2478 3541 2548 3595; x_wconf 88' lang='lat' dir='ltr'><strong>ad</strong></span> <span class='ocrx_word' id='word_1_582' title='bbox 2576 3540 3017 3607; x_wconf 89' lang='lat' dir='ltr'><strong>ambulandum,</strong></span> <span class='ocrx_word' id='word_1_583' title='bbox 3049 3548 3107 3598; x_wconf 91' lang='lat' dir='ltr'><strong>et</strong></span> 
     </span>
     <span class='ocr_line' id='line_1_94' title="bbox 1733 3622 3105 3699; baseline 0 -18"><span class='ocrx_word' id='word_1_584' title='bbox 1733 3625 1882 3699; x_wconf 89' lang='lat' dir='ltr'><strong>quod</strong></span> <span class='ocrx_word' id='word_1_585' title='bbox 1910 3622 2398 3681; x_wconf 85' lang='lat' dir='ltr'><strong>deambulationis</strong></span> <span class='ocrx_word' id='word_1_586' title='bbox 2433 3622 2688 3679; x_wconf 89' lang='lat' dir='ltr'><strong>carentia</strong></span> <span class='ocrx_word' id='word_1_587' title='bbox 2717 3627 2959 3695; x_wconf 89' lang='lat' dir='ltr'><strong>nequeat</strong></span> <span class='ocrx_word' id='word_1_588' title='bbox 2992 3622 3105 3696; x_wconf 89' lang='lat' dir='ltr'><strong>ipsi</strong></span> 
     </span>
     <span class='ocr_line' id='line_1_95' title="bbox 1734 3701 3108 3775; baseline 0 -14"><span class='ocrx_word' id='word_1_589' title='bbox 1734 3704 2038 3763; x_wconf 90' lang='lat' dir='ltr'><strong>moraliter</strong></span> <span class='ocrx_word' id='word_1_590' title='bbox 2081 3701 2377 3775; x_wconf 90' lang='lat' dir='ltr'><strong>imputari.</strong></span> <span class='ocrx_word' id='word_1_591' title='bbox 2409 3701 2715 3757; x_wconf 86' lang='lat' dir='ltr'><strong>Auxilium</strong></span> <span class='ocrx_word' id='word_1_592' title='bbox 2747 3717 2884 3759; x_wconf 87' lang='lat' dir='ltr'><strong>vero</strong></span> <span class='ocrx_word' id='word_1_593' title='bbox 2909 3701 3108 3761; x_wconf 83' lang='lat' dir='ltr'><strong>efficax</strong></span> 
     </span>
     <span class='ocr_line' id='line_1_96' title="bbox 1735 3782 3106 3859; baseline -0.001 -16"><span class='ocrx_word' id='word_1_594' title='bbox 1735 3788 1815 3843; x_wconf 88' lang='lat' dir='ltr'><strong>ita</strong></span> <span class='ocrx_word' id='word_1_595' title='bbox 1849 3786 2007 3859; x_wconf 82' lang='lat' dir='ltr'><strong>ligat,</strong></span> <span class='ocrx_word' id='word_1_596' title='bbox 2055 3788 2114 3839; x_wconf 93' lang='lat' dir='ltr'><strong>ut</strong></span> <span class='ocrx_word' id='word_1_597' title='bbox 2152 3783 2233 3839; x_wconf 89' lang='lat' dir='ltr'><strong>sic</strong></span> <span class='ocrx_word' id='word_1_598' title='bbox 2281 3782 2558 3849; x_wconf 88' lang='lat' dir='ltr'><strong>dicamus,</strong></span> <span class='ocrx_word' id='word_1_599' title='bbox 2605 3785 2983 3849; x_wconf 89' lang='lat' dir='ltr'><strong>voluntatem,</strong></span> <span class='ocrx_word' id='word_1_600' title='bbox 3031 3800 3106 3842; x_wconf 88' lang='lat' dir='ltr'><strong>ne</strong></span> 
     </span>
     <span class='ocr_line' id='line_1_97' title="bbox 1733 3863 3108 3938; baseline -0.001 -15"><span class='ocrx_word' id='word_1_601' title='bbox 1733 3865 2047 3931; x_wconf 88' lang='lat' dir='ltr'><strong>dissentiat,</strong></span> <span class='ocrx_word' id='word_1_602' title='bbox 2072 3863 2219 3936; x_wconf 88' lang='lat' dir='ltr'><strong>quod</strong></span> <span class='ocrx_word' id='word_1_603' title='bbox 2242 3863 2627 3920; x_wconf 87' lang='lat' dir='ltr'><strong>nihilominus</strong></span> <span class='ocrx_word' id='word_1_604' title='bbox 2657 3865 2950 3938; x_wconf 89' lang='lat' dir='ltr'><strong>relinquat</strong></span> <span class='ocrx_word' id='word_1_605' title='bbox 2975 3880 3108 3922; x_wconf 91' lang='lat' dir='ltr'><strong>om-</strong></span> 
     </span>
     <span class='ocr_line' id='line_1_98' title="bbox 1735 3943 3110 4018; baseline -0.001 -16"><span class='ocrx_word' id='word_1_606' title='bbox 1735 3947 1835 4003; x_wconf 93' lang='lat' dir='ltr'><strong>nia</strong></span> <span class='ocrx_word' id='word_1_607' title='bbox 1859 3943 2153 4018; x_wconf 89' lang='lat' dir='ltr'><strong>requisita,</strong></span> <span class='ocrx_word' id='word_1_608' title='bbox 2181 3948 2243 3999; x_wconf 92' lang='lat' dir='ltr'><strong>ut</strong></span> <span class='ocrx_word' id='word_1_609' title='bbox 2268 3943 2737 4001; x_wconf 86' lang='lat' dir='ltr'><strong>voluntasadhuc</strong></span> <span class='ocrx_word' id='word_1_610' title='bbox 2764 3944 2988 4001; x_wconf 88' lang='lat' dir='ltr'><strong>dicatur</strong></span> <span class='ocrx_word' id='word_1_611' title='bbox 3012 3961 3110 4018; x_wconf 88' lang='lat' dir='ltr'><strong>po·</strong></span> 
     </span>
     <span class='ocr_line' id='line_1_99' title="bbox 1737 4024 3107 4099; baseline -0.001 -12"><span class='ocrx_word' id='word_1_612' title='bbox 1737 4034 1862 4087; x_wconf 91' lang='lat' dir='ltr'><strong>tens</strong></span> <span class='ocrx_word' id='word_1_613' title='bbox 1881 4026 2189 4085; x_wconf 89' lang='lat' dir='ltr'><strong>dissentire</strong></span> <span class='ocrx_word' id='word_1_614' title='bbox 2205 4050 2220 4094; x_wconf 90' lang='lat'>;</span> <span class='ocrx_word' id='word_1_615' title='bbox 2253 4041 2390 4081; x_wconf 91' lang='lat' dir='ltr'><strong>nam</strong></span> <span class='ocrx_word' id='word_1_616' title='bbox 2416 4026 2531 4083; x_wconf 81' lang='lat' dir='ltr'><strong>haec</strong></span> <span class='ocrx_word' id='word_1_617' title='bbox 2549 4024 2948 4085; x_wconf 90' lang='lat' dir='ltr'><strong>denominatio</strong></span> <span class='ocrx_word' id='word_1_618' title='bbox 2978 4042 3107 4099; x_wconf 88' lang='lat' dir='ltr'><strong>pro-</strong></span> 
     </span>
     <span class='ocr_line' id='line_1_100' title="bbox 1734 4105 3108 4181; baseline -0.001 -14"><span class='ocrx_word' id='word_1_619' title='bbox 1734 4107 1987 4167; x_wconf 80' lang='lat' dir='ltr'><strong>venitab</strong></span> <span class='ocrx_word' id='word_1_620' title='bbox 2018 4105 2410 4163; x_wconf 76' lang='lat' dir='ltr'><strong>indifferentia</strong></span> <span class='ocrx_word' id='word_1_621' title='bbox 2433 4107 2656 4181; x_wconf 84' lang='lat' dir='ltr'><strong>judicii,</strong></span> <span class='ocrx_word' id='word_1_622' title='bbox 2689 4114 2743 4164; x_wconf 88' lang='lat' dir='ltr'><strong>et</strong></span> <span class='ocrx_word' id='word_1_623' title='bbox 2784 4124 2817 4164; x_wconf 91' lang='lat' dir='ltr'><strong>a</strong></span> <span class='ocrx_word' id='word_1_624' title='bbox 2853 4107 3108 4180; x_wconf 90' lang='lat' dir='ltr'><strong>potentia</strong></span> 
     </span>
     <span class='ocr_line' id='line_1_101' title="bbox 1736 4185 3110 4261; baseline -0.002 -14"><span class='ocrx_word' id='word_1_625' title='bbox 1736 4187 2049 4247; x_wconf 84' lang='lat' dir='ltr'><strong>voluntatis</strong></span> <span class='ocrx_word' id='word_1_626' title='bbox 2075 4186 2140 4243; x_wconf 91' lang='lat' dir='ltr'><strong>in</strong></span> <span class='ocrx_word' id='word_1_627' title='bbox 2168 4202 2337 4243; x_wconf 88' lang='lat' dir='ltr'><strong>sensu</strong></span> <span class='ocrx_word' id='word_1_628' title='bbox 2359 4185 2579 4246; x_wconf 88' lang='lat' dir='ltr'><strong>diviso:</strong></span> <span class='ocrx_word' id='word_1_629' title='bbox 2603 4203 2727 4261; x_wconf 82' lang='lat' dir='ltr'><strong>quae</strong></span> <span class='ocrx_word' id='word_1_630' title='bbox 2748 4188 2949 4244; x_wconf 90' lang='lat' dir='ltr'><strong>omnia</strong></span> <span class='ocrx_word' id='word_1_631' title='bbox 2973 4192 3110 4244; x_wconf 89' lang='lat' dir='ltr'><strong>tunc</strong></span> 
     </span>
     <span class='ocr_line' id='line_1_102' title="bbox 1734 4266 3108 4333; baseline -0.001 -7"><span class='ocrx_word' id='word_1_632' title='bbox 1734 4269 1911 4327; x_wconf 89' lang='lat' dir='ltr'><strong>simul</strong></span> <span class='ocrx_word' id='word_1_633' title='bbox 1939 4283 2068 4325; x_wconf 90' lang='lat' dir='ltr'><strong>cum</strong></span> <span class='ocrx_word' id='word_1_634' title='bbox 2097 4266 2318 4325; x_wconf 85' lang='lat' dir='ltr'><strong>auxilio</strong></span> <span class='ocrx_word' id='word_1_635' title='bbox 2344 4266 2552 4326; x_wconf 83' lang='lat' dir='ltr'><strong>efficaci</strong></span> <span class='ocrx_word' id='word_1_636' title='bbox 2580 4267 2804 4325; x_wconf 90' lang='lat' dir='ltr'><strong>adsunt.</strong></span> <span class='ocrx_word' id='word_1_637' title='bbox 2833 4267 3108 4333; x_wconf 88' lang='lat' dir='ltr'><strong>Quocirca</strong></span> 
     </span>
     <span class='ocr_line' id='line_1_103' title="bbox 1736 4347 3102 4408; baseline -0.003 0"><span class='ocrx_word' id='word_1_638' title='bbox 1736 4350 2023 4408; x_wconf 86' lang='lat' dir='ltr'><strong>auxilium</strong></span> <span class='ocrx_word' id='word_1_639' title='bbox 2051 4363 2123 4404; x_wconf 87' lang='lat' dir='ltr'><strong>ex</strong></span> <span class='ocrx_word' id='word_1_640' title='bbox 2162 4364 2222 4404; x_wconf 90' lang='lat' dir='ltr'><strong>se</strong></span> <span class='ocrx_word' id='word_1_641' title='bbox 2248 4348 2444 4405; x_wconf 82' lang='lat' dir='ltr'><strong>efficax</strong></span> <span class='ocrx_word' id='word_1_642' title='bbox 2474 4366 2591 4407; x_wconf 89' lang='lat' dir='ltr'><strong>non</strong></span> <span class='ocrx_word' id='word_1_643' title='bbox 2621 4348 2841 4405; x_wconf 89' lang='lat' dir='ltr'><strong>inducit</strong></span> <span class='ocrx_word' id='word_1_644' title='bbox 2867 4347 3102 4405; x_wconf 90' lang='lat' dir='ltr'><strong>absolu-</strong></span> 
     </span>
     <span class='ocr_line' id='line_1_104' title="bbox 1736 4427 3107 4497; baseline -0.001 -10"><span class='ocrx_word' id='word_1_645' title='bbox 1736 4438 1875 4497; x_wconf 90' lang='lat' dir='ltr'><strong>tam,</strong></span> <span class='ocrx_word' id='word_1_646' title='bbox 1906 4435 1963 4487; x_wconf 90' lang='lat' dir='ltr'><strong>et</strong></span> <span class='ocrx_word' id='word_1_647' title='bbox 1983 4427 2415 4486; x_wconf 89' lang='lat' dir='ltr'><strong>antecedentem</strong></span> <span class='ocrx_word' id='word_1_648' title='bbox 2444 4428 2840 4486; x_wconf 89' lang='lat' dir='ltr'><strong>consentiendi</strong></span> <span class='ocrx_word' id='word_1_649' title='bbox 2866 4430 3107 4486; x_wconf 83' lang='lat' dir='ltr'><strong>necessi-</strong></span> 
     </span>
     <span class='ocr_line' id='line_1_105' title="bbox 1737 4508 3105 4570; baseline -0.001 0"><span class='ocrx_word' id='word_1_650' title='bbox 1737 4519 1932 4570; x_wconf 90' lang='lat' dir='ltr'><strong>tatem.</strong></span> <span class='ocrx_word' id='word_1_651' title='bbox 1985 4508 2150 4566; x_wconf 91' lang='lat' dir='ltr'><strong>Unde</strong></span> <span class='ocrx_word' id='word_1_652' title='bbox 2201 4511 2377 4567; x_wconf 89' lang='lat' dir='ltr'><strong>etiam</strong></span> <span class='ocrx_word' id='word_1_653' title='bbox 2444 4512 2691 4568; x_wconf 82' lang='lat' dir='ltr'><strong>solvitur</strong></span> <span class='ocrx_word' id='word_1_654' title='bbox 2752 4510 3105 4569; x_wconf 82' lang='lat' dir='ltr'><strong>difficultatis</strong></span> 
     </span>
     <span class='ocr_line' id='line_1_106' title="bbox 1737 4598 2132 4671; baseline -0.015 -17"><span class='ocrx_word' id='word_1_655' title='bbox 1737 4598 2132 4671; x_wconf 79' lang='lat' dir='ltr'><strong>augmentum.</strong></span> 
     </span>
    </p>

    <p class='ocr_par' dir='ltr' id='par_1_10' title="bbox 1735 4673 3110 5075">
     <span class='ocr_line' id='line_1_107' title="bbox 1809 4673 3106 4749; baseline 0.002 -18"><span class='ocrx_word' id='word_1_656' title='bbox 1809 4675 2090 4731; x_wconf 84' lang='lat' dir='ltr'><strong>Addimus</strong></span> <span class='ocrx_word' id='word_1_657' title='bbox 2132 4678 2392 4731; x_wconf 89' lang='lat' dir='ltr'><strong>catenam</strong></span> <span class='ocrx_word' id='word_1_658' title='bbox 2434 4673 2661 4730; x_wconf 89' lang='lat' dir='ltr'><strong>homini</strong></span> <span class='ocrx_word' id='word_1_659' title='bbox 2691 4674 2957 4749; x_wconf 75' lang='lat' dir='ltr'><strong>iniectam</strong></span> <span class='ocrx_word' id='word_1_660' title='bbox 2987 4692 3106 4735; x_wconf 87' lang='lat' dir='ltr'><strong>non</strong></span> 
     </span>
     <span class='ocr_line' id='line_1_108' title="bbox 1735 4755 3106 4828; baseline -0.001 -12"><span class='ocrx_word' id='word_1_661' title='bbox 1735 4774 1857 4816; x_wconf 89' lang='lat' dir='ltr'><strong>esse</strong></span> <span class='ocrx_word' id='word_1_662' title='bbox 1876 4771 2187 4815; x_wconf 90' lang='lat' dir='ltr'><strong>consonam</strong></span> <span class='ocrx_word' id='word_1_663' title='bbox 2218 4755 2485 4828; x_wconf 80' lang='lat' dir='ltr'><strong>potentiae</strong></span> <span class='ocrx_word' id='word_1_664' title='bbox 2514 4755 2973 4825; x_wconf 82' lang='lat' dir='ltr'><strong>deambulativae,</strong></span> <span class='ocrx_word' id='word_1_665' title='bbox 3004 4758 3106 4817; x_wconf 90' lang='lat' dir='ltr'><strong>sed</strong></span> 
     </span>
     <span class='ocr_line' id='line_1_109' title="bbox 1739 4836 3110 4913; baseline 0.001 -17"><span class='ocrx_word' id='word_1_666' title='bbox 1739 4839 1924 4913; x_wconf 90' lang='lat' dir='ltr'><strong>potius</strong></span> <span class='ocrx_word' id='word_1_667' title='bbox 1966 4836 2076 4910; x_wconf 90' lang='lat' dir='ltr'><strong>ipsi</strong></span> <span class='ocrx_word' id='word_1_668' title='bbox 2106 4837 2444 4893; x_wconf 87' lang='lat' dir='ltr'><strong>violentiam</strong></span> <span class='ocrx_word' id='word_1_669' title='bbox 2491 4836 2743 4905; x_wconf 76' lang='lat' dir='ltr'><strong>inferre3</strong></span> <span class='ocrx_word' id='word_1_670' title='bbox 2776 4838 2928 4896; x_wconf 92' lang='lat' dir='ltr'><strong>unde</strong></span> <span class='ocrx_word' id='word_1_671' title='bbox 2967 4856 3110 4898; x_wconf 90' lang='lat' dir='ltr'><strong>con—</strong></span> 
     </span>
     <span class='ocr_line' id='line_1_110' title="bbox 1736 4918 3108 4991; baseline 0.001 -13"><span class='ocrx_word' id='word_1_672' title='bbox 1736 4922 1940 4978; x_wconf 90' lang='lat' dir='ltr'><strong>ducere</strong></span> <span class='ocrx_word' id='word_1_673' title='bbox 1956 4918 2172 4991; x_wconf 82' lang='lat' dir='ltr'><strong>nequit,</strong></span> <span class='ocrx_word' id='word_1_674' title='bbox 2207 4923 2269 4974; x_wconf 96' lang='lat' dir='ltr'><strong>ut</strong></span> <span class='ocrx_word' id='word_1_675' title='bbox 2295 4920 2469 4976; x_wconf 90' lang='lat' dir='ltr'><strong>homo</strong></span> <span class='ocrx_word' id='word_1_676' title='bbox 2494 4918 2717 4976; x_wconf 88' lang='lat' dir='ltr'><strong>dicatur</strong></span> <span class='ocrx_word' id='word_1_677' title='bbox 2741 4920 2921 4978; x_wconf 91' lang='lat' dir='ltr'><strong>libere</strong></span> <span class='ocrx_word' id='word_1_678' title='bbox 2937 4924 3108 4980; x_wconf 90' lang='lat' dir='ltr'><strong>omit-</strong></span> 
     </span>
     <span class='ocr_line' id='line_1_111' title="bbox 1738 4997 3110 5075; baseline 0.003 -18"><span class='ocrx_word' id='word_1_679' title='bbox 1738 5007 1856 5059; x_wconf 86' lang='lat' dir='ltr'><strong>tere</strong></span> <span class='ocrx_word' id='word_1_680' title='bbox 1912 4997 2461 5064; x_wconf 85' lang='lat' dir='ltr'><strong>deambulationem,</strong></span> <span class='ocrx_word' id='word_1_681' title='bbox 2530 4998 2629 5056; x_wconf 91' lang='lat' dir='ltr'><strong>sed</strong></span> <span class='ocrx_word' id='word_1_682' title='bbox 2685 5001 2955 5075; x_wconf 91' lang='lat' dir='ltr'><strong>importat</strong></span> <span class='ocrx_word' id='word_1_683' title='bbox 3003 5020 3110 5061; x_wconf 90' lang='lat' dir='ltr'><strong>ne-</strong></span> 
     </span>
    </p>
   </div>
   <div class='ocr_carea' id='block_1_6' title="bbox 249 5077 3098 5154">
    <p class='ocr_par' dir='ltr' id='par_1_11' title="bbox 249 5077 3098 5154">
     <span class='ocr_line' id='line_1_112' title="bbox 249 5077 3098 5154; baseline -0 -13"><span class='ocrx_word' id='word_1_684' title='bbox 249 5099 380 5142; x_wconf 83' lang='lat' dir='ltr'><strong>care</strong></span> <span class='ocrx_word' id='word_1_685' title='bbox 430 5086 609 5154; x_wconf 81' lang='lat' dir='ltr'><strong>potest</strong></span> <span class='ocrx_word' id='word_1_686' title='bbox 659 5079 868 5151; x_wconf 85' lang='lat' dir='ltr'><strong>absque</strong></span> <span class='ocrx_word' id='word_1_687' title='bbox 918 5086 1110 5138; x_wconf 88' lang='lat' dir='ltr'><strong>nostra</strong></span> <span class='ocrx_word' id='word_1_688' title='bbox 1162 5080 1598 5148; x_wconf 84' lang='lat' dir='ltr'><strong>deliberatione,</strong></span> <span class='ocrx_word' id='word_1_689' title='bbox 1661 5082 1673 5132; x_wconf 85' lang='grc' dir='ltr'>Ι</span> <span class='ocrx_word' id='word_1_690' title='bbox 1736 5082 2053 5140; x_wconf 89' lang='lat' dir='ltr'><strong>cessitatem</strong></span> <span class='ocrx_word' id='word_1_691' title='bbox 2126 5077 2445 5135; x_wconf 91' lang='lat' dir='ltr'><strong>absolutam</strong></span> <span class='ocrx_word' id='word_1_692' title='bbox 2496 5096 2613 5137; x_wconf 90' lang='lat' dir='ltr'><strong>non</strong></span> <span class='ocrx_word' id='word_1_693' title='bbox 2664 5078 3098 5140; x_wconf 88' lang='lat' dir='ltr'><strong>deambulandi.</strong></span> 
     </span>
    </p>
   </div>
  </div>
 </body>
</html>
