3647 5753
1459 434 1640 490 DISP.
1687 434 1730 501 1,
1774 434 1939 493 DUB.
1984 436 2026 493 1.
3053 440 3160 495 303

307 606 535 659 caeteras
570 603 923 676 privationes
966 607 1449 679 praesupponitur,
1473 611 1530 662 et
1569 620 1669 677 per

307 686 743 741 Sacramentum
765 687 1040 760 Baptismi
1066 688 1347 761 primario
1370 687 1630 744 aufertur
1653 707 1666 741 :

305 779 443 837 ergo
471 770 761 835 peccatum
784 766 1071 841 originale
1115 767 1374 824 consistit
1401 766 1669 823 formali—

307 851 416 910 ter,
445 849 503 899 et
520 845 907 903 essentialiter
933 846 997 902 in
1021 847 1345 920 privatione
1367 846 1672 921 originalis

305 923 560 998 justitiae.

94 1021 284 1065 'iunium
383 1006 440 1059 6.
483 1005 763 1073 Tertium,
795 1011 852 1063 et
876 1006 1174 1080 urgentius
1205 1012 1414 1063 nostrae
1439 1008 1672 1064 conclu-

99 1070 295 1164 nus'e'ffl‘dn.
309 1084 492 1140 sionis
521 1084 962 1143 fundamentum
1001 1085 1324 1143 desumitur
1350 1085 1421 1143 ab
1449 1086 1672 1143 insuffi-

310 1163 541 1232 cientia,
572 1171 629 1221 et
656 1165 903 1223 falsitate
930 1166 1232 1224 modorum
1263 1166 1510 1233 dicendi,
1541 1166 1673 1240 qui-

314 1246 419 1302 bus
440 1246 540 1303 alii
558 1248 840 1305 Authores
855 1250 1162 1305 essentiam
1187 1249 1393 1322 peccati
1412 1247 1675 1307 mortalis

317 1328 629 1385 habitualis
669 1329 966 1389 declarant
998 1354 1012 1388 ε
1040 1330 1188 1405 quod
1221 1332 1359 1387 satis
1397 1332 1676 1389 constabit

96 1402 414 1491 ffiffiffffissos
438 1407 691 1466 breviter
719 1410 1037 1478 referendo,
1067 1418 1124 1468 et
1164 1410 1483 1468 refutando.
1528 1415 1674 1468 Nam

99 1498 208 1554 tuate
224 1507 294 1541 ne·
320 1490 382 1544 in
405 1489 610 1561 primis
637 1493 883 1548 essentia
906 1491 1158 1565 praedicti
1183 1491 1389 1563 peccati
1414 1507 1676 1564 persona·

102 1550 391 1639 fflssssef'ffilis
417 1571 612 1643 nequit
635 1573 945 1631 consistere
974 1575 1036 1630 in
1059 1579 1182 1630 actu
1214 1574 1422 1645 peccati
1447 1573 1676 1647 physice

104 1651 306 1738 ffigffiae·
321 1651 626 1724 praeterito,
654 1656 710 1707 et
736 1655 1036 1711 moraliter
1073 1652 1146 1709 ob
1175 1668 1291 1710 non
1320 1654 1677 1711 retractatio-

131 1753 210 1786 non
225 1753 289 1787 m·
320 1748 452 1791 nem
483 1734 864 1806 permanenti,
916 1741 977 1789 ut
1006 1735 1349 1792 recentiores
1376 1750 1447 1792 ex
1488 1735 1677 1792 Socie-

109 1798 290 1836 ¹¹³⁰²²²⁰‘
320 1819 430 1872 tate
443 1815 829 1871 communiter
845 1815 1065 1874 docent.
1086 1818 1371 1882 Quoniam
1390 1823 1676 1889 peccatum

319 1896 605 1970 originale
626 1911 743 1951 non
789 1898 1046 1953 consistit
1087 1898 1148 1952 in
1184 1901 1407 1971 peccato
1446 1898 1671 1963 Adami,

316 1982 377 2031 ut
404 1992 435 2032 a
463 1977 722 2048 parvulis
746 1992 862 2033 non
894 1983 1196 2035 retractato
1225 2002 1239 2045 ;
1268 1977 1367 2034 sed
1404 1978 1679 2050 importat

316 2054 532 2126 aliquid
568 2056 946 2113 intrinsecum
980 2073 1095 2114 non
1121 2059 1309 2114 solum
1354 2058 1672 2123 moraliter,

313 2135 409 2192 sed
435 2135 611 2192 etiam
636 2136 868 2209 physice
910 2137 1178 2209 parvulos
1217 2137 1466 2193 afficiens
1502 2153 1678 2211 :ergo

313 2216 467 2271 idem
494 2213 801 2271 dicendum
830 2223 912 2272 est
935 2217 1007 2273 de
1024 2222 1246 2290 peccato
1261 2217 1495 2273 mortali
1520 2214 1678 2271 habi-

313 2297 453 2352 tuali
506 2296 825 2368 personali;
870 2302 1036 2369 atque
1062 2298 1192 2355 ideo
1220 2298 1450 2353 nullum
1482 2312 1678 2369 pecca-

314 2381 436 2430 tum
469 2373 761 2431 habituale
801 2377 1058 2433 consistit
1101 2377 1163 2431 in
1210 2382 1432 2448 peccato
1471 2375 1677 2432 actuali

322 2453 552 2526 physice
570 2455 870 2525 praeterito,
897 2462 953 2512 et
973 2456 1273 2513 moraliter
1291 2456 1674 2528 permanenti.

325 2531 676 2588 Antecedens
717 2533 1045 2591 conceditur
1093 2535 1163 2591 ab
1209 2535 1591 2602 Adversariis,
1624 2541 1680 2592 et

324 2617 409 2667 est
436 2610 602 2668 valde
628 2627 928 2671 commune
957 2616 1111 2671 inter
1140 2615 1474 2689 Theologos‚
1506 2615 1677 2671 desu-

112 2688 300 2781 Tfffflfglt·
325 2691 614 2764 miturque
638 2709 708 2750 ex
749 2696 1005 2753 Concilio
1031 2693 1291 2752 Trident.
1326 2696 1462 2753 locis
1506 2711 1679 2769 supra

298 2771 523 2842 citatis,
584 2774 680 2830 ubi
730 2775 997 2842 declarat,
1057 2784 1343 2849 peccatum
1395 2777 1679 2852 originale

321 2854 646 2914 transfundi
678 2856 748 2913 ab
800 2857 1021 2915 Adamo
1064 2859 1125 2914 in
1155 2865 1428 2932 posteros,
1478 2866 1535 2917 et
1558 2875 1679 2918 esse

317 2936 587 2996 omnibus
629 2940 950 3010 proprium,
1003 2944 1169 3011 atque
1221 2939 1292 2996 ab
1341 2955 1679 3012 unoquoque

319 3017 578 3076 contrahi
614 3038 629 3072 ε
676 3018 825 3090 quod
872 3017 1161 3075 verificari
1204 3021 1402 3092 nequit
1441 3019 1511 3076 de
1557 3019 1680 3092 ipso

318 3102 539 3171 peccato
578 3100 791 3155 actuali
852 3097 1059 3155 Adami
1105 3123 1118 3165 ;
1168 3100 1272 3156 hoc
1314 3100 1523 3174 quippe
1564 3116 1679 3158 non

319 3177 766 3245 transfunditur,
793 3194 896 3236 nec
916 3180 1173 3254 singulos
1197 3182 1467 3252 parvulos
1488 3181 1673 3249 afficit,

319 3260 415 3317 sed
444 3259 515 3316 ad
540 3275 835 3317 summum
857 3276 951 3318 eos
977 3262 1296 3319 extrinsece
1320 3262 1673 3329 denominat,

319 3344 376 3395 et
424 3339 495 3396 ad
561 3341 1062 3397 voluntarietatem
1117 3342 1326 3414 peccati
1380 3342 1679 3417 originalis

320 3420 614 3477 concurrit
650 3439 664 3474 ε
712 3437 848 3496 ergo
900 3428 1187 3493 peccatum
1235 3422 1518 3496 originale
1563 3438 1679 3479 non

319 3501 578 3558 consistit
600 3501 663 3557 in
693 3502 796 3559 illo
823 3508 947 3560 actu
985 3502 1193 3559 Adami
1222 3503 1454 3577 physice
1475 3509 1680 3576 praete-

321 3582 453 3648 rit0‚
482 3588 538 3638 et
566 3585 867 3641 moraliter
891 3585 1255 3657 permanenti
1282 3609 1297 3651 3
1339 3584 1434 3642 sed
1458 3586 1680 3658 impor-

320 3669 399 3719 tat
426 3664 646 3735 aliquid
664 3664 736 3721 ab
759 3681 827 3722 eo
852 3665 1168 3733 diversum,
1212 3672 1269 3723 et
1288 3667 1534 3741 singulis
1555 3682 1680 3738 par·

322 3743 474 3799 vulis
502 3744 902 3802 intrinsecum.
944 3747 1360 3820 Consequentia
1381 3763 1519 3804 vero
1545 3762 1681 3819 pro-

323 3823 507 3889 batur,
535 3825 670 3896 quia
697 3832 984 3897 peccatum
996 3827 1214 3884 actuale
1238 3827 1536 3900 personale
1562 3843 1680 3883 non

323 3905 610 3962 minorem
641 3906 762 3962 vim
791 3906 978 3982 habet
999 3908 1068 3964 ad
1091 3908 1444 3964 causandum
1462 3907 1681 3981 aliquid

323 3983 630 4046 habituale,
661 3991 718 4041 et
760 3987 1159 4055 intrinsecum,
1192 3988 1340 4061 quod
1382 3988 1679 4046 hominem

322 4063 714 4131 habitualiter,
745 4071 802 4123 et
842 4067 1151 4125 intrinsece
1189 4066 1524 4126 denominet
1551 4083 1680 4141 pec-

319 4148 589 4212 catorem,
621 4160 795 4216 quam
824 4152 1111 4219 peccatum
1136 4149 1354 4205 actuale
1375 4147 1580 4204 Adami
1610 4148 1680 4204 ad

323 4224 846 4283 transfundendum
894 4228 957 4283 in
1011 4230 1282 4302 parvulos
1326 4230 1472 4286 illud
1514 4229 1681 4286 habi-

321 4307 493 4373 tuale,
520 4312 576 4364 et
602 4309 980 4365 intrinsecum
1004 4326 1036 4367 a
1055 4326 1117 4367 se
1142 4311 1476 4368 distinctum
1510 4327 1681 4386 :ergo

321 4386 369 4440 si
412 4392 702 4457 peccatum
748 4388 1038 4463 originale*
1072 4390 1331 4446 consistit
1383 4391 1446 4446 in
1491 4389 1681 4462 aliquo

323 4465 603 4524 habituali
627 4485 662 4524 a
677 4475 900 4541 peccato
920 4471 1125 4527 actuali
1149 4471 1356 4528 Adami
1378 4471 1678 4530 distincto:

325 4545 476 4604 idem
503 4547 574 4605 de
601 4555 825 4622 peccato
852 4549 1131 4608 habituali
1160 4551 1448 4624 personali
1482 4551 1681 4610 dicen-

324 4627 460 4686 dum
489 4629 623 4686 erit.

398 4706 808 4774 confirmatur,
842 4711 978 4781 quia
1022 4709 1417 4769 denominatio
1438 4711 1596 4785 iusti,
1628 4717 1684 4770 et

326 4789 504 4845 sancti
551 4803 670 4844 non
715 4787 1037 4846 desumitur
1083 4789 1155 4846 ab
1205 4791 1400 4864 aliquo
1450 4793 1683 4850 virtutis

327 4872 470 4935 actu,
499 4867 875 4939 quantumvis
916 4870 1153 4942 optimo,
1202 4873 1266 4926 ut
1291 4872 1591 4928 moraliter
1610 4871 1683 4930 ob

328 4964 445 5006 non
474 4949 937 5007 retractationem
989 4951 1421 5024 perseveranti;
1467 4952 1565 5010 sed
1591 4953 1684 5011 de-

329 5030 581 5087 sumitur
622 5029 695 5086 ab
740 5031 932 5104 aliqua
971 5033 1160 5091 forma
1185 5031 1487 5102 habituali,
1536 5039 1595 5091 et
1613 5034 1684 5091 ab

1801 607 1962 663 omni
1985 613 2108 665 actu
2126 609 2413 677 distincta,
2440 627 2647 684 nempe
2670 628 2702 668 a
2722 611 2906 686 gratia
2946 612 3160 667 sancti-

1801 686 2007 746 ficante
2039 712 2052 747 z
2081 708 2216 767 ergo
2239 693 2458 765 pariter
2499 692 2896 750 denominatio
2938 691 3157 765 injusti,

1801 771 1857 824 et
1887 771 2188 840 peccatoris
2216 788 2333 829 non
2362 771 2686 829 desumitur
2721 771 2791 827 ab
2832 777 2955 828 actu
2987 786 3164 842 pravo

1803 847 2036 921 physice
2059 852 2361 921 praeterit0,
2376 858 2432 909 et
2451 852 2749 923 moraliter
2774 850 3159 923 permanenti,

1801 925 1902 982 sed
1930 925 1999 983 ab
2020 928 2211 1001 aliquo
2233 929 2512 987 habituali
2538 948 2571 987 a
2599 930 2866 1003 praedicto
2894 936 3015 986 actu
3042 928 3162 983 dis-

1803 1005 1999 1063 tincto.
2057 1010 2406 1066 Antecedens
2445 1016 2530 1066 est
2574 1016 2813 1074 certum,
2858 1015 2913 1064 et
2964 1024 3162 1065 eonse-

1802 1085 2039 1157 quentia
2070 1087 2341 1160 probatur
2390 1105 2422 1145 a
2450 1090 2692 1162 paritate
2720 1088 2980 1151 rationis,
3030 1087 3165 1158 quia

1804 1180 1934 1219 cum
1973 1163 2471 1224 denominationes
2539 1167 2863 1240 peccatoris,
2926 1171 2982 1222 et
3026 1166 3164 1240 justi

1805 1245 1922 1300 sint
1948 1245 2234 1319 oppositas,
2260 1245 2469 1303 debent
2495 1263 2528 1303 a
2555 1247 2757 1304 formis
2784 1246 3082 1319 oppositis,
3108 1252 3161 1300 et

1808 1328 2313 1399 proportionaliter
2340 1344 2400 1385 se
2424 1328 2763 1386 habentibus
2784 1328 3057 1385 derivari.

1880 1410 1934 1462 7.
1966 1407 2183 1465 Deinde
2205 1414 2488 1481 peccatum
2514 1408 2804 1465 habituale
2819 1408 3013 1480 nequit
3034 1423 3162 1465 con-
3176 1445 3377 1496 Neque-in

1806 1487 2006 1543 sistere
2034 1488 2097 1543 in
2118 1486 2371 1546 carentia
2409 1490 2829 1547 conformitatis
2856 1488 2924 1546 ad
2955 1490 3155 1563 legem,
3177 1496 3375 1555 carentia*

1806 1581 1979 1639 quam
2006 1569 2132 1639 quis
2185 1567 2461 1640 peccando
2505 1570 2743 1626 violavit
2774 1594 2788 1635 ;
2836 1569 3160 1642 quiaprae-
3200 1543 3363 1637 ffi'g‘t’i‘s‘

1807 1645 1956 1704 dicta
1991 1649 2246 1706 carentia
2302 1649 2571 1707 coincidit
2617 1652 2804 1723 reipsa
2855 1666 2982 1707 cum
3038 1654 3159 1706 actu
3175 1643 3375 1735 'dssffi‘ff'

1810 1731 2219 1801 peccaminoso,
2239 1730 2349 1804 quo
2376 1731 2547 1789 homo
2574 1733 2753 1807 legem
2779 1738 3164 1804 transgressus
3230 1747 3324 1784 tam.

1807 1813 1893 1864 est
1925 1809 2109 1864 :sicut
2148 1811 2521 1867 conformitas
2564 1812 2820 1878 actualis,
2849 1827 3021 1883 quam
3062 1827 3165 1867 ex-

1808 1890 1994 1955 clusit,
2026 1891 2523 1949 coincidebatcum
2546 1898 2671 1950 actu
2697 1894 2965 1957 virtuoso,
2996 1908 3164 1964 quem

1808 1970 2016 2026 elicere
2062 1970 2358 2029 tenebatur
2420 1994 2433 2027 :
2483 1972 2634 2029 unde
2683 1972 3166 2045 quemadmodum

1811 2053 2096 2122 peccatum
2139 2049 2436 2108 habituale
2464 2068 2579 2108 non
2608 2053 2864 2109 consistit
2903 2052 3168 2109 formali-

1808 2135 1897 2186 ter
1919 2130 1982 2185 in
2005 2128 2271 2201 praedicto
2298 2138 2420 2187 actu
2454 2132 2863 2204 peccaminoso,
2895 2137 2954 2187 ut
2974 2148 3160 2188 mora-

1811 2212 1943 2267 liter
1980 2214 2359 2283 permanenti,
2396 2220 2457 2269 ut
2484 2220 2702 2271 constat
2727 2231 2797 2270 ex
2839 2230 3022 2287 nuper
3048 2212 3170 2268 dic—

1810 2293 1885 2348 tis
1912 2313 1924 2347 :
1951 2293 2029 2348 ita
2053 2308 2154 2350 nec
2172 2295 2481 2351 consistere
2510 2295 2658 2351 valet
2682 2296 2744 2350 in
2766 2296 3016 2351 carentia
3044 2310 3171 2350 con·

1811 2371 2118 2430 formitatis
2140 2373 2208 2429 ad
2256 2375 2460 2448 legem,
2513 2391 2684 2448 quam
2726 2376 2853 2447 quis
2894 2374 3171 2447 peccando

1811 2454 2067 2510 violavit.
2100 2454 2157 2508 Si
2181 2458 2373 2510 autem
2401 2454 2642 2520 dicatur,
2676 2461 2960 2527 peccatum
3004 2454 3171 2510 habi-

1811 2534 1965 2589 tuale
1983 2534 2295 2590 consistere
2324 2550 2441 2591 non
2483 2534 2547 2589 in
2587 2536 2841 2590 carentia
2863 2534 3174 2591 conformi-

1811 2615 1942 2670 tatis
1963 2614 2218 2681 actualis,
2245 2616 2368 2672 sive
2386 2632 2514 2689 quae
2536 2614 2767 2673 deberet
2790 2616 2975 2673 inesse
2999 2616 3168 2683 actui,

1809 2694 1907 2752 sed
1962 2697 2026 2751 in
2082 2698 2336 2753 carentia
2376 2697 2796 2754 conformitatis
2842 2695 3171 2762 habitualis»,

1810 2776 1933 2831 sive
1958 2791 2084 2847 quae
2128 2773 2506 2832 deberettoti
2556 2775 2781 2833 homini
2832 2776 3035 2842 inesse,
3084 2775 3176 2832 vel

1811 2854 2209 2922 nihildicitur,
2243 2857 2333 2914 vel
2363 2858 2549 2931 reipsa
2601 2856 2926 2914 defenditur
2974 2863 3165 2914 nostra

1809 2938 2136 2994 sententia:
2179 2939 2313 3010 quia
2341 2939 2671 3005 habitualis,
2722 2945 2777 2997 et
2825 2935 3167 3013 permanens

1809 3017 2179 3074 conformitas
2200 3020 2373 3075 totius
2400 3019 2657 3077 hominis
2685 3018 2754 3076 ad
2805 3022 2985 3094 legem
3022 3020 3167 3075 divi-

1812 3114 1948 3154 nam
1991 3098 2232 3155 habetur
2261 3115 2359 3172 per
2387 3102 2633 3174 gratiam
2672 3101 3121 3158 sanctificantem
3154 3127 3165 3160 2

1811 3178 1930 3235 haec
1973 3178 2183 3251 quippe
2208 3181 2329 3235 sola
2369 3186 2473 3248 est,
2498 3198 2622 3253 quaa
2650 3182 2907 3238 animam
2959 3183 3167 3239 imme·

1810 3258 1964 3315 diate
1989 3258 2177 3323 afficit,
2203 3264 2259 3315 et
2282 3264 2463 3315 totum
2486 3260 2782 3316 hominem
2806 3260 3089 3324 rectificat,
3116 3269 3169 3318 et

1813 3341 1928 3396 Deo
1964 3338 2234 3412 subjicit:
2281 3354 2415 3412 ergo
2453 3341 2708 3397 carentia
2750 3341 3169 3398 conformitatis

1811 3416 2121 3474 habitualis
2142 3417 2212 3474 ad
2240 3418 2424 3493 legem
2445 3425 2529 3475 est
2552 3420 2736 3492 reipsa
2764 3423 3018 3478 carentia
3044 3438 3170 3495 gru-

1811 3500 1906 3555 tiae
1924 3497 2329 3556 sanctificantis
2362 3521 2375 3554 :
2404 3515 2539 3574 ergo
2572 3502 2660 3558 vel
2692 3501 2782 3557 hic
2808 3501 3166 3558 discurrendi

1812 3579 2015 3636 modus
2055 3579 2208 3633 nihil
2236 3577 2390 3645 dicit,
2420 3582 2508 3637 vel
2535 3580 2803 3637 coincidit
2826 3582 3012 3653 reipsa
3040 3598 3165 3636 cum

1812 3665 2006 3716 nostra
2032 3661 2339 3725 sententia,
2370 3677 2495 3733 quae
2523 3662 2725 3718 usserit
2753 3667 3037 3734 peccatum
3063 3661 3169 3718 ha-

1812 3740 2028 3796 bituale
2047 3739 2111 3794 in
2160 3740 2483 3811 privatione
2516 3741 2713 3816 gratiae
2764 3741 3168 3798 sanctificantis

1810 3819 2137 3878 consistere.
2184 3818 2502 3876 Videantur
2528 3838 2654 3894 quae
2700 3820 2955 3877 diximus
3001 3831 3162 3878 tract.

1821 3902 1904 3964 13,
1934 3900 2076 3972 disp.
2116 3901 2197 3967 15,
2228 3899 2356 3955 dub.
2395 3903 2440 3967 l,
2471 3920 2506 3955 a
2537 3918 2686 3962 ntum.
2727 3905 2811 3958 12.

1886 3983 1940 4037 8.
1986 3983 2269 4037 Praeterea
2308 3982 2504 4054 nequit
2544 3989 2828 4054 peccatum
2879 3982 3166 4042 habituale
3186 4012 3384 4061 usquein

1809 4060 2119 4118 consistere
2165 4059 2227 4115 in
2270 4066 2432 4120 reatu
2484 4062 2748 4135 proximo
2787 4063 2855 4118 ad
2910 4079 3160 4135 poenam,
3221 4067 3335 4120 “³³3⁰

1812 4142 1946 4214 quia
1967 4141 2058 4198 vel
2085 4141 2411 4214 hujusmodi
2436 4148 2624 4200 reatus
2662 4149 2745 4200 est
2770 4143 3163 4203 denominatio
3183 4120 3370 4212 pggxfflo

1810 4221 2130 4279 extrinseca
2157 4221 2452 4296 desumpta
2480 4239 2512 4280 a
2541 4225 2662 4299 lege
2705 4224 2908 4303 divina
2935 4231 3166 4283 taxante
3227 4219 3332 4253 ''³¹¹¹'‘

1814 4319 2040 4377 poenam
2066 4311 2305 4378 peccato,
2338 4311 2399 4361 ut
2419 4307 2542 4361 vult
2568 4309 2764 4363 Scotus
2796 4331 2809 4373 ;
2840 4307 2930 4364 vel
2958 4314 3041 4364 est
3063 4310 3167 4365 ali-

1810 4400 1923 4457 qua
1945 4385 2091 4443 ratio
2113 4386 2424 4443 intrinseca
2471 4388 2766 4458 peccatori,
2800 4386 3068 4455 fundans,
3112 4395 3166 4446 et

1811 4465 2048 4538 exigens
2073 4465 2459 4537 punitionem;
2487 4472 2543 4522 et
2570 4481 2751 4539 poenae
2791 4468 3162 4534 taxationem,

1812 4552 1979 4618 atque
2007 4546 2405 4613 inflictionem,
2439 4552 2500 4603 ut
2537 4547 2739 4604 docent
2785 4553 3170 4608 communiter

1813 4626 1915 4682 alii
1943 4626 2213 4699 Theologi
2250 4629 2418 4684 :etin
2441 4634 2645 4686 neutra
2664 4644 2734 4685 ex
2763 4629 2835 4684 iis
2853 4629 3172 4687 rationibus

1814 4713 1994 4781 potest
2022 4713 2310 4780 peccatum
2340 4709 2633 4768 habituale
2670 4711 2999 4770 consistere.
3042 4716 3170 4770 Non

1811 4789 1879 4845 in
1907 4790 2117 4861 prima,
2141 4790 2276 4861 quia
2322 4797 2610 4862 peccatum
2651 4791 2942 4850 habituale
2981 4800 3065 4851 est
3102 4795 3172 4852 de

1812 4886 2021 4945 genere
2048 4871 2190 4927 mali
2226 4873 2422 4943 culpae,
2469 4872 2729 4945 quocirca
2758 4890 2861 4930 nec
2921 4891 3020 4947 per
3046 4893 3172 4934 mo-

1812 4952 1953 5009 dum
1979 4951 2229 5017 effectus,-
2275 4968 2378 5009 nec
2404 4967 2505 5024 per
2548 4952 2784 5010 modum
2826 4953 3171 5013 denomina-

1815 5032 1992 5091 tionis
2031 5033 2365 5090 extrinsecae
2393 5038 2572 5106 potest
2611 5050 2644 5090 a
2674 5036 2787 5092 Deo
2827 5026 3168 5109 pr⁸ovenire;
