3647 5753
92 1409 244 1454 Tertia

75 1468 257 1553 τοξιιέειι-

92 4242 268 4289 Everti-

134 4300 225 4340 tur.

1441 420 1614 476 DISI’.
1660 420 1729 487 11,
1773 422 1940 479 DUB.
1982 423 2114 505 vn,
3035 426 3151 481 485

292 592 572 659 authoriS,
622 598 679 651 et
716 591 871 649 finis.
904 593 1183 649 Caeterum
1211 590 1460 667 dignitas
1480 591 1655 649 cleri-

291 675 431 730 calis
488 690 607 731 non
657 672 946 730 clauditur
986 674 1051 728 in
1095 680 1341 731 essentia
1400 673 1656 731 hominis

292 756 479 823 occisi,
531 756 631 813 sed
670 762 754 813 est
779 757 1214 813 circumstantia
1241 773 1478 829 prorsus
1505 755 1656 813 acci-

292 836 564 904 dentalis,
588 852 762 909 quam
798 842 978 909 potest
1003 838 1131 909 quis
1159 837 1473 909 prudenter
1495 835 1656 911 judi-

291 932 423 975 care
466 916 538 973 ab
585 918 842 983 homine,
893 933 1061 990 quem
1109 918 1327 981 occidit,
1385 917 1607 974 abessse
1636 939 1650 983 ;

292 999 554 1073 quocirca
576 999 637 1054 in
667 998 766 1054 tali
794 1014 925 1054 casu
982 1014 1100 1055 non
1128 997 1370 1056 offendit
1396 996 1655 1072 dignita-

293 1085 413 1136 tem
440 1078 782 1144 clericalem,
817 1094 920 1135 nec
965 1078 1182 1135 offensa
1223 1078 1447 1152 passiva
1476 1094 1507 1134 a
1551 1077 1652 1133 tali

295 1159 575 1234 dignitate
626 1157 1012 1233 gravificatur.
1063 1161 1147 1215 Ex
1173 1159 1381 1232 quibus
1415 1162 1656 1215 manent

294 1238 483 1298 obiter
508 1241 746 1296 exclusae
768 1239 974 1311 aliqum
1000 1239 1361 1313 objectiones,
1380 1254 1505 1311 quas
1534 1254 1655 1312 pos-

294 1327 425 1379 sent
443 1326 641 1379 contra
671 1322 953 1378 rationem
986 1327 1242 1378 nostram
1273 1320 1539 1378 formari.

369 1404 500 1459 262.
534 1402 727 1458 Tertia
753 1402 997 1474 denique
1024 1401 1508 1459 Adversariorum
1532 1416 1654 1458 res-

280 1484 498 1557 ponsio
525 1488 629 1548 est,
658 1484 955 1540 hominem
986 1484 1048 1539 in
1073 1484 1233 1556 puris
1260 1484 1575 1550 conditum,
1601 1488 1657 1540 et

293 1564 549 1639 graviter
565 1563 1205 1637 peccantem,offendere
1225 1565 1456 1638 quidem
1476 1567 1654 1622 Deum

293 1646 799 1718 supernaturalem¹
846 1645 1166 1710 authorem,
1198 1650 1253 1701 et
1279 1644 1495 1706 finem;
1538 1661 1656 1701 non

292 1725 528 1798 quidem
551 1725 894 1791 formaliter,
926 1731 981 1782 et
1026 1726 1381 1795 immediate,
1409 1726 1509 1783 sed
1531 1742 1657 1782 me-

291 1805 464 1872 diate,
491 1811 547 1860 et
569 1804 1087 1861 fundamentaliter
1121 1827 1132 1860 ι
1169 1812 1449 1880 quatenus
1471 1806 1658 1862 aufert

291 1903 326 1944 a
345 1889 461 1943 Deo
484 1887 768 1943 rationem
811 1887 1007 1942 ultimi
1031 1884 1164 1943 finis
1205 1888 1509 1955 naturaliS,
1534 1903 1658 1961 quas

287 1984 351 2026 se
372 1967 544 2025 habet
566 1974 627 2024 ut
653 1968 1101 2025 fundamentum
1125 1969 1195 2026 ad
1226 1970 1513 2027 rationem
1552 1986 1658 2026 au-

291 2047 496 2116 thoriS‚
530 2052 586 2104 et
611 2046 746 2103 finis
789 2050 1268 2120 supernaturaliS,
1301 2056 1358 2107 et
1401 2050 1528 2106 sine
1548 2063 1658 2120 qua

293 2145 400 2187 nec
428 2131 492 2187 in
522 2148 602 2196 re,
636 2146 741 2187 nec
766 2131 829 2186 in
858 2131 1058 2187 affectu
1083 2139 1265 2203 potest
1301 2133 1482 2188 altera
1510 2131 1658 2188 ratio

294 2211 640 2281 consistere3
668 2212 812 2268 sicut
833 2212 1117 2278 destructa
1145 2219 1372 2277 natura,
1406 2211 1658 2287 destrui-

299 2296 398 2347 tur
418 2291 932 2349 fundamentaliter
952 2295 1153 2367 gratia,
1185 2310 1282 2350 seu
1304 2295 1502 2369 gratiae
1530 2293 1659 2348 fun-

302 2369 660 2428 damentum.
707 2373 852 2429 Hinc
881 2390 1016 2431 vero
1045 2391 1162 2431 non
1199 2375 1476 2446 sequitur,
1507 2372 1658 2446 quod

300 2450 376 2507 ad
406 2454 800 2509 remissionem
833 2455 1038 2527 peccati
1090 2456 1384 2512 commissi
1413 2456 1477 2511 in
1509 2459 1658 2512 statu

304 2546 590 2602 purorum
620 2534 941 2604 requi-ntur
969 2536 1212 2592 mutatio
1241 2536 1431 2609 aliqua
1456 2551 1658 2608 super-

305 2611 593 2667 naturalis
616 2634 631 2677 ;
652 2614 884 2671 sufficie.
908 2614 1065 2671 enim
1082 2618 1323 2674 mutatio
1351 2617 1651 2688 naturaliS,

301 2708 430 2766 quae
478 2692 775 2751 hominem
816 2697 886 2753 ad
932 2701 1111 2755 Deum
1157 2700 1658 2772 supernaturalem

298 2773 623 2840 authorem,
649 2779 705 2831 et
742 2774 919 2833 finem
966 2777 1482 2837 fundamentaliter
1520 2797 1659 2838 con-

296 2860 485 2913 vertat
512 2878 525 2913 :
557 2856 625 2914 ad
647 2857 796 2931 quod
843 2861 980 2917 satis
1015 2864 1127 2919 erit
1153 2880 1317 2920 amor
1335 2862 1531 2921 efficax
1558 2862 1658 2922 Dei

295 2941 587 2997 naturalis
615 2943 891 3010 authoris,
918 2951 974 3001 et
1012 2944 1167 3004 finis,
1200 2947 1487 3011 Quoniam
1515 2946 1662 3003 sicut

298 3028 591 3094 peccatum
614 3023 762 3079 illud
785 3026 1077 3084 avertebat
1096 3027 1606 3086 fundamentaliter
1627 3044 1661 3085 a

298 3105 417 3162 Deo
437 3103 869 3178 supernaturali
886 3106 1019 3175 fine,
1040 3115 1095 3166 et
1117 3111 1661 3185 authore‚quatenus

298 3187 592 3245 auferebat
614 3205 646 3245 a
674 3191 787 3247 Deo
815 3191 1099 3248 rationem
1142 3193 1401 3249 authoris
1428 3199 1482 3250 et
1526 3192 1662 3249 finis

302 3271 589 3327 naturalis
623 3291 637 3327 ε
683 3272 765 3328 sic
794 3288 956 3329 amor
1010 3275 1296 3330 naturalis
1321 3275 1515 3332 efficax
1561 3273 1661 3330 Dei

296 3357 661 3408 converteret
713 3352 1226 3413 fundamentaliter
1248 3356 1317 3413 ad
1353 3360 1534 3414 Deum
1561 3373 1663 3412 su-

300 3437 541 3505 pernatu
552 3434 733 3490 ralem
756 3436 1074 3501 authorem,
1094 3441 1150 3493 et
1165 3435 1363 3504 finem,
1383 3444 1662 3510 quatenus

297 3516 582 3572 convertit
610 3515 679 3571 ad
710 3518 887 3574 Deum
917 3518 1217 3576 authorem
1253 3525 1310 3577 et
1356 3520 1530 3578 finem
1554 3537 1662 3577 na-

298 3596 570 3654 turalem.
610 3600 725 3654 Nec
770 3598 925 3655 aliud
952 3601 1131 3672 poscit
1169 3604 1464 3676 aequalitas
1509 3603 1663 3659 inter

299 3681 812 3753 reparationem,et
835 3680 1283 3750 damnum;nam
1309 3685 1358 3740 si
1382 3684 1662 3741 damnum

295 3760 558 3817 consistit
579 3760 641 3815 in
665 3760 954 3818 ablatione
979 3764 1121 3836 ejus„
1144 3763 1410 3836 quod'est
1452 3764 1662 3821 funda-

302 3846 569 3898 mentum
597 3841 666 3898 ad
694 3844 1129 3901 conversionem
1171 3846 1233 3901 in
1259 3849 1437 3904 Deum
1457 3865 1520 3903 su
1531 3864 1663 3920 per-

305 3923 633 3978 naturalem
655 3922 854 3991 finem,
879 3925 1244 3992 sufficienter,
1276 3934 1333 3984 et
1378 3928 1665 4001 adaequate

307 4003 672 4077 reparabitur
695 4020 794 4077 per
813 4007 1232 4065 restitutionem
1258 4009 1508 4081 praedicti
1538 4010 1665 4065 fun·

304 4083 586 4151 damenti,
630 4086 753 4141 sive
800 4103 899 4159 per
926 4092 1365 4147 conversionem
1391 4091 1454 4146 in
1483 4087 1663 4147 Deum

305 4163 487 4221 finem
516 4167 863 4221 naturalem.

380 4237 488 4294 Sed
516 4238 633 4293 haec
660 4240 972 4310 responsio,
1005 4246 1066 4295 ut
1109 4247 1327 4299 constat
1351 4259 1422 4299 ex
1474 4244 1666 4301 hacte-

307 4334 418 4373 nus
444 4317 628 4383 dictis,
673 4318 817 4375 falso
845 4320 1055 4379 nititur
1084 4322 1496 4392 fundamento;
1523 4341 1666 4397 quo-

307 4398 469 4454 niam
491 4403 777 4470 peccatum
798 4416 974 4474 grave
994 4404 1368 4459 commissum
1417 4405 1480 4460 in
1507 4411 1666 4461 statu

306 4493 587 4550 purorum
618 4494 734 4535 non
761 4481 911 4536 sistit
937 4481 1000 4537 in
1022 4483 1237 4538 offensa
1267 4484 1366 4540 Dei
1395 4486 1663 4551 auctoris,

304 4561 363 4614 et
382 4555 517 4613 finis
546 4563 681 4614 natu
692 4561 848 4626 raliS,
874 4562 972 4633 qui
993 4562 1261 4633 explicite
1280 4564 1635 4637 cognoscitur
1649 4587 1664 4631 ;

304 4635 405 4693 sed
439 4638 716 4712 pertin-git
764 4639 939 4695 etiam
986 4639 1328 4698 offendendo
1382 4659 1557 4715 usque
1597 4643 1668 4700 ad

307 4718 593 4774 rationem
639 4722 1097 4791 supernaturalis
1126 4723 1402 4791 authoriS,
1434 4730 1489 4780 et
1509 4724 1662 4791 finiS,

303 4814 429 4871 quas
456 4800 792 4872 implicatur
818 4802 880 4858 in
916 4805 1030 4861 Deo
1055 4804 1310 4878 graviter
1349 4805 1583 4873 offens0,
1615 4811 1670 4863 et

303 4897 479 4954 quam
502 4898 737 4956 peccans
768 4884 963 4957 nequit
993 4885 1305 4958 prudenter
1326 4888 1625 4945 excludere
1650 4912 1665 4949 z

304 4963 570 5034 quocirca
592 4971 883 5036 peccatum
905 4966 1051 5022 illud
1078 4965 1317 5023 offendit
1345 4966 1670 5027 formaliter

305 5043 491 5101 Deum
513 5048 577 5099 ut
599 5043 921 5117 authorem,
941 5052 999 5104 et
1018 5045 1197 5103 finem
1226 5047 1471 5112 necdum
1498 5054 1669 5106 natu-

1789 594 1991 660 ralem,
2024 595 2123 651 sed
2149 595 2324 653 etiam
2366 597 2866 669 supernaturalem
2897 618 2908 651 :
2936 602 2990 652 at
3017 611 3148 668 pec-

1787 674 2151 747 catum,quod
2168 675 2357 748 reipsa
2374 675 2699 733 formaliter
2714 675 2952 733 offendit
2968 678 3145 733 Deum

1786 755 2283 827 supernaturalem
2308 754 2502 824 finem,
2533 761 2588 813 et
2616 757 2936 824 authorem,
2964 755 3146 813 deleri

1787 851 1905 892 non
1925 838 2076 894 valet
2097 836 2304 909 absque
2325 838 2515 911 aliqua
2541 839 2973 911 supernaturali
3003 855 3135 894 mu·-

1786 917 2019 984 tatione,
2047 933 2148 990 per
2167 934 2340 990 quam
2364 925 2615 991 peccator
2660 925 3028 976 convertatur
3075 919 3138 974 in

1786 1000 1968 1054 Deum
1999 1004 2059 1054 ut
2086 1001 2404 1067 authorem,
2430 1007 2486 1056 et
2513 999 2687 1056 finem
2732 1006 3146 1078 supernatura-

1787 1076 1923 1144 lem,
1957 1083 2017 1132 ut
2061 1080 2180 1135 haec
2229 1080 2522 1150 responsio
2562 1081 2852 1152 supponit,
2902 1085 2958 1136 et
3008 1079 3150 1135 satis

1787 1161 2006 1213 constat
2026 1175 2098 1214 ex
2118 1158 2287 1215 dictis
2306 1157 2524 1215 duobus
2553 1158 2743 1214 dubiis
2771 1158 3148 1232 praecedenti-

1787 1234 1934 1293 bus:
1963 1254 2098 1313 ergo
2141 1245 2432 1312 peccatum
2471 1257 2646 1315 grave
2671 1241 3043 1296 commissum
3085 1240 3149 1295 in

1785 1325 1935 1377 statu
1982 1337 2264 1393 purorum
2293 1322 2510 1379 auferri
2554 1339 2672 1380 non
2719 1326 2902 1395 posset
2942 1322 3151 1396 absque

1784 1401 1980 1474 aliqua
2031 1403 2460 1476 supernaturali
2509 1404 2827 1460 mutatione
2871 1421 2941 1460 ex
2990 1400 3162 1476 parte

1788 1484 2116 1555 peccatoris.
2146 1484 2348 1558 Major,
2382 1484 2444 1539 in
2473 1501 2584 1558 qua
2612 1490 2831 1559 poterat
2858 1500 2978 1541 esse
2995 1483 3146 1539 diffi-

1785 1564 1983 1630 cultaS,
2009 1564 2147 1620 satis
2173 1565 2351 1637 liquet
2377 1581 2447 1622 ex
2476 1565 2747 1621 hactenus
2774 1564 2941 1622 dictis
2974 1586 2986 1620 :
3020 1570 3142 1621 tum

1785 1643 1923 1715 quia
1942 1642 2159 1701 offensa
2187 1644 2409 1716 passiva
2435 1644 2534 1700 Dei
2558 1644 2648 1700 illi
2677 1652 2900 1718 peccato
2926 1660 3151 1708 corres-

1789 1722 2045 1797 pondens
2092 1723 2335 1781 destruit
2362 1724 2619 1783 affective
2648 1743 2764 1783 non
2792 1729 2980 1782 solum
3020 1726 3152 1783 illas

1790 1805 2060 1871 rationes,
2092 1821 2234 1879 quas
2256 1811 2510 1877 peccator
2530 1807 2797 1879 explicite
2822 1808 3106 1880 cognoscit
3135 1831 3149 1873 ;

1788 1886 1887 1945 sed
1912 1888 2088 1945 etiam
2117 1893 2294 1944 totam
2325 1887 2731 1962 perfectionem
2778 1889 3061 1954 divinam,
3094 1892 3151 1946 et

1787 1974 2200 2041 consequenter
2228 1968 2412 2041 ipsam
2456 1970 2738 2026 rationem
2788 1970 3063 2035 authoriS,
3096 1975 3153 2026 et

1790 2049 1923 2107 finis
1949 2052 2424 2123 supernaturaliS,
2457 2067 2628 2123 quam
2672 2052 2967 2124 implicite,
3002 2057 3057 2108 et
3085 2051 3149 2106 in

1789 2130 2024 2187 confuso
2045 2132 2292 2205 attingit,
2319 2138 2374 2189 et
2400 2148 2571 2204 quam
2615 2134 2812 2204 nequit
2834 2133 3148 2205 prudenter

1790 2226 1825 2266 a
1845 2213 1957 2266 Deo
1983 2209 2285 2269 excludere
2312 2227 2472 2285 :ergo
2495 2209 2761 2283 praedicta
2792 2212 3007 2268 offensa
3032 2227 3150 2268 non

1789 2290 1938 2346 sistit
1966 2291 2170 2349 insola
2192 2292 2415 2349 ratione
2461 2291 2561 2347 Dei
2592 2292 2867 2357 authoris,
2910 2298 2964 2349 et
3016 2291 3152 2349 finis

1792 2374 2095 2440 naturaliS,
2127 2373 2225 2430 sed
2277 2372 2552 2446 pertingit
2592 2372 2933 2431 offendendo
2977 2388 3152 2447 usque

1791 2449 1863 2507 ad
1909 2452 2196 2510 rationem
2239 2453 2700 2526 supernaturalis
2753 2455 3041 2519 authoris„
3098 2458 3158 2510 et

1789 2529 1944 2588 finis.
1977 2534 2124 2589 Tum
2158 2534 2356 2601 etiam,
2387 2533 2521 2606 quia
2566 2532 2781 2590 offensa
2823 2535 2921 2591 Dei
2963 2550 3155 2592 conse-

1790 2612 1986 2687 quitur
2014 2613 2375 2670 aversionem
2404 2613 2621 2686 abipso
2653 2636 2665 2670 ε
2696 2614 2793 2671 sed
2822 2616 2994 2672 homo
3009 2630 3148 2671 con-

1791 2694 1943 2750 ditus
1963 2694 2027 2768 in
2055 2695 2236 2768 puris,
2256 2701 2310 2752 et
2334 2696 2591 2770 graviter
2637 2713 2890 2768 peccanS,
2926 2700 3152 2753 averte-

1793 2781 1953 2832 retur
2003 2775 2330 2833 formaliter
2382 2792 2416 2832 a
2464 2779 2576 2832 Deo
2628 2777 2734 2833 sub
2797 2793 3154 2849 quacumque

1793 2857 2016 2914 ratione
2038 2856 2231 2914 ultimi
2248 2854 2407 2919 finis;
2427 2856 2710 2930 siquidem
2724 2862 3154 2916 converteretur

1792 2937 1864 2995 ad
1885 2943 2207 2994 creaturam
2229 2942 2503 3010 tanquam
2532 2936 2603 2994 ad
2626 2937 2843 2995 bonum
2864 2938 2975 2994 sibi
3005 2939 3155 2994 suffi-

1791 3020 1947 3077 ciens
1979 3036 2146 3076 :cum
2176 3036 2288 3094 qua
2312 3021 2689 3077 conversione
2716 3026 2799 3078 est
2841 3021 3153 3094 inconjun-

1788 3100 1987 3175 gibilis
2011 3099 2310 3157 conversio
2331 3100 2402 3156 ad
2434 3102 2611 3157 Deum
2643 3102 2914 3156 ultimum
2945 3100 3143 3166 finem,

1792 3182 1886 3237 vel
1913 3182 2260 3247 naturalem,
2293 3181 2386 3237 vel
2438 3182 2942 3254 supernaturalem
2978 3203 2990 3236 :
3020 3198 3156 3256 ergo

1792 3261 2105 3319 offenderet
2186 3261 2513 3318 formaliter
2582 3263 2762 3318 Deum
2839 3260 3154 3318 secundum

1792 3350 2096 3417 utramque
2125 3344 2432 3400 rationem.
2465 3345 2612 3399 Tum
2643 3343 2908 3416 de‘nique,
2936 3343 3072 3416 quia
3096 3349 3157 3398 ut

1795 3425 2002 3497 aliquis
2028 3422 2276 3481 offendat
2298 3423 2623 3481 formaliter
2647 3428 2824 3480 Deum
2842 3422 3154 3479 secundum

1794 3507 2048 3580 aliquam
2089 3507 2393 3572 rationem,
2448 3520 2564 3562 non
2620 3505 2957 3578 requiritur,
3007 3505 3156 3578 quod

1794 3587 2118 3644 formaliter
2137 3589 2433 3661 cognoscat
2454 3585 2619 3641 illam
2650 3587 2938 3643 rationem
2958 3603 3156 3643 secun-

1795 3669 1933 3725 dum
1954 3685 2122 3724 suum
2147 3668 2463 3741 proprium,
2499 3667 2893 3740 etspecificum
2924 3684 3158 3742 concep-

1796 3757 1954 3820 tum;
1983 3752 2080 3809 sed
2107 3751 2246 3808 satis
2273 3755 2357 3806 est
2383 3765 2717 3823 cognoscere
2754 3752 2930 3807 aliam
2975 3751 3156 3809 ratio-

1797 3849 1952 3900 nem,
1981 3833 2042 3889 in
2081 3848 2192 3906 qua
2220 3831 2379 3904 prior
2408 3831 2512 3886 illa
2535 3829 2873 3896 includitur,
2894 3837 2949 3888 et
2990 3849 3021 3888 a
3044 3849 3160 3905 qua

1796 3916 1996 3989 nequit
2017 3914 2328 3989 prudenter
2358 3912 2657 3987 praescindi
2694 3934 2705 3968 :
2733 3913 2924 3986 plures
2951 3915 3161 3987 quippe

1797 3999 1989 4056 idiotae
2013 3998 2268 4072 graviter
2322 4001 2612 4068 peccantes
2654 4013 2770 4053 non
2818 4003 3162 4071 cognoscunt

1798 4079 2123 4137 formaliter
2187 4077 2450 4134 divinam
2498 4076 2982 4149 omnipotentiam
3009 4121 3021 4145 ,
3070 4079 3161 4135 vel

1797 4160 2149 4218 infinitatem
2189 4157 2502 4216 secundum
2531 4174 2700 4213 suum
2749 4159 3072 4230 proprium,
3103 4164 3160 4215 et

1796 4243 2122 4317 specificam
2149 4245 2519 4313 conceptum;
2568 4245 2624 4295 et
2653 4240 3041 4295 nihilominus
3062 4255 3158 4295 eas

1798 4324 2123 4381 formaliter
2137 4319 2450 4388 offendunt,
2467 4325 2523 4376 et
2538 4319 2601 4374 in
2618 4318 2815 4376 affectu
2834 4318 3162 4386 destruunt;

1797 4404 1933 4477 quia
1959 4402 2260 4461 destruunt
2308 4398 2565 4458 affective
2594 4402 2794 4466 Deum,
2820 4415 2989 4472 quem
3045 4400 3162 4455 im-

1800 4484 2048 4557 perfecte
2089 4485 2452 4557 cognoscunt,
2497 4485 2552 4536 et
2604 4480 2665 4534 in
2718 4496 2830 4551 quo
2872 4478 3159 4552 praedictae

1800 4563 2050 4620 rationes
2068 4561 2411 4618 clauduntur
2442 4581 2454 4617 :
2479 4575 2616 4632 ergo
2642 4558 2794 4614 idem
2826 4561 3151 4633 proportio-

1799 4642 2073 4699 nabiliter
2103 4643 2163 4697 in
2186 4641 2382 4698 nostro
2396 4656 2528 4696 casu
2549 4638 2855 4695 dicendum
2881 4646 2983 4695 est.

1873 4726 2005 4782 263.
2030 4724 2360 4797 Explicatur
2380 4722 2630 4796 amplius
2657 4721 2968 4796 detegendo
2989 4722 3161 4795 aequi-
3193 4735 3354 4786 Impug-

1799 4807 2178 4872 vocationem,
2209 4821 2280 4862 ex
2324 4821 2436 4879 qua
2484 4802 2813 4878 hujusmodi
2866 4788 3368 4887 responsioaffiffifls,

1800 4887 2051 4962 procedit
2063 4909 2076 4950 ;
2105 4902 2242 4942 nam
2271 4891 2334 4942 ut
2376 4884 2522 4942 ratio
2550 4884 2651 4941 Dei
2697 4884 2975 4949 authoris,
3008 4889 3062 4940 et
3089 4883 3162 4940 fi-

1800 4969 1894 5025 nis
1945 4969 2038 5024 vel
2092 4966 2393 5031 naturalis,
2438 4966 2533 5022 vel
2584 4964 3043 5037 supernaturalis
3089 4965 3164 5020 sit

1802 5049 1951 5108 ratio
1978 5067 2091 5130 quae
2117 5064 2218 5121 per
2245 5062 2323 5117 se,
2343 5051 2399 5106 et
2425 5045 2748 5104 formaliter
2776 5045 3023 5115 offensae,
3046 5060 3163 5103 uon
