3647 5753
1424 456 1599 513 DISP.
1645 457 1714 524 ll,
1759 457 1926 513 DUB.
1968 459 2037 515 V.

265 625 462 698 gratia
487 624 760 683 reducere
775 624 844 682 ad
860 630 1070 683 statum
1087 625 1342 682 medium
1365 651 1378 694 ;
1398 627 1646 685 minime

266 711 472 763 tamen
495 708 774 780 sequitur,
807 705 957 780 quod
985 708 1169 764 valeat
1193 708 1341 764 banc
1369 708 1646 765 reductio-

268 801 408 842 nem
459 786 735 860 perficere
800 786 1008 860 absque
1072 789 1366 846 infusione
1405 790 1644 863 alicujus

265 868 493 941 gratiae.

80 964 235 1008 runca·
351 952 478 1006 172.
507 951 675 1008 Ratio
698 956 907 1018 autem,
940 950 1011 1009 ob
1031 968 1203 1025 quam
1226 953 1517 1024 supposita
1545 952 1643 1009 ho·

65 1020 234 1059 nenium
267 1031 453 1088 minis
476 1032 802 1092 elevatione
825 1033 894 1089 ad
916 1035 1415 1106 supernaturalem
1439 1033 1635 1100 tinem,

85 1073 228 1157 ,ἓξὲξ
264 1112 458 1182 gratia
478 1115 670 1170 valeat
711 1113 968 1171 absolute
996 1114 1214 1184 destrui
1244 1114 1451 1187 absque
1478 1115 1639 1172 omni

83 1161 212 1257 ιιῗίἷξᾷ,
267 1200 517 1266 peccate,
544 1202 600 1252 et
620 1197 795 1267 possit
821 1195 949 1252 fieri
974 1198 1250 1254 transitus
1272 1196 1640 1254 immediatus

265 1292 298 1332 a
345 1277 539 1350 gratia
587 1277 658 1333 ad
708 1284 976 1335 naturam
1028 1295 1326 1352 puram;e
1365 1295 1639 1337 converso

263 1365 463 1415 autem
515 1367 794 1434 repugnat
836 1367 1121 1433 peccatum
1164 1362 1381 1419 destrui
1430 1361 1639 1433 absque

266 1439 464 1512 aliqua
489 1442 696 1514 gratia,
729 1446 784 1497 et
814 1440 941 1498 fieri
971 1443 1286 1500 transitum
1328 1441 1639 1499 immedia-

265 1524 388 1574 tum
431 1536 465 1576 a
493 1527 718 1593 peccato
742 1520 811 1577 ad
851 1524 1033 1580 solam
1061 1529 1353 1590 naturam,
1396 1522 1637 1579 habetur

265 1615 338 1656 ex
393 1616 571 1673 supra
610 1601 797 1657 dictis,
845 1605 1131 1666 Quoniam
1177 1605 1365 1679 gratia
1423 1604 1637 1659 directe

269 1685 646 1738 conservatur
704 1700 737 1739 a
788 1685 912 1740 solo
974 1686 1104 1753 Deo,
1159 1693 1215 1741 et
1265 1690 1636 1742 conservatur

273 1760 479 1822 libere;
545 1770 891 1837 quapropter
954 1768 1106 1822 valet
1163 1783 1194 1822 a
1254 1770 1367 1822 Deo
1419 1782 1522 1838 pro
1570 1766 1637 1822 li·

271 1840 388 1897 bito
427 1840 644 1898 destrui
689 1843 898 1916 absque
939 1846 1100 1901 omni
1143 1846 1399 1903 hominis
1426 1847 1592 1917 culpa
1616 1871 1631 1912 ς

271 1924 437 1992 atque
464 1920 591 1977 ideo
619 1921 715 1978 fiet
739 1926 1013 1980 transitus
1056 1926 1424 1984 immediatus
1446 1945 1475 1981 a
1498 1942 1634 1999 gra-

274 2000 351 2057 tia
396 2000 466 2056 ad
508 2009 772 2060 naturam
822 2023 1044 2077 puram.
1090 2010 1201 2077 (An
1228 2013 1415 2063 autem
1462 2007 1634 2064 homo

272 2087 436 2152 queat
480 2081 542 2136 in
586 2083 912 2157 hujusmodi
947 2087 1254 2142 transitum
1284 2087 1627 2151 consentire,

275 2162 415 2233 quin
462 2166 866 2223 consentiendo
914 2175 1115 2240 peccet,
1150 2185 1265 2225 non
1297 2168 1535 2224 interest
1563 2166 1633 2224 ad

283 2251 616 2314 praesentem
663 2247 1070 2308 difficultatem.
1121 2251 1397 2308 Videatur
1439 2257 1631 2307 tamen

74 2309 251 2351 ΛΜΨ·
285 2327 512 2383 Arauxo
535 2329 625 2383 ubi
644 2347 831 2403 supra.
858 2333 1079 2401 §Sectis
1097 2336 1327 2404 aulem.)
1354 2336 1425 2388 At
1449 2350 1632 2406 pecca-

287 2410 406 2461 tum
435 2408 718 2474 habituale
740 2416 919 2479 unice,
952 2421 1007 2471 et
1027 2415 1239 2473 directe
1259 2422 1631 2473 conservatur

287 2484 357 2539 ab
398 2486 647 2554 homine,
689 2496 785 2563 qui
829 2495 970 2550 illud
997 2496 1058 2551 in
1086 2513 1146 2552 se
1172 2498 1444 2559 causavit‚
1481 2496 1630 2553 unde

289 2565 483 2637 nequit
532 2568 739 2626 destrui
789 2591 887 2645 per
932 2577 1179 2647 aliquam
1256 2578 1626 2633 cessationem

284 2644 470 2701 divini
500 2664 796 2707 concursus
822 2673 833 2716 ;
874 2655 968 2710 sed
991 2654 1398 2712 destruendum
1426 2664 1511 2713 est
1535 2659 1627 2714 vel

285 2741 385 2797 per
404 2725 524 2792 hoc,
548 2731 692 2801 quod
716 2736 857 2789 Deus
878 2737 1256 2794 communicet
1277 2738 1502 2794 homini
1526 2739 1628 2794 ali-

277 2806 415 2880 quid
463 2809 917 2886 incompossibile
957 2835 1084 2873 cum
1128 2825 1367 2891 peceato,
1398 2820 1489 2875 vel
1527 2835 1627 2891 per

278 2887 398 2978 hoc,
428 2891 572 2963 quod
601 2894 770 2953 homo
808 2896 1035 2954 desistat
1077 2899 1146 2956 ab
1174 2902 1294 2975 ejus
1320 2916 1625 2975 conserva-

277 2974 450 3027 tione.
498 2974 595 3051 Hic
641 2991 775 3032 vero
839 2978 1036 3034 tandiu
1085 2981 1427 3054 intelligitur
1479 2980 1624 3037 illud

272 3067 624 3122 conservare,
674 3059 928 3130 quandiu
975 3063 1274 3136 antiquum
1338 3069 1623 3136 peccatum

272 3148 384 3189 non
410 3144 671 3194 retractat
697 3164 710 3205 ;
740 3157 871 3197 curn
898 3146 1253 3202 conservatio
1282 3147 1489 3218 peccati
1518 3146 1624 3201 ha-

267 3213 496 3274 bitualis
523 3220 585 3275 in
621 3221 724 3277 hac
764 3239 879 3279 non
917 3226 1336 3295 retractatione,
1369 3243 1467 3283 seu
1497 3244 1622 3285 mo-

269 3302 376 3356 rali
400 3308 801 3374 permanentia
821 3307 1111 3364 consistat.
1131 3309 1389 3380 Implicat
1411 3314 1618 3377 autem,

261 3382 407 3453 quod
451 3384 623 3442 homo
667 3386 784 3442 ullo
832 3385 1001 3443 modo
1045 3393 1306 3445 retractet
1334 3394 1621 3460 peccatum

266 3468 634 3535 praeteritum‚
668 3468 808 3539 quin
839 3468 1147 3525 intrinsece
1168 3475 1453 3537 mutetur3
1486 3487 1620 3527 nam

262 3544 310 3600 si
342 3545 542 3603 eodem
586 3548 755 3605 modo
793 3564 854 3606 se
899 3548 1088 3615 habet,
1132 3552 1360 3606 nullum
1392 3556 1621 3623 praestat

266 3624 723 3697 fundamentum,
759 3636 819 3684 ut
846 3629 1067 3686 dicatur
1089 3636 1374 3703 peccatum
1407 3635 1621 3687 retrac-

263 3712 443 3774 tasse;
491 3708 593 3765 sed
643 3711 826 3781 potius
874 3711 1040 3767 offert
1080 3710 1521 3782 fundamentum
1549 3711 1620 3767 ad

263 3791 603 3862 oppositum,
640 3797 697 3846 ut
724 3809 792 3849 ex
820 3810 879 3849 se
903 3795 1097 3866 liquet.
1125 3792 1289 3849 Unde
1313 3794 1489 3865 liquet
1514 3793 1620 3848 im-

264 3872 591 3941 possibilem
619 3890 739 3931 esse
765 3877 1072 3931 transitum
1099 3876 1500 3932 immediatum
1524 3875 1620 3931 ho-

263 3953 435 4008 minis
467 3955 677 4009 elevati
705 3955 774 4011 ad
816 3956 991 4013 finem
1019 3957 1517 4030 supernaturalem
1548 3955 1618 4010 ab
1647 3976 1653 3982 ·

258 4037 402 4089 statu
452 4034 662 4106 peceati
718 4035 1026 4093 habitualis
1077 4036 1147 4093 ad
1192 4043 1404 4094 statum
1442 4037 1619 4093 solius

265 4120 495 4174 naturae.
528 4116 629 4172 sed
654 4120 970 4190 necessario
991 4119 1196 4176 debere
1219 4121 1471 4193 aliquam
1493 4136 1614 4194 gra·

264 4195 399 4251 tiam
423 4197 808 4265 intervenire3
833 4215 943 4271 qua
964 4201 1272 4272 supposita,
1293 4206 1347 4257 et
1370 4217 1468 4274 per
1489 4217 1616 4257 eam

261 4275 541 4335 destructo
566 4285 803 4350 peccato,
832 4295 948 4336 non
980 4287 1275 4354 repugnat,
1300 4279 1448 4353 quod
1472 4284 1617 4337 Deus

259 4361 500 4431 gratiam
556 4360 824 4432 deinceps
878 4368 1058 4433 neget,
1109 4369 1165 4418 et
1210 4363 1504 4419 hominem
1547 4362 1615 4418 ad

258 4446 464 4499 statum
492 4447 713 4499 naturas
737 4458 891 4514 pura}
919 4442 1166 4512 reducat,
1196 4448 1254 4499 ut
1283 4445 1498 4517 optime
1523 4461 1618 4501 ex-

263 4526 461 4596 pressit
490 4527 553 4581 D.
600 4524 803 4581 Thom.
849 4526 959 4580 loco
986 4543 1156 4598 snpra
1183 4528 1275 4582 cit.
1305 4534 1353 4581 et
1382 4528 1443 4582 -in
1477 4545 1614 4600 prm·

259 4610 393 4663 senti
424 4614 535 4663 art.
574 4608 609 4661 2
638 4606 711 4660 ad
746 4609 790 4673 l,
826 4606 920 4661 ubi
949 4607 1029 4662 ait
1055 4629 1068 4663 :
1100 4606 1247 4663 Licet
1275 4609 1432 4664 homo
1458 4617 1616 4663 ante-

259 4704 420 4761 quam
447 4692 638 4760 peccet,
666 4689 903 4758 potuerit
930 4705 1038 4742 esse
1058 4690 1174 4743 sine
1195 4691 1404 4758 qratia,
1429 4696 1477 4743 et
1500 4692 1616 4744 sine

260 4769 447 4841 culpa;
493 4777 680 4824 tamen
705 4776 823 4841 post
859 4776 1136 4841 peecatum
1172 4788 1280 4824 non
1303 4777 1471 4842 potest
1509 4790 1616 4827 esse

258 4851 370 4904 sine
393 4852 576 4923 culpa,
603 4852 714 4904 nisi
728 4852 972 4919 qratiam
998 4850 1215 4905 habeat.

78 4926 245 4977 Quartum
338 4931 1616 5004 173.Arguiturquart0.etsimulimpugnatur

81 4986 245 5073 siffis...
262 5010 514 5067 doctrina
545 5011 806 5083 proxime
836 5011 1004 5066 tradit
1070 5034 1081 5067 :
1113 5013 1388 5084 quoniam
1413 5018 1615 5083 utpec-

263 5098 411 5149 cator
453 5093 658 5158 valeat,
707 5093 910 5171 saltem
958 5110 991 5164 p
1103 5094 1364 5151 divinam
1413 5098 1614 5166 poten-

91 4507 229 4554 1).'1'ho.

3025 464 3146 518 419

1781 629 1942 697 tiam,
1994 631 2266 697 mundari
2313 650 2345 690 a
2385 639 2626 707 peccate,
2673 649 2790 691 non
2820 633 3137 706 requiritur

1778 711 1972 784 aliqua
2018 716 2323 787 peccatoris
2368 715 2692 772 retractatio
2726 736 2738 771 ε
2769 731 2926 789 erge·
2956 719 3138 788 potest

1775 796 2050 853 mundari
2088 814 2121 854 a
2147 804 2369 871 peccato
2410 797 2621 870 absque
2641 799 2765 853 ulla
2813 799 3136 871 receptione

1774 877 1991 949 gratim,
2041 882 2097 934 et
2135 880 2261 936 sine
2307 879 2618 935 intrinseca
2662 878 2750 933 sui
2793 879 3129 935 mutatione.

1775 958 2188 1030 Consequentia
2226 963 2460 1025 constat,
2491 959 2627 1031 quia
2654 958 2868 1014 infusio
2912 959 3131 1032 gratias,

1773 1042 1830 1092 et
1849 1037 2094 1096 interior
2121 1042 2361 1099 mutatio
2387 1040 2458 1097 ad
2492 1040 2598 1096 hoc
2632 1040 2911 1111 praecipue
2939 1041 3134 1111 requi-

1775 1123 2004 1185 runtur,
2035 1123 2100 1174 ut
2138 1120 2308 1178 homo
2335 1125 2521 1177 actum
2552 1120 2906 1193 praeteritum
2936 1135 3131 1193 pecea-

1772 1199 2063 1256 minosum
2086 1201 2428 1268 formaliter,
2457 1203 2547 1258 vel
2563 1200 2888 1257 virtualiter
2917 1208 3132 1257 retrac-

1774 1286 1869 1337 tet.
1900 1282 2251 1339 Antecedens
2279 1287 2467 1340 autem
2507 1280 2776 1338 suadetur
2818 1282 3053 1348 motivo,
3076 1287 3131 1355 et

1769 1363 2055 1434 example,
2086 1363 2294 1435 quibus
2323 1363 2503 1421 utitur
2529 1365 2757 1428 Scotus3
2784 1378 2920 1418 nam
2950 1367 3132 1435 potest
3157 1354 3314 1396 500ωᾶ

1772 1443 1920 1498 Deus
1948 1448 2296 1514 peccatorem
2325 1443 2678 1510 annihilare,
2704 1448 2760 1499 et
2789 1443 3009 1498 *iterum
3040 1443 3131 1515 ip·-

1768 1538 1898 1577 sum
1936 1524 2062 1581 sine
2110 1525 2300 1598 aliqua
2339 1523 2527 1598 gratia
2572 1523 2889 1579 inhaerente
2918 1521 3130 1596 produ-

1747 1618 1914 1673 ·cere,
1946 1609 2003 1659 et
2027 1610 2436 1676 consequenter
2474 1603 2601 1659 sine
2641 1603 2831 1675 aliqua
2878 1608 3132 1675 peccato-

1772 1685 1854 1739 ris
1909 1688 2343 1752 retractatione;
2411 1686 2574 1742 nulla
2622 1685 2834 1757 quippe
2899 1685 2962 1741 in
3027 1687 3133 1743 hoc

1769 1769 2008 1838 apparet
2028 1766 2347 1839 implicatio
2368 1786 2380 1821 :
2398 1764 2495 1821 sed
2520 1765 2583 1821 in
2602 1766 2704 1821 hoc
2729 1770 2937 1821 eventu
2959 1766 3130 1823 homo

1771 1844 2141 1917 reproductus
2183 1861 2299 1903 non
2345 1844 2579 1902 haberet
2621 1852 2905 1918 peccatum
2939 1868 2951 1902 :
2994 1863 3129 1920 ergo

1769 1933 1831 1983 ut
1858 1932 2111 2001 peccator
2136 1930 2344 1994 valeat,
2377 1929 2579 1985 saltem
2609 1943 2711 1999 per
2738 1927 2999 1983 divinam
3025 1945 3128 2000 po-

1768 2009 2027 2075 tentiam,
2062 2009 2332 2066 mundari
2362 2025 2394 2065 a
2418 2015 2658 2082 peccato,
2685 2010 2844 2064 nulla
2877 2008 3129 2081 requiri-

1767 2095 1861 2146 tur
1892 2092 2232 2149 retractatiO.
2265 2091 2475 2159 Minor,
2510 2091 2573 2145 in
2612 2107 2725 2163 qua
2762 2092 2882 2146 sola
2910 2095 3129 2160 poterat

1764 2186 1887 2227 esse
1929 2171 2246 2238 difficultaS,
2297 2171 2523 2227 videtur
2576 2171 2713 2226 satis
2760 2169 3066 2227 manifesta
3109 2195 3122 2229 ε

1765 2257 1888 2306 tum
1924 2253 2058 2324 quia
2087 2255 2234 2309 Deus
2254 2259 2338 2309 est
2366 2252 2554 2317 unica,
2587 2256 2642 2307 et
2669 2252 2930 2323 specialis
2958 2268 3125 2309 causa

1766 2331 2022 2388 hominis
2071 2332 2391 2406 reproducti
2422 2354 2436 2388 :
2467 2348 2603 2407 ergo
2645 2341 2943 2406 repugnat,
2975 2333 3125 2408 quod

1765 2413 1828 2468 in
1896 2415 2135 2469 instanti
2194 2412 2650 2486 reproductionis
2695 2414 2868 2471 homo
2921 2415 3123 2478 habeat

1760 2501 2050 2572 peccatum
2074 2521 2087 2563 ;
2120 2496 2223 2552 hac
2251 2496 2410 2551 enim
2441 2495 2666 2551 ratione
2696 2495 2939 2567 probant
2964 2513 3123 2553 com-

1763 2576 2025 2644 maniter¹
2044 2576 2372 2642 Thomistae,
2404 2577 2687 2649 Angelum
2714 2575 2774 2630 in
2800 2578 2986 2648 primo
3010 2577 3124 2632 ins-

1762 2657 2072 2724 tantinon
2115 2656 2364 2729 potuisse
2409 2671 2655 2727 peccare,
2687 2656 2820 2728 quia
2861 2657 3124 2738 videlicet

1762 2742 1875 2797 Deo
1906 2746 1965 2795 ut
1990 2741 2273 2814 Angelum
2300 2737 2647 2812 producenti
2689 2738 3115 2797 attribueretur.

1759 2823 1904 2879 Tum
1935 2823 2129 2890 etiam,
2162 2820 2297 2895 quia
2335 2819 2619 2876 destructo
2639 2820 2892 2889 homine,
2926 2837 3119 2895 pecca-

1761 2909 1883 2961 tum
1909 2907 1970 2962 in
1996 2922 2064 2963 eo
2084 2906 2336 2961 existens
2364 2905 2592 2976 penitus
2628 2904 2976 2961 destructum
2999 2910 3084 2961 est
3100 2930 3115 2972 3

1759 3003 1895 3042 nam
1925 2985 2225 3043 destructis
2253 2982 2420 3040 nobis
2460 2985 2835 3041 destruuntur
2862 3001 2946 3051 ea,
2992 3003 3120 3058 quae

1757 3067 1983 3122 suntin
2021 3066 2184 3124 nobis
2212 3087 2224 3120 ε
2254 3081 2390 3139 ergo
2431 3064 2784 3138 impossibile
2824 3068 2925 3129 est,
2971 3066 3119 3137 quod

1758 3147 1904 3203 illud
1934 3154 2220 3220 peccatum
2251 3147 2474 3214 redeat3
2505 3147 2608 3202 hac
2634 3149 2842 3218 quippe
2863 3145 2932 3201 de
2953 3163 3120 3203 causa

1755 3228 1960 3287 docent
2010 3230 2397 3286 communiter
2460 3233 2744 3291 DoctoreS,
2814 3228 3116 3299 implicare

1754 3307 1902 3380 quod
1931 3315 2152 3381 peecata
2176 3309 2426 3365 extincta
2467 3323 2567 3380 per
2597 3308 2993 3379 poenitentiam
3023 3323 3118 3363 re-

1756 3389 2040 3445 viviscant
2088 3406 2188 3462 per
2226 3389 2577 3460 subsequens
2618 3391 2924 3460 peccatum,
2966 3389 3117 3460 ¹quia

1756 3471 2039 3527 nimirum
2070 3469 2336 3541 praedicta
2358 3473 2580 3541 peccata
2605 3468 2846 3524 omnino
2867 3468 3118 3524 extincta

1753 3557 1886 3607 sunt
1915 3551 1976 3607 in
2003 3551 2227 3623 seipsis.

1789 3688 1795 3697 ,
1837 3633 1959 3688 174.
1992 3633 2134 3688 Huic
2161 3636 2500 3705 argumento
2529 3627 2873 3701 respondent
2899 3630 3115 3700 Grego-
3156 3656 3293 3700 pam,

1756 3714 1878 3770 rius
1906 3714 2207 3778 Martinez,
2251 3715 2500 3775 Arauxo,
2532 3712 2694 3766 Joan.
2727 3726 2760 3765 a
2781 3711 2837 3764 S.
2869 3708 3108 3772 Thoma‚
3145 3707 3305 3760 atiquo.

1753 3796 2119 3863 MontesinOS,
2164 3796 2429 3858 Genetus,
2478 3798 2535 3848 et
2590 3792 2710 3858 alii,
2762 3791 2910 3864 quod
2964 3766 3318 3898 nihil¹fs¹>¹1¹1sriecff

1753 3876 2027 3933 adversus
2048 3876 2478 3933 Themistarum
2501 3873 2848 3930 sententiam
2874 3872 3109 3929 evincit.
3126 3857 3309 3949 Assfflgj

1753 3961 1898 4013 Nam
1963 3970 2093 4012 cum
2140 3956 2469 4021 asserimuS,
2522 3953 2939 4026 impossibilem
2992 3969 3113 4009 esse
3127 3958 3247 4046 ἕπῃ·
3274 3966 3298 3998 a

1751 4040 2197 4115 destructionem
2240 4040 2446 4111 peccati
2474 4037 2737 4093 mortalis
2766 4036 2973 4109 absque
3018 4015 3331 4120 in-lnipmss?

1753 4120 1974 4176 fusione
2016 4119 2254 4193 alicujus
2278 4119 2494 4192 gratiae,
2538 4121 2593 4174 et
2630 4117 2756 4173 sine
2798 4117 3113 4173 intrinseca
3146 4108 3280 4148 (ΝΜ

1752 4202 2059 4276 peccatoris
2083 4202 2419 4268 mutatione,
2449 4200 2829 4273 supponimus
2859 4203 3111 4272 peccato-

1752 4300 1874 4341 rem
1907 4299 2276 4357 permanere;
2301 4299 2367 4340 eo
2392 4283 2602 4356 quippe
2628 4282 2931 4346 destructo,
2951 4280 3110 4335 tolli-

1750 4371 1845 4420 tur
1872 4365 1942 4421 de
1969 4364 2160 4421 medio
2203 4368 2381 4420 status
2425 4362 2774 4434 quaestioniS,
2821 4378 2949 4417 cum
2979 4361 3105 4417 evi-

1748 4446 1891 4504 dens
1916 4447 1990 4502 sit
2016 4453 2324 4519 peccatum,
2350 4446 2494 4502 sicut
2513 4451 2567 4502 et
2587 4442 2902 4517 quamlibet
2931 4444 3108 4500 aliam

1751 4528 2020 4594 formam,
2056 4529 2145 4583 vel
2175 4526 2580 4599 privationem,
2619 4524 2836 4580 destrui
2869 4523 2937 4579 ad
2978 4523 3108 4581 des-

1753 4611 2095 4666 tructionem
2124 4607 2393 4682 subjecti,
2424 4611 2480 4662 et
2525 4606 2733 4663 deinde
2769 4623 2885 4663 non
2916 4622 3107 4662 rema-

1750 4698 1882 4749 neat
1907 4692 2240 4765 subjectum,
2271 4693 2361 4746 cui
2385 4689 2559 4762 possit
2585 4688 2898 4745 condonari
2924 4704 3109 4760 pecca-

1750 4781 1892 4830 tum.
1950 4771 2115 4828 Unde
2161 4771 2495 4836 concedunt,
2546 4768 2695 4842 quod
2748 4768 2796 4823 si
2855 4773 3109 4841 peccator

1748 4853 2195 4917 annihilaretur,
2257 4856 2313 4907 et
2377 4854 2567 4923 postea
2614 4847 3102 4921 reproduceretur,

1750 4939 1934 5006 posset
1975 4937 2030 4989 et
2071 4932 2198 4988 sine
2221 4931 2408 5005 gratia
2435 4930 2686 5002 produci,
2719 4934 2774 4985 et
2802 4944 2917 4984 non
2947 4928 3105 4984 infici

1750 5016 1869 5070 ullo
1891 5016 2111 5086 peccato
2132 5036 2145 5078 ;
2169 5010 2265 5068 sed
2280 5010 2430 5084 quod
2446 5009 2635 5067 media
2657 5009 3102 5073 annihilatione,

1709 5100 1801 5150 ·et
1845 5093 2276 5166 reproductione
2317 5098 2500 5165 posset
2547 5091 2757 5165 absque
2799 5092 3002 5167 gratia,
3051 5097 3107 5146 et
3167 5114 3170 5119 ·
