3647 5753
446 402 553 456 :352
1367 399 1460 453 DE
1498 398 2078 456 JUSTIFICATIONE
2118 402 2320 456 1MP11.

445 587 575 641 nem
584 588 650 642 pe
677 577 862 627 actum
894 571 1100 644 peccati
1127 572 1406 638 mortaliS,
1439 573 1527 629 cui
1549 571 1796 631 damna-

444 653 521 708 tio
547 658 758 708 aeterna
787 653 1041 711 debetur.
1517 678 1523 685 ·

229 739 424 792 urgetur.
514 734 606 789 76.
656 736 894 808 Propter
921 735 1039 792 haec
1065 736 1395 794 testimonia
1420 778 1433 803 ,
1471 743 1527 794 et
1552 737 1791 804 similia,

228 787 397 926 Ρὲιῶἔ·
439 828 563 884 quae
585 811 750 870 facile
787 815 1018 887 quisin
1062 832 1222 874 sacra
1270 818 1486 892 Pagina
1531 816 1793 884 offendet,

254 886 374 926 xll-
439 896 674 951 Summi·
696 896 998 955 Pontifices
1040 899 1176 955 Pius
1222 902 1270 954 V
1296 905 1354 957 et
1379 903 1595 974 Gregor
1645 901 1793 968 XIII,

440 973 795 1034 damnarunt
822 978 1042 1051 aliquas
1063 979 1480 1052 propositiones
1501 980 1798 1037 Michaelis

443 1058 584 1122 Baii,
620 1060 680 1114 in
709 1058 934 1131 quibuS,
967 1076 1173 1135 nempe
1200 1061 1263 1118 in
1290 1063 1375 1118 31<
1413 1068 1469 1121 et
1514 1063 1586 1119 33
1631 1067 1688 1120 et
1724 1062 1797 1119 43

436 1142 493 1192 et
519 1140 593 1191 70
619 1144 675 1195 et
712 1142 804 1206 71,
837 1139 1126 1197 asserebat
1152 1146 1459 1213 peccatum,
1486 1148 1543 1200 et
1573 1148 1796 1200 reatum

438 1235 617 1289 poenae
637 1225 864 1277 aeternae
884 1223 1155 1298 conjungi
1178 1240 1306 1281 cum
1333 1226 1634 1283 charitate.
1659 1228 1796 1290 Quae

436 1299 865 1359 animadversio
891 1302 1222 1361 extenditur
1247 1305 1423 1362 etiam
1452 1304 1522 1361 ad
1548 1306 1796 1380 gratiam

436 1380 885 1440 sanctificantem
911 1428 923 1451 ,
966 1386 1176 1458 quippe
1199 1402 1325 1459 quae
1343 1388 1437 1444 vel
1460 1404 1577 1457 non
1604 1386 1799 1445 differt

437 1462 671 1519 realiter
698 1480 731 1519 a
754 1465 1033 1523 charitate
1056 1508 1069 1532 ,
1123 1468 1215 1524 vel
1245 1483 1361 1525 non
1395 1474 1697 1541 separatur
1725 1468 1796 1526 ab

437 1543 559 1599 illa.
593 1545 661 1598 Et.
688 1543 886 1601 eadem
935 1561 1175 1604 censura
1202 1548 1433 1622 respicit
1457 1554 1795 1621 praesentem

438 1624 900 1695 providentiam3
951 1642 1087 1683 nam
1136 1634 1350 1686 attenta
1397 1630 1648 1703 potentia
1695 1631 1794 1687 Dei

434 1700 709 1770 absoluta,
743 1705 1057 1777 probabilis
1077 1710 1439 1781 quorundam
1462 1710 1661 1783 opinio
1686 1713 1789 1777 est,

431 1784 699 1856 gratiam,
726 1791 782 1841 et
809 1793 1096 1858 peccatum
1126 1806 1285 1862 posse
1303 1791 1481 1847 simul
1511 1792 1572 1846 in
1592 1791 1793 1849 eodem

433 1865 680 1938 subjecto
727 1869 1083 1927 coexistere:
1131 1872 1278 1944 quod
1335 1872 1636 1930 Pontifices
1676 1890 1794 1931 non

437 1946 810 2004 intenderunt
831 1948 1128 2009 damnare.
1154 1953 1424 2010 Sentiunt
1442 1970 1596 2028 ergo,
1620 1958 1674 2011 et
1693 1954 1796 2011 de—

438 2028 774 2093 terminant,
802 2029 950 2101 quod
976 2032 1244 2098 charitas,
1275 2034 1398 2090 sive
1422 2034 1607 2108 gratia
1626 2050 1794 2091 sanc-

438 2108 661 2164 tificans
686 2154 697 2175 ,
729 2115 785 2165 et
807 2116 1092 2182 peccatum
1116 2114 1358 2170 mortale
1399 2130 1697 2188 nunquam
1725 2114 1796 2173 de

441 2188 584 2244 facto
613 2205 716 2260 pro
737 2190 928 2262 aliqua
954 2190 1258 2249 duratione
1285 2193 1346 2249 in
1367 2193 1566 2251 eodem
1593 2212 1796 2268 suppo-

438 2270 548 2326 sito
587 2269 1031 2343 conjunguntur.
1065 2273 1220 2336 Quod
1260 2274 1434 2331 etiam
1457 2266 1607 2333 'satis
1635 2294 1796 2349 pers-

242 2375 403 2430 canen.
442 2351 601 2421 picue
644 2351 911 2409 docuerat
964 2354 1284 2411 Concilium
1338 2356 1597 2414 Trident.
1658 2376 1795 2416 nam

228 2423 562 2488 Ts1‘-¹⁰¹¹¹·sessu
595 2434 650 2497 6,
682 2451 805 2506 cap.
837 2434 891 2496 4.
925 2434 1127 2491 asserit
1166 2435 1630 2510 justificationem
1680 2442 1795 2497 im-

441 2518 667 2585 portare
711 2514 1107 2570 remissionem
1134 2557 1146 2579 ,
1201 2531 1299 2572 seu
1348 2510 1792 2577 destructionem

440 2601 795 2667 peccatorum
830 2618 841 2651 :
873 2602 926 2652 et
975 2602 1162 2668 postea
1188 2615 1307 2670 cap.
1339 2600 1374 2653 6
1402 2644 1415 2666 ,
1449 2600 1795 2659 determinat

436 2692 664 2731 causam
696 2675 922 2732 unicam
954 2677 1257 2734 formalem
1286 2686 1493 2735 nostrae
1515 2681 1794 2754 justifica-

439 2755 610 2811 tionis
632 2772 754 2813 esse
772 2756 1015 2829 gratiam
1038 2756 1487 2815 sanctificantem
1511 2761 1795 2818 inhaeren-

441 2841 552 2894 tem
573 2838 781 2894 :sensit
802 2852 955 2909 ergO,
988 2837 1136 2909 quod
1159 2837 1261 2896 hac
1275 2841 1464 2914 gratia
1480 2843 1660 2915 posita
1677 2859 1794 2900 non

439 2925 633 2975 manet
655 2926 958 2991 peccatum,
993 2921 1082 2976 vel
1109 2921 1256 2992 quod
1280 2923 1327 2977 si
1351 2922 1536 2991 datur,
1563 2930 1620 2981 et
1639 2924 1794 2982 adest

440 3007 744 3072 peccatum,
799 3017 914 3056 non
960 3011 1345 3072 conservatur,
1402 3022 1504 3062 nec
1554 3006 1795 3064 habetur

436 3083 619 3154 gratia
644 3079 979 3153 justificans,
1013 3084 1339 3140 Praesertim
1379 3086 1514 3158 quia
1539 3088 1792 3158 quandiu

439 3166 765 3232 perseverat
815 3162 1038 3235 gratia,
1070 3179 1168 3221 seu
1210 3163 1396 3222 forma
1433 3165 1787 3240 justificanS,

436 3242 610 3297 etiam
641 3249 964 3314 perseverat
1001 3244 1366 3318 justificatio:
1399 3253 1565 3321 atque
1593 3249 1719 3308 ideo
1744 3251 1792 3305 si

433 3321 759 3394 justificatio
804 3327 1197 3397 complectitur
1231 3326 1697 3397 destructionem,
1731 3347 1794 3387 ac

440 3404 838 3462 remissionem
870 3412 1255 3478 peccatorum,
1288 3408 1413 3466 fleri
1444 3427 1560 3467 non
1588 3412 1793 3483 poterit

434 3484 503 3540 de
546 3487 690 3543 facto
714 3532 727 3554 ,
779 3487 929 3560 quod
953 3489 1015 3545 in
1040 3489 1239 3547 eodem
1282 3492 1520 3549 instanti
1547 3536 1560 3559 ,
1593 3493 1656 3549 in
1683 3510 1793 3567 quo

437 3573 758 3639 perseverat
785 3569 990 3641 gratia,
1024 3577 1209 3643 peccet
1238 3573 1408 3630 homo
1442 3574 1789 3631 mortaliter.

351 3679 354 3682 ι
432 3646 727 3712 Quomodo
766 3649 925 3705 enim
968 3657 1100 3707 tunc
1128 3654 1452 3711 remittetur
1481 3658 1787 3727 peccatum,

430 3728 579 3800 quod
625 3729 684 3785 in
713 3730 1014 3801 praesentia
1040 3733 1237 3806 gratiae
1262 3738 1651 3793 committetur
1671 3739 1698 3792 Ρ
1725 3738 1791 3791 Et

434 3807 584 3864 idem
608 3811 927 3865 Concilium
950 3828 1076 3867 sess
1103 3815 1156 3877 5,
1182 3831 1299 3886 cap.
1327 3817 1380 3883 5,
1407 3817 1627 3882 asserit,
1650 3817 1793 3892 quod

431 3893 488 3943 in
515 3894 741 3955 renati-s,
787 3893 891 3950 hoc
918 3902 1020 3959 est,
1047 3897 1109 3950 in
1133 3895 1473 3970 justificatis,
1505 3900 1651 3954 nihil
1676 3899 1790 3954 odit

430 3969 574 4025 Deus
590 3989 609 4036 ,·
631 3974 688 4026 in
704 3973 808 4038 liis,
830 3978 1060 4051 quivere
1074 3979 1369 4049 consepulti
1389 3987 1515 4033 sunl
1544 3979 1782 4036 Cle'rt'sto.

427 4052 491 4105 In
520 4067 586 4108 eo
613 4060 803 4109 autem
833 4056 930 4126 qui
960 4057 1283 4114 mortaliter
1329 4063 1534 4129 peccat,
1568 4059 1788 4131 aliquid

353 4207 362 4212 .
425 4131 544 4189 odit
572 4137 737 4201 DeuS,
775 4152 979 4209 nempe
1008 4138 1197 4209 ipsum
1228 4147 1514 4212 peccatum
1542 4144 1782 4207 actuale,

426 4218 698 4285 tanquam
724 4233 889 4287 poena
912 4224 1124 4275 aeterna
1146 4217 1386 4293 dignum
1413 4242 1426 4276 ε
1450 4237 1585 4295 ergo
1614 4222 1674 4277 in
1698 4238 1789 4279 eo-

422 4293 552 4350 dem
584 4295 821 4353 instanti
850 4313 964 4355 non
990 4306 1319 4370 perseverat
1343 4300 1515 4358 homo
1543 4302 1613 4358 de
1641 4302 1786 4359 facto

426 4381 674 4438 renatus,
708 4394 805 4433 seu
848 4378 1185 4449 justificatus
1227 4397 1328 4453 per
1373 4383 1784 4456 gratiam3sed

423 4455 611 4526 potius
633 4457 696 4513 in
722 4458 921 4515 eodem
970 4460 1209 4516 instanti
1237 4503 1250 4527 ,
1285 4462 1348 4518 in
1376 4480 1486 4535 quo
1513 4480 1783 4521 consum-

424 4542 614 4592 matur
660 4543 812 4594 actus
843 4543 1049 4612 peccati
1080 4544 1359 4608 mortali5‚
1394 4545 1559 4602 illam
1580 4535 1777 4612 exuit,

421 4622 587 4689 atque
615 4618 887 4677 admittit.

493 4702 585 4754 77.
634 4701 850 4756 Horum
884 4703 1342 4761 testimoniorum
1386 4709 1608 4764 aculeos
1648 4724 1780 4780 per-

236 4791 380 4834 Lorea.
417 4779 662 4836 sensisse
685 4780 913 4837 videtur
935 4783 1146 4847 Lorca,
1179 4784 1274 4841 sed
1313 4801 1426 4843 non
1453 4789 1592 4843 satis
1635 4804 1781 4861 pon-

416 4858 642 4916 derasse
675 4883 687 4917 :
722 4878 855 4918 nam
879 4879 1008 4920 cum
1041 4868 1098 4921 in
1125 4869 1178 4932 2,
1211 4869 1265 4932 2,
1300 4877 1481 4946 quaest.
1514 4871 1604 4935 24,
1648 4876 1777 4926 sect.

416 4942 470 5004 3,
503 4941 646 5014 disp.
680 4944 771 5008 22,
805 4944 867 4999 in
896 4944 1070 5003 dubio
1118 4948 1427 5021 appendice
1464 4966 1779 5024 conquere-

421 5028 580 5078 retur
608 5024 676 5080 de
705 5026 991 5097 aliquibus
1021 5029 1369 5092 Doctoribus,
1396 5032 1490 5103 qui
1514 5033 1776 5106 opinioni

1926 589 2098 646 quam
2128 572 2190 629 in
2212 572 2317 629 hac
2346 574 2391 637 l,
2421 574 2476 640 2,
2500 580 2625 628 sect.
2650 574 2705 636 6,
2729 571 2871 644 disp.
2895 571 2990 633 40,
3014 572 3292 642 sequutus

1929 654 2134 718 fuerat,
2166 651 2477 709 inurebant
2504 652 2863 717 temeritatis,
2918 651 3009 707 vel
3048 647 3287 722 majoris

1929 743 2078 795 notae
2098 752 2386 803 censuras,
2413 736 2605 809 inquit
2624 750 2786 792 num.
2824 734 2912 790 19:
2946 755 2973 786 α
3000 735 3289 798 Quocum-

1936 841 1963 874 «
2002 835 2112 893 que
2132 820 2329 877 animo
2356 820 2574 893 loquuti
2602 818 2822 877 fuerint
2845 859 2859 885 ,
2895 816 3062 873 facile
3087 819 3172 872 est
3194 828 3292 870 os-

1937 922 1963 953 «
2002 899 2257 967 tendere,
2286 915 2558 974 magnam
2605 899 2780 956 fuisse
2823 895 3179 970 imperitiam
3225 893 3288 948 in

1936 1002 1964 1035 α
2003 996 2205 1038 eorum
2246 980 2461 1038 verbis.
2484 981 2569 1037 Sit
2593 980 2754 1039 enim
2792 995 3017 1044 verum,
3051 980 3150 1033 aut
3177 975 3289 1031 fal-

1936 1085 1963 1116 α
2003 1079 2153 1130 sum,
2176 1064 2444 1139 gratiam,
2469 1068 2524 1121 et
2545 1069 2832 1136 peccatum
2855 1060 3074 1118 actuale
3094 1058 3158 1113 in
3176 1070 3288 1113 uno

1936 1166 1962 1198 (ι
2005 1145 2243 1202 instanti
2273 1144 2644 1211 indivisibili,
2693 1161 2805 1218 quo
2854 1143 3289 1201 consummatur

1935 1248 1963 1280 α
2006 1233 2315 1300 peccatum,
2345 1244 2468 1285 esse
2487 1228 2698 1293 simul;
2721 1225 2857 1300 quid
2879 1232 3073 1282 tamen
3096 1221 3167 1279 ad
3191 1220 3288 1276 Fi-

1936 1329 1963 1359 «
2003 1306 2133 1365 dem
2164 1308 2514 1366 catholicam
2543 1307 2788 1365 attinet?
2814 1308 3020 1362 Est-ne
3058 1307 3289 1359 contra-

1884 1392 1885 1395 ’
1935 1408 1962 1441 α
2005 1388 2158 1445 rium
2178 1378 2351 1445 alicui
2377 1404 2551 1446 sacrae
2582 1388 2887 1460 Scripturae
2914 1382 3244 1442 testimonio
3262 1386 3291 1437 ‘e

1935 1489 1961 1519 α
2002 1467 2353 1525 Adversatur
2370 1468 2630 1526 Ecclesiae
2644 1464 3010 1523 diffinitioni?
3031 1461 3289 1536 Opponi-

1935 1569 1961 1600 α
2002 1552 2098 1604 tur
2124 1548 2419 1605 communi
2443 1551 2701 1615 Patrum,
2733 1552 2831 1603 aut
2856 1544 3281 1618 Theologorum

1935 1650 1961 1682 «
2000 1630 2298 1686 sententiae
2330 1630 2359 1699 Ρ,
2393 1630 2573 1686 Infert
2608 1627 2836 1701 aliquod
2876 1628 3287 1683 nocumentum

1935 1732 1961 1763 α
2000 1711 2333 1766 christianis
2374 1709 2681 1767 moribus?
2727 1707 2990 1771 Accedit,
3039 1706 3131 1762 vel
3173 1709 3289 1761 toto

1935 1813 1960 1843 ι(
2000 1792 2160 1856 coelo,
2186 1790 2256 1847 ad
2284 1792 2534 1864 aliquem
2580 1804 2943 1848 errorem-ex
2972 1787 3099 1851 his,
3149 1800 3289 1856 quos

1934 1895 1960 1926 «
2003 1874 2250 1931 Ecclesia
2289 1876 2496 1930 cavet?
2540 1878 2643 1930 etc.
2690 1892 2715 1922 n
2762 1869 2869 1927 Sed
2897 1872 2959 1924 ut
2991 1866 3247 1924 diximus
3271 1908 3285 1932 ‚

1928 1954 2156 2013 videtur
2202 1957 2378 2012 Lorca
2423 1970 2541 2011 non
2585 1952 2723 2010 satis
2771 1951 3114 2025 ponderasse
3160 1962 3288 2004 mo·
3330 1944 3476 1987 20¹⁰ae

1928 2040 2122 2092 menta
2155 2036 2587 2103 authoritatem,
2618 2049 2758 2106 quas
2786 2030 3047 2105 proxime
3069 1997 3482 2100 ewen-¹¹33?

1926 2118 2137 2184 dimus,
2168 2122 2225 2175 et
2250 2118 2386 2174 satis
2415 2115 2633 2190 liquido
2680 2121 2936 2172 nostram
2964 2156 2976 2179 ‚
3028 2117 3085 2169 et
3126 2127 3286 2167 com·
3321 2101 3490 2186 {ffifflff'

1926 2214 2167 2254 munem
2213 2197 2559 2255 sententiam
2606 2196 2913 2260 evincunt;
2960 2193 3034 2247 -in
3078 2189 3287 2263 quibus

1929 2279 2170 2352 proinde
2198 2279 2364 2336 facile
2410 2277 2703 2334 inveniret
2748 2273 3183 2348 responsionem
3212 2269 3282 2326 ad

1927 2378 2011 2429 ea,
2044 2377 2167 2434 quae
2197 2361 2458 2434 inquirit.
2511 2363 2658 2416 Nam
2704 2357 3033 2415 testimonia
3072 2353 3284 2410 divinae
3351 2372 3354 2376 “

1929 2444 2159 2517 Paginae
2187 2441 2408 2509 docent,
2442 2445 2727 2515 peccatum
2769 2439 3032 2502 mortale,
3070 2441 3127 2494 et
3150 2451 3285 2509 gra-

1928 2525 2068 2580 tiam
2090 2522 2537 2579 sanctificantem
2562 2520 2808 2577 minime
2827 2519 3168 2583 coexistere;
3198 2522 3285 2572 at-

1926 2622 2036 2679 que
2066 2605 2192 2662 ideo
2213 2619 2484 2671 asserere,
2517 2601 2666 2675 quod
2692 2602 3016 2674 oppositum
3043 2599 3115 2656 de
3143 2599 3285 2655 facto

1927 2688 2242 2761 contingit,
2294 2691 2379 2742 est
2421 2690 2620 2742 contra
2646 2698 2866 2740 sacram
2906 2682 3280 2755 Scripturam.

1927 2767 2142 2825 Deinde
2169 2767 2281 2825 duo
2310 2764 2612 2825 Pontifices
2633 2764 2910 2821 damnant
2937 2767 3282 2819 asserentem

1925 2849 2262 2907 charitatem
2290 2863 2419 2905 cum
2448 2851 2669 2919 peccato
2696 2844 2768 2902 de
2796 2844 2940 2901 facto
2973 2841 3239 2916 conjungi
3270 2865 3282 2904 ;

1927 2930 1987 2986 id
2037 2929 2185 3002 quod
2229 2932 2368 2986 satis
2405 2933 2610 3001 aperte
2651 2925 2916 2983 docuerat
2961 2923 3282 2980 Concilium

1926 3010 2334 3066 Tridentinum
2383 3031 2396 3066 ι
2440 3008 2591 3066 unde
2635 3006 2892 3079 sequitur
2924 3048 2936 3070 ,
3000 3004 3281 3060 actualem

1925 3093 2397 3165 compositionem
2444 3091 2663 3165 gratiae,
2693 3094 2749 3146 et
2782 3087 2990 3161 peccati
3020 3086 3282 3142 mortalis

1925 3189 2048 3231 esse
2125 3180 2322 3230 contra
2382 3171 2789 3228 diffinitionem
2855 3166 3115 3224 Ecclesiae
3145 3210 3158 3234 ,
3223 3181 3285 3221 ac
3316 3234 3321 3238 .

1927 3253 2168 3328 proinde
2187 3269 2308 3311 esse
2329 3269 2399 3309 ex
2423 3253 2541 3308 illis
2567 3248 2882 3314 erroribuS‚
2914 3264 3053 3321 quos
3093 3247 3284 3302 Eccle-

1924 3336 2010 3392 sia
2055 3341 2233 3393 cavet.
2278 3334 2534 3392 Tandem
2582 3331 2908 3406 praedictam
2949 3329 3281 3402 opinionem

1925 3416 2136 3490 opponi
2179 3415 2474 3473 communi
2516 3413 2935 3487 Theologorum
2962 3409 3277 3472 sententiae,

1926 3499 2018 3553 vel
2045 3513 2115 3552 ex
2142 3512 2209 3554 eo
2249 3497 2462 3569 liquet,
2512 3494 2661 3568 quod
2702 3493 2898 3549 nullus
2944 3490 3275 3563 Theologus,

1927 3584 2131 3651 praeter
2160 3578 2415 3643 Lorcam,
2448 3576 2611 3631 illam
2642 3576 2976 3647 propugnet,
3006 3576 3062 3627 et
3082 3585 3282 3627 omnes

1925 3658 2185 3716 Moderni
2217 3659 2326 3731 ipsi
2357 3658 2753 3714 adversentur.
2803 3653 3019 3720 Quibus
3048 3650 3279 3709 motivis

1926 3741 2077 3797 haud
2114 3740 2291 3812 „facile
2329 3738 2784 3803 contemnendis,
2819 3738 2910 3793 vel
2936 3732 3281 3792 enervandis

1924 3819 2326 3878 innitebantur
2353 3821 2443 3876 illi
2471 3823 2752 3882 Doctores,
2797 3818 2895 3890 qui
2926 3817 3114 3873 Lorcae
3152 3814 3279 3886 opi·

1924 3903 2085 3960 nioni
2118 3908 2311 3960 notam
2341 3903 2595 3975 aliquam
2625 3898 3028 3957 adhibuerunt.
3062 3899 3175 3953 Nos
3201 3901 3279 3951 ta-

1922 4000 2057 4040 men
2099 3983 2168 4039 ab
2209 3984 2370 4040 omni
2410 3998 2652 4038 censura
2703 3980 3058 4036 abstinemus
3102 4000 3115 4033 ε
3160 3977 3276 4031 imo

1922 4082 2025 4122 nec
2066 4066 2520 4137 expenderemus
2559 4064 2704 4130 ista,
2752 4061 2862 4117 nisi
2919 4061 3279 4116 intueremur

1921 4148 2158 4202 Lorcam
2187 4146 2326 4203 adeo
2351 4145 2422 4203 de
2461 4160 2565 4201 sua
2603 4142 2877 4215 opinione
2902 4155 3187 4205 securum,
3219 4145 3277 4194 ut

1920 4229 2041 4286 loco
2069 4229 2238 4286 citato
2264 4245 2332 4286 ex
2353 4231 2407 4296 2,
2439 4230 2493 4292 2,
2521 4244 2671 4281 num.
2699 4225 2790 4301 26,
2818 4223 3143 4289 asseruerit,
3169 4239 3275 4277 non

1913 4328 2065 4384 posse
2088 4317 2332 4366 nostram
2358 4310 2679 4364 sententiam
2701 4306 2897 4384 absque
2919 4306 3161 4378 periculo
3181 4305 3277 4360 de-

1915 4393 2090 4465 fendi.
2122 4394 2184 4448 In
2211 4408 2321 4464 quo
2347 4391 2720 4447 vehementer
2745 4387 2983 4444 excessit
3008 4430 3019 4451 ‚
3051 4393 3107 4443 et
3146 4403 3275 4447 om-

1917 4473 2087 4529 nibus
2108 4471 2408 4546 Theologis
2432 4487 2548 4528 non
2577 4469 2787 4543 absque
2803 4468 3038 4525 illorum
3057 4467 3271 4542 injuria

1913 4572 1974 4614 se
1993 4556 2273 4629 opposuit,
2301 4560 2362 4610 ut
2382 4553 2644 4611 cordatus
2670 4551 2913 4626 quilibet
2933 4551 3099 4608 facile
3115 4550 3275 4624 judi-

1914 4635 2079 4694 cabit.

1984 4712 2077 4766 78.
2123 4713 2236 4766 Nec
2265 4709 2457 4774 refert,
2484 4708 2531 4764 si
2559 4724 2690 4764 cum
2721 4707 2989 4780 praedicto
3018 4706 3272 4763 Authore
3306 4713 3473 4770 evasio,

1912 4811 2062 4849 num.
2108 4793 2223 4858 28,
2271 4790 2683 4865 respondeatur
2725 4791 2914 4864 primo
2940 4835 2953 4855 ,
3000 4789 3271 4862 praeclIeta
3289 4762 3476 4870 '’ffifflffl

1912 4874 2255 4941 testimonia,
2282 4879 2336 4930 et
2365 4873 2648 4946 praecipue
2687 4872 2881 4927 Bullas
2928 4869 3272 4929 Pontificum
3339 4872 3412 4906 ‘¹³-

1912 4956 2065 5028 loqui
2094 4955 2163 5012 de
2209 4961 2431 5029 peccato
2470 4954 2752 5011 habituali
2785 4995 2797 5018 ,
2842 4953 2964 5009 sive
3002 4950 3071 5008 de
3118 4956 3264 5008 statu

1912 5038 2136 5111 peccati,
2168 5054 2297 5094 cum
2327 5053 2436 5110 quo
2459 5038 2578 5110 ipse
2598 5034 2853 5093 concedit
2892 5035 3136 5108 gratiam
3169 5052 3269 5094 ner·

3171 5132 3270 5189 per
