3647 5753
1347 323 1527 392 DISP.
1572 324 1669 388 1v,
1712 323 1881 380 DUB.
1922 324 1994 381 11.

235 497 461 554 nullam
505 494 845 551 relationem
874 496 1375 569 supernaturalem
1403 495 1598 569 aliquo

234 577 407 636 modo
447 578 726 634 actualem
758 582 916 649 putat
954 578 1171 652 requiri
1197 576 1267 634 ad
1294 578 1592 643 meritum,

232 659 333 718 sed
357 660 436 715 ait
460 658 718 715 sufficere
746 657 1066 716 bonitatem
1094 660 1377 717 moralem
1407 660 1600 734 cujus-

236 756 480 815 cumque
521 747 695 806 actus,
727 741 955 797 etiamsi
996 740 1071 796 sit
1113 757 1270 797 mere
1316 741 1600 796 naturalis

240 838 356 879 una
413 837 542 877 cum
607 821 887 878 relatione
932 821 1228 878 charitatis
1293 811 1594 886 habituali,

237 921 413 979 quam
455 902 624 960 habet
670 919 898 977 semper
944 902 1188 975 quilibet
1239 903 1492 960 existens
1538 902 1601 958 in

236 987 445 1062 gratia.
478 988 688 1042 Suarez
717 1001 873 1052 ver0,
904 992 960 1043 et
985 986 1291 1043 Montesin.
1318 1001 1601 1059 superna-

239 1068 490 1124 turalem
518 1067 858 1124 relationem
896 1066 1223 1135 formalem,
1251 1072 1348 1123 aut
1375 1067 1602 1122 virtua-

243 1151 360 1208 lem
385 1148 721 1222 rcquirunt;
746 1150 942 1206 dicunt
967 1156 1160 1205 tamen
1190 1149 1335 1205 hanc
1365 1149 1603 1205 relatio-

249 1246 386 1288 nem
413 1244 531 1286 non
562 1232 881 1286 necessario
908 1229 1116 1286 debere
1134 1245 1255 1285 esse
1282 1228 1597 1294 charitatis,

242 1310 341 1369 sed
406 1309 665 1368 sufficere
723 1313 1126 1386 cujuscumque
1190 1310 1428 1367 alterius
1477 1309 1604 1365 vir-

244 1393 386 1449 tutis
428 1407 530 1465 per
556 1408 616 1448 se
658 1391 890 1454 infusae;
916 1397 970 1449 et
1012 1390 1224 1448 idcirco
1252 1396 1406 1447 actus
1444 1404 1604 1446 mere

244 1476 559 1543 naturales,
594 1474 708 1530 nisi
749 1474 822 1531 ab
850 1476 1043 1548 aliqua
1082 1491 1155 1531 ex
1181 1473 1271 1529 his
1294 1471 1605 1530 virtutibus

247 1560 647 1631 imperentur,
714 1573 831 1615 non
892 1573 1015 1615 esse
1061 1557 1408 1622 meritorios,
1462 1555 1606 1612 bene

246 1645 440 1695 tamen
467 1639 594 1695 sine
642 1653 728 1705 eo,
765 1637 916 1711 quod
963 1638 1326 1711 imperentur
1352 1653 1385 1692 a
1412 1636 1607 1693 chari-

245 1724 378 1776 tate.

38 1819 214 1863 *fimum
324 1792 611 1849 Probatur
641 1792 830 1865 primo
872 1791 994 1848 haec
1016 1791 1300 1849 sententia
1321 1788 1609 1864 aliquibus

37 1878 215 1962 ¹225&
247 1874 554 1947 Scripturae
577 1873 940 1938 testimoniis,
964 1874 1026 1929 in
1048 1871 1255 1946 quibus
1278 1887 1394 1927 non
1421 1871 1607 1928 solum

221 1949 467 2014 ‘actibus
493 1956 809 2024 charitatiS,
841 1954 938 2011 sed
978 1957 1155 2013 etiam
1179 1964 1182 1968 ’
1202 1955 1452 2011 aliarum
1485 1953 1610 2008 vir-

249 2042 437 2094 tutum
467 2037 588 2093 vita
636 2042 851 2093 aeterna
903 2043 1178 2109 tanquam
1227 2051 1444 2092 merces
1474 2050 1610 2108 pro-

40 2115 209 2208 fflggh·
252 2118 475 2183 mittur,
519 2123 580 2172 ut
616 2123 700 2174 est
739 2116 888 2173 illud
927 2117 1130 2174 Matth.
1180 2118 1253 2172 25
1287 2138 1299 2172 :
1336 2138 1361 2170 α
1406 2109 1612 2173 Ve'nite

154 2197 166 2208 '
259 2221 283 2250 ιι
315 2196 599 2254 benedicti
641 2197 829 2253 Patris
869 2198 1006 2262 mei,
1041 2196 1314 2270 percipite
1344 2211 1607 2271 regnum,

257 2299 281 2330 α
312 2284 418 2335 etc.
443 2278 680 2343 esurivi,
702 2279 957 2346 enim,et
983 2277 1220 2336 dedistis
1262 2278 1409 2335 mihi
1451 2292 1615 2333 man·

262 2383 287 2413 α
318 2357 528 2417 ducare
558 2381 569 2415 :
598 2359 777 2428 sitivi,
822 2365 878 2416 et
905 2358 1149 2417 dedistis
1172 2360 1318 2416 mihi
1367 2358 1566 2416 bibere
1596 2379 1610 2414 :

37 2443 172 2490 aare!
191 2446 228 2487 8
265 2463 291 2494 (ι
320 2441 523 2514 hospes
543 2457 725 2507 eram,
749 2447 807 2499 et
832 2443 1140 2517 collegistis
1162 2458 1274 2508 me,
1299 2447 1407 2498 etc.
1431 2441 1617 2500 Marci

256 2539 380 2594 cap.
430 2522 464 2576 3
519 2543 532 2576 ε
587 2521 940 2594 Quicumque
1009 2521 1208 2578 fecerit
1258 2523 1616 2579 voluntatem

266 2626 292 2657 α
325 2603 515 2660 Patris
550 2603 683 2670 mei,
729 2603 850 2676 ipse
875 2620 1039 2660 meus
1069 2602 1246 2661 frater
1291 2610 1394 2670 est,
1445 2609 1549 2660 etc.
1585 2623 1611 2655 n

261 2687 494 2742 Constat
526 2688 738 2750 autem,
770 2684 918 2758 quod
951 2685 1052 2740 Dei
1076 2686 1429 2742 voluntatem
1459 2682 1611 2753 facit,

262 2782 381 2824 non
402 2768 589 2823 solum
627 2767 725 2839 qui
766 2766 899 2822 facit
930 2771 1087 2822 actus
1106 2783 1177 2823 ex
1198 2766 1495 2834 charitate,
1519 2765 1618 2823 sed

258 2850 436 2908 etiam
482 2850 580 2924 qui
623 2850 757 2908 facit
811 2854 966 2906 actus
992 2849 1244 2906 aliarum
1291 2850 1617 2907 virtutum:

260 2948 396 3007 ergo
433 2948 535 3005 per
566 2932 698 2989 illos
725 2930 789 2986 fit
816 2930 993 2987 frater
1023 2931 1255 2998 Christi,
1288 2937 1456 3005 atque
1481 2930 1622 2990 adeo

261 3015 511 3072 cohaeres
536 3032 666 3071 cum
712 3032 778 3072 eo
809 3014 944 3071 vitae
988 3019 1234 3071 aeternae.
1287 3017 1357 3070 Et
1396 3033 1519 3089 cap.
1563 3017 1617 3082 9,

263 3095 472 3153 dicitur
504 3118 517 3151 ε
547 3096 615 3155 Si
641 3099 765 3175 quis
788 3097 995 3153 dederit
1028 3097 1179 3152 vobis
1217 3099 1441 3154 calicem
1471 3115 1625 3174 aquas

264 3179 478 3252 sriyidae
504 3182 563 3234 in
590 3182 808 3235 nomine
834 3197 967 3246 ntea,
998 3197 1107 3235 non
1120 3180 1307 3253 perdet
1334 3182 1625 3237 mercedem

39 3246 241 3343 cgrffiffi·
267 3278 448 3327 suam,
472 3269 568 3316 etc.
598 3262 811 3317 Paulus
845 3260 1018 3317 etiam
1054 3266 1098 3326 l,
1131 3260 1202 3317 ad
1222 3262 1483 3319 Corinth.
1518 3263 1582 3317 15
1609 3280 1623 3316 z

117 3348 185 3390 15.
266 3340 559 3398 Abundate
585 3340 816 3413 (inquit)
843 3343 904 3396 in
924 3342 1076 3397 omni
1095 3359 1249 3414 opere
1269 3341 1423 3410 bona,
1448 3343 1627 3398 scien-

269 3430 347 3478 tes
365 3421 507 3498 quod
546 3420 699 3475 labor
725 3427 897 3476 vester
934 3439 1045 3477 non
1071 3428 1149 3477 est
1191 3423 1380 3478 inanis
1422 3424 1483 3477 in
1512 3421 1626 3478 Do-

45 3493 255 3589 {³5¹5ssssss
272 3506 439 3560 mino,
497 3506 618 3567 Quo
669 3503 1001 3562 testimonio
1066 3504 1246 3561 utitur
1304 3504 1627 3563 Concilium

272 3585 531 3641 Trident.
556 3601 683 3641 sessi.
714 3586 769 3649 6,
820 3603 940 3659 cap.
1000 3589 1083 3653 16,
1130 3586 1201 3644 ad
1242 3586 1629 3645 exhortandos

272 3664 487 3731 fideles,
509 3669 569 3720 ut
591 3666 652 3721 in
674 3664 834 3721 omni
848 3681 1059 3740 genere
1079 3668 1365 3726 bonorum
1387 3683 1628 3742 operum

271 3764 333 3805 se
346 3752 667 3814 exerceant,
691 3750 1033 3820 promittens
1048 3750 1172 3807 illis
1186 3750 1625 3819 beatitudinem,

274 3833 547 3899 tanquam
612 3826 933 3883 mercedem
990 3845 1092 3901 pro
1155 3831 1438 3903 praedictis
1494 3846 1633 3904 ope-

275 3907 435 3965 ribus
455 3906 496 3965 ‘a
528 3909 639 3963 Deo
664 3905 913 3964 fideliter
943 3909 1314 3968 reddendam.
1347 3914 1414 3966 Et
1442 3917 1634 3985 postea

271 3989 464 4048 subdit
513 4012 525 4046 :
582 4012 608 4043 α
637 3989 798 4046 Nihil
845 3991 986 4063 ipsis
1020 3992 1343 4065 justificatis
1383 3994 1633 4067 amplius

279 4096 303 4126 α
336 4072 530 4129 deesse
569 4070 919 4129 credendum
964 4080 1066 4141 est,
1111 4076 1420 4148 quominus
1468 4078 1635 4149 plene

279 4176 305 4207 α
338 4154 460 4211 illis
505 4152 736 4224 quidem
785 4153 1073 4225 operibuS,
1118 4173 1243 4230 quae
1269 4158 1331 4213 in
1361 4160 1475 4216 Deo
1501 4161 1638 4213 sunt

282 4257 308 4289 α
338 4234 504 4298 facta,
556 4232 772 4291 divinas
822 4236 933 4309 legi
989 4253 1091 4309 pro
1133 4238 1302 4313 hujus
1327 4238 1460 4295 vitae
1485 4243 1635 4296 statu

282 4337 308 4369 α
335 4315 695 4382 satisfecisse,
746 4320 802 4371 et
844 4315 1024 4373 vitam
1071 4324 1348 4376 aeternam
1403 4336 1639 4393 prome-

284 4419 310 4450 «
343 4396 526 4453 ruisse
555 4401 915 4454 censeantur.
947 4417 973 4449 2>
1000 4400 1141 4454 Cum
1164 4399 1340 4475 igitur
1359 4402 1425 4458 in
1452 4401 1639 4459 omni·

281 4478 386 4535 bus
429 4479 519 4534 his
563 4478 931 4545 testimoniis,
986 4480 1050 4537 in
1087 4481 1297 4556 quibus
1335 4484 1525 4558 agitur
1569 4483 1640 4541 de

283 4561 492 4619 merito
514 4561 648 4617 vitae
675 4566 921 4630 aeternae,
957 4564 1118 4621 nulla
1146 4566 1362 4623 mentio
1389 4565 1485 4623 fiat
1513 4567 1640 4623 cha·

285 4643 488 4709 ritatis,
513 4642 819 4700 dicendum
847 4645 976 4713 erit,
1028 4647 1148 4721 ejus
1174 4647 1511 4720 imperium,
1545 4654 1643 4706 aut

288 4726 628 4783 relationem
679 4740 1041 4800 nequaquam
1080 4730 1399 4788 necessaria
1424 4746 1545 4787 esse
1571 4730 1642 4788 ad

285 4806 623 4882 praedictum
652 4809 954 4866 meritum.

361 4891 432 4943 Et
480 4887 857 4949 confirmatur
895 4905 968 4948 ex
1015 4891 1320 4960 Patribus;
1375 4907 1513 4949 nam
1565 4890 1646 4951 ita

286 4971 489 5031 docere
509 4970 736 5029 videtur
759 4976 823 5032 D.
842 4976 1083 5050 August.
1101 4981 1263 5033 tract.
1282 4977 1375 5043 51,
1394 4975 1455 5029 in
1474 4972 1640 5034 Ιοαη.

2982 318 3095 380 727

1732 495 2015 553 Bernard.
2047 495 2143 553 lib.
2187 496 2250 551 de
2291 499 2480 567 qratia
2517 503 2566 551 et
2615 495 2780 550 libero
2825 493 3077 561 arbitria,
3109 510 3163 551 1).
3181 509 3290 560 Aug.

1734 575 1928 633 dicens
1973 594 2168 651 opera,
2212 576 2421 651 quibus
2456 575 2873 635 beatitudinem
2903 559 3308 632 mere-⁰·Bem·

1733 674 1884 728 mur,
1933 675 2057 718 esse
2090 660 2331 735 jejunia,
2366 659 2618 734 vigilias,
2651 658 3093 723 continentiam,

1733 746 1838 798 etc.
1871 743 1941 796 Et
1969 744 2033 798 D.
2065 742 2270 800 Thom.
2315 744 2379 798 in
2418 743 2473 808 2,
2524 743 2653 798 dist.
2699 743 2791 807 26,
2824 747 3008 816 quaest.
3049 741 3093 805 l,
3126 752 3287 796 nfrho.

1734 830 1846 879 art.
1871 825 1927 879 6.
2375 829 2378 830 ’

1820 903 1906 958 19.
1934 901 2021 958 Ad
2048 902 2250 959 omnia
2277 902 2414 968 haec,
2459 908 2515 958 et
2556 904 2691 968 alia,
2724 918 2849 975 quas
2876 899 3100 957 Adver-
3129 918 3317 975 Respon-

1734 983 1879 1040 sarii
1934 983 2100 1041 nobis
2147 981 2394 1057 objicere
2441 990 2677 1057 possunt
2703 1027 2715 1050 ,
2767 981 3129 1054 Scripturae,·
3162 975 3243 1009 ⁵¹⁰·

1738 1065 2149 1131 conciliorum,
2194 1071 2250 1122 et
2300 1069 2534 1123 Patrum
2575 1065 2927 1132 testimonia,
2961 1078 3097 1129 una,

1735 1154 1793 1206 et
1820 1148 2008 1205 facilis
2035 1154 2120 1205 est
2145 1148 2392 1210 solutio;
2433 1149 2799 1205 concedimus
2852 1161 3104 1217 namque

1738 1237 1894 1287 actus
1914 1231 2179 1287 omnium
2202 1230 2483 1286 virtutum
2508 1231 2570 1286 in
2588 1229 2833 1286 habente
2853 1228 3103 1302 gratiam

1737 1329 1862 1370 esse
1887 1313 2019 1368 vitae
2045 1318 2272 1368 aeternae
2294 1313 2657 1380 meritorios,
2690 1311 2746 1367 id
2769 1310 3022 1383 quidem,
3048 1315 3108 1366 et

1740 1394 1894 1453 nihil
1917 1393 2094 1461 aliud,
2117 1393 2447 1469 hujusmodi
2473 1394 2805 1452 testimonia
2823 1393 3103 1467 probant:

1738 1477 1838 1535 sed
1870 1491 2166 1551 negamus,
2216 1474 2367 1550 quod
2414 1476 2538 1532 illis
2584 1476 2891 1533 conveniat
2936 1471 3106 1531 inde-

1742 1558 2059 1633 pendenter
2086 1558 2156 1615 ab
2185 1558 2434 1632 imperio
2460 1558 2777 1624 charitatis,
2804 1563 2859 1614 et
2894 1556 3106 1630 absque

1742 1640 2111 1700 ordinatione
2137 1642 2202 1696 in
2228 1641 2351 1714 eJus
2377 1639 2554 1698 finem
2580 1664 2595 1708 ς
2626 1641 2770 1714 quin
2821 1639 3009 1712 potius
3035 1654 3108 1695 ex
3168 1677 3174 1681 >

1741 1721 2095 1780 testimoniis
2141 1720 2400 1778 adductis
2438 1722 2764 1795 oppositum
2807 1736 2925 1778 non
2971 1718 3107 1777 obs-

1743 1821 1882 1864 cure
1908 1803 2228 1862 deducitur.
2262 1806 2410 1860 Tum
2438 1804 2573 1877 quia
2602 1809 2663 1860 ut
2691 1805 2754 1860 in
2784 1804 3108 1878 plurimum

1746 1887 2057 1960 apponitur
2097 1885 2161 1941 in
2188 1885 2270 1941 eis
2299 1885 2532 1958 aliquod
2559 1885 2801 1942 verbum
2829 1885 3110 1943 denotans

1746 1973 1903 2023 actus
1922 1966 2073 2034 illos,
2106 1971 2170 2021 ut
2188 1967 2306 2022 sint
2326 1967 2637 2036 meritorii,
2663 1966 2790 2025 fieri
2813 1965 3021 2024 debere
3039 1982 3111 2023 ex

1746 2046 2039 2109 charitate.
2071 2051 2128 2103 et
2173 2062 2370 2103 amore
2416 2047 2536 2115 Dei,
2588 2053 2651 2103 ut
2696 2063 2826 2103 cum
2879 2046 3108 2114 dicitur,

1748 2129 1825 2188 In
1852 2130 2070 2184 nomine
2096 2147 2231 2195 meo,
2263 2128 2415 2201 quod
2462 2128 2616 2185 idem
2646 2135 2731 2186 est
2775 2146 2838 2186 ac
2879 2134 3113 2202 propter

1748 2225 1879 2270 me;
1906 2211 2158 2265 minimis
2177 2212 2312 2265 meis
2344 2210 2569 2282 fecistiS,
2592 2209 2648 2265 id
2675 2215 2759 2267 est
2779 2210 2936 2274 mihi,
2968 2209 3114 2264 sicut

1750 2294 1994 2365 ipsemet
2014 2293 2276 2349 Salvator
2297 2293 2579 2364 exposuit,
2611 2309 2708 2349 seu
2739 2293 2878 2358 illis,
2911 2297 3113 2365 quate-

1751 2391 1864 2432 nus
1885 2376 2003 2432 mei
2028 2380 2179 2443 sunt,
2212 2380 2379 2447 atque
2401 2374 2540 2433 adeo
2568 2381 2799 2449 propter
2820 2390 2932 2431 me.
2965 2376 3114 2430 Tum

1753 2457 1952 2523 etiam,
1984 2457 2119 2530 quia
2145 2463 2345 2513 cuncta
2375 2457 2491 2513 haec
2532 2456 2859 2513 testimonia
2889 2455 2959 2512 ab
2987 2471 3116 2512 om-

1753 2538 1928 2596 nibus
1954 2539 2261 2595 Catholicis
2285 2538 2666 2612 intelligenda
2691 2543 2827 2594 sunt
2851 2536 2921 2594 de
2949 2537 3115 2594 bonis

1754 2618 2042 2693 operibus,
2104 2619 2420 2677 secundum
2473 2619 2622 2693 quod
2684 2618 2997 2693 procedunt
3046 2635 3117 2677 ex

1750 2701 1961 2776 gratia,
1988 2706 2050 2756 ut
2071 2707 2224 2774 patet
2247 2717 2320 2758 ex
2346 2701 2487 2767 iltis,
2513 2718 2638 2774 quae
2656 2702 2863 2776 disput.
2886 2700 3113 2774 praeced.

1754 2801 1909 2840 num.
1975 2785 2021 2846 l,
2077 2781 2458 2849 adduximus3
2518 2788 2574 2840 et
2626 2781 2755 2839 ideo
2794 2782 3117 2839 Concilium

1757 2864 2016 2923 Trident.
2050 2863 2114 2922 in
2160 2865 2490 2923 testimonio
2520 2882 2705 2938 nuper
2734 2864 2913 2923 relato
2940 2881 3121 2939 oppo-

1754 2946 1874 3003 suit
1912 2946 2015 3003 illa
2059 2944 2261 3014 verba,
2293 2948 2544 3020 operibus
2589 2950 2723 3016 inis,
2769 2966 2882 3024 quae
2923 2951 2982 3004 in
3011 2946 3120 3003 Deo

1756 3036 1887 3086 sunt
1929 3029 2084 3101 sacta
2126 3046 2143 3083 .-
2180 3028 2247 3084 in
2287 3032 2400 3085 Deo
2444 3031 2605 3086 enim
2646 3030 2729 3098 fit,
2761 3031 2910 3105 quod
2950 3028 3017 3085 fit
3057 3029 3121 3083 in

1757 3110 1965 3185 gratia,
1996 3114 2054 3166 et
2082 3109 2341 3166 amicitia
2363 3112 2463 3167 Dei
2486 3136 2498 3177 ;
2525 3128 2643 3169 non
2681 3112 2914 3185 quidem
2938 3115 3124 3166 mate·

1762 3189 2008 3254 rialiter,
2040 3188 2122 3245 ita
2146 3196 2207 3245 ut
2239 3191 2445 3263 gratia,
2476 3199 2534 3248 et
2573 3192 2672 3247 Dei
2701 3192 2957 3248 amicitia
2983 3205 3124 3247 con-

1759 3269 2104 3326 comitanter
2146 3269 2337 3326 solum
2384 3287 2445 3327 se
2490 3270 2736 3329 habeant
2765 3270 2835 3327 ad
2864 3270 2941 3339 id,
2973 3269 3124 3343 quod

1762 3348 1827 3406 fit
1848 3349 2013 3419 (alias
2036 3354 2324 3422 peccatum
2352 3351 2601 3417 veniale,
2630 3352 2778 3425 quod
2805 3351 3126 3409 committi-

1763 3435 1860 3486 tur
1887 3429 1957 3486 ab
1986 3430 2222 3486 homine
2256 3430 2430 3504 justo,
2476 3433 2538 3488 in
2576 3436 2690 3489 Deo
2730 3432 2857 3490 fieri
2904 3432 3127 3489 dicere-

1766 3519 1861 3568 tur
1880 3515 1934 3583 );
1964 3511 2063 3569 sed
2093 3511 2437 3578 formaliter,
2488 3515 2569 3570 ita
2616 3520 2677 3569 ut
2703 3514 2851 3587 quod
2890 3515 2972 3571 sic
2997 3512 3126 3571 fieri

1766 3593 1996 3660 dicitur,
2029 3609 2063 3650 a
2094 3595 2281 3668 gratia
2310 3594 2449 3667 ipsa,
2495 3603 2551 3653 et
2578 3597 2833 3653 amicitia
2864 3598 2961 3654 Dei
2992 3612 3128 3669 pro-

1764 3676 1944 3742 cedat,
1990 3677 2218 3750 haecque
2267 3678 2330 3733 in
2357 3678 2504 3735 illud
2551 3678 2777 3737 influat.
2823 3682 2964 3736 Cum
2992 3696 3132 3754 ergo

1766 3757 1955 3834 gratia
1976 3757 2040 3812 in
2068 3758 2299 3814 nullum
2327 3775 2468 3833 opus
2491 3761 2678 3817 valeat
2714 3760 2980 3828 influere,
3012 3760 3128 3816 nisi

1768 3854 1872 3911 per
1898 3837 2258 3906 charitatem,
2287 3847 2349 3895 ut
2377 3841 2441 3896 in
2466 3842 2688 3898 ratione
2715 3847 2909 3899 nostra
2935 3846 3132 3899 osten-

1767 3936 1899 3976 sum
1925 3925 2028 3986 est,
2056 3920 2120 3977 fit
2141 3920 2295 3990 inde,
2317 3922 2584 3995 praedicta
2614 3925 2942 3981 testimonia
2967 3924 3134 3980 intel-

1769 3998 2002 4075 ligenda
2039 4015 2162 4058 esse
2187 4000 2257 4058 de
2304 4002 2471 4059 bonis
2510 4005 2800 4077 justorum
2841 4002 3134 4077 operibus,

1767 4080 2086 4139 secundum
2115 4083 2265 4155 quod
2315 4084 2629 4156 procedunt
2670 4088 2848 4143 etiam
2879 4103 2911 4141 a
2937 4086 3133 4142 chari-

1771 4168 1887 4220 tate
1921 4184 1933 4219 :
1963 4168 2019 4220 et
2045 4163 2193 4236 quod
2222 4163 2361 4221 dum
2403 4166 2474 4223 ab
2520 4166 2786 4239 operibus
2814 4168 3135 4224 meritoriis

1772 4259 1893 4301 non
1914 4243 2242 4302 excluditur
2269 4246 2525 4303 influxus
2543 4249 2765 4321 gratias,
2790 4254 2846 4305 et
2866 4249 2988 4323 ejus
3030 4264 3137 4306 ne—

1771 4328 2002 4386 cessitas
2017 4331 2162 4400 (quae
2186 4345 2484 4404 nunquam
2505 4332 2911 4404 excluduntur)
2930 4350 3141 4407 nequa-

1772 4425 1948 4483 quam
1994 4410 2220 4466 excludi
2246 4418 2546 4470 censeatur
2587 4416 2909 4481 necessitas,
2954 4422 3012 4473 et
3038 4416 3139 4472 in-

1776 4492 1965 4549 fluxus
1990 4492 2307 4552 charitatis.

1852 4568 1944 4622 20.
1976 4567 2233 4627 Secundo
2280 4569 2553 4643 probatur
2580 4571 2779 4629 eadem
2808 4571 3136 4630 sententia:
3176 4595 3330 4640 sem.

1776 4649 2053 4722 quoniam
2081 4656 2144 4707 ut
2180 4657 2337 4710 actus
2382 4654 2592 4728 aliquis
2637 4654 2712 4710 sit
2750 4655 2885 4711 vitae
2913 4661 3139 4713 aeternae
3154 4644 3357 4739 anagogi-

1776 4731 2132 4798 meritorius,
2162 4734 2302 4790 satis
2340 4740 2445 4800 est,
2476 4734 2626 4809 quod
2650 4736 2914 4809 procedat
2941 4753 2973 4793 a
3000 4736 3141 4792 sub-
3164 4705 3304 4788 gtimn-

1771 4812 1921 4888 jecto
1970 4819 2151 4887 grato,
2195 4820 2252 4872 et
2296 4814 2501 4873 habeat
2548 4819 2980 4891 proportionem
3008 4834 3138 4874 cum

1779 4894 1901 4951 vita
1928 4900 2146 4952 aeterna
2191 4917 2205 4952 ε
2251 4895 2351 4953 sed
2391 4903 2573 4955 totum
2615 4899 2719 4956 hoc
2746 4898 2961 4957 habent
2986 4903 3143 4956 actus

1779 4976 2064 5034 virtutum
2093 4977 2421 5036 infusarum
2452 4979 2907 5055 independenter
2938 4996 2970 5038 a
3006 4980 3144 5038 cha-

3401 107 3561 268 N,
