3647 5753
1555 360 1734 417 mse.
1777 361 1819 426 1,
1864 360 2028 416 oue,
2073 361 2144 418 11.
3105 366 3217 423 315
3282 352 3290 358 '

926 537 1119 608 su.

439 711 834 768 Han-eticorum
859 706 1222 781 fundamenta
1249 702 1651 760 convelluntur.

146 896 341 939 uaeresis
441 867 533 921 24.
565 863 919 936 oppositam,
945 866 1001 918 et
1028 858 1354 916 haereticam
1379 854 1728 913 'sententiam

158 950 329 1003 0⁰⁹³*-
368 949 688 1007 docuerunt
713 945 856 1002 olim
887 944 1141 1008 ProcluS,
1186 946 1249 997 ut
1277 940 1454 997 refert
1478 941 1546 994 D:
1589 937 1729 1010 Epi-

146 1005 340 1100 Ριῗῖιὶῃε.
372 1029 549 1101 phau.
577 1026 765 1082 iia-,resi
802 1025 896 1089 64,
927 1028 983 1080 et
1010 1022 1419 1085 Massilienses,
1453 1023 1515 1073 ut
1552 1017 1731 1074 tradit

161 1094 334 1136 mma.
369 1105 759 1165 Theodoretus
804 1104 898 1160 ub.
941 1104 976 1157 4
1003 1102 1069 1157 de
1093 1101 1301 1174 fabulis
1325 1102 1732 1165 haereticorum,-

157 1144 334 1187 estvm.
363 1203 544 1260 quam
565 1191 685 1259 post
702 1186 866 1258 plura
889 1183 1094 1239 saecula
1114 1180 1496 1257 foetescentem
1518 1178 1732 1250 ample·

371 1268 494 1325 xati
533 1273 668 1323 sunt
695 1264 1026 1322 Calvinistae
1049 1261 1274 1335 sequuti
1303 1276 1474 1316 suum
1513 1257 1731 1332 magis-

369 1356 549 1413 trum,
568 1347 664 1420 qui
682 1346 846 1401 illam
875 1343 1034 1401 docet
1053 1343 1146 1398 lib.
1163 1343 1198 1398 3
1223 1341 1477 1398 Institut.
1496 1358 1618 1413 cap.
1641 1340 1660 1395 l
1680 1340 1726 1404 1,

369 1435 404 1500 ξ
430 1432 537 1485 2et
564 1432 595 1498 ᾖ
620 1430 712 1493 21,
744 1434 792 1482 et
822 1426 957 1482 tib.4
977 1469 990 1493 ,
1013 1442 1133 1497 cap.
1167 1425 1252 1489 15,
1276 1425 1421 1494 910,
1448 1423 1586 1479 etin
1607 1423 1734 1477 An-

373 1510 556 1566 tidoto
574 1506 833 1564 Trident.
858 1523 986 1562 sess.
1012 1508 1066 1571 5,
1086 1503 1292 1577 quibus
1307 1503 1447 1561 locis
1461 1501 1728 1566 affirmat,

377 1596 597 1665 peccata
623 1603 726 1645 nec
752 1603 853 1660 per
875 1587 1254 1659 Baptismum,
1285 1600 1390 1641 nec
1417 1600 1517 1658 per
1546 1582 1734 1655 poeni-

374 1671 620 1728 tentiam
640 1683 775 1724 vere
802 1667 1083 1740 extingui,
1110 1671 1208 1723 aut
1227 1665 1466 1730 auferri,
1492 1662 1589 1720 sed
1611 1669 1736 1719 tan-

374 1758 502 1807 tum
547 1747 823 1811 obvelari,
876 1751 931 1803 et
981 1746 1094 1820 tegi
1141 1745 1363 1819 justitia
1413 1744 1738 1800 extrinseca

375 1829 609 1893 Christi,
635 1842 809 1899 quam
833 1830 1086 1899 peccator
1109 1841 1209 1899 per
1231 1823 1405 1881 fidem
1420 1822 1737 1896 apprehen-

376 1910 481 1975 dit,
512 1914 567 1966 et
588 1907 799 1973 induit,
824 1912 887 1961 ut
908 1904 1093 1978 justus
1115 1908 1403 1979 appareat,
1434 1909 1491 1961 et
1515 1901 1588 1961 ob
1617 1917 1737 1974 pec-

185 1996 346 2040 runda-
377 1997 502 2049 cata
541 2005 660 2047 non
699 1987 1009 2044 damnetur
1049 2002 1082 2042 a
1111 1989 1241 2044 Deo.
1290 1984 1449 2050 Quod
1493 1983 1739 2057 probant

171 2052 360 2090 menium.
380 2074 604 2148 primo;
637 2068 773 2127 nain
796 2068 945 2142 quod
970 2070 1198 2142 tegitur,
1223 2074 1278 2125 et
1299 2068 1576 2141 operitur,
1603 2080 1739 2123 vere

382 2159 700 2229 permanet,
725 2159 782 2209 et
809 2167 927 2208 non
948 2150 1265 2208 destruitur
1292 2172 1305 2207 ε
1333 2148 1432 2207 sed
1459 2150 1522 2205 in
1543 2148 1739 2220 Scrip-

380 2245 512 2295 tura
526 2237 758 2312 dicitur,
777 2232 925 2308 quod
942 2234 1004 2289 in
1022 2232 1427 2307 justificatione
1444 2238 1735 2306 teguntur,

381 2326 438 2376 ct
459 2317 799 2391 operiuntur
830 2321 1049 2387 peccata
1076 2336 1089 2369 ι
1134 2314 1250 2370 haec
1277 2314 1453 2387 igitur
1483 2313 1545 2368 in
1567 2310 1742 2385 justi-

383 2400 650 2457 ficatione
687 2413 804 2455 non
850 2396 1242 2453 destruuntur.
1273 2400 1328 2451 et
1365 2393 1742 2466 extinguntur

386 2482 453 2536 in
481 2477 702 2551 seipsis,
734 2476 828 2533 sed
870 2492 1005 2532 vere
1034 2479 1393 2548 permanent,
1418 2479 1474 2530 et
1516 2477 1741 2530 tantum

386 2565 683 2635 teguntur,
719 2573 794 2613 ne
832 2558 1004 2614 homo
1027 2561 1257 2630 propter
1286 2556 1386 2611 illa
1412 2554 1740 2612 damnetur.

171 2650 337 2692 psalm.
390 2641 595 2697 Minor
633 2637 939 2711 probatur;
984 2652 1120 2693 nam
1157 2636 1302 2709 psal.
1347 2636 1439 2701 31,
1483 2633 1696 2691 dicitur
1728 2655 1764 2703 z,

212 2702 284 2743 ³¹‘
395 2721 562 2779 Beata·
603 2736 831 2798 quorum
870 2720 1103 2773 remiss&
1152 2725 1280 2772 sunt
1320 2717 1657 2793 iniquitatem,
1694 2722 1745 2770 et

391 2817 623 2881 quorum
666 2807 805 2855 tecta
853 2805 981 2853 sunt
1021 2804 1245 2871 peccata
1287 2814 1305 2849 .·
1348 2795 1447 2851 ubi
1498 2793 1746 2851 secunda

389 2881 658 2940 versiculi
688 2890 820 2953 pars
840 2876 1085 2951 explicat
1113 2875 1381 2949 primam,
1407 2879 1470 2931 ut
1491 2874 1645 2932 idem
1672 2874 1749 2930 sit

389 2962 755 3035 iniquitatem
798 2957 1033 3025 remitti,
1080 2973 1143 3013 ac
1180 2956 1294 3030 tegi
1338 2961 1645 3029 peccatum.
1679 2956 1749 3011 Et

171 3053 349 3097 psalm.
393 3043 534 3115 psal.
553 3041 626 3095 84
654 3060 667 3094 :
691 3038 972 3097 Remisisti
992 3037 1340 3114 iniquitatem
1359 3035 1528 3108 plebis
1548 3041 1668 3100 tum,
1693 3038 1750 3091 et

217 3106 295 3146 ⁸¹·
392 3122 655 3195 operuisti
697 3121 887 3174 omnia
929 3123 1151 3191 peccata
1188 3132 1375 3172 eorum
1404 3134 1422 3168 .·
1448 3114 1545 3170 ubi
1592 3113 1748 3171 idem

153 3222 172 3259 ι
190 3215 320 3261 Petri
337 3219 377 3259 4.
393 3200 765 3277 significatur.
820 3201 887 3254 Et
932 3197 1163 3254 tandem
1215 3197 1420 3271 primae
1469 3195 1622 3252 Petri
1670 3195 1705 3249 4
1731 3215 1746 3250 ε

395 3282 663 3339 Charitas
687 3281 860 3354 operit
881 3279 1291 3333 multitudinem
1307 3283 1670 3349 peccatorum.

179 3389 360 3433 counr-
467 3360 858 3420 confirmatur
879 3358 1089 3432 primo,
1114 3357 1250 3430 quia
1269 3359 1333 3413 D.
1355 3357 1584 3421 PauluS,
1605 3357 1752 3427 post·

181 3451 255 3481 lm
336 3469 348 3478 .
1140 3457 1144 3462 ·
1733 3457 1746 3470 0

155 3488 225 3532 Μ
242 3444 376 3579 ἕω
392 3441 1150 3595 ῗιὲἓῗηὲἲῗὲἒῖῗὲἳῗοῗῗᾶἓὲ·
1176 3437 1752 3596 simmia

393 3625 479 3662 me
523 3611 802 3680 peccatum
827 3621 845 3656 .·
883 3616 1019 3674 ergo
1059 3599 1123 3655 in
1170 3599 1406 3656 homine
1445 3594 1752 3671 justificato

397 3702 533 3745 vere
557 3687 872 3758 permanet,
899 3686 954 3738 et
977 3678 1591 3755 inhabitatpeccatum,
1621 3675 1754 3732 licet

392 3772 638 3842 tegatur,
663 3770 720 3823 et
738 3762 1066 3821 occultetur.

472 3845 860 3904 confirmatur
880 3839 1127 3898 secundo
1152 3863 1166 3907 ;
1196 3855 1333 3896 nam
1362 3839 1521 3895 Isaiae
1541 3839 1636 3904 64,
1660 3836 1755 3893 di-

394 3929 548 3985 citur
579 3947 593 3982 ε
633 3925 791 3983 Facti
825 3939 1016 3978 sumus
1057 3927 1115 3976 ut
1156 3919 1432 3976 immundi
1471 3935 1674 3984 omma,
1703 3923 1754 3972 et

397 4011 662 4063 universas
697 4005 930 4076 justitia!
972 4008 1167 4055 nostras
1215 4006 1484 4076 tanquam
1533 4013 1755 4071 pannus

397 4094 745 4145 menstruatas
764 4104 782 4139 .·
804 4085 909 4141 hoc
929 4077 1120 4140 autem
1144 4081 1354 4138 falsum
1387 4085 1552 4148 esset,
1576 4078 1626 4135 si
1654 4094 1756 4151 per

391 4167 860 4244 justificationem
889 4178 1024 4221 vere
1071 4161 1440 4219 auferrentur
1480 4164 1701 4233 peccata
1738 4179 1751 4215 ε

391 4266 536 4325 ergo
561 4263 680 4306 non
701 4246 1066 4310 auferuntur,
1092 4241 1189 4298 sed
1213 4241 1443 4315 praecise
1464 4239 1755 4298 occultan-

393 4337 514 4386 tur.

473 4406 862 4466 confirmatur
901 4404 1087 4469 tertio,
1128 4403 1263 4475 quia
1299 4400 1756 4474 concupiscentia

398 4505 538 4548 vere
560 4492 820 4545 remanet
840 4486 901 4541 in
924 4482 1267 4559 justificatis,
1292 4487 1355 4537 ut
1381 4480 1584 4539 definit
1605 4483 1757 4539 Con-

152 4574 346 4633 sonat.
394 4573 498 4630 cil.
527 4567 786 4624 Trident.
817 4582 942 4622 sesS.
969 4567 1086 4619 5111
1106 4564 1312 4619 decreto
1331 4562 1396 4617 de
1410 4569 1630 4635 peccato
1649 4563 1759 4617 ori·

156 4637 371 4682 '‘¹4²¹“
389 4650 594 4724 ginali,
637 4651 669 4717 g
697 4647 800 4702 ult.
835 4643 990 4716 atqui
1028 4641 1485 4713 concupiscentia
1511 4646 1596 4696 est
1623 4656 1759 4698 vere

398 4736 692 4808 peccatum
720 4747 733 4781 ε
761 4740 897 4798 ergo
925 4726 1028 4781 hoc
1050 4727 1265 4789 manet,
1299 4720 1429 4777 licet
1449 4723 1752 4786 occultum,

389 4819 454 4871 et
479 4816 692 4868 tectum
722 4807 785 4862 in
802 4801 1141 4879 justificatis.
1169 4801 1450 4859 Probatur
1469 4801 1667 4858 minor
1685 4817 1759 4858 ex

394 4891 690 4968 ApostoIO,
740 4888 837 4961 qui
871 4887 1201 4957 frequenter
1240 4884 1757 4956 concupiscentiam

392 4974 655 5060 appellat
671 4973 980 5043 peccatum,
1001 4972 1064 5023 ut
1089 4967 1164 5021 ad
1184 4966 1344 5023 Rom.
1365 4967 1402 5022 3
1424 4972 1475 5021 et
1494 4967 1549 5032 6,
1574 4968 1608 5020 7
1629 4972 1680 5021 et
1698 4968 1755 5035 8,

156 3880 350 3924 Isaistt.

1859 534 1916 588 et
1940 532 2017 587 ad
2041 530 2290 590 chraeos
2323 536 2406 591 11.
2429 534 2592 592 Unde
2622 537 2682 592 D.
2703 538 2939 611 August.
2959 540 3019 592 in
3048 537 3210 603 lib.5,
3227 552 3293 595 Ad
3306 555 3430 597 nom.

1859 618 2050 667 contra
2063 611 2279 670 Julian.
2300 614 2516 687 inquit:
2536 615 2988 690 Concupiscentia
3004 620 3209 684 carnis,
3234 603 3427 694 Adfflcb.

1860 699 2054 747 contra
2073 711 2242 771 quam
2261 694 2430 750 bonus·
2456 699 2789 770 concupiscit
2813 700 3063 770 spiritus,
3088 702 3296 772 pec-‘R
3316 704 3427 754 Aug.

1859 778 2048 828 catum
2071 780 2168 839 cst,
2199 776 2335 852 quia
2361 777 2500 831 inest
2527 778 2614 832 illi
2639 778 3003 834 inobedientia
3023 786 3215 834 contra

1861 855 2205 910 dominatum
2231 859 2445 913 mentis,

1936 932 2325 992 confirmatur
2368 943 2591 1008 quarto,
2621 938 2755 1010 quia
2796 945 2918 1012 post
2939 939 3219 1014 justifica-

1863 1012 2080 1070 tionem
2110 1020 2350 1071 manent
2373 1015 2603 1073 habitus
2628 1018 2821 1076 vitiosi
2849 1043 2863 1085 ;
2886 1019 3024 1094 justi
3058 1019 3218 1076 enim

1860 1093 2242 1167 experiuntur
2277 1095 2506 1153 easdem
2548 1113 2756 1169 pravas
2792 1100 3216 1169 inclinationes,

1860 1191 2001 1248 quas
2023 1180 2193 1234 antea
2215 1176 2503 1235 habebant
2527 1203 2541 1235 ι
2565 1195 2702 1254 ergo
2721 1181 2898 1238 etiam
2922 1187 3224 1240 remanent

1864 1255 2182 1313 habitualia
2198 1264 2439 1330 peccata.
2459 1261 2620 1317 Patet
2633 1263 3035 1335 consequentia
3050 1286 3064 1328 ;
3084 1279 3222 1320 nam

1863 1334 1993 1393 ideo
2020 1342 2142 1410 post
2161 1338 2628 1413 justificationem
2664 1349 3033 1413 perseverant
3060 1343 3221 1409 vitia,

1864 1417 2000 1490 quia
2013 1417 2259 1487 habitus,
2279 1434 2377 1476 seu
2400 1420 2647 1492 qualitas
2663 1436 3009 1494 permanens
3026 1424 3223 1498 nequit

1865 1496 2080 1554 destrui
2124 1513 2225 1571 per
2274 1516 2459 1557 unum
2504 1507 2691 1558 actum
2732 1504 3095 1576 oppositum-z
3123 1503 3223 1561 sed

1867 1583 2155 1650 peccatum
2182 1578 2473 1637 habituale
2501 1597 2618 1639 non
2644 1588 2729 1638 est
2754 1582 2949 1640 minus
2990 1601 3223 1658 perma-

1868 1674 2030 1725 nens,
2060 1675 2233 1732 quam
2260 1662 2468 1718 vitium
2498 1683 2511 1719 ε
2539 1678 2693 1738 ergo,
2719 1669 2824 1721 etc.

1943 1740 2030 1795 Ad
2057 1748 2463 1816 argumentum
2489 1751 2708 1803 constat
2727 1763 2798 1804 ex
2822 1764 2994 1821 supra
3016 1749 3182 1807 dictis
3204 1773 3218 1818 ;
3243 1756 3434 1801 nimum

1869 1835 2010 1913 nam
2034 1820 2166 1878 licet
2186 1822 2353 1890 illud,
2368 1822 2518 1896 quod
2542 1826 2750 1899 tegitur
2767 1835 3019 1901 respectu
3033 1830 3219 1905 cogni·
3237 1806 3434 1901 ὦὲἓῗξῶ,

1869 1907 2044 1959 tionis
2084 1902 2354 1967 humanae
2394 1907 2568 1977 possit
2597 1922 2733 1964 vere
2774 1923 3131 1980 permanere,
3161 1912 3222 1968 id

1870 1989 2062 2041 tamen
2083 1984 2231 2057 quod
2254 1989 2368 2043 Deo
2388 1989 2720 2056 occultatur,
2738 2006 2875 2048 vere
2892 2009 3007 2050 non
3032 2010 3224 2053 rema-

1871 2069 1996 2131 net;
2023 2080 2160 2122 nam
2188 2067 2370 2123 Deum
2392 2068 2543 2124 nihil
2568 2070 2722 2135 latet,
2746 2071 2844 2127 sed
2871 2075 3067 2130 omnia
3095 2092 3227 2148 pec-

1871 2149 1994 2200 cata
2011 2150 2222 2213 nostra,
2246 2146 2295 2202 si
2318 2163 2454 2204 vere
2471 2155 2626 2214 sunt,
2646 2148 2820 2215 videt,
2834 2155 2892 2206 et
2910 2152 3226 2211 clarissime

1872 2224 2149 2294 intuetur,
2176 2226 2340 2300 Juxta
2362 2227 2506 2283 illud
2532 2229 2679 2285 Psal.
2706 2232 2779 2285 89
2806 2251 2819 2285 ι
2850 2229 3092 2289 Posuisti
3110 2236 3227 2290 ini·
3265 2233 3419 2277 psalm.

1872 2307 2107 2382 quitates
2133 2315 2347 2364 nostras
2373 2309 2433 2363 in
2460 2318 2743 2381 conspectu
2768 2317 2883 2367 tuo.
2914 2312 3077 2371 Unde
3106 2331 3229 2371 res-

1876 2389 2036 2457 pectu
2063 2387 2159 2442 Dei
2188 2387 2340 2444 idem
2369 2392 2452 2444 est
2473 2395 2761 2461 peccatum
2790 2392 3026 2463 operiri,
3057 2400 3113 2451 et
3127 2394 3230 2452 de·-

1876 2466 2006 2532 leri,
2034 2473 2097 2522 ut
2122 2468 2260 2524 satis
2284 2464 2558 2525 evincunt
2586 2470 2708 2543 ipsa
2735 2472 3081 2542 testimonia,
3107 2492 3232 2549 quae

1877 2545 2042 2604 nobis
2061 2547 2412 2621 objiciuntur
2431 2573 2445 2614 ;
2468 2549 2752 2621 siquidem
2776 2559 2974 2610 mutuo
2988 2571 3234 2614 conver-

1877 2633 2078 2685 tuntur
2112 2630 2175 2686 in
2204 2631 2327 2687 illis
2353 2631 2506 2700 locis,
2539 2639 2761 2705 peccata
2792 2651 2825 2690 a
2852 2637 2964 2693 Deo
2991 2637 3226 2706 remitti,

1876 2714 1933 2766 et
1978 2715 2198 2782 peccata
2245 2713 2360 2768 Deo
2405 2712 2538 2785 tegi,
2562 2714 2661 2770 .vel
2708 2716 2943 2788 operiri.
2990 2719 3057 2772 Et
3104 2717 3233 2775 ideo

1881 2791 2061 2849 David
2089 2792 2153 2847 in
2183 2792 2364 2865 priori
2393 2794 2515 2852 loco
2543 2801 2665 2866 post
2707 2796 2884 2854 verba
2913 2799 3090 2856 relata
3115 2804 3233 2857 sta·
3275 2823 3429 2866 David.

1879 2873 1985 2930 tim
2014 2871 2256 2947 adjecit:
2296 2872 2507 2932 Beatus
2532 2879 2639 2944 vir,
2683 2880 2775 2934 cui
2802 2897 2910 2935 non
2936 2882 3234 2953 imputavit

1883 2953 2151 3010 Dominus
2176 2963 2473 3028 peccatum,
2494 2974 2588 3013 nec
2606 2965 2682 3013 est
2706 2961 2763 3013 in
2783 2960 2987 3032 spiritu
3000 2963 3116 3032 ejus
3133 2963 3236 3017 do-

1881 3037 1967 3092 lus
1986 3055 2005 3090 .·
2032 3040 2093 3092 ut
2117 3035 2483 3111 significaret,
2510 3039 2572 3094 in
2599 3055 2666 3096 co
2692 3041 2851 3115 cujus
2873 3041 3083 3115 tegitur
3106 3060 3238 3116 pec-

1880 3120 2089 3182 catum,
2120 3122 2176 3174 et
2202 3116 2293 3173 cui
2317 3133 2435 3174 non
2461 3117 2783 3190 imputatur
2804 3126 3238 3193 peccatum,non
3277 3150 3280 3154 v

1882 3195 2076 3255 adesse
2104 3202 2412 3269 peccatum,
2442 3214 2541 3256 seu
2582 3198 2802 3268 dolum,
2843 3202 2942 3259 sed
2970 3219 3104 3260 vere
3133 3220 3241 3262 au-

1883 3277 2045 3334 ferri.
2090 3278 2370 3335 Dicuntur
2411 3289 2604 3336 tamen
2646 3288 2866 3352 peccata
2906 3284 3018 3356 tegi
3051 3305 3064 3339 ε
3105 3287 3240 3357 quia

1882 3362 2030 3415 Deus
2075 3364 2242 3416 sanat
2269 3359 2339 3416 ab
2380 3359 2501 3415 illis
2529 3376 2630 3433 per
2668 3367 3084 3436 tegumentum,
3116 3368 3241 3425 sive

1883 3438 2261 3511 emplastrum
2288 3439 2488 3512 gratiae
2505 3442 2987 3512 supervenientis,
3016 3450 3077 3499 ut
3094 3445 3231 3518 disp.

1882 3535 1991 3594 seq.
2020 3517 2151 3573 dub.
2188 3520 2234 3582 1,
2260 3518 2607 3575 videbimuS.
2629 3522 2703 3575 At
2723 3519 2828 3575 sub
2858 3522 2961 3580 illo
2986 3524 3241 3596 emplas-

1884 3604 1975 3655 tro
1996 3612 2113 3654 uon
2137 3598 2275 3655 latet
2294 3603 2606 3670 peccatum,
2631 3598 2729 3656 sed
2749 3605 3006 3669 sanatur,
3030 3610 3087 3661 et
3107 3619 3242 3662 vere

1884 3679 2163 3736 aufertur.
2186 3681 2319 3753 ‚Quo
2346 3679 2596 3750 respexit
2623 3683 2858 3755 August.
2891 3684 2952 3737 in
2990 3693 3238 3744 enarrat.
3256 3687 3431 3742 Ausus!-

1884 3764 1921 3818 2
1939 3763 2015 3817 ad
2041 3761 2203 3817 illum
2221 3761 2363 3834 psal.
2396 3761 2487 3817 his
2514 3761 2709 3818 verbis
2742 3784 2756 3820 ε
2787 3763 2934 3822 Deus
2955 3782 3079 3836 erqo
3100 3774 3243 3839 ἱεραί.

1888 3847 2134 3908 vulnera,
2179 3861 2288 3899 non
2315 3850 2395 3900 tu.
2439 3842 2594 3900 Nam
2618 3848 2668 3900 si
2694 3852 2754 3901 tu
2801 3853 2969 3917 teyere
3007 3851 3246 3907 volueris

1883 3926 2210 3988 erubescens,
2260 3925 2502 3981 medicus
2545 3942 2656 3983 non
2702 3928 2939 3985 curabit.
2995 3929 3244 3988 Medicus
3342 3944 3353 3951 ’

1884 4009 2031 4062 enim
2050 4011 2212 4075 teqat,
2225 4011 2274 4059 et
2295 4013 2473 4072 curet,·
2491 4006 2786 4078 emplastro
2798 4010 2945 4064 enim
2966 4014 3114 4081 teqit.
3127 4010 3246 4069 Sub

1887 4088 2115 4157 teymine
2139 4084 2336 4141 medici
2360 4091 2597 4141 sanatur
2623 4087 2828 4143 vulnus
2847 4105 2866 4143 .·
2890 4089 2988 4145 sub
3014 4093 3244 4160 tefflnine

1887 4165 2166 4228 uulnerati
2185 4167 2398 4223 celatur
2417 4167 2634 4224 vulnus.
2663 4167 2774 4227 Cui
2792 4170 2935 4226 celas
2953 4173 2985 4227 P
3009 4173 3122 4245 Qui
3142 4190 3248 4229 no·-

1889 4250 1968 4303 vit
1987 4250 2195 4304 omnia.
2221 4245 2582 4320 Impossibile
2600 4252 2759 4305 enim
2784 4252 2992 4309 merito
3022 4259 3245 4326 reputat

1887 4327 2256 4401 Augustinus,
2286 4333 2506 4400 peccata
2531 4342 2673 4394 esse,
2704 4335 2759 4386 et
2779 4332 2893 4389 Deo
2919 4333 3090 4388 celari
3118 4355 3132 4390 ε
3157 4335 3243 4392 si-

1888 4416 1981 4467 cut
2000 4410 2405 4477 necessarium,
2434 4425 2568 4466 vere
2594 4409 2832 4478 destrui,
2858 4414 2906 4469 si
2932 4417 3110 4471 Deum
3154 4417 3242 4474 la-

1890 4494 2028 4547 tent.
2073 4488 2350 4546 Videatur
2374 4490 2549 4546 etiam
2578 4493 2644 4546 D.
2674 4487 2960 4566 Chry'sost.
2993 4495 3051 4549 in
3092 4514 3463 4576 com-1),cm55‚

1887 4577 2050 4628 ment.
2082 4572 2157 4626 ad
2181 4588 2304 4644 cap.
2342 4573 2360 4626 1
2393 4571 2468 4626 ad
2495 4570 2695 4644 Ephe-s,
2729 4572 2825 4628 uhi
2855 4579 3103 4632 tractans
3138 4578 3242 4637 illa

1889 4651 2145 4724 Apostoli
2175 4650 2391 4706 verba:
2439 4671 2465 4703 α
2492 4652 2636 4708 Deus
2664 4667 2767 4708 nos
2809 4660 3078 4726 acceptos.
3122 4658 3244 4716 sive

1897 4746 1922 4776 α
1962 4724 2243 4798 gratiosos
2271 4723 2469 4780 habuit
2496 4723 2559 4779 in
2580 4724 2785 4783 dilecto
2823 4728 2971 4790 Filio
2994 4746 3119 4798 suo,
3149 4734 3245 4787 in-

1897 4825 1923 4856 «
1963 4805 2081 4881 quit
2102 4821 2121 4856 .·
2146 4802 2436 4859 Gratiosos
2457 4818 2560 4859 nos
2587 4802 2852 4871 reddidit,
2881 4806 2985 4864 hoc
3002 4814 3104 4874 est,
3126 4826 3245 4868 non

1897 4906 1923 4939 α
1964 4884 2152 4942 solum
2181 4883 2420 4956 peccatis
2465 4882 2749 4952 liberavit,
2780 4885 2878 4946 sed
2917 4893 2974 4945 et
3011 4887 3248 4949 dilectos

1897 4988 1925 5021 α
1966 4966 2180 5024 amicos
2217 4964 2421 5023 effecit.
2462 4964 2956 5030 Quemadmodum
2996 4971 3153 5027 enim
3194 4973 3244 5033 si
