3647 5753
512 427 626 482 380

507 593 1041 660 contradictionem,
1070 591 1220 664 quod
1249 596 1502 664 peccator
1522 590 1725 648 habeat
1744 607 1881 666 gra-

515 675 676 733 tiam.
713 674 951 745 Sequela
975 670 1331 738 ostenditur;
1379 687 1517 728 nam
1558 671 1623 726 in
1676 671 1881 745 primis

515 765 770 834 peccator
795 763 942 816 esset
992 772 1302 814 conversus
1347 756 1421 813 ad
1473 756 1690 815 bonum
1745 768 1881 830 pro-

517 839 731 912 prium,
749 839 850 895 vel
877 835 946 893 ad
967 843 1310 904 creaturam,
1339 839 1612 909 tanquam
1640 835 1712 892 ad
1737 836 1882 892 ulti-

515 934 680 974 mum
730 917 928 980 finem,
986 921 1049 970 ut
1098 914 1462 987 supponitur.
1498 913 1717 971 Deinde
1761 930 1881 971 non

515 1005 663 1057 esset
681 1000 788 1055 hoc
809 1003 968 1071 pacto
1018 1012 1363 1063 conversus;
1411 995 1550 1068 quia
1593 1001 1875 1065 creatura,

515 1082 609 1139 vel
621 1079 835 1137 bonurn
855 1077 1154 1152 proprium
1175 1091 1296 1133 non
1305 1082 1572 1133 exercent
1596 1076 1878 1134 rationem

518 1162 710 1219 ultimi
738 1160 874 1217 finis
898 1163 1151 1231 respectu
1183 1159 1508 1230 peccatoris,
1541 1158 1656 1215 nisi
1686 1165 1882 1232 quate-

513 1258 627 1299 nus
653 1241 866 1299 habent
879 1239 989 1296 sibi
1007 1238 1333 1312 adjunctam
1356 1237 1881 1296 irreseribilitatem

513 1323 579 1380 in
606 1322 954 1388 Deum‚·sive
979 1318 1315 1386 carentiam,
1347 1324 1446 1374 aut
1493 1319 1881 1391 privationem

513 1402 883 1476 subjectionis
928 1400 998 1457 ad
1046 1401 1246 1465 Deum,
1302 1415 1426 1472 quae
1477 1399 1722 1456 habetur
1779 1414 1881 1473 per

512 1483 760 1558 gratiam
780 1507 795 1550 ;
827 1482 994 1539 aliter
1014 1481 1174 1537 enim
1198 1480 1426 1537 nullam
1452 1479 1881 1537 deformitatem

513 1564 846 1636 important,
872 1560 971 1618 sed
1021 1560 1254 1633 optime,
1286 1566 1342 1617 et
1391 1558 1605 1633 absque
1655 1565 1882 1632 peccato

513 1645 833 1701 terminant
886 1642 1148 1699 affectum
1178 1641 1527 1707 voluntatis;
1559 1657 1663 1698 nec
1711 1657 1881 1698 cons-

514 1724 733 1781 tituunt
753 1723 1133 1781 determinate
1151 1720 1330 1778 finem
1360 1722 1666 1795 proprium
1693 1737 1884 1795 pecca-

513 1804 676 1866 toris.
703 1802 801 1861 sed
830 1810 946 1859 tam
968 1802 1119 1868 huic,
1145 1816 1319 1874 quam
1345 1801 1499 1875 justo
1543 1796 1882 1873 correspon-

512 1882 669 1951 dent,
702 1889 764 1939 ut
783 1883 1167 1956 explicuimus
1181 1888 1344 1937 tract.
1374 1881 1438 1935 de
1462 1881 1563 1937 ult.
1586 1883 1708 1953 fin„
1733 1881 1876 1953 disp.

512 1967 570 2033 4,
597 1965 724 2022 dub.
755 1970 812 2027 3.
844 1968 875 2035 ξ
901 1965 955 2020 5.
988 1963 1158 2036 Atqui
1188 1960 1362 2019 homo
1388 1960 1606 2018 habens
1632 1961 1882 2035 gratiam

514 2062 637 2103 non
665 2045 835 2103 habet
886 2044 1272 2119 privationem
1322 2043 1538 2117 gratim,
1588 2044 1680 2099 vel
1722 2042 1884 2098 illius

512 2125 883 2200 subjectionis
898 2125 969 2182 ad
988 2128 1189 2190 Deum,
1215 2139 1389 2196 quam
1410 2124 1599 2197 gratia
1618 2138 1884 2180 commu-

515 2206 673 2262 nicat
716 2223 893 2281 :ergo
945 2205 995 2261 si
1037 2209 1293 2278 peccator
1334 2202 1571 2260 haberet
1608 2203 1877 2278 gratiam,

518 2302 640 2344 non
662 2294 809 2345 esset
828 2301 1135 2343 conversus
1163 2283 1235 2341 ad
1269 2289 1613 2350 creaturam,
1663 2284 1758 2340 vel
1797 2281 1884 2339 ad

517 2367 735 2425 bonum
784 2366 1081 2440 proprium
1110 2409 1123 2433 ,
1165 2371 1439 2437 tanquam
1486 2363 1557 2419 ad
1610 2363 1883 2419 ultimum

518 2448 716 2507 finem.

334 2542 477 2590 suarii
604 2535 725 2587 117.
770 2533 904 2594 Quae
926 2529 1072 2585 ratio
1097 2544 1228 2584 cum
1255 2526 1376 2582 suis
1420 2525 1884 2583 confirmationi·—

303 2605 481 2689 'ffiffif‘
521 2615 628 2671 bus
648 2618 733 2669 est
759 2610 898 2668 adeo
912 2611 1127 2676 efficax,
1154 2613 1214 2664 ut
1236 2600 1401 2664 facile
1426 2613 1750 2680 prosternat
1763 2609 1888 2679 plu·

523 2710 615 2751 res
637 2691 1056 2764 responsiones,
1091 2704 1232 2760 quas
1253 2687 1345 2742 illi
1371 2686 1647 2743 adhibent
1660 2686 1888 2743 Adver-
1920 2744 1925 2753 ,

518 2774 682 2831 sarii.
715 2776 861 2828 Nam
908 2773 1087 2843 primo
1120 2768 1357 2824 Suarius
1383 2766 1475 2823 lib.
1523 2770 1541 2823 l
1573 2767 1639 2822 de
1673 2769 1881 2836 qratia,

518 2874 643 2930 cap.
669 2856 759 2920 33,
790 2860 840 2908 et
867 2854 958 2908 lib.
990 2855 1046 2917 7,
1091 2868 1213 2923 cap.
1245 2850 1329 2914 18,
1374 2866 1498 2907 cum
1525 2848 1882 2922 sequentibuS,

520 2934 846 3008 respondet,
897 2929 1045 3005 quod
1088 2931 1218 2986 licet
1264 2935 1539 3004 repugnet
1584 2929 1885 2986 hominem

520 3015 729 3075 actuali
744 3011 1115 3070 conversione
1132 3010 1308 3065 simul
1321 3009 1579 3066 converti
1593 3007 1664 3065 ad
1680 3011 1884 3077 Deum,

519 3102 580 3155 et
629 3099 972 3160 creaturam,
1023 3096 1295 3161 tanquam
1345 3089 1416 3146 ad
1461 3088 1605 3145 duos
1653 3089 1891 3145 ultimos

522 3175 967 3238 fines;minime
1002 3176 1196 3227 tamen
1225 3175 1523 3245 repugnat,
1553 3169 1702 3242 quod
1730 3169 1892 3225 habi-

525 3258 762 3316 tualiter
823 3256 906 3316 sic
961 3257 1347 3318 convertatur,
1399 3252 1492 3309 vel
1531 3250 1681 3323 quod
1721 3251 1893 3307 habi-

527 3340 765 3398 tualiter
815 3339 1180 3393 convertatur
1222 3332 1293 3389 ad
1339 3347 1524 3388 unum
1578 3331 1788 3398 finem,
1837 3337 1895 3388 et

529 3421 829 3481 actualiter
875 3416 946 3474 ad
985 3416 1166 3472 alium
1189 3438 1208 3482 ;ν
1249 3429 1318 3471 eo
1362 3413 1513 3486 quod
1556 3414 1709 3470 inter
1752 3413 1896 3470 duos

530 3502 778 3567 habitus,
805 3499 898 3555 vel
928 3498 1081 3553 inter
1108 3494 1389 3559 habitum,
1439 3500 1497 3551 et
1524 3500 1712 3551 actum
1753 3509 1897 3550 con-

528 3582 864 3643 versionum
883 3576 954 3634 ad
980 3577 1120 3632 duos
1147 3573 1293 3631 fines
1314 3574 1549 3632 ultimos
1576 3576 1761 3631 multo
1788 3575 1897 3630 mi-

531 3680 643 3721 nor
669 3658 949 3734 oppositio
972 3654 1308 3728 reperiatur,
1333 3669 1397 3711 ac
1424 3654 1577 3711 inter
1601 3654 1743 3711 duas
1767 3669 1899 3711 con-

491 3810 494 3813 ,
531 3743 827 3802 versiones
842 3738 1105 3795 actuales.
1122 3733 1287 3791 Unde
1313 3739 1541 3790 tantum
1557 3735 1807 3792 infertur
1826 3750 1900 3791 ex

533 3830 730 3881 nostra
766 3820 1005 3884 ratione,
1060 3814 1209 3888 quod
1260 3814 1434 3871 homo
1484 3821 1727 3887 nequeat
1771 3820 1898 3871 actu

538 3917 786 3978 peccare,
818 3903 874 3955 et
894 3897 1070 3954 simul
1096 3900 1220 3951 actu
1243 3893 1485 3968 diligere
1518 3897 1698 3952 Deum
1727 3911 1901 3969 super

536 3982 736 4042 omnia
760 4004 775 4047 ;
800 3978 1047 4034 minime
1068 3990 1222 4039 vero,
1247 3972 1396 4045 quod
1423 3980 1664 4045 nequeat
1688 3974 1902 4031 habere

541 4068 832 4140 peccatum
846 4057 1154 4120 habituale,
1177 4061 1233 4112 et
1247 4054 1495 4128 gratiam
1520 4055 1875 4114 habitualem
1882 4080 1898 4124 3

539 4146 634 4203 vel
663 4145 949 4215 peccatum
979 4135 1271 4193 habituale
1290 4176 1304 4199 ,
1333 4139 1390 4191 et
1418 4139 1605 4191 actum
1645 4137 1902 4194 charita-

542 4227 655 4292 tis;
680 4222 772 4279 vel
800 4219 1047 4295 gratiam
1070 4214 1442 4281 habitualem,
1468 4220 1526 4271 et
1552 4221 1741 4273 actum
1771 4233 1903 4289 pec-

543 4305 673 4363 cati.

351 4418 516 4512 w
546 4375 1097 4521 difffessffisiz'ffz‘:
1110 4373 1644 4512 ἰῗιξῖἒῗέξῖῗέὲἑ
1671 4376 1903 4513 mr

454 4501 465 4512 .
998 4499 1011 4523 ,
1883 4496 1896 4509 .

545 4543 822 4620 quoniam
849 4540 899 4595 si
924 4537 1038 4594 duo
1064 4534 1258 4591 ultimi
1290 4532 1434 4590 fines
1459 4535 1904 4593 dominarentur

546 4621 922 4684 habitualiter
948 4614 1253 4681 voluntati,
1283 4613 1524 4686 quilibet
1552 4631 1757 4673 eorum
1799 4633 1904 4676 vo-

546 4709 829 4763 luntatem
876 4698 988 4756 sibi
1018 4697 1262 4770 perfecte
1299 4695 1622 4771 subjiceret,
1678 4703 1735 4755 et
1785 4715 1903 4757 non

542 4788 849 4863 subjiceret
872 4780 983 4837 sibi
1011 4803 1025 4846 ;
1056 4784 1110 4836 et
1129 4776 1375 4851 quilibet
1399 4794 1602 4835 eorum
1642 4785 1789 4837 esset
1810 4783 1906 4837 ul-

543 4871 741 4933 timus,
780 4869 837 4922 et
885 4876 1001 4918 non
1046 4863 1193 4917 esset
1245 4858 1485 4914 ultimus
1529 4873 1545 4912 ε
1600 4875 1725 4931 quae
1768 4869 1905 4919 sunt

543 4953 740 5024 aperte
767 4939 1238 5014 contradictoria2
1260 4938 1498 5010 Sequela
1545 4940 1901 5012 ostenditur;

539 5048 683 5094 nam
709 5030 770 5087 in
794 5023 1001 5103 primis
1026 5038 1138 5097 qua
1167 5023 1329 5094 parte
1372 5020 1641 5079 voluntas
1664 5022 1906 5099 subjici-

1467 420 1560 475 DE
1597 420 2182 477 JUSTIFICATIONE
2221 422 2424 479 1MP11.

2012 596 2108 649 tur
2128 594 2506 652 habitualiter
2532 592 2706 651 alicui
2751 594 2959 651 ultimo
3003 593 3140 660 fini,
3172 593 3365 650 omnia

2013 689 2141 746 quae
2163 681 2302 731 sunt
2327 676 2392 732 in
2418 677 2735 744 voluntate,
2760 676 2948 734 eidem
2977 675 3079 732 fini
3103 675 3368 732 habitua-

2013 755 2148 813 liter
2175 755 2563 831 subjiciuntur
2589 779 2602 814 ε
2628 765 2797 831 atque
2812 759 2940 816 ideo
2965 759 3014 813 si
3042 756 3210 814 habet
3228 755 3370 813 duas

2011 837 2416 893 conversiones
2443 837 2785 908 habitualeS,
2816 856 2915 897 seu
2944 838 3086 896 duos
3117 836 3363 904 habitus,

2012 917 2294 988 autquasi
2324 917 2553 975 habitus
2590 919 2672 976 sic
2694 925 3111 985 convertentes,
3146 931 3369 974 necesse

2011 1002 2098 1054 est
2121 997 2225 1054 has
2250 1000 2671 1067 conversiones,
2696 1016 2794 1058 seu
2817 999 3046 1056 habitus
3064 999 3370 1071 unicuique

2003 1079 2221 1154 ⁴ultimo
2249 1079 2354 1137 fini
2381 1080 2602 1156 subjici.
2636 1082 2888 1139 Aliunde
2914 1097 3053 1139 vero
3072 1079 3371 1138 conversio

2014 1160 2330 1217 habitualis
2361 1161 2432 1218 ad
2477 1178 2663 1219 unum
2698 1162 2875 1221 finem
2929 1179 3047 1221 non
3070 1160 3372 1236 subjicitur

2015 1240 2185 1297 alteri
2216 1240 2321 1297 fini
2352 1242 2573 1309 ultim0‚
2601 1259 2731 1300 cum
2777 1244 2873 1300 isti
2903 1242 3048 1301 fines
3071 1243 3192 1299 sint
3220 1243 3375 1298 inter

2012 1335 2074 1376 se
2113 1322 2376 1394 oppositi,
2407 1327 2465 1379 et
2515 1338 2634 1380 non
2678 1323 3080 1391 subordinati3
3133 1328 3192 1380 et
3234 1336 3376 1380 con-

2013 1401 2207 1458 versio
2231 1400 2544 1460 habitualis
2586 1403 2658 1460 ad
2685 1406 2884 1472 Deum,
2916 1422 2971 1461 v.
2997 1420 3054 1478 g.
3098 1403 3374 1459 ultimum

2006 1479 2213 1547 finem,
2242 1497 2362 1540 non
2408 1483 2484 1539 sit
2509 1483 2614 1542 illo
2642 1484 2811 1542 modo
2836 1485 3137 1543 conversio
3166 1484 3237 1541 ad
3265 1482 3370 1540 bo-

2016 1577 2161 1618 num
2186 1563 2614 1631 commutabile,
2642 1570 2705 1622 ut
2728 1581 2801 1623 ex
2824 1581 2886 1623 se
2929 1570 3193 1623 constare
3219 1562 3377 1621 vide·

2012 1648 2133 1698 tur.
2160 1643 2309 1716 Ergo
2349 1643 2398 1698 si
2425 1645 2693 1702 voluntas
2717 1651 2864 1703 esset
2906 1661 3185 1704 conversa
3218 1643 3378 1700 habi-

2014 1724 2251 1780 tualiter
2302 1724 2374 1781 ad
2425 1724 2569 1783 duos
2612 1729 2851 1786 ultimos
2894 1727 3038 1785 fines
3064 1769 3076 1794 ‚
3133 1726 3381 1798 quilibet

2014 1819 2218 1860 eorum
2242 1806 2600 1863 voluntatem
2628 1807 2741 1865 sibi
2764 1808 3008 1881 perfecte
3044 1806 3375 1880 subiiceret,

2013 1888 2071 1939 et
2098 1899 2216 1940 non
2237 1884 2541 1959 subjiceret
2564 1887 2678 1944 sibi
2720 1888 2965 1961 perfecte
2991 1890 3374 1945 voluntatem.

2016 1964 2233 2022 Deinde
2251 1965 2300 2020 si
2321 1966 2591 2024 voluntas
2604 1973 2690 2025 est
2709 1968 3081 2025 habitualiter
3102 1980 3384 2024 conversa

2017 2045 2088 2102 ad
2111 2044 2290 2103 finem
2318 2049 2615 2115 ultimum,
2639 2065 2697 2106 v.
2727 2066 2782 2124 g.
2816 2053 2883 2117 Α,
2914 2055 2973 2107 et
2998 2050 3068 2106 ad
3096 2049 3375 2105 ultimum

2015 2124 2197 2182 finem
2222 2128 2286 2192 B,
2318 2128 2672 2200 inquirimus
2694 2144 2769 2185 an
2795 2129 2930 2186 finis
2954 2133 3002 2183 A
3038 2128 3385 2202 subjiciatur

2018 2205 2392 2263 habitualiter
2418 2207 2524 2265 fini
2547 2212 2609 2277 B,
2642 2213 2734 2268 vel
2762 2226 2881 2268 non
2901 2210 3238 2285 subjiciatur
3266 2207 3384 2280 ipsi

2017 2285 2390 2345 habitualiter
2408 2292 2437 2345 ⁴?
2457 2291 2515 2346 Si
2531 2291 2833 2365 subjicitur
2862 2313 2875 2348 :
2921 2306 3056 2365 ergo
3078 2294 3123 2345 A
3151 2305 3270 2346 non
3292 2293 3387 2344 est

2018 2367 2261 2423 ultimus
2312 2367 2448 2425 finis
2489 2370 2801 2429 habitualis
2843 2371 3158 2430 voluntatis
3173 2393 3188 2437 ς
3244 2367 3425 2447 huic·

2019 2447 2179 2504 enim
2222 2456 2503 2523 repugnat
2527 2452 2729 2527 subjici
2767 2452 3138 2510 habitualiter
3183 2449 3376 2506 alteri.

2018 2528 2078 2583 Si
2108 2544 2225 2585 non
2251 2529 2551 2603 subjicitur
2579 2534 2950 2593 habitualiter
2979 2555 2993 2591 ε
3035 2548 3171 2607 ergo
3190 2532 3234 2585 B
3257 2544 3382 2587 non

2017 2615 2105 2667 est
2131 2611 2371 2667 ultimus
2409 2612 2546 2670 finis
2574 2615 2916 2684 habitualis;
2942 2618 3034 2673 hic
3081 2615 3241 2672 enim
3282 2627 3384 2670 ex·

2021 2690 2198 2761 poscit
2244 2690 2523 2764 subjicere
2564 2694 2678 2751 sibi
2730 2696 3100 2753 habitualiter
3146 2693 3378 2760 omnia,

2019 2785 2145 2841 quae
2170 2772 2438 2828 voluntas
2465 2773 2835 2832 habitualiter
2857 2777 3087 2849 appetit.
3408 2816 3411 2817 ν

2091 2849 2254 2907 Adde
2276 2851 2484 2924 primo,
2510 2852 2658 2926 quod
2685 2857 2829 2913 sicut
2854 2854 3152 2913 conversio
3179 2857 3384 2911 actua·
3402 2852 3574 2945 fflnssffi'f

2023 2931 2097 2988 lis
2123 2931 2194 2988 ad
2239 2931 2419 2989 finem
2446 2934 2719 2992 ultimum
2747 2938 2913 2995 affert
2957 2953 3151 2995 secum
3202 2935 3388 2992 indis-
3472 2955 3543 2992 tas.

2024 3008 2399 3082 pensabiliter
2417 3016 2781 3072 aversionem
2804 3016 2874 3074 ab
2905 3018 3020 3075 alio
3041 3018 3248 3073 ultimo
3268 3014 3392 3072 fine

2024 3090 2119 3146 illi
2146 3092 2425 3163 opposito,
2472 3110 2607 3171 quae·
2650 3098 2875 3154 aversio
2915 3095 3394 3173 inconjungibilis

2024 3174 2109 3226 est
2136 3186 2266 3227 cum
2291 3175 2670 3233 conversione
2715 3176 2784 3234 ad
2827 3179 3014 3251 ipsum
3035 3203 3050 3246 ;
3081 3184 3139 3235 et
3178 3175 3393 3233 idcirco

2029 3258 2309 3324 repugnat
2337 3253 2550 3328 duplex
2567 3259 2865 3316 conversio
2892 3261 3131 3317 actualis
3156 3257 3226 3316 ad
3251 3257 3396 3315 duos

2029 3332 2263 3390 ultimos
2303 3333 2449 3392 fines
2479 3358 2493 3392 :
2523 3338 2605 3394 ita
2637 3340 2937 3397 conversio
2984 3339 3295 3397 habitualis
3321 3337 3393 3394 ad

2029 3413 2284 3486 aliquem
2310 3417 2589 3474 ultimum
2608 3418 2783 3477 finem
2806 3422 2973 3479 affert
2991 3438 3181 3479 secum
3210 3418 3391 3477 indis·

2032 3493 2410 3567 pensabiliter
2449 3501 2813 3557 aversionem
2873 3501 2944 3558 ab
3003 3503 3118 3559 alio
3184 3501 3394 3558 ultimo

2031 3572 2148 3665 fine
2171 3576 2264 3632 illi
2291 3577 2565 3651 opposito,
2590 3597 2715 3653 quae
2741 3583 2967 3640 aversio
2990 3582 3254 3655 componi
3286 3597 3394 3639 ne-

2030 3661 2155 3727 quit
2181 3672 2312 3713 cum
2338 3661 2715 3717 conversione
2737 3661 2808 3718 ad
2837 3662 3045 3735 ipsum,
3072 3668 3238 3735 atque
3264 3660 3394 3717 ideo

2035 3738 2381 3811 repugnabit
2405 3738 2616 3815 duplex
2658 3744 2959 3800 conversio
2991 3742 3302 3801 habitualis
3318 3739 3394 3798 ad

2033 3816 2176 3874 duos
2201 3815 2346 3875 fines
2370 3821 2625 3880 ultimos.
2656 3823 2727 3876 Et
2765 3823 2915 3880 ratio
2961 3823 3262 3896 utrobique
3308 3826 3394 3878 est

2034 3895 2234 3954 eadem
2279 3921 2292 3952 ε
2342 3901 2616 3972 quoniam
2660 3907 2942 3975 quantum
2987 3904 3116 3976 quis
3172 3900 3390 3959 accedit

2035 3977 2107 4034 ad
2136 3993 2318 4034 unum
2348 3982 2683 4046 terminum,
2716 3987 2950 4039 tantum
2969 3982 3182 4042 recedit
3209 3998 3242 4040 a
3268 3986 3392 4038 ter-

2035 4061 2199 4117 mino
2222 4060 2312 4116 illi
2339 4064 2598 4135 opposito
2612 4087 2627 4131 ;
2656 4069 2712 4120 et
2730 4063 2857 4122 ideo
2872 4066 3065 4122 ultimi
3086 4064 3230 4122 fines
3251 4062 3397 4121 adae·

2034 4140 2193 4213 quati
2234 4147 2375 4204 ,sunt
2425 4144 2665 4200 termini
2711 4149 2970 4203 extreme
3014 4145 3309 4211 distantes,
3340 4149 3396 4201 et

2038 4224 2359 4295 praesertim
2382 4223 2446 4280 in
2492 4225 2755 4291 materia,
2801 4225 2873 4284 de
2919 4244 3031 4301 qua
3077 4227 3393 4301 loquimur.

2037 4302 2185 4368 Quid
2213 4303 2372 4359 enim
2398 4306 2580 4379 magis
2607 4304 2825 4362 distans
2854 4323 2886 4364 a
2918 4309 3028 4365 Deo
3054 4323 3226 4381 super
3265 4322 3397 4363 om-

1992 4384 2137 4441 ⁵nia
2182 4382 2407 4451 dilecto,
2440 4400 2611 4456 quam
2659 4385 2875 4445 bonum
2929 4390 3251 4462 proprium,
3303 4388 3396 4447 vel

2037 4466 2255 4523 bonum
2307 4466 2705 4525 inordinatum
2751 4476 3007 4528 amatum
3053 4470 3225 4545 super
3268 4485 3397 4526 om-

2038 4548 2189 4604 nia?

2111 4628 2271 4685 Adde
2312 4631 2592 4701 secundo,
2656 4633 2874 4691 bonum
2928 4634 3250 4708 proprium,
3303 4632 3396 4690 vel

2037 4708 2524 4782 quodlibetaliud,
2547 4730 2663 4771 non
2691 4730 2853 4788 posse
2881 4714 3091 4772 habere
3113 4715 3397 4771 rationem

2037 4787 2173 4844 finis
2200 4789 2396 4846 ultimi
2425 4792 2740 4851 habitualis
2770 4800 3025 4868 respectu
3067 4793 3395 4867 peccatoris,

2038 4869 2155 4925 nisi
2179 4868 2393 4927 habeat.
2411 4872 2524 4930 sibi
2553 4874 2879 4949 adjunctam
2908 4874 3297 4948 privationem
3312 4888 3399 4931 or-

2036 4948 2213 5017 dinis,
2234 4955 2291 5007 et
2311 4950 2800 5012 subordinationis
2811 4953 3122 5011 habitualis
3135 4953 3208 5010 ad
3218 4955 3397 5011 Deum

2039 5034 2314 5104 tanquam
2368 5031 2439 5090 ad
2469 5033 2742 5092 ultimum
2767 5034 2979 5104 finem3
3022 5034 3191 5092 aliter
3235 5034 3394 5091 enim

3275 5127 3392 5173 non
