3647 5753
493 447 605 504 226
1522 441 1615 495 DE
1654 439 1925 495 GRATIA
1964 438 2307 495 EFFICACI.

491 629 638 681 esset
663 624 727 679 in
755 639 871 681 uno
898 623 1137 680 homine
1164 638 1489 687 consensus,
1515 621 1654 678 etin
1675 621 1859 678 altero

491 703 801 771 dissensus,
834 703 1070 760 daretur
1113 703 1500 769 uniformitas,
1533 707 1588 760 et
1615 700 1858 774 aequali-

493 788 670 840 tasex
711 790 872 858 parte
897 784 1127 858 gratiae,
1177 799 1309 840 cum
1348 782 1756 848 difformitate,
1800 787 1860 838 et

490 865 879 937 inaequalitate
922 879 993 920 ex
1041 868 1201 937 parte
1226 863 1526 921 effectuum
1558 862 1858 936 pertinen—

492 948 640 1003 tium
674 967 687 1003 ε
715 962 851 1021 ergo
891 947 1009 1002 haec
1047 945 1408 1018 inaequalitas
1434 960 1552 1002 non
1583 949 1768 1017 posset
1792 944 1857 1000 in

489 1029 735 1105 gratiam
758 1035 1030 1101 tanquam
1054 1029 1117 1085 in
1137 1044 1366 1085 causam
1390 1025 1613 1084 reduci:
1634 1042 1858 1083 revoca·

493 1114 653 1166 retur
674 1124 809 1183 ergo
836 1108 900 1164 in
929 1114 1221 1165 naturam.
1263 1111 1400 1173 Quae
1429 1106 1627 1164 omnia
1655 1106 1856 1178 praeci-

492 1205 602 1262 pue
640 1195 879 1263 urgent,
910 1189 960 1244 si
988 1194 1363 1262 supponatur,
1397 1192 1460 1243 ut
1486 1186 1612 1243 fieri
1654 1191 1852 1258 potest,

490 1269 641 1343 quod
662 1270 764 1326 illa
787 1270 1088 1343 inaequalis
1107 1268 1423 1342 dispositio,
1440 1272 1496 1325 et
1514 1266 1852 1340 complexio,

493 1350 564 1408 ad
589 1368 762 1425 quam
803 1358 1304 1409 commensuratur
1346 1349 1565 1409 vocatio
1589 1392 1602 1416 ,
1649 1354 1711 1405 ut
1756 1347 1858 1405 fiat

491 1432 705 1498 efficax,
736 1431 810 1486 sit
836 1446 996 1488 mere
1023 1432 1329 1500 naturalis,
1358 1438 1413 1488 et
1441 1430 1746 1504 proveniat
1784 1444 1857 1486 ex

493 1512 749 1571 hominis
775 1511 1081 1578 industria,
1106 1513 1206 1585 qui
1235 1513 1296 1568 in
1325 1512 1445 1580 hac,
1478 1516 1577 1567 aut
1596 1511 1701 1566 illa
1726 1526 1858 1567 ma-

491 1594 637 1652 teria
656 1609 716 1650 se
735 1592 985 1650 studiose
1015 1598 1256 1650 exercet.
1274 1595 1433 1650 Tunc
1453 1592 1612 1650 enim
1633 1607 1856 1649 accom-

492 1675 743 1734 modatio
766 1719 780 1743 ,
825 1680 881 1732 et
923 1675 1408 1733 commensuratio
1442 1673 1757 1732 vocationis
1784 1673 1855 1730 ad

492 1761 812 1828 hominem,
840 1760 900 1816 in
928 1776 1040 1832 qua
1060 1759 1302 1817 efficacia
1331 1759 1512 1832 ipsius
1539 1757 1856 1814 vocationis

491 1842 856 1900 constituitur
876 1884 889 1908 ,
935 1843 1254 1899 necessario
1283 1839 1603 1899 revocanda
1626 1846 1710 1897 est
1738 1856 1855 1898 non

492 1927 556 1982 in
602 1925 957 1983 vocationem
982 1969 996 1994 ,
1042 1929 1138 1983 aut
1189 1925 1435 1999 gratiam
1489 1930 1656 1996 prout
1685 1940 1719 1981 a
1740 1926 1857 1981 Deo

487 2008 795 2075 descendit,
823 2025 946 2081 quae
967 2009 1202 2081 aequalis
1227 2008 1605 2080 supponitur;
1648 2006 1747 2064 sed
1792 2008 1855 2062 in

486 2092 809 2148 naturalem
835 2090 1088 2146 hominis
1117 2090 1485 2156 industriam,
1529 2105 1654 2162 quae
1679 2105 1739 2145 se
1765 2094 1854 2144 at-

484 2173 827 2247 temperavit
860 2216 873 2240 ,
922 2177 980 2228 et
1024 2174 1521 2245 proportionatum
1569 2172 1699 2229 fecit
1723 2213 1736 2236 ,
1794 2177 1856 2226 ut

483 2256 672 2330 gratia
694 2256 754 2311 in
782 2271 849 2311 eo
873 2254 1200 2326 recipienda
1231 2255 1394 2312 fieret
1441 2255 1550 2327 ipsi
1578 2270 1849 2328 congrua,

487 2344 545 2396 et
588 2337 891 2395 efficaciam
943 2336 1078 2393 hinc
1123 2340 1449 2395 sortiretur.
1482 2339 1594 2393 Nec
1636 2335 1854 2409 aliquid

491 2417 584 2474 hic
597 2416 1002 2490 opponendum
1019 2419 1286 2484 occurrit,
1310 2416 1460 2490 quod
1485 2432 1586 2489 pro
1605 2432 1665 2472 se
1679 2417 1853 2473 etiam

491 2512 607 2554 non
637 2497 810 2568 possit
857 2497 1117 2569 arripere
1163 2499 1435 2569 vasquez,
1478 2494 1738 2568 quodque
1764 2496 1855 2551 fa-

487 2577 595 2633 cile
622 2592 739 2634 non
760 2582 988 2633 corruat
1007 2591 1077 2632 ex
1098 2575 1265 2632 dictis
1290 2577 1413 2633 loco
1438 2576 1629 2632 citato.

560 2669 649 2725 Ad
694 2671 829 2739 haec,
873 2669 1131 2742 sequitur
1156 2684 1227 2724 ex
1258 2666 1526 2740 praedicta
1564 2665 1853 2724 Adversa-

489 2750 712 2807 riorum
740 2750 1018 2817 doctrina,
1050 2749 1298 2824 gratiam
1325 2748 1604 2804 efficacem
1634 2764 1755 2805 esse
1781 2764 1854 2805 ex

485 2848 563 2900 se,
589 2839 645 2892 et
666 2831 735 2890 ab
760 2833 1076 2890 intrinseco
1098 2830 1394 2899 efficacem,
1425 2836 1480 2888 et
1503 2846 1619 2889 non
1641 2846 1761 2889 esse
1781 2846 1853 2889 ex

484 2931 563 2981 se,
595 2920 650 2971 et
677 2913 747 2971 ab
777 2913 1090 2971 intrinseco
1133 2912 1411 2970 efficacem
1444 2934 1458 2969 ε
1500 2927 1854 2985 consequens

483 3000 569 3053 est
596 2994 1048 3067 implicatorium
1082 3018 1095 3052 :
1136 3011 1271 3070 ergo
1301 2995 1565 3069 praedicta
1593 2996 1853 3055 doctrina

486 3076 713 3133 admitti
757 3093 874 3135 non
922 3076 1107 3135 debet.
1160 3078 1398 3150 Sequela
1419 3077 1601 3149 quoad
1631 3085 1849 3151 partem

485 3157 892 3218 affirmativam
932 3165 1191 3217 constat:
1218 3164 1342 3214 tum
1367 3160 1504 3232 quia
1544 3160 1621 3217 ita
1649 3159 1852 3219 docent

484 3239 839 3307 Adversarii,
868 3247 930 3296 ut
968 3257 1029 3297 se
1057 3239 1298 3314 probent
1351 3242 1518 3315 longe
1556 3241 1771 3299 distare
1817 3258 1852 3298 a

483 3319 716 3376 Molinae
730 3319 1026 3394 discipulis
1046 3343 1057 3376 :
1080 3326 1203 3376 tum
1225 3321 1359 3393 quia
1381 3321 1428 3377 si
1450 3322 1635 3396 gratia
1655 3322 1851 3379 efficax

485 3416 603 3457 non
651 3401 885 3459 haberet
934 3419 1005 3460 ex
1032 3419 1093 3460 se
1114 3446 1127 3470 ,
1152 3408 1208 3460 et
1230 3401 1301 3458 ab
1324 3403 1635 3461 intrinseco
1661 3404 1851 3462 effica-

482 3483 652 3549 ciam,
685 3484 851 3540 illam
895 3490 1259 3542 mutuaretur
1284 3500 1353 3540 ex
1385 3484 1564 3542 libero
1605 3486 1844 3555 arbitro,

483 3566 574 3622 vel
603 3564 673 3621 ab
713 3564 934 3632 effectu,
966 3567 1059 3624 vel
1093 3583 1163 3623 ex
1191 3565 1504 3622 directione
1533 3584 1633 3639 per
1660 3569 1849 3626 scien-

482 3649 624 3704 tiam
651 3647 902 3705 mediam
935 3671 951 3704 ε
981 3650 1130 3723 quod
1158 3655 1241 3707 est
1271 3664 1504 3721 prorsus
1531 3649 1761 3721 falsum,
1794 3657 1851 3709 et

482 3728 553 3785 ab
581 3729 671 3785 his
697 3731 1050 3788 Authoribus
1092 3731 1339 3789 minime
1383 3730 1710 3788 admittitur
1734 3776 1746 3798 ,
1789 3738 1850 3788 ut

479 3815 699 3868 constat
725 3826 796 3868 ex
819 3817 935 3868 tota
962 3811 1366 3885 disputatione.
1400 3811 1595 3876 Quoad
1626 3820 1846 3886 partem

482 3906 620 3948 vero
668 3893 996 3967 negativam
1045 3895 1211 3951 facile
1260 3895 1433 3950 etiam
1480 3894 1805 3951 ostenditur
1830 3938 1842 3959 ,

482 3973 618 4046 quia
641 3974 743 4031 illa
763 3975 949 4049 gratia
970 3991 1088 4032 non
1111 3981 1194 4033 est
1218 3992 1288 4032 ex
1309 3992 1389 4041 se,
1421 3980 1476 4031 et
1515 3974 1585 4031 ab
1627 3977 1849 4034 intrin-

481 4070 608 4113 seco
634 4056 847 4122 efficax,
874 4073 997 4130 quae
1025 4073 1096 4113 ex
1117 4073 1194 4123 se,
1220 4058 1343 4113 sive
1364 4072 1435 4114 ex
1461 4058 1696 4130 propria
1715 4075 1848 4132 spe-

481 4136 567 4194 cie
594 4153 711 4195 non
741 4138 921 4196 infert
967 4137 1361 4195 infallibiliter
1397 4137 1659 4195 effectum
1684 4182 1698 4205 ,
1747 4140 1846 4197 sed

481 4224 666 4292 potest
710 4219 967 4278 absolute
1007 4237 1138 4277 cum
1187 4220 1445 4277 dissensu
1473 4222 1761 4297 conjungi,
1791 4227 1848 4280 et

480 4300 680 4357 effectu
710 4301 955 4374 privari,
989 4302 1052 4358 in
1078 4319 1247 4375 quem
1274 4302 1517 4359 inclinat
1547 4323 1560 4358 :
1588 4302 1686 4360 sed
1714 4303 1848 4360 talis

479 4388 566 4440 est
584 4382 771 4457 gratia
797 4382 1010 4453 efficax,
1041 4400 1211 4457 quem
1264 4382 1596 4441 Adversarii
1641 4390 1849 4442 vocant

482 4465 786 4522 moraliter
802 4473 1285 4540 praemoventem:
1313 4466 1618 4538 siquidem,
1647 4471 1708 4522 ut
1736 4467 1845 4541 ipsi

480 4547 817 4619 concedunt,
865 4550 1065 4608 eadem
1108 4552 1170 4607 in
1210 4551 1395 4623 specie
1441 4551 1661 4609 vocatio
1703 4551 1848 4609 facta

481 4646 581 4703 per
612 4636 801 4689 motus
821 4632 1234 4691 indeliberatos
1256 4634 1318 4689 in
1343 4632 1687 4706 quibusdam
1715 4650 1845 4691 sor-

479 4712 623 4769 titur
644 4712 926 4781 effectum,
960 4716 1023 4771 in
1051 4716 1183 4772 aliis
1209 4721 1397 4772 autem
1431 4731 1546 4773 non
1583 4716 1841 4784 sortitur,

474 4796 635 4868 juxta
664 4797 859 4854 varias
886 4802 1217 4855 vocatorum
1259 4797 1681 4871 dispositioneS,
1712 4798 1846 4871 qui-

480 4876 586 4933 bus
626 4879 747 4951 ipsa
794 4880 982 4955 gratia
1024 4885 1436 4952 attemperatur
1479 4902 1492 4938 ε
1535 4896 1673 4955 ergo
1712 4881 1847 4937 talis

476 4961 663 5034 gratia
690 4960 884 5019 efficax
925 4977 1043 5019 non
1086 4961 1255 5019 babet
1298 4978 1370 5019 ex
1396 4978 1475 5029 se,
1524 4968 1580 5019 et
1631 4960 1701 5019 ab
1748 4962 1846 5018 in-

475 5041 723 5098 trinseco
742 5042 1065 5101 efficaciam.
1101 5042 1266 5101 Unde
1287 5048 1570 5119 coguntur
1594 5043 1847 5102 incidere

1990 612 2052 668 in
2110 610 2458 667 sententiam
2517 608 2965 674 Molinisticam,
3020 620 3194 679 quam
3242 604 3353 677 ipsi

1989 691 2245 749 maxime
2266 695 2626 747 aversantur.

2064 773 2193 830 315.
2240 770 2543 829 Refellitur
2570 769 2802 825 secundo
2831 740 3207 825 instaurando
3235 764 3352 820 im·
3384 779 3559 831 lmpng·

1991 852 2366 926 pugnationes
2408 868 2583 925 supra
2629 851 2801 907 factas
2825 874 2840 916 3
2885 864 3022 905 nam
3063 833 3567 932 auxiliumagssffis„

1988 933 2181 992 efficax
2207 934 2374 992 debet
2423 950 2544 993 esse
2586 932 2719 988 talis
2764 928 3127 993 conditionis,
3161 931 3223 983 ut
3249 942 3350 1000 per

1991 1013 2136 1072 illud
2175 1014 2550 1088 subsequatur
2599 1013 2829 1070 effectus
2866 1027 2934 1069 ea
2978 1007 3345 1074 certitudine,

1987 1112 2160 1170 quam
2187 1101 2498 1170 exposcunt
2525 1092 2966 1152 immutabilitas
3004 1089 3220 1146 divinae
3245 1104 3352 1146 vo-

1990 1178 2229 1235 luntatis
2268 1178 2442 1234 talem
2482 1174 2742 1233 effectum
2785 1173 2856 1230 ab
2893 1177 3108 1229 aeterno
3150 1169 3350 1227 decer-

1989 1258 2219 1324 nentis,
2261 1261 2318 1314 et
2362 1253 2754 1312 infallibilitas
2791 1252 2979 1308 divini
3030 1250 3353 1307 intellectus

1989 1339 2159 1395 illum
2188 1337 2259 1394 ab
2302 1343 2517 1394 aeterno
2560 1332 2982 1410 cognoscentis;
3030 1331 3123 1387 sin
3154 1330 3351 1386 minus

1990 1418 2215 1476 nutabit
2240 1417 2484 1474 efficacia
2511 1414 2727 1471 divinae
2766 1412 3099 1478 voluntatis,
3141 1416 3198 1468 et
3223 1426 3349 1467 cer-

1990 1498 2172 1556 titudo
2191 1498 2409 1555 divinae
2428 1496 2681 1554 scientiae
2701 1516 2714 1551 ε
2737 1494 2887 1568 quod
2906 1510 2967 1550 es
2990 1508 3222 1566 prorsus
3243 1491 3350 1547 im-

1989 1580 2279 1653 possibile.
2303 1579 2474 1651 Atqui
2492 1577 2776 1635 auxilium
2800 1574 3099 1632 moraliter
3121 1571 3350 1645 praecise

1988 1677 2227 1719 movens
2254 1677 2370 1718 non
2392 1665 2478 1717 est
2502 1656 2828 1733 hujusmodi
2855 1678 2869 1713 ε
2898 1671 3033 1729 ergo
3062 1653 3349 1710 auxilium

1952 1742 2180 1801 ,efficax
2227 1758 2341 1800 non
2383 1745 2574 1797 movet
2622 1738 2853 1811 praecise
2899 1735 3220 1801 moraliter,
3250 1733 3348 1792 sed

1987 1825 2161 1881 etiam
2203 1821 2467 1896 physice;
2497 1820 2639 1886 sive,
2690 1823 2753 1874 ut
2789 1833 2919 1875 cum
2960 1815 3169 1889 majori
3212 1831 3348 1887 pro-

1990 1904 2227 1979 prietate
2268 1903 2591 1975 loquamur,
2624 1914 2741 1956 non
2767 1897 3027 1955 consistit
3067 1896 3132 1951 in
3178 1910 3346 1952 voca-

1988 1984 2143 2041 tione
2164 1981 2480 2047 moraliter,
2512 1985 2569 2038 et
2592 1979 2849 2035 suasorie
2878 1976 3181 2033 inducente
3206 1990 3347 2031 con-

1988 2080 2219 2121 sensum
2237 2087 2250 2130 ;
2274 2061 2374 2119 sed
2396 2061 2543 2119 hanc
2564 2059 2850 2133 supponit,
2878 2064 2934 2114 et
2952 2073 3018 2113 ea
3038 2073 3102 2111 su
3110 2056 3348 2128 pposita‚

1989 2146 2342 2202 voluntatem
2401 2158 2504 2198 suo
2556 2138 2825 2213 pondere,
2867 2144 2924 2195 et
2970 2135 3353 2209 impressione

1988 2227 2182 2293 trahit,
2215 2231 2272 2283 et
2317 2223 2536 2281 reducit
2561 2222 2632 2279 ad
2666 2235 3026 2288 consensum,
3073 2219 3233 2274 salva
3261 2224 3348 2272 ta-

1989 2323 2123 2364 men
2151 2305 2560 2370 indifferentia,
2593 2319 2719 2375 quae
2742 2300 2811 2357 ad
2840 2300 3166 2357 libertatem
3191 2296 3347 2353 desi—

1986 2388 2238 2447 deratur.
2273 2389 2473 2462 Maj0r,
2524 2392 2581 2444 et
2618 2383 3020 2458 consequentia
3064 2384 3343 2438 constant.

1985 2470 2178 2527 Minor
2199 2476 2387 2526 autem
2413 2465 2686 2540 probatur
2718 2486 2730 2521 ε
2759 2470 2883 2520 tum
2927 2462 3063 2536 quia
3102 2459 3351 2517 efficacia

1988 2548 2369 2605 immutabilis
2406 2546 2619 2624 dixsinae
2664 2542 2991 2607 voluntatiS,
3024 2546 3079 2598 et
3118 2538 3347 2596 infalli-

1987 2629 2121 2684 bilis
2153 2628 2431 2687 certitudo
2459 2626 2672 2683 divinae
2697 2624 2949 2682 scientiae
2976 2627 3133 2678 tanta
3153 2625 3255 2686 est,
3288 2626 3347 2675 ut

1986 2715 2264 2784 repugnet
2309 2724 2425 2765 non
2452 2709 2638 2764 solum
2682 2704 3013 2767 moraliter,
3045 2699 3144 2757 sed
3160 2693 3347 2756 'etiam

1985 2789 2415 2863 methaphysice
2443 2787 2732 2854 frustrari,
2760 2789 2857 2842 aut
2879 2783 3004 2840 falli
3032 2780 3166 2838 :sed
3190 2780 3348 2836 auxi-

1987 2871 2131 2928 lium
2158 2869 2457 2928 moraliter
2486 2869 2714 2943 praecise
2753 2875 3010 2925 movens.
3038 2864 3168 2922 licet
3195 2866 3351 2920 certo

1985 2952 2285 3009 moraliter
2310 2956 2675 3009 connectatur
2710 2965 2840 3006 cum
2863 2946 3081 3012 effectu,
3109 2961 3226 3001 non
3249 2944 3347 3000 ha·

1986 3031 2078 3089 bet
2104 3032 2555 3106 metaphysicam
2583 3046 2712 3086 cum
2745 3030 2847 3086 illo
2885 3026 3303 3085 connexionem
3330 3047 3350 3091 3

1983 3114 2285 3187 siquidem,
2317 3119 2381 3169 ut
2419 3112 2749 3171 Adversarii
2795 3110 3012 3177 dicunt,
3039 3113 3218 3183 potest
3256 3123 3350 3164 se-

1984 3195 2235 3252 cundum
2282 3211 2448 3251 suam
2495 3194 2738 3266 speciem
2768 3208 2898 3249 cum
2921 3190 3181 3247 dissensu
3210 3204 3350 3245 con-

1978 3279 2143 3353 jungi
2191 3300 2204 3334 ε
2250 3293 2387 3352 ergo
2428 3277 2714 3334 auxilium
2762 3274 3064 3332 moraliter
3117 3272 3351 3345 praecise

1984 3376 2225 3417 movens
2275 3375 2393 3416 non
2439 3359 2659 3415 inducit
2686 3358 2948 3415 effectum
2995 3371 3063 3412 ea
3110 3354 3349 3411 certitu-

1982 3442 2154 3507 dine,
2200 3457 2373 3514 quam
2406 3442 2501 3498 Dei
2529 3442 2829 3507 voluntas,
2861 3443 2918 3496 et
2962 3436 3201 3494 scientia
3245 3451 3352 3492 ex-

1985 3530 2241 3596 poscunt.
2291 3525 2439 3579 Tum
2486 3524 2664 3581 etiam
2694 3568 2705 3589 ,
2737 3523 2872 3596 quia
2919 3521 3021 3576 illa
3071 3517 3354 3576 certitudo

1984 3605 2224 3660 moralis
2261 3604 2451 3661 solum
2493 3608 2675 3675 potest
2701 3601 2936 3659 fundari
2984 3600 3047 3655 in
3094 3598 3353 3655 maxima

1986 3684 2357 3755 proportione
2374 3682 2580 3739 auxilii
2598 3681 2668 3737 ad
2689 3680 3125 3754 dispositionem
3150 3677 3349 3742 vocati,

1981 3768 2262 3835 quatenus
2288 3762 2457 3817 illum
2479 3760 2849 3818 vehementer
2869 3758 3158 3824 sollicitat,
3188 3763 3251 3819 et
3265 3757 3356 3812 al-

1984 3841 2106 3897 licit
2154 3841 2347 3898 media
2388 3841 2775 3914 propositione
2820 3838 3042 3913 objecti,
3080 3835 3230 3911 quod
3276 3836 3358 3892 ita

1984 3927 2215 3978 vocatus
2236 3922 2480 3995 perfecte
2506 3925 2822 3995 cognoscat,
2847 3925 2904 3975 et
2925 3918 2994 3975 ad
3018 3916 3169 3991 quod
3197 3915 3353 3975 inde·

1985 4000 2224 4059 liberate
2269 4003 2524 4059 maxime
2569 4001 2882 4068 afficiatur;
2916 4016 3019 4056 nec
3057 3999 3216 4056 enim
3245 4014 3381 4070 ap·

1983 4087 2160 4155 paret,
2189 4097 2291 4139 nec
2316 4082 2650 4139 Adversarii
2678 4082 2985 4154 explicant,
3014 4080 3076 4136 in
3100 4094 3211 4151 quo
3233 4078 3352 4134 alio

1980 4163 2252 4221 consistat
2292 4164 2411 4222 haec
2444 4164 2683 4221 moralis
2709 4163 2905 4231 moti0‚
2935 4168 2991 4220 et
3010 4161 3132 4235 ejus
3158 4159 3346 4218 effica-

1981 4243 2070 4299 cia
2096 4265 2108 4298 :
2137 4244 2292 4316 atqui
2335 4260 2451 4301 non
2480 4248 2776 4318 repugnat,
2809 4241 2958 4316 quod
2986 4242 3116 4314 quis
3141 4255 3345 4313 opere-

1983 4329 2077 4380 tur
2102 4331 2303 4382 contra
2329 4326 2404 4394 id,
2431 4325 2580 4399 quod
2604 4324 2848 4399 perfecte
2866 4322 3170 4398 cognoscit,
3199 4320 3347 4379 etad

1979 4405 2129 4479 quod
2157 4406 2324 4464 valde
2367 4408 2702 4473 inclinatur,
2736 4412 2833 4462 aut
2869 4406 3045 4462 etiam
3087 4404 3347 4477 impelli—

1982 4492 2093 4551 tur,
2129 4492 2189 4542 ut
2217 4492 2366 4560 patet
2395 4488 2455 4545 in
2497 4486 2588 4543 his
2629 4487 2727 4559 qui
2773 4485 3132 4560 gravissimas
3159 4489 3346 4541 tenta-

1982 4567 2126 4625 tioni
2169 4567 2444 4624 resistunt
2488 4589 2501 4623 ε
2542 4583 2678 4642 ergo
2719 4583 2836 4624 non
2866 4570 3165 4640 repugnat,
3196 4564 3346 4636 quod

1980 4648 2153 4705 homo
2195 4649 2400 4721 reipsa,
2425 4653 2483 4705 et
2501 4652 2912 4720 consequenter
2941 4648 3165 4703 resistat
3184 4646 3350 4703 auxi-

1982 4729 2078 4785 liis
2098 4730 2397 4787 moraliter
2425 4731 2658 4804 praecise
2683 4730 3047 4788 moventibus
3073 4754 3086 4797 ς
3128 4736 3186 4788 et
3205 4747 3344 4787 con-

1978 4816 2280 4883 sequenter
2332 4810 2599 4885 praedicta
2637 4812 2855 4868 auxilia
2906 4827 3025 4868 non
3064 4810 3353 4867 inducunt

1978 4891 2237 4949 effectum
2260 4908 2327 4949 ea
2346 4891 2707 4959 certitudine,
2738 4909 2910 4966 quam
2935 4893 3032 4949 Dei
3056 4892 3343 4958 voluntas,

1976 4978 2034 5030 et
2071 4973 2312 5030 scientia
2336 4972 2408 5031 de
2435 4974 2536 5030 tali
2577 4973 2775 5031 effectu
2820 4975 3144 5047 requirunt.
3193 4975 3345 5030 Tum

1977 5053 2241 5129 denique,
2274 5055 2409 5129 quia
2434 5053 2677 5112 efficacia
2707 5055 2822 5112 haec
2850 5055 3055 5112 auxilii
3096 5055 3346 5112 morali-

3257 5140 3345 5191 let·
