<?xml version="1.0" encoding="UTF-8"?>
<!DOCTYPE html PUBLIC "-//W3C//DTD XHTML 1.0 Transitional//EN"
    "http://www.w3.org/TR/xhtml1/DTD/xhtml1-transitional.dtd">
<html xmlns="http://www.w3.org/1999/xhtml" xml:lang="en" lang="en">
 <head>
  <title>
</title>
<meta http-equiv="Content-Type" content="text/html;charset=utf-8" />
  <meta name='ocr-system' content='tesseract 3.04.00' />
  <meta name='ocr-capabilities' content='ocr_page ocr_carea ocr_par ocr_line ocrx_word'/>
</head>
<body>
  <div class='ocr_page' id='page_1' title='image "./collegiisalmant00carmgoog_0572.png"; bbox 0 0 3647 5753; ppageno 0'>
   <div class='ocr_carea' id='block_1_1' title="bbox 515 367 2768 428">
    <p class='ocr_par' dir='ltr' id='par_1_1' title="bbox 515 367 2768 428">
     <span class='ocr_line' id='line_1_1' title="bbox 515 367 2768 428; baseline -0.002 0"><span class='ocrx_word' id='word_1_1' title='bbox 515 373 628 428; x_wconf 89' lang='lat'><strong>550</strong></span> <span class='ocrx_word' id='word_1_2' title='bbox 1185 369 1280 423; x_wconf 89' lang='lat' dir='ltr'><strong>DE</strong></span> <span class='ocrx_word' id='word_1_3' title='bbox 1318 367 1929 423; x_wconf 87' lang='lat' dir='ltr'><strong>DISPOSITIONIBUS</strong></span> <span class='ocrx_word' id='word_1_4' title='bbox 1967 367 2066 421; x_wconf 88' lang='lat' dir='ltr'><strong>AD</strong></span> <span class='ocrx_word' id='word_1_5' title='bbox 2103 367 2768 424; x_wconf 73' lang='lat' dir='ltr'><strong>JL’S‘rrFrcATroNEM.</strong></span> 
     </span>
    </p>
   </div>
   <div class='ocr_carea' id='block_1_2' title="bbox 273 534 1879 3832">
    <p class='ocr_par' dir='ltr' id='par_1_2' title="bbox 288 534 1879 1506">
     <span class='ocr_line' id='line_1_2' title="bbox 312 534 1872 649; baseline -0.003 -51"><span class='ocrx_word' id='word_1_6' title='bbox 312 558 501 649; x_wconf 44' lang='lat' dir='ltr'><strong>{31¹²ssss</strong></span> <span class='ocrx_word' id='word_1_7' title='bbox 518 537 680 595; x_wconf 71' lang='lat' dir='ltr'><strong>Fides</strong></span> <span class='ocrx_word' id='word_1_8' title='bbox 695 538 999 608; x_wconf 79' lang='lat' dir='ltr'><strong>justificat‚·</strong></span> <span class='ocrx_word' id='word_1_9' title='bbox 1023 541 1079 593; x_wconf 91' lang='lat' dir='ltr'><strong>et</strong></span> <span class='ocrx_word' id='word_1_10' title='bbox 1105 536 1240 599; x_wconf 81' lang='lat' dir='ltr'><strong>haec,</strong></span> <span class='ocrx_word' id='word_1_11' title='bbox 1271 534 1407 594; x_wconf 83' lang='lat' dir='ltr'><strong>Sola</strong></span> <span class='ocrx_word' id='word_1_12' title='bbox 1431 538 1564 609; x_wconf 78' lang='lat' dir='ltr'><strong>fides</strong></span> <span class='ocrx_word' id='word_1_13' title='bbox 1578 540 1872 630; x_wconf 64' lang='lat' dir='ltr'><strong>justificat,</strong></span> 
     </span>
     <span class='ocr_line' id='line_1_3' title="bbox 307 618 1879 773; baseline -0.004 -11"><span class='ocrx_word' id='word_1_14' title='bbox 307 655 492 762; x_wconf 50' lang='lat' dir='ltr'><strong>wilaf*</strong></span> <span class='ocrx_word' id='word_1_15' title='bbox 514 618 1879 773; x_wconf 44' lang='lat' dir='ltr'><strong>323¹&amp;ssiiiiffiaii‘issesslh35503351131‘133-</strong></span> 
     </span>
     <span class='ocr_line' id='line_1_4' title="bbox 314 755 1879 860; baseline 0.001 -23"><span class='ocrx_word' id='word_1_16' title='bbox 314 755 468 860; x_wconf 56' lang='grc' dir='ltr'><strong>ῗιζῗῗξ.</strong></span> <span class='ocrx_word' id='word_1_17' title='bbox 515 783 784 841; x_wconf 88' lang='lat' dir='ltr'><strong>thoritate</strong></span> <span class='ocrx_word' id='word_1_18' title='bbox 808 784 1063 855; x_wconf 90' lang='lat' dir='ltr'><strong>plurium</strong></span> <span class='ocrx_word' id='word_1_19' title='bbox 1087 785 1145 840; x_wconf 87' lang='lat' dir='ltr'><strong>S.</strong></span> <span class='ocrx_word' id='word_1_20' title='bbox 1170 785 1429 849; x_wconf 86' lang='lat' dir='ltr'><strong>Patrum,</strong></span> <span class='ocrx_word' id='word_1_21' title='bbox 1455 784 1554 856; x_wconf 91' lang='lat' dir='ltr'><strong>qui</strong></span> <span class='ocrx_word' id='word_1_22' title='bbox 1576 786 1659 841; x_wconf 93' lang='lat' dir='ltr'><strong>eis</strong></span> <span class='ocrx_word' id='word_1_23' title='bbox 1681 785 1879 855; x_wconf 91' lang='lat' dir='ltr'><strong>loquu-</strong></span> 
     </span>
     <span class='ocr_line' id='line_1_5' title="bbox 320 855 1878 945; baseline 0.001 -26"><span class='ocrx_word' id='word_1_24' title='bbox 320 855 477 945; x_wconf 56' lang='grc' dir='ltr'><strong>ᾖῑὼῗξξ</strong></span> <span class='ocrx_word' id='word_1_25' title='bbox 512 863 766 923; x_wconf 86' lang='lat' dir='ltr'><strong>tionibus</strong></span> <span class='ocrx_word' id='word_1_26' title='bbox 793 869 1052 932; x_wconf 88' lang='lat' dir='ltr'><strong>utuntur,</strong></span> <span class='ocrx_word' id='word_1_27' title='bbox 1086 870 1146 919; x_wconf 93' lang='lat' dir='ltr'><strong>ut</strong></span> <span class='ocrx_word' id='word_1_28' title='bbox 1171 867 1406 938; x_wconf 86' lang='lat' dir='ltr'><strong>August.</strong></span> <span class='ocrx_word' id='word_1_29' title='bbox 1450 882 1609 937; x_wconf 73' lang='lat' dir='ltr'><strong>super</strong></span> <span class='ocrx_word' id='word_1_30' title='bbox 1625 866 1773 938; x_wconf 72' lang='lat' dir='ltr'><strong>psal.</strong></span> <span class='ocrx_word' id='word_1_31' title='bbox 1802 866 1878 920; x_wconf 80' lang='lat'><strong>32</strong></span> 
     </span>
     <span class='ocr_line' id='line_1_6' title="bbox 314 946 1878 1021; baseline 0.006 -27"><span class='ocrx_word' id='word_1_32' title='bbox 314 952 458 995; x_wconf 80' lang='lat' dir='ltr'><strong>tenda.</strong></span> <span class='ocrx_word' id='word_1_33' title='bbox 511 959 561 1001; x_wconf 79' lang='lat' dir='ltr'><strong>et</strong></span> <span class='ocrx_word' id='word_1_34' title='bbox 583 949 730 1021; x_wconf 74' lang='lat' dir='ltr'><strong>psal.</strong></span> <span class='ocrx_word' id='word_1_35' title='bbox 748 950 839 1017; x_wconf 85' lang='lat'><strong>88,</strong></span> <span class='ocrx_word' id='word_1_36' title='bbox 863 947 1109 1004; x_wconf 82' lang='lat' dir='ltr'><strong>Basilius</strong></span> <span class='ocrx_word' id='word_1_37' title='bbox 1127 946 1318 1003; x_wconf 78' lang='lat' dir='ltr'><strong>homil.</strong></span> <span class='ocrx_word' id='word_1_38' title='bbox 1344 949 1410 1002; x_wconf 81' lang='lat' dir='ltr'><strong>de</strong></span> <span class='ocrx_word' id='word_1_39' title='bbox 1429 947 1675 1002; x_wconf 78' lang='lat' dir='ltr'><strong>humilit.</strong></span> <span class='ocrx_word' id='word_1_40' title='bbox 1703 947 1878 1003; x_wconf 87' lang='lat' dir='ltr'><strong>Atha-</strong></span> 
     </span>
     <span class='ocr_line' id='line_1_7' title="bbox 294 1001 1878 1100; baseline 0 -18"><span class='ocrx_word' id='word_1_41' title='bbox 294 1001 497 1095; x_wconf 57' lang='grc' dir='ltr'><strong>Βζὲξξιὶ,</strong></span> <span class='ocrx_word' id='word_1_42' title='bbox 517 1042 637 1083; x_wconf 79' lang='lat' dir='ltr'><strong>naS.</strong></span> <span class='ocrx_word' id='word_1_43' title='bbox 662 1045 783 1100; x_wconf 81' lang='lat' dir='ltr'><strong>sup.</strong></span> <span class='ocrx_word' id='word_1_44' title='bbox 816 1045 936 1100; x_wconf 79' lang='lat' dir='ltr'><strong>cap.</strong></span> <span class='ocrx_word' id='word_1_45' title='bbox 968 1028 1022 1091; x_wconf 86' lang='lat'><strong>3,</strong></span> <span class='ocrx_word' id='word_1_46' title='bbox 1053 1029 1213 1099; x_wconf 79' lang='lat' dir='ltr'><strong>epist.</strong></span> <span class='ocrx_word' id='word_1_47' title='bbox 1242 1028 1318 1082; x_wconf 83' lang='lat' dir='ltr'><strong>ad</strong></span> <span class='ocrx_word' id='word_1_48' title='bbox 1356 1027 1511 1085; x_wconf 87' lang='lat' dir='ltr'><strong>Rom.</strong></span> <span class='ocrx_word' id='word_1_49' title='bbox 1546 1026 1878 1083; x_wconf 86' lang='lat' dir='ltr'><strong>Theodore-</strong></span> 
     </span>
     <span class='ocr_line' id='line_1_8' title="bbox 288 1101 1869 1194; baseline 0 -32"><span class='ocrx_word' id='word_1_50' title='bbox 288 1101 500 1194; x_wconf 49' lang='lat' dir='ltr'><strong>ssfssffiss·</strong></span> <span class='ocrx_word' id='word_1_51' title='bbox 516 1112 605 1162; x_wconf 86' lang='lat' dir='ltr'><strong>tus</strong></span> <span class='ocrx_word' id='word_1_52' title='bbox 632 1108 849 1175; x_wconf 76' lang='lat' dir='ltr'><strong>ibidem,</strong></span> <span class='ocrx_word' id='word_1_53' title='bbox 880 1109 1186 1165; x_wconf 89' lang='lat' dir='ltr'><strong>Anselmus</strong></span> <span class='ocrx_word' id='word_1_54' title='bbox 1213 1110 1273 1164; x_wconf 82' lang='lat' dir='ltr'><strong>in</strong></span> <span class='ocrx_word' id='word_1_55' title='bbox 1298 1126 1419 1180; x_wconf 84' lang='lat' dir='ltr'><strong>cap.</strong></span> <span class='ocrx_word' id='word_1_56' title='bbox 1439 1110 1475 1162; x_wconf 88' lang='grc'>9</span> <span class='ocrx_word' id='word_1_57' title='bbox 1501 1109 1575 1163; x_wconf 87' lang='lat' dir='ltr'><strong>ad</strong></span> <span class='ocrx_word' id='word_1_58' title='bbox 1600 1106 1869 1173; x_wconf 57' lang='lat' dir='ltr'><strong>Hebraeos,</strong></span> 
     </span>
     <span class='ocr_line' id='line_1_9' title="bbox 291 1182 1877 1261; baseline 0.002 -20"><span class='ocrx_word' id='word_1_59' title='bbox 291 1200 346 1241; x_wconf 85' lang='lat' dir='ltr'><strong>n.</strong></span> <span class='ocrx_word' id='word_1_60' title='bbox 406 1182 498 1244; x_wconf 60' lang='lat' dir='ltr'><strong>nse?</strong></span> <span class='ocrx_word' id='word_1_61' title='bbox 511 1188 838 1245; x_wconf 83' lang='lat' dir='ltr'><strong>Bernardus</strong></span> <span class='ocrx_word' id='word_1_62' title='bbox 862 1190 1018 1260; x_wconf 79' lang='lat' dir='ltr'><strong>epist.</strong></span> <span class='ocrx_word' id='word_1_63' title='bbox 1042 1192 1135 1254; x_wconf 86' lang='lat'><strong>77,</strong></span> <span class='ocrx_word' id='word_1_64' title='bbox 1159 1193 1216 1245; x_wconf 92' lang='lat' dir='ltr'><strong>et</strong></span> <span class='ocrx_word' id='word_1_65' title='bbox 1241 1188 1342 1245; x_wconf 91' lang='lat' dir='ltr'><strong>alii</strong></span> <span class='ocrx_word' id='word_1_66' title='bbox 1371 1189 1563 1260; x_wconf 90' lang='lat' dir='ltr'><strong>plures</strong></span> <span class='ocrx_word' id='word_1_67' title='bbox 1583 1187 1733 1261; x_wconf 90' lang='lat' dir='ltr'><strong>apud</strong></span> <span class='ocrx_word' id='word_1_68' title='bbox 1758 1188 1877 1244; x_wconf 91' lang='lat' dir='ltr'><strong>Ve-</strong></span> 
     </span>
     <span class='ocr_line' id='line_1_10' title="bbox 290 1249 1874 1344; baseline -0.001 -17"><span class='ocrx_word' id='word_1_69' title='bbox 290 1249 492 1343; x_wconf 37' lang='lat' dir='ltr'><strong>{aas}</strong></span> <span class='ocrx_word' id='word_1_70' title='bbox 504 1287 634 1344; x_wconf 88' lang='lat' dir='ltr'><strong>gam</strong></span> <span class='ocrx_word' id='word_1_71' title='bbox 659 1272 754 1327; x_wconf 81' lang='lat' dir='ltr'><strong>lib.</strong></span> <span class='ocrx_word' id='word_1_72' title='bbox 782 1274 823 1337; x_wconf 93' lang='lat' dir='ltr'><strong>l,</strong></span> <span class='ocrx_word' id='word_1_73' title='bbox 850 1275 909 1326; x_wconf 80' lang='lat' dir='ltr'><strong>in</strong></span> <span class='ocrx_word' id='word_1_74' title='bbox 938 1270 1181 1330; x_wconf 77' lang='lat' dir='ltr'><strong>Trident.</strong></span> <span class='ocrx_word' id='word_1_75' title='bbox 1210 1289 1331 1344; x_wconf 84' lang='lat' dir='ltr'><strong>cap.</strong></span> <span class='ocrx_word' id='word_1_76' title='bbox 1353 1273 1452 1338; x_wconf 79' lang='lat'><strong>23,</strong></span> <span class='ocrx_word' id='word_1_77' title='bbox 1473 1277 1530 1328; x_wconf 88' lang='lat' dir='ltr'><strong>et</strong></span> <span class='ocrx_word' id='word_1_78' title='bbox 1551 1269 1785 1336; x_wconf 83' lang='lat' dir='ltr'><strong>Medina</strong></span> <span class='ocrx_word' id='word_1_79' title='bbox 1813 1273 1874 1325; x_wconf 81' lang='lat' dir='ltr'><strong>in</strong></span> 
     </span>
     <span class='ocr_line' id='line_1_11' title="bbox 495 1351 1874 1424; baseline 0.002 -19"><span class='ocrx_word' id='word_1_80' title='bbox 495 1369 653 1424; x_wconf 73' lang='lat' dir='ltr'><strong>praes.</strong></span> <span class='ocrx_word' id='word_1_81' title='bbox 703 1360 813 1408; x_wconf 84' lang='lat' dir='ltr'><strong>art.</strong></span> <span class='ocrx_word' id='word_1_82' title='bbox 863 1355 917 1408; x_wconf 92' lang='grc'><strong>4.</strong></span> <span class='ocrx_word' id='word_1_83' title='bbox 954 1353 1137 1409; x_wconf 90' lang='lat' dir='ltr'><strong>Immo</strong></span> <span class='ocrx_word' id='word_1_84' title='bbox 1164 1353 1451 1409; x_wconf 90' lang='lat' dir='ltr'><strong>Martinus</strong></span> <span class='ocrx_word' id='word_1_85' title='bbox 1494 1355 1560 1418; x_wconf 91' lang='lat' dir='ltr'><strong>V,</strong></span> <span class='ocrx_word' id='word_1_86' title='bbox 1593 1353 1657 1408; x_wconf 92' lang='lat' dir='ltr'><strong>in</strong></span> <span class='ocrx_word' id='word_1_87' title='bbox 1707 1351 1874 1408; x_wconf 87' lang='lat' dir='ltr'><strong>bulla</strong></span> 
     </span>
     <span class='ocr_line' id='line_1_12' title="bbox 500 1431 1872 1506; baseline -0.001 -18"><span class='ocrx_word' id='word_1_88' title='bbox 500 1438 701 1490; x_wconf 90' lang='lat' dir='ltr'><strong>contra</strong></span> <span class='ocrx_word' id='word_1_89' title='bbox 725 1435 1009 1490; x_wconf 88' lang='lat' dir='ltr'><strong>Joannem</strong></span> <span class='ocrx_word' id='word_1_90' title='bbox 1038 1432 1316 1490; x_wconf 81' lang='lat' dir='ltr'><strong>Wuicleff</strong></span> <span class='ocrx_word' id='word_1_91' title='bbox 1335 1438 1531 1506; x_wconf 89' lang='lat' dir='ltr'><strong>aperte</strong></span> <span class='ocrx_word' id='word_1_92' title='bbox 1557 1431 1714 1498; x_wconf 89' lang='lat' dir='ltr'><strong>dicit,</strong></span> <span class='ocrx_word' id='word_1_93' title='bbox 1735 1431 1872 1490; x_wconf 80' lang='lat' dir='ltr'><strong>Sola</strong></span> 
     </span>
    </p>

    <p class='ocr_par' dir='ltr' id='par_1_3' title="bbox 498 1513 1867 1668">
     <span class='ocr_line' id='line_1_13' title="bbox 498 1513 1867 1586; baseline -0.001 -17"><span class='ocrx_word' id='word_1_94' title='bbox 498 1514 631 1586; x_wconf 79' lang='lat' dir='ltr'><strong>fides</strong></span> <span class='ocrx_word' id='word_1_95' title='bbox 654 1517 923 1572; x_wconf 76' lang='lat' dir='ltr'><strong>catholica</strong></span> <span class='ocrx_word' id='word_1_96' title='bbox 962 1516 1255 1585; x_wconf 79' lang='lat' dir='ltr'><strong>justificat.</strong></span> <span class='ocrx_word' id='word_1_97' title='bbox 1290 1514 1456 1571; x_wconf 86' lang='lat' dir='ltr'>Unde</span> <span class='ocrx_word' id='word_1_98' title='bbox 1500 1515 1736 1572; x_wconf 83' lang='lat' dir='ltr'><strong>Medina</strong></span> <span class='ocrx_word' id='word_1_99' title='bbox 1765 1513 1867 1570; x_wconf 88' lang='lat' dir='ltr'><strong>ubi</strong></span> 
     </span>
     <span class='ocr_line' id='line_1_14' title="bbox 498 1593 1860 1668; baseline -0.001 -18"><span class='ocrx_word' id='word_1_100' title='bbox 498 1611 674 1668; x_wconf 89' lang='lat' dir='ltr'><strong>supra</strong></span> <span class='ocrx_word' id='word_1_101' title='bbox 694 1599 905 1661; x_wconf 90' lang='lat' dir='ltr'><strong>monet,</strong></span> <span class='ocrx_word' id='word_1_102' title='bbox 938 1611 1056 1653; x_wconf 91' lang='lat' dir='ltr'><strong>non</strong></span> <span class='ocrx_word' id='word_1_103' title='bbox 1076 1597 1270 1652; x_wconf 90' lang='lat' dir='ltr'><strong>statim</strong></span> <span class='ocrx_word' id='word_1_104' title='bbox 1291 1611 1413 1652; x_wconf 91' lang='lat' dir='ltr'><strong>esse</strong></span> <span class='ocrx_word' id='word_1_105' title='bbox 1438 1593 1860 1660; x_wconf 88' lang='lat' dir='ltr'><strong>damnandum,</strong></span> 
     </span>
    </p>

    <p class='ocr_par' dir='ltr' id='par_1_4' title="bbox 499 1674 1870 1829">
     <span class='ocr_line' id='line_1_15' title="bbox 500 1674 1868 1748; baseline -0.001 -18"><span class='ocrx_word' id='word_1_106' title='bbox 500 1676 598 1747; x_wconf 91' lang='lat' dir='ltr'><strong>qui</strong></span> <span class='ocrx_word' id='word_1_107' title='bbox 626 1674 918 1748; x_wconf 81' lang='lat' dir='ltr'><strong>praedictas</strong></span> <span class='ocrx_word' id='word_1_108' title='bbox 946 1675 1363 1747; x_wconf 82' lang='lat' dir='ltr'><strong>propositiones</strong></span> <span class='ocrx_word' id='word_1_109' title='bbox 1390 1680 1687 1740; x_wconf 82' lang='lat' dir='ltr'><strong>assereret,</strong></span> <span class='ocrx_word' id='word_1_110' title='bbox 1716 1688 1868 1747; x_wconf 81' lang='lat' dir='ltr'><strong>prae-</strong></span> 
     </span>
     <span class='ocr_line' id='line_1_16' title="bbox 499 1754 1870 1829; baseline -0.001 -19"><span class='ocrx_word' id='word_1_111' title='bbox 499 1756 702 1813; x_wconf 87' lang='lat' dir='ltr'><strong>sertim</strong></span> <span class='ocrx_word' id='word_1_112' title='bbox 731 1772 861 1812; x_wconf 90' lang='lat' dir='ltr'><strong>cnm</strong></span> <span class='ocrx_word' id='word_1_113' title='bbox 892 1756 1263 1829; x_wconf 81' lang='lat' dir='ltr'><strong>praesumitur</strong></span> <span class='ocrx_word' id='word_1_114' title='bbox 1289 1771 1488 1812; x_wconf 89' lang='lat' dir='ltr'><strong>veram</strong></span> <span class='ocrx_word' id='word_1_115' title='bbox 1517 1754 1870 1811; x_wconf 87' lang='lat' dir='ltr'><strong>sententiam</strong></span> 
     </span>
    </p>

    <p class='ocr_par' dir='ltr' id='par_1_5' title="bbox 497 1836 1866 1909">
     <span class='ocr_line' id='line_1_17' title="bbox 497 1836 1866 1909; baseline -0.002 -15"><span class='ocrx_word' id='word_1_116' title='bbox 497 1838 647 1894; x_wconf 89' lang='lat' dir='ltr'><strong>circa</strong></span> <span class='ocrx_word' id='word_1_117' title='bbox 668 1836 951 1893; x_wconf 90' lang='lat' dir='ltr'><strong>bonorum</strong></span> <span class='ocrx_word' id='word_1_118' title='bbox 973 1852 1212 1909; x_wconf 88' lang='lat' dir='ltr'><strong>operum</strong></span> <span class='ocrx_word' id='word_1_119' title='bbox 1238 1837 1631 1894; x_wconf 85' lang='lat' dir='ltr'><strong>necessitatem</strong></span> <span class='ocrx_word' id='word_1_120' title='bbox 1648 1841 1866 1892; x_wconf 89' lang='lat' dir='ltr'><strong>tenere.</strong></span> 
     </span>
    </p>

    <p class='ocr_par' dir='ltr' id='par_1_6' title="bbox 496 1915 1868 2219">
     <span class='ocr_line' id='line_1_18' title="bbox 497 1915 1868 1990; baseline 0.001 -17"><span class='ocrx_word' id='word_1_121' title='bbox 497 1916 604 1974; x_wconf 85' lang='lat' dir='ltr'><strong>Sed</strong></span> <span class='ocrx_word' id='word_1_122' title='bbox 634 1918 1018 1974; x_wconf 89' lang='lat' dir='ltr'><strong>nihilominus</strong></span> <span class='ocrx_word' id='word_1_123' title='bbox 1066 1915 1395 1984; x_wconf 90' lang='lat' dir='ltr'><strong>dicendum,</strong></span> <span class='ocrx_word' id='word_1_124' title='bbox 1449 1917 1700 1990; x_wconf 86' lang='lat' dir='ltr'><strong>primam</strong></span> <span class='ocrx_word' id='word_1_125' title='bbox 1729 1933 1868 1989; x_wconf 89' lang='lat' dir='ltr'><strong>pro-</strong></span> 
     </span>
     <span class='ocr_line' id='line_1_19' title="bbox 499 1998 1865 2073; baseline -0.001 -17"><span class='ocrx_word' id='word_1_126' title='bbox 499 1999 839 2073; x_wconf 84' lang='lat' dir='ltr'><strong>positionem</strong></span> <span class='ocrx_word' id='word_1_127' title='bbox 867 1998 1341 2073; x_wconf 81' lang='lat' dir='ltr'><strong>distinguendam</strong></span> <span class='ocrx_word' id='word_1_128' title='bbox 1358 2013 1505 2066; x_wconf 90' lang='lat' dir='ltr'><strong>esse,</strong></span> <span class='ocrx_word' id='word_1_129' title='bbox 1530 2000 1671 2055; x_wconf 89' lang='lat' dir='ltr'><strong>etin</strong></span> <span class='ocrx_word' id='word_1_130' title='bbox 1691 2014 1865 2055; x_wconf 88' lang='lat' dir='ltr'><strong>sensu</strong></span> 
     </span>
     <span class='ocr_line' id='line_1_20' title="bbox 496 2079 1868 2147; baseline -0.002 -8"><span class='ocrx_word' id='word_1_131' title='bbox 496 2082 777 2139; x_wconf 87' lang='lat' dir='ltr'><strong>catholico</strong></span> <span class='ocrx_word' id='word_1_132' title='bbox 821 2079 1260 2147; x_wconf 84' lang='lat' dir='ltr'><strong>concedendam,</strong></span> <span class='ocrx_word' id='word_1_133' title='bbox 1291 2096 1366 2137; x_wconf 91' lang='lat' dir='ltr'><strong>ne</strong></span> <span class='ocrx_word' id='word_1_134' title='bbox 1410 2096 1542 2136; x_wconf 91' lang='lat' dir='ltr'><strong>cum</strong></span> <span class='ocrx_word' id='word_1_135' title='bbox 1581 2080 1868 2137; x_wconf 79' lang='lat' dir='ltr'><strong>haereticis</strong></span> 
     </span>
     <span class='ocr_line' id='line_1_21' title="bbox 496 2157 1865 2219; baseline 0 -3"><span class='ocrx_word' id='word_1_136' title='bbox 496 2162 840 2219; x_wconf 86' lang='lat' dir='ltr'><strong>Lutheranis</strong></span> <span class='ocrx_word' id='word_1_137' title='bbox 863 2161 1175 2217; x_wconf 88' lang='lat' dir='ltr'><strong>convenire</strong></span> <span class='ocrx_word' id='word_1_138' title='bbox 1196 2159 1502 2217; x_wconf 88' lang='lat' dir='ltr'><strong>videamur</strong></span> <span class='ocrx_word' id='word_1_139' title='bbox 1525 2157 1865 2217; x_wconf 85' lang='lat' dir='ltr'><strong>:secundam</strong></span> 
     </span>
    </p>

    <p class='ocr_par' dir='ltr' id='par_1_7' title="bbox 494 2238 1867 2397">
     <span class='ocr_line' id='line_1_22' title="bbox 494 2238 1867 2315; baseline -0.001 -18"><span class='ocrx_word' id='word_1_140' title='bbox 494 2258 633 2300; x_wconf 86' lang='lat' dir='ltr'><strong>vero</strong></span> <span class='ocrx_word' id='word_1_141' title='bbox 677 2256 816 2309; x_wconf 86' lang='lat' dir='ltr'><strong>esse,</strong></span> <span class='ocrx_word' id='word_1_142' title='bbox 871 2246 1038 2314; x_wconf 87' lang='lat' dir='ltr'><strong>prout</strong></span> <span class='ocrx_word' id='word_1_143' title='bbox 1078 2241 1252 2314; x_wconf 74' lang='lat' dir='ltr'><strong>Jacet,</strong></span> <span class='ocrx_word' id='word_1_144' title='bbox 1307 2238 1631 2315; x_wconf 87' lang='lat' dir='ltr'><strong>negandam</strong></span> <span class='ocrx_word' id='word_1_145' title='bbox 1664 2263 1678 2307; x_wconf 83' lang='lat'>3</span> <span class='ocrx_word' id='word_1_146' title='bbox 1728 2240 1867 2313; x_wconf 88' lang='lat' dir='ltr'><strong>quia</strong></span> 
     </span>
     <span class='ocr_line' id='line_1_23' title="bbox 497 2323 1866 2397; baseline -0.002 -16"><span class='ocrx_word' id='word_1_147' title='bbox 497 2324 787 2397; x_wconf 81' lang='lat' dir='ltr'><strong>praeset&#39;ert</strong></span> <span class='ocrx_word' id='word_1_148' title='bbox 832 2323 1297 2379; x_wconf 90' lang='lat' dir='ltr'><strong>Lutheranorum</strong></span> <span class='ocrx_word' id='word_1_149' title='bbox 1346 2328 1644 2388; x_wconf 84' lang='lat' dir='ltr'><strong>tesseram,</strong></span> <span class='ocrx_word' id='word_1_150' title='bbox 1693 2327 1749 2377; x_wconf 90' lang='lat' dir='ltr'><strong>et</strong></span> <span class='ocrx_word' id='word_1_151' title='bbox 1792 2338 1866 2378; x_wconf 81' lang='lat' dir='ltr'><strong>ex</strong></span> 
     </span>
    </p>

    <p class='ocr_par' dir='ltr' id='par_1_8' title="bbox 496 2400 1863 2476">
     <span class='ocr_line' id='line_1_24' title="bbox 496 2400 1863 2476; baseline -0.003 -16"><span class='ocrx_word' id='word_1_152' title='bbox 496 2402 667 2460; x_wconf 88' lang='lat' dir='ltr'><strong>modo</strong></span> <span class='ocrx_word' id='word_1_153' title='bbox 692 2401 1053 2476; x_wconf 85' lang='lat' dir='ltr'><strong>significandi</strong></span> <span class='ocrx_word' id='word_1_154' title='bbox 1075 2401 1324 2467; x_wconf 90' lang='lat' dir='ltr'><strong>denotat,</strong></span> <span class='ocrx_word' id='word_1_155' title='bbox 1354 2402 1505 2474; x_wconf 91' lang='lat' dir='ltr'><strong>quod</strong></span> <span class='ocrx_word' id='word_1_156' title='bbox 1528 2402 1680 2457; x_wconf 88' lang='lat' dir='ltr'><strong>nihil</strong></span> <span class='ocrx_word' id='word_1_157' title='bbox 1702 2400 1863 2457; x_wconf 88' lang='lat' dir='ltr'><strong>aliud</strong></span> 
     </span>
    </p>

    <p class='ocr_par' dir='ltr' id='par_1_9' title="bbox 279 2481 1863 2960">
     <span class='ocr_line' id='line_1_25' title="bbox 499 2481 1862 2556; baseline -0.001 -18"><span class='ocrx_word' id='word_1_158' title='bbox 499 2482 569 2538; x_wconf 89' lang='lat' dir='ltr'><strong>ad</strong></span> <span class='ocrx_word' id='word_1_159' title='bbox 591 2481 1053 2556; x_wconf 86' lang='lat' dir='ltr'><strong>justificationem</strong></span> <span class='ocrx_word' id='word_1_160' title='bbox 1085 2483 1402 2555; x_wconf 88' lang='lat' dir='ltr'><strong>requiritur</strong></span> <span class='ocrx_word' id='word_1_161' title='bbox 1426 2506 1440 2550; x_wconf 88' lang='lat'>;</span> <span class='ocrx_word' id='word_1_162' title='bbox 1466 2483 1530 2537; x_wconf 90' lang='lat' dir='ltr'><strong>in</strong></span> <span class='ocrx_word' id='word_1_163' title='bbox 1557 2498 1667 2555; x_wconf 91' lang='lat' dir='ltr'><strong>quo</strong></span> <span class='ocrx_word' id='word_1_164' title='bbox 1691 2497 1862 2538; x_wconf 86' lang='lat' dir='ltr'><strong>sensu</strong></span> 
     </span>
     <span class='ocr_line' id='line_1_26' title="bbox 279 2560 1863 2655; baseline 0.001 -36"><span class='ocrx_word' id='word_1_165' title='bbox 279 2560 473 2655; x_wconf 50' lang='grc' dir='ltr'>,1,ῇέξᾶ</span> <span class='ocrx_word' id='word_1_166' title='bbox 500 2563 814 2621; x_wconf 84' lang='lat' dir='ltr'><strong>damnatur</strong></span> <span class='ocrx_word' id='word_1_167' title='bbox 861 2565 922 2619; x_wconf 88' lang='lat' dir='ltr'><strong>iu</strong></span> <span class='ocrx_word' id='word_1_168' title='bbox 968 2563 1228 2620; x_wconf 90' lang='lat' dir='ltr'><strong>Trident.</strong></span> <span class='ocrx_word' id='word_1_169' title='bbox 1278 2569 1341 2619; x_wconf 86' lang='lat' dir='ltr'><strong>ut</strong></span> <span class='ocrx_word' id='word_1_170' title='bbox 1386 2580 1561 2635; x_wconf 88' lang='lat' dir='ltr'><strong>supra</strong></span> <span class='ocrx_word' id='word_1_171' title='bbox 1607 2562 1863 2620; x_wconf 83' lang='lat' dir='ltr'><strong>vidimus</strong></span> 
     </span>
     <span class='ocr_line' id='line_1_27' title="bbox 496 2722 1861 2796; baseline 0.001 -15"><span class='ocrx_word' id='word_1_172' title='bbox 496 2728 639 2781; x_wconf 81' lang='lat' dir='ltr'><strong>tates</strong></span> <span class='ocrx_word' id='word_1_173' title='bbox 660 2725 715 2779; x_wconf 91' lang='lat' dir='ltr'><strong>S.</strong></span> <span class='ocrx_word' id='word_1_174' title='bbox 744 2725 1001 2791; x_wconf 88' lang='lat' dir='ltr'><strong>Patrum;</strong></span> <span class='ocrx_word' id='word_1_175' title='bbox 1020 2723 1154 2796; x_wconf 88' lang='lat' dir='ltr'><strong>quia</strong></span> <span class='ocrx_word' id='word_1_176' title='bbox 1172 2740 1244 2780; x_wconf 84' lang='lat' dir='ltr'><strong>ex</strong></span> <span class='ocrx_word' id='word_1_177' title='bbox 1262 2723 1394 2779; x_wconf 88' lang='lat' dir='ltr'><strong>aliis</strong></span> <span class='ocrx_word' id='word_1_178' title='bbox 1404 2722 1596 2781; x_wconf 87' lang='lat' dir='ltr'><strong>verbis</strong></span> <span class='ocrx_word' id='word_1_179' title='bbox 1618 2724 1681 2781; x_wconf 93' lang='lat' dir='ltr'><strong>in</strong></span> <span class='ocrx_word' id='word_1_180' title='bbox 1704 2730 1861 2782; x_wconf 84' lang='lat' dir='ltr'><strong>textu</strong></span> 
     </span>
     <span class='ocr_line' id='line_1_28' title="bbox 493 2802 1862 2879; baseline 0.001 -18"><span class='ocrx_word' id='word_1_181' title='bbox 493 2804 775 2879; x_wconf 86' lang='lat' dir='ltr'><strong>adjunctis</strong></span> <span class='ocrx_word' id='word_1_182' title='bbox 802 2802 1397 2875; x_wconf 82' lang='lat' dir='ltr'><strong>limitatur&#39;praedicta</strong></span> <span class='ocrx_word' id='word_1_183' title='bbox 1440 2805 1773 2878; x_wconf 84' lang='lat' dir='ltr'><strong>propositio,</strong></span> <span class='ocrx_word' id='word_1_184' title='bbox 1804 2812 1862 2864; x_wconf 90' lang='lat' dir='ltr'><strong>et</strong></span> 
     </span>
     <span class='ocr_line' id='line_1_29' title="bbox 491 2886 1854 2960; baseline -0.001 -14"><span class='ocrx_word' id='word_1_185' title='bbox 491 2890 743 2946; x_wconf 85' lang='lat' dir='ltr'><strong>trahitur</strong></span> <span class='ocrx_word' id='word_1_186' title='bbox 759 2886 828 2943; x_wconf 91' lang='lat' dir='ltr'><strong>ad</strong></span> <span class='ocrx_word' id='word_1_187' title='bbox 846 2902 1077 2943; x_wconf 89' lang='lat' dir='ltr'><strong>sensum</strong></span> <span class='ocrx_word' id='word_1_188' title='bbox 1093 2886 1456 2955; x_wconf 90' lang='lat' dir='ltr'><strong>catholicum,</strong></span> <span class='ocrx_word' id='word_1_189' title='bbox 1475 2892 1537 2942; x_wconf 92' lang='lat' dir='ltr'><strong>ut</strong></span> <span class='ocrx_word' id='word_1_190' title='bbox 1553 2887 1854 2960; x_wconf 86' lang='lat' dir='ltr'><strong>particula,</strong></span> 
     </span>
    </p>

    <p class='ocr_par' dir='ltr' id='par_1_10' title="bbox 489 2966 1853 3041">
     <span class='ocr_line' id='line_1_30' title="bbox 489 2966 1853 3041; baseline -0.001 -16"><span class='ocrx_word' id='word_1_191' title='bbox 489 2972 625 3036; x_wconf 81' lang='lat' dir='ltr'><strong>sola,</strong></span> <span class='ocrx_word' id='word_1_192' title='bbox 658 2966 920 3025; x_wconf 83' lang='lat' dir='ltr'><strong>excludat</strong></span> <span class='ocrx_word' id='word_1_193' title='bbox 943 2966 1177 3038; x_wconf 75' lang='lat' dir='ltr'><strong>praecise</strong></span> <span class='ocrx_word' id='word_1_194' title='bbox 1202 2982 1375 3038; x_wconf 88' lang='lat' dir='ltr'><strong>opera</strong></span> <span class='ocrx_word' id='word_1_195' title='bbox 1400 2967 1544 3041; x_wconf 86' lang='lat' dir='ltr'><strong>legis</strong></span> <span class='ocrx_word' id='word_1_196' title='bbox 1572 2967 1853 3033; x_wconf 77' lang='lat' dir='ltr'><strong>Mosaicae,</strong></span> 
     </span>
    </p>

    <p class='ocr_par' dir='ltr' id='par_1_11' title="bbox 484 3049 1860 3526">
     <span class='ocr_line' id='line_1_31' title="bbox 490 3049 1859 3114; baseline -0.002 -8"><span class='ocrx_word' id='word_1_197' title='bbox 490 3054 588 3106; x_wconf 88' lang='lat' dir='ltr'><strong>aut</strong></span> <span class='ocrx_word' id='word_1_198' title='bbox 614 3049 890 3105; x_wconf 86' lang='lat' dir='ltr'><strong>virtutem</strong></span> <span class='ocrx_word' id='word_1_199' title='bbox 920 3050 1183 3102; x_wconf 88' lang='lat' dir='ltr'><strong>veterum</strong></span> <span class='ocrx_word' id='word_1_200' title='bbox 1217 3053 1733 3114; x_wconf 88' lang='lat' dir='ltr'><strong>sacramentorum,</strong></span> <span class='ocrx_word' id='word_1_201' title='bbox 1760 3054 1859 3104; x_wconf 87' lang='lat' dir='ltr'><strong>aut</strong></span> 
     </span>
     <span class='ocr_line' id='line_1_32' title="bbox 487 3127 1860 3203; baseline -0.001 -17"><span class='ocrx_word' id='word_1_202' title='bbox 487 3129 738 3203; x_wconf 87' lang='lat' dir='ltr'><strong>denique</strong></span> <span class='ocrx_word' id='word_1_203' title='bbox 760 3128 937 3185; x_wconf 87' lang='lat' dir='ltr'><strong>aliam</strong></span> <span class='ocrx_word' id='word_1_204' title='bbox 956 3127 1297 3202; x_wconf 82' lang='lat' dir='ltr'><strong>religionem</strong></span> <span class='ocrx_word' id='word_1_205' title='bbox 1321 3127 1547 3184; x_wconf 81' lang='lat' dir='ltr'><strong>falsam.</strong></span> <span class='ocrx_word' id='word_1_206' title='bbox 1575 3129 1645 3183; x_wconf 88' lang='lat' dir='ltr'><strong>Et</strong></span> <span class='ocrx_word' id='word_1_207' title='bbox 1666 3127 1729 3184; x_wconf 91' lang='lat' dir='ltr'><strong>in</strong></span> <span class='ocrx_word' id='word_1_208' title='bbox 1753 3127 1860 3185; x_wconf 90' lang='lat' dir='ltr'><strong>hoc</strong></span> 
     </span>
     <span class='ocr_line' id='line_1_33' title="bbox 485 3207 1858 3285; baseline -0.002 -17"><span class='ocrx_word' id='word_1_209' title='bbox 485 3208 791 3285; x_wconf 86' lang='lat' dir='ltr'><strong>posteriori</strong></span> <span class='ocrx_word' id='word_1_210' title='bbox 818 3223 991 3265; x_wconf 91' lang='lat' dir='ltr'><strong>sensu</strong></span> <span class='ocrx_word' id='word_1_211' title='bbox 1020 3207 1278 3280; x_wconf 91' lang='lat' dir='ltr'><strong>loquitur</strong></span> <span class='ocrx_word' id='word_1_212' title='bbox 1305 3208 1595 3265; x_wconf 88' lang='lat' dir='ltr'><strong>Martinus</strong></span> <span class='ocrx_word' id='word_1_213' title='bbox 1624 3210 1692 3266; x_wconf 87' lang='lat' dir='ltr'><strong>V.</strong></span> <span class='ocrx_word' id='word_1_214' title='bbox 1728 3210 1858 3265; x_wconf 77' lang='lat' dir='ltr'><strong>Haec</strong></span> 
     </span>
     <span class='ocr_line' id='line_1_34' title="bbox 489 3288 1851 3361; baseline -0.002 -13"><span class='ocrx_word' id='word_1_215' title='bbox 489 3296 682 3348; x_wconf 90' lang='lat' dir='ltr'><strong>autem</strong></span> <span class='ocrx_word' id='word_1_216' title='bbox 703 3290 922 3347; x_wconf 88' lang='lat' dir='ltr'><strong>cautela</strong></span> <span class='ocrx_word' id='word_1_217' title='bbox 943 3294 1079 3344; x_wconf 85' lang='lat' dir='ltr'><strong>tunc</strong></span> <span class='ocrx_word' id='word_1_218' title='bbox 1103 3288 1385 3361; x_wconf 73' lang='lat' dir='ltr'><strong>praecipue</strong></span> <span class='ocrx_word' id='word_1_219' title='bbox 1408 3290 1727 3347; x_wconf 86' lang='lat' dir='ltr'><strong>necessaria</strong></span> <span class='ocrx_word' id='word_1_220' title='bbox 1747 3295 1851 3357; x_wconf 89' lang='lat' dir='ltr'><strong>est,</strong></span> 
     </span>
     <span class='ocr_line' id='line_1_35' title="bbox 486 3370 1856 3446; baseline -0.001 -17"><span class='ocrx_word' id='word_1_221' title='bbox 486 3372 715 3446; x_wconf 90' lang='lat' dir='ltr'><strong>quando</strong></span> <span class='ocrx_word' id='word_1_222' title='bbox 745 3371 922 3429; x_wconf 87' lang='lat' dir='ltr'><strong>verba</strong></span> <span class='ocrx_word' id='word_1_223' title='bbox 949 3370 1020 3427; x_wconf 89' lang='lat' dir='ltr'><strong>ab</strong></span> <span class='ocrx_word' id='word_1_224' title='bbox 1042 3371 1325 3428; x_wconf 82' lang='lat' dir='ltr'><strong>haereticis</strong></span> <span class='ocrx_word' id='word_1_225' title='bbox 1349 3370 1757 3446; x_wconf 89' lang='lat' dir='ltr'><strong>intorquentur</strong></span> <span class='ocrx_word' id='word_1_226' title='bbox 1784 3371 1856 3429; x_wconf 90' lang='lat' dir='ltr'><strong>ad</strong></span> 
     </span>
     <span class='ocr_line' id='line_1_36' title="bbox 484 3448 1854 3526; baseline -0.001 -18"><span class='ocrx_word' id='word_1_227' title='bbox 484 3468 685 3510; x_wconf 87' lang='lat' dir='ltr'><strong>sensus</strong></span> <span class='ocrx_word' id='word_1_228' title='bbox 740 3452 932 3518; x_wconf 80' lang='lat' dir='ltr'><strong>faISOS,</strong></span> <span class='ocrx_word' id='word_1_229' title='bbox 978 3456 1034 3507; x_wconf 91' lang='lat' dir='ltr'><strong>et</strong></span> <span class='ocrx_word' id='word_1_230' title='bbox 1078 3450 1199 3505; x_wconf 87' lang='lat' dir='ltr'><strong>suis</strong></span> <span class='ocrx_word' id='word_1_231' title='bbox 1238 3448 1603 3526; x_wconf 82' lang='lat' dir='ltr'><strong>dogmatibus</strong></span> <span class='ocrx_word' id='word_1_232' title='bbox 1648 3453 1854 3510; x_wconf 91' lang='lat' dir='ltr'><strong>conni-</strong></span> 
     </span>
    </p>

    <p class='ocr_par' dir='ltr' id='par_1_12' title="bbox 273 3535 1854 3688">
     <span class='ocr_line' id='line_1_37' title="bbox 273 3535 1854 3600; baseline 0.004 -17"><span class='ocrx_word' id='word_1_233' title='bbox 273 3544 452 3587; x_wconf 82' lang='lat' dir='ltr'><strong>n.&#39;1·ho.</strong></span> <span class='ocrx_word' id='word_1_234' title='bbox 485 3538 683 3591; x_wconf 87' lang='lat' dir='ltr'><strong>ventes</strong></span> <span class='ocrx_word' id='word_1_235' title='bbox 697 3557 711 3600; x_wconf 89' lang='lat'>;</span> <span class='ocrx_word' id='word_1_236' title='bbox 743 3549 881 3589; x_wconf 87' lang='lat' dir='ltr'><strong>nam</strong></span> <span class='ocrx_word' id='word_1_237' title='bbox 928 3536 990 3587; x_wconf 91' lang='lat' dir='ltr'><strong>ut</strong></span> <span class='ocrx_word' id='word_1_238' title='bbox 1038 3535 1188 3588; x_wconf 90' lang='lat' dir='ltr'><strong>recte</strong></span> <span class='ocrx_word' id='word_1_239' title='bbox 1226 3536 1424 3589; x_wconf 90' lang='lat' dir='ltr'><strong>monet</strong></span> <span class='ocrx_word' id='word_1_240' title='bbox 1463 3535 1529 3589; x_wconf 92' lang='lat' dir='ltr'><strong>D.</strong></span> <span class='ocrx_word' id='word_1_241' title='bbox 1562 3535 1768 3591; x_wconf 91' lang='lat' dir='ltr'><strong>Thom.</strong></span> <span class='ocrx_word' id='word_1_242' title='bbox 1818 3535 1854 3589; x_wconf 90' lang='lat'><strong>3</strong></span> 
     </span>
     <span class='ocr_line' id='line_1_38' title="bbox 486 3609 1853 3688; baseline -0.001 -18"><span class='ocrx_word' id='word_1_243' title='bbox 486 3617 632 3688; x_wconf 90' lang='lat' dir='ltr'><strong>part.</strong></span> <span class='ocrx_word' id='word_1_244' title='bbox 664 3617 861 3687; x_wconf 80' lang='lat' dir='ltr'><strong>quaest.</strong></span> <span class='ocrx_word' id='word_1_245' title='bbox 901 3613 984 3679; x_wconf 83' lang='lat'><strong>16,</strong></span> <span class='ocrx_word' id='word_1_246' title='bbox 1016 3616 1127 3666; x_wconf 90' lang='lat' dir='ltr'><strong>art.</strong></span> <span class='ocrx_word' id='word_1_247' title='bbox 1154 3612 1189 3665; x_wconf 88' lang='lat'>8</span> <span class='ocrx_word' id='word_1_248' title='bbox 1229 3631 1243 3667; x_wconf 75' lang='grc' dir='ltr'><strong><em>ε</em></strong></span> <span class='ocrx_word' id='word_1_249' title='bbox 1273 3609 1373 3667; x_wconf 76' lang='lat' dir='ltr'><strong>Ea&gt;</strong></span> <span class='ocrx_word' id='word_1_250' title='bbox 1414 3614 1593 3669; x_wconf 80' lang='lat' dir='ltr'><strong>verbis</strong></span> <span class='ocrx_word' id='word_1_251' title='bbox 1635 3613 1853 3669; x_wconf 77' lang='lat' dir='ltr'><strong>inordi-</strong></span> 
     </span>
    </p>

    <p class='ocr_par' dir='ltr' id='par_1_13' title="bbox 481 3692 1853 3832">
     <span class='ocr_line' id='line_1_39' title="bbox 484 3692 1853 3767; baseline -0.001 -17"><span class='ocrx_word' id='word_1_252' title='bbox 484 3702 611 3751; x_wconf 81' lang='lat' dir='ltr'><strong>nate</strong></span> <span class='ocrx_word' id='word_1_253' title='bbox 644 3694 885 3767; x_wconf 80' lang='lat' dir='ltr'><strong>prolatis</strong></span> <span class='ocrx_word' id='word_1_254' title='bbox 911 3692 1222 3747; x_wconf 78' lang='lat' dir='ltr'><strong>incurritur</strong></span> <span class='ocrx_word' id='word_1_255' title='bbox 1259 3692 1493 3749; x_wconf 65' lang='lat' dir='ltr'><strong>haereSES.</strong></span> <span class='ocrx_word' id='word_1_256' title='bbox 1537 3693 1689 3751; x_wconf 81' lang='lat' dir='ltr'><strong>Unde</strong></span> <span class='ocrx_word' id='word_1_257' title='bbox 1727 3712 1853 3749; x_wconf 83' lang='lat' dir='ltr'><strong>cum</strong></span> 
     </span>
     <span class='ocr_line' id='line_1_40' title="bbox 481 3771 1852 3832; baseline -0.002 0"><span class='ocrx_word' id='word_1_258' title='bbox 481 3776 745 3832; x_wconf 53' lang='lat' dir='ltr'><strong>haretici-3</strong></span> <span class='ocrx_word' id='word_1_259' title='bbox 764 3791 859 3829; x_wconf 81' lang='lat' dir='ltr'><strong>nec</strong></span> <span class='ocrx_word' id='word_1_260' title='bbox 885 3774 1112 3828; x_wconf 79' lang='lat' dir='ltr'><strong>nomina</strong></span> <span class='ocrx_word' id='word_1_261' title='bbox 1132 3771 1380 3828; x_wconf 78' lang='lat' dir='ltr'><strong>debemus</strong></span> <span class='ocrx_word' id='word_1_262' title='bbox 1398 3773 1595 3830; x_wconf 76' lang='lat' dir='ltr'><strong>habere</strong></span> <span class='ocrx_word' id='word_1_263' title='bbox 1614 3792 1852 3831; x_wconf 81' lang='lat' dir='ltr'><strong>commu-</strong></span> 
     </span>
    </p>
   </div>
   <div class='ocr_carea' id='block_1_3' title="bbox 483 3853 1644 3925">
    <p class='ocr_par' dir='ltr' id='par_1_14' title="bbox 483 3853 1644 3925">
     <span class='ocr_line' id='line_1_41' title="bbox 483 3853 1644 3925; baseline -0.001 -13"><span class='ocrx_word' id='word_1_264' title='bbox 483 3857 602 3923; x_wconf 82' lang='lat' dir='ltr'><strong>nia,</strong></span> <span class='ocrx_word' id='word_1_265' title='bbox 628 3873 693 3912; x_wconf 80' lang='lat' dir='ltr'><strong>ne</strong></span> <span class='ocrx_word' id='word_1_266' title='bbox 719 3872 906 3910; x_wconf 81' lang='lat' dir='ltr'><strong>eorum</strong></span> <span class='ocrx_word' id='word_1_267' title='bbox 925 3854 1102 3908; x_wconf 77' lang='lat' dir='ltr'><strong>errori</strong></span> <span class='ocrx_word' id='word_1_268' title='bbox 1126 3853 1315 3925; x_wconf 82' lang='lat' dir='ltr'><strong>favere</strong></span> <span class='ocrx_word' id='word_1_269' title='bbox 1335 3854 1644 3911; x_wconf 76' lang='lat' dir='ltr'><strong>videamur.</strong></span> 
     </span>
    </p>
   </div>
   <div class='ocr_carea' id='block_1_4' title="bbox 483 4167 1847 4303">
    <p class='ocr_par' dir='ltr' id='par_1_15' title="bbox 483 4167 1847 4303">
     <span class='ocr_line' id='line_1_42' title="bbox 483 4167 1847 4247; baseline -0.006 -15"><span class='ocrx_word' id='word_1_270' title='bbox 483 4172 819 4247; x_wconf 76' lang='lat' dir='ltr'><strong>Refer-untur</strong></span> <span class='ocrx_word' id='word_1_271' title='bbox 864 4167 1234 4223; x_wconf 62' lang='lat' dir='ltr'><strong>haereticorum</strong></span> <span class='ocrx_word' id='word_1_272' title='bbox 1260 4169 1549 4233; x_wconf 60' lang='lat' dir='ltr'><strong>sententia,</strong></span> <span class='ocrx_word' id='word_1_273' title='bbox 1581 4174 1632 4223; x_wconf 74' lang='lat' dir='ltr'><strong>et</strong></span> <span class='ocrx_word' id='word_1_274' title='bbox 1657 4185 1847 4224; x_wconf 80' lang='lat' dir='ltr'><strong>eorum</strong></span> 
     </span>
     <span class='ocr_line' id='line_1_43' title="bbox 840 4246 1486 4303; baseline -0.002 0"><span class='ocrx_word' id='word_1_275' title='bbox 840 4248 1049 4303; x_wconf 84' lang='lat' dir='ltr'><strong>motiva</strong></span> <span class='ocrx_word' id='word_1_276' title='bbox 1088 4246 1486 4303; x_wconf 74' lang='lat' dir='ltr'><strong>convelluntur.</strong></span> 
     </span>
    </p>
   </div>
   <div class='ocr_carea' id='block_1_5' title="bbox 280 4407 1849 4976">
    <p class='ocr_par' dir='ltr' id='par_1_16' title="bbox 280 4407 1849 4976">
     <span class='ocr_line' id='line_1_44' title="bbox 292 4407 1849 4492; baseline -0.004 -17"><span class='ocrx_word' id='word_1_277' title='bbox 292 4448 432 4492; x_wconf 73' lang='lat' dir='ltr'><strong>Prima</strong></span> <span class='ocrx_word' id='word_1_278' title='bbox 555 4419 651 4474; x_wconf 81' lang='lat'><strong>27.</strong></span> <span class='ocrx_word' id='word_1_279' title='bbox 682 4416 890 4470; x_wconf 87' lang='lat' dir='ltr'><strong>Contra</strong></span> <span class='ocrx_word' id='word_1_280' title='bbox 919 4410 1171 4482; x_wconf 89' lang='lat' dir='ltr'><strong>primam</strong></span> <span class='ocrx_word' id='word_1_281' title='bbox 1198 4407 1621 4468; x_wconf 87' lang='lat' dir='ltr'><strong>conclusionem</strong></span> <span class='ocrx_word' id='word_1_282' title='bbox 1648 4426 1849 4469; x_wconf 85' lang='lat' dir='ltr'><strong>sense-</strong></span> 
     </span>
     <span class='ocr_line' id='line_1_45' title="bbox 280 4491 1848 4559; baseline -0.004 -3"><span class='ocrx_word' id='word_1_283' title='bbox 280 4504 450 4555; x_wconf 63' lang='lat'><strong>29111011·</strong></span> <span class='ocrx_word' id='word_1_284' title='bbox 484 4503 624 4556; x_wconf 91' lang='lat' dir='ltr'><strong>runt</strong></span> <span class='ocrx_word' id='word_1_285' title='bbox 674 4495 985 4559; x_wconf 84' lang='lat' dir='ltr'><strong>Lutherus,</strong></span> <span class='ocrx_word' id='word_1_286' title='bbox 1033 4498 1090 4550; x_wconf 89' lang='lat' dir='ltr'><strong>et</strong></span> <span class='ocrx_word' id='word_1_287' title='bbox 1138 4491 1482 4558; x_wconf 86' lang='lat' dir='ltr'><strong>Lutherani,</strong></span> <span class='ocrx_word' id='word_1_288' title='bbox 1533 4500 1848 4552; x_wconf 85' lang='lat' dir='ltr'><strong>asserentes</strong></span> 
     </span>
     <span class='ocr_line' id='line_1_46' title="bbox 281 4550 1848 4650; baseline -0.004 -11"><span class='ocrx_word' id='word_1_289' title='bbox 281 4550 451 4642; x_wconf 53' lang='lat' dir='ltr'><strong>‘effiffi</strong></span> <span class='ocrx_word' id='word_1_290' title='bbox 482 4582 712 4640; x_wconf 89' lang='lat' dir='ltr'><strong>nullum</strong></span> <span class='ocrx_word' id='word_1_291' title='bbox 734 4592 804 4634; x_wconf 84' lang='lat' dir='ltr'><strong>ex</strong></span> <span class='ocrx_word' id='word_1_292' title='bbox 827 4580 987 4649; x_wconf 91' lang='lat' dir='ltr'><strong>parte</strong></span> <span class='ocrx_word' id='word_1_293' title='bbox 1008 4573 1238 4631; x_wconf 87' lang='lat' dir='ltr'><strong>arbitrii</strong></span> <span class='ocrx_word' id='word_1_294' title='bbox 1263 4574 1482 4647; x_wconf 89' lang='lat' dir='ltr'><strong>requiri</strong></span> <span class='ocrx_word' id='word_1_295' title='bbox 1507 4581 1714 4644; x_wconf 90' lang='lat' dir='ltr'><strong>actum,</strong></span> <span class='ocrx_word' id='word_1_296' title='bbox 1735 4593 1848 4650; x_wconf 93' lang='lat' dir='ltr'><strong>quo</strong></span> 
     </span>
     <span class='ocr_line' id='line_1_47' title="bbox 480 4654 1847 4737; baseline -0.004 -16"><span class='ocrx_word' id='word_1_297' title='bbox 480 4662 698 4737; x_wconf 90' lang='lat' dir='ltr'><strong>impius</strong></span> <span class='ocrx_word' id='word_1_298' title='bbox 727 4657 797 4715; x_wconf 89' lang='lat' dir='ltr'><strong>ad</strong></span> <span class='ocrx_word' id='word_1_299' title='bbox 838 4673 1001 4713; x_wconf 86' lang='lat' dir='ltr'><strong>suam</strong></span> <span class='ocrx_word' id='word_1_300' title='bbox 1022 4655 1307 4729; x_wconf 87' lang='lat' dir='ltr'><strong>justitiam</strong></span> <span class='ocrx_word' id='word_1_301' title='bbox 1339 4654 1678 4729; x_wconf 85' lang='lat' dir='ltr'><strong>disponatur</strong></span> <span class='ocrx_word' id='word_1_302' title='bbox 1703 4682 1717 4716; x_wconf 71' lang='grc' dir='ltr'><strong>ι</strong></span> <span class='ocrx_word' id='word_1_303' title='bbox 1747 4658 1847 4716; x_wconf 87' lang='lat' dir='ltr'><strong>sed</strong></span> 
     </span>
     <span class='ocr_line' id='line_1_48' title="bbox 477 4737 1846 4818; baseline -0.004 -15"><span class='ocrx_word' id='word_1_304' title='bbox 477 4748 562 4805; x_wconf 90' lang='lat' dir='ltr'><strong>ita</strong></span> <span class='ocrx_word' id='word_1_305' title='bbox 588 4741 812 4818; x_wconf 80' lang='lat' dir='ltr'><strong>passive</strong></span> <span class='ocrx_word' id='word_1_306' title='bbox 835 4754 897 4796; x_wconf 88' lang='lat' dir='ltr'><strong>se</strong></span> <span class='ocrx_word' id='word_1_307' title='bbox 923 4738 1134 4796; x_wconf 87' lang='lat' dir='ltr'><strong>habere</strong></span> <span class='ocrx_word' id='word_1_308' title='bbox 1155 4738 1220 4794; x_wconf 92' lang='lat' dir='ltr'><strong>in</strong></span> <span class='ocrx_word' id='word_1_309' title='bbox 1249 4737 1354 4795; x_wconf 90' lang='lat' dir='ltr'><strong>hoc</strong></span> <span class='ocrx_word' id='word_1_310' title='bbox 1381 4740 1625 4813; x_wconf 87' lang='lat' dir='ltr'><strong>negotio,</strong></span> <span class='ocrx_word' id='word_1_311' title='bbox 1658 4757 1724 4798; x_wconf 84' lang='lat' dir='ltr'><strong>ac</strong></span> <span class='ocrx_word' id='word_1_312' title='bbox 1751 4743 1846 4797; x_wconf 90' lang='lat' dir='ltr'><strong>lu-</strong></span> 
     </span>
     <span class='ocr_line' id='line_1_49' title="bbox 476 4819 1846 4895; baseline -0.004 -10"><span class='ocrx_word' id='word_1_313' title='bbox 476 4834 600 4885; x_wconf 89' lang='lat' dir='ltr'><strong>tum</strong></span> <span class='ocrx_word' id='word_1_314' title='bbox 632 4826 694 4882; x_wconf 88' lang='lat' dir='ltr'><strong>in</strong></span> <span class='ocrx_word' id='word_1_315' title='bbox 721 4838 899 4880; x_wconf 90' lang='lat' dir='ltr'><strong>manu</strong></span> <span class='ocrx_word' id='word_1_316' title='bbox 949 4819 1129 4895; x_wconf 84' lang='lat' dir='ltr'><strong>figuli.</strong></span> <span class='ocrx_word' id='word_1_317' title='bbox 1161 4819 1464 4893; x_wconf 85' lang='lat' dir='ltr'><strong>Philippus</strong></span> <span class='ocrx_word' id='word_1_318' title='bbox 1503 4827 1692 4880; x_wconf 90' lang='lat' dir='ltr'><strong>autem</strong></span> <span class='ocrx_word' id='word_1_319' title='bbox 1719 4824 1846 4879; x_wconf 90' lang='lat' dir='ltr'><strong>Me-</strong></span> 
     </span>
     <span class='ocr_line' id='line_1_50' title="bbox 480 4900 1845 4976; baseline -0.004 -10"><span class='ocrx_word' id='word_1_320' title='bbox 480 4907 755 4966; x_wconf 88' lang='lat' dir='ltr'><strong>lancthon</strong></span> <span class='ocrx_word' id='word_1_321' title='bbox 798 4901 1163 4976; x_wconf 85' lang='lat' dir='ltr'><strong>praeceptoris</strong></span> <span class='ocrx_word' id='word_1_322' title='bbox 1211 4900 1464 4975; x_wconf 89' lang='lat' dir='ltr'><strong>rigorem</strong></span> <span class='ocrx_word' id='word_1_323' title='bbox 1521 4908 1845 4975; x_wconf 88' lang='lat' dir='ltr'><strong>temperare</strong></span> 
     </span>
    </p>
   </div>
   <div class='ocr_carea' id='block_1_6' title="bbox 476 4980 1842 5057">
    <p class='ocr_par' dir='ltr' id='par_1_17' title="bbox 476 4980 1842 5057">
     <span class='ocr_line' id='line_1_51' title="bbox 476 4980 1842 5057; baseline -0.004 -13"><span class='ocrx_word' id='word_1_324' title='bbox 476 4989 678 5046; x_wconf 87' lang='lat' dir='ltr'><strong>volens</strong></span> <span class='ocrx_word' id='word_1_325' title='bbox 704 4982 996 5047; x_wconf 85' lang='lat' dir='ltr'><strong>concessit,</strong></span> <span class='ocrx_word' id='word_1_326' title='bbox 1052 4980 1270 5054; x_wconf 89' lang='lat' dir='ltr'><strong>requiri</strong></span> <span class='ocrx_word' id='word_1_327' title='bbox 1316 4980 1550 5054; x_wconf 90' lang='lat' dir='ltr'><strong>quidem</strong></span> <span class='ocrx_word' id='word_1_328' title='bbox 1590 4984 1842 5057; x_wconf 88' lang='lat' dir='ltr'><strong>aliquem</strong></span> 
     </span>
    </p>
   </div>
   <div class='ocr_carea' id='block_1_7' title="bbox 497 2643 1949 2716">
    <p class='ocr_par' dir='ltr' id='par_1_18' title="bbox 497 2643 1949 2716">
     <span class='ocr_line' id='line_1_52' title="bbox 497 2643 1949 2716; baseline 0.003 -18"><span class='ocrx_word' id='word_1_329' title='bbox 497 2660 652 2699; x_wconf 80' lang='lat' dir='ltr'><strong>num.</strong></span> <span class='ocrx_word' id='word_1_330' title='bbox 685 2645 739 2700; x_wconf 91' lang='lat'><strong>8.</strong></span> <span class='ocrx_word' id='word_1_331' title='bbox 771 2647 883 2699; x_wconf 86' lang='lat' dir='ltr'><strong>Nec</strong></span> <span class='ocrx_word' id='word_1_332' title='bbox 929 2643 1253 2716; x_wconf 90' lang='lat' dir='ltr'><strong>oppositum</strong></span> <span class='ocrx_word' id='word_1_333' title='bbox 1298 2643 1573 2699; x_wconf 84' lang='lat' dir='ltr'><strong>evincunt</strong></span> <span class='ocrx_word' id='word_1_334' title='bbox 1597 2643 1858 2701; x_wconf 86' lang='lat' dir='ltr'><strong>authori·</strong></span> <span class='ocrx_word' id='word_1_335' title='bbox 1942 2694 1949 2702; x_wconf 83' lang='grc'><strong>.</strong></span> 
     </span>
    </p>
   </div>
   <div class='ocr_carea' id='block_1_8' title="bbox 2006 536 3647 1429">
    <p class='ocr_par' dir='ltr' id='par_1_19' title="bbox 2009 536 3576 943">
     <span class='ocr_line' id='line_1_53' title="bbox 2012 536 3391 605; baseline 0.001 -11"><span class='ocrx_word' id='word_1_336' title='bbox 2012 543 2219 605; x_wconf 88' lang='lat' dir='ltr'><strong>actum,</strong></span> <span class='ocrx_word' id='word_1_337' title='bbox 2250 536 2348 594; x_wconf 90' lang='lat' dir='ltr'><strong>sed</strong></span> <span class='ocrx_word' id='word_1_338' title='bbox 2389 538 2676 595; x_wconf 84' lang='lat' dir='ltr'><strong>asserebat</strong></span> <span class='ocrx_word' id='word_1_339' title='bbox 2716 539 2877 596; x_wconf 81' lang='lat' dir='ltr'><strong>hunc</strong></span> <span class='ocrx_word' id='word_1_340' title='bbox 2909 556 2946 596; x_wconf 77' lang='lat' dir='ltr'><strong>a</strong></span> <span class='ocrx_word' id='word_1_341' title='bbox 2986 541 3104 598; x_wconf 81' lang='lat' dir='ltr'><strong>Deo</strong></span> <span class='ocrx_word' id='word_1_342' title='bbox 3146 540 3391 597; x_wconf 75' lang='lat' dir='ltr'><strong>infundi</strong></span> 
     </span>
     <span class='ocr_line' id='line_1_54' title="bbox 2010 621 3394 693; baseline 0.004 -17"><span class='ocrx_word' id='word_1_343' title='bbox 2010 622 2307 678; x_wconf 86' lang='lat' dir='ltr'><strong>voluntate</strong></span> <span class='ocrx_word' id='word_1_344' title='bbox 2349 622 2570 693; x_wconf 78' lang='lat' dir='ltr'><strong>passive</strong></span> <span class='ocrx_word' id='word_1_345' title='bbox 2613 638 2675 678; x_wconf 91' lang='lat' dir='ltr'><strong>se</strong></span> <span class='ocrx_word' id='word_1_346' title='bbox 2713 621 2976 687; x_wconf 76' lang='lat' dir='ltr'><strong>habente,</strong></span> <span class='ocrx_word' id='word_1_347' title='bbox 3026 629 3090 679; x_wconf 85' lang='lat' dir='ltr'><strong>ut</strong></span> <span class='ocrx_word' id='word_1_348' title='bbox 3124 623 3394 683; x_wconf 67' lang='lat' dir='ltr'><strong>retenirit</strong></span> 
     </span>
     <span class='ocr_line' id='line_1_55' title="bbox 2011 703 3576 779; baseline 0.006 -19"><span class='ocrx_word' id='word_1_349' title='bbox 2011 703 2264 761; x_wconf 79' lang='lat' dir='ltr'><strong>RoffenS.</strong></span> <span class='ocrx_word' id='word_1_350' title='bbox 2285 711 2400 759; x_wconf 79' lang='lat' dir='ltr'><strong>art.</strong></span> <span class='ocrx_word' id='word_1_351' title='bbox 2422 705 2514 770; x_wconf 82' lang='lat'><strong>36,</strong></span> <span class='ocrx_word' id='word_1_352' title='bbox 2539 713 2731 762; x_wconf 75' lang='lat' dir='ltr'><strong>contra</strong></span> <span class='ocrx_word' id='word_1_353' title='bbox 2751 705 3073 771; x_wconf 76' lang='lat' dir='ltr'><strong>Lutherum,</strong></span> <span class='ocrx_word' id='word_1_354' title='bbox 3094 707 3576 779; x_wconf 58' lang='lat' dir='ltr'><strong>Staplew—m.</strong></span> 
     </span>
     <span class='ocr_line' id='line_1_56' title="bbox 2011 772 3564 866; baseline 0.004 -24"><span class='ocrx_word' id='word_1_355' title='bbox 2011 787 2145 842; x_wconf 79' lang='lat' dir='ltr'><strong>nius</strong></span> <span class='ocrx_word' id='word_1_356' title='bbox 2167 786 2263 842; x_wconf 71' lang='lat' dir='ltr'><strong>lib.</strong></span> <span class='ocrx_word' id='word_1_357' title='bbox 2286 788 2338 848; x_wconf 84' lang='grc'><strong>4,</strong></span> <span class='ocrx_word' id='word_1_358' title='bbox 2367 786 2751 857; x_wconf 58' lang='lat' dir='ltr'><strong>delusum-at.</strong></span> <span class='ocrx_word' id='word_1_359' title='bbox 2783 788 2876 843; x_wconf 63' lang='grc' dir='ltr'><strong>ια».</strong></span> <span class='ocrx_word' id='word_1_360' title='bbox 2920 790 2965 854; x_wconf 91' lang='lat'><strong>1,</strong></span> <span class='ocrx_word' id='word_1_361' title='bbox 2996 790 3163 845; x_wconf 71' lang='lat' dir='ltr'><strong>sotus</strong></span> <span class='ocrx_word' id='word_1_362' title='bbox 3195 790 3295 846; x_wconf 76' lang='lat' dir='ltr'><strong>lib.</strong></span> <span class='ocrx_word' id='word_1_363' title='bbox 3334 772 3564 866; x_wconf 48' lang='lat' dir='ltr'><strong>uffi-</strong></span> 
     </span>
     <span class='ocr_line' id='line_1_57' title="bbox 2009 867 3383 943; baseline 0.004 -22"><span class='ocrx_word' id='word_1_364' title='bbox 2009 867 2075 921; x_wconf 76' lang='lat' dir='ltr'><strong>de</strong></span> <span class='ocrx_word' id='word_1_365' title='bbox 2099 874 2323 932; x_wconf 72' lang='lat' dir='ltr'><strong>natura,</strong></span> <span class='ocrx_word' id='word_1_366' title='bbox 2342 875 2392 922; x_wconf 80' lang='lat' dir='ltr'><strong>et</strong></span> <span class='ocrx_word' id='word_1_367' title='bbox 2404 871 2612 937; x_wconf 73' lang='lat' dir='ltr'><strong>qratia,</strong></span> <span class='ocrx_word' id='word_1_368' title='bbox 2632 886 2754 940; x_wconf 83' lang='lat' dir='ltr'><strong>cap.</strong></span> <span class='ocrx_word' id='word_1_369' title='bbox 2791 870 2870 935; x_wconf 83' lang='lat'><strong>16,</strong></span> <span class='ocrx_word' id='word_1_370' title='bbox 2895 875 2951 924; x_wconf 89' lang='lat' dir='ltr'><strong>et</strong></span> <span class='ocrx_word' id='word_1_371' title='bbox 2968 869 3064 923; x_wconf 78' lang='lat' dir='ltr'><strong>lib.</strong></span> <span class='ocrx_word' id='word_1_372' title='bbox 3087 871 3143 935; x_wconf 82' lang='lat'><strong>2,</strong></span> <span class='ocrx_word' id='word_1_373' title='bbox 3169 888 3296 943; x_wconf 82' lang='lat' dir='ltr'><strong>cap.</strong></span> <span class='ocrx_word' id='word_1_374' title='bbox 3332 873 3383 934; x_wconf 84' lang='lat' dir='ltr'><strong>l,</strong></span> 
     </span>
    </p>

    <p class='ocr_par' dir='ltr' id='par_1_20' title="bbox 2010 947 3388 1100">
     <span class='ocr_line' id='line_1_58' title="bbox 2010 947 3388 1020; baseline 0.004 -17"><span class='ocrx_word' id='word_1_375' title='bbox 2010 951 2066 1003; x_wconf 91' lang='lat' dir='ltr'><strong>et</strong></span> <span class='ocrx_word' id='word_1_376' title='bbox 2093 947 2216 1002; x_wconf 88' lang='lat' dir='ltr'><strong>alii.</strong></span> <span class='ocrx_word' id='word_1_377' title='bbox 2251 948 2542 1005; x_wconf 82' lang='lat' dir='ltr'><strong>Haereticis</strong></span> <span class='ocrx_word' id='word_1_378' title='bbox 2586 948 3011 1020; x_wconf 91' lang='lat' dir='ltr'><strong>quodammodo</strong></span> <span class='ocrx_word' id='word_1_379' title='bbox 3051 950 3286 1015; x_wconf 84' lang='lat' dir='ltr'><strong>favisse,</strong></span> <span class='ocrx_word' id='word_1_380' title='bbox 3320 969 3388 1009; x_wconf 89' lang='lat' dir='ltr'><strong>ac</strong></span> 
     </span>
     <span class='ocr_line' id='line_1_59' title="bbox 2012 1029 3384 1100; baseline 0.006 -17"><span class='ocrx_word' id='word_1_381' title='bbox 2012 1029 2345 1100; x_wconf 62' lang='lat' dir='ltr'><strong>praeluxisse</strong></span> <span class='ocrx_word' id='word_1_382' title='bbox 2392 1029 2619 1086; x_wconf 83' lang='lat' dir='ltr'><strong>videtur</strong></span> <span class='ocrx_word' id='word_1_383' title='bbox 2667 1032 2947 1087; x_wconf 85' lang='lat' dir='ltr'><strong>Henricus</strong></span> <span class='ocrx_word' id='word_1_384' title='bbox 2994 1030 3065 1089; x_wconf 95' lang='lat' dir='ltr'><strong>de</strong></span> <span class='ocrx_word' id='word_1_385' title='bbox 3105 1033 3384 1091; x_wconf 83' lang='lat' dir='ltr'><strong>Gandavo</strong></span> 
     </span>
    </p>

    <p class='ocr_par' dir='ltr' id='par_1_21' title="bbox 2009 1110 3381 1188">
     <span class='ocr_line' id='line_1_60' title="bbox 2009 1110 3381 1188; baseline 0.005 -24"><span class='ocrx_word' id='word_1_386' title='bbox 2009 1110 2125 1180; x_wconf 89' lang='lat' dir='ltr'><strong>(vir</strong></span> <span class='ocrx_word' id='word_1_387' title='bbox 2170 1112 2312 1166; x_wconf 89' lang='lat' dir='ltr'><strong>alias</strong></span> <span class='ocrx_word' id='word_1_388' title='bbox 2359 1111 2702 1179; x_wconf 70' lang='lat' dir='ltr'><strong>catholicus)</strong></span> <span class='ocrx_word' id='word_1_389' title='bbox 2728 1112 2963 1183; x_wconf 78' lang='lat' dir='ltr'><strong>quodlib.</strong></span> <span class='ocrx_word' id='word_1_390' title='bbox 2998 1114 3051 1178; x_wconf 86' lang='lat'><strong>5,</strong></span> <span class='ocrx_word' id='word_1_391' title='bbox 3085 1122 3271 1188; x_wconf 62' lang='lat' dir='ltr'><strong>qums-t.</strong></span> <span class='ocrx_word' id='word_1_392' title='bbox 3304 1117 3381 1171; x_wconf 78' lang='grc'><strong>2-2</strong></span> 
     </span>
    </p>

    <p class='ocr_par' dir='ltr' id='par_1_22' title="bbox 2007 1191 3382 1348">
     <span class='ocr_line' id='line_1_61' title="bbox 2007 1191 3382 1268; baseline 0.004 -23"><span class='ocrx_word' id='word_1_393' title='bbox 2007 1198 2058 1245; x_wconf 78' lang='lat' dir='ltr'><strong>et</strong></span> <span class='ocrx_word' id='word_1_394' title='bbox 2083 1192 2175 1257; x_wconf 76' lang='lat'><strong>23,</strong></span> <span class='ocrx_word' id='word_1_395' title='bbox 2210 1191 2306 1248; x_wconf 91' lang='lat' dir='ltr'><strong>ubi</strong></span> <span class='ocrx_word' id='word_1_396' title='bbox 2335 1191 2600 1252; x_wconf 86' lang='lat' dir='ltr'><strong>affirmat.</strong></span> <span class='ocrx_word' id='word_1_397' title='bbox 2626 1207 2742 1248; x_wconf 89' lang='lat' dir='ltr'><strong>non</strong></span> <span class='ocrx_word' id='word_1_398' title='bbox 2766 1194 2984 1265; x_wconf 89' lang='lat' dir='ltr'><strong>requiri</strong></span> <span class='ocrx_word' id='word_1_399' title='bbox 3008 1193 3077 1249; x_wconf 93' lang='lat' dir='ltr'><strong>ad</strong></span> <span class='ocrx_word' id='word_1_400' title='bbox 3095 1193 3382 1268; x_wconf 88' lang='lat' dir='ltr'><strong>justifica-</strong></span> 
     </span>
     <span class='ocr_line' id='line_1_62' title="bbox 2008 1271 3374 1348; baseline 0.004 -21"><span class='ocrx_word' id='word_1_401' title='bbox 2008 1271 2226 1328; x_wconf 89' lang='lat' dir='ltr'><strong>tionem</strong></span> <span class='ocrx_word' id='word_1_402' title='bbox 2274 1271 2486 1336; x_wconf 89' lang='lat' dir='ltr'><strong>adulti,</strong></span> <span class='ocrx_word' id='word_1_403' title='bbox 2537 1271 2685 1344; x_wconf 87' lang='lat' dir='ltr'><strong>quod</strong></span> <span class='ocrx_word' id='word_1_404' title='bbox 2735 1274 2975 1345; x_wconf 77' lang='lat' dir='ltr'><strong>positive</strong></span> <span class='ocrx_word' id='word_1_405' title='bbox 3017 1282 3374 1348; x_wconf 85' lang='lat' dir='ltr'><strong>cooperetur,</strong></span> 
     </span>
    </p>

    <p class='ocr_par' dir='ltr' id='par_1_23' title="bbox 2006 1325 3647 1429">
     <span class='ocr_line' id='line_1_63' title="bbox 2006 1325 3647 1429; baseline 0.004 -21"><span class='ocrx_word' id='word_1_406' title='bbox 2006 1358 2064 1408; x_wconf 88' lang='lat' dir='ltr'><strong>et</strong></span> <span class='ocrx_word' id='word_1_407' title='bbox 2088 1353 2426 1422; x_wconf 86' lang='lat' dir='ltr'><strong>consentiat;</strong></span> <span class='ocrx_word' id='word_1_408' title='bbox 2453 1353 2552 1410; x_wconf 91' lang='lat' dir='ltr'><strong>sed</strong></span> <span class='ocrx_word' id='word_1_409' title='bbox 2579 1353 2836 1410; x_wconf 84' lang='lat' dir='ltr'><strong>sufficere</strong></span> <span class='ocrx_word' id='word_1_410' title='bbox 2875 1354 3025 1428; x_wconf 93' lang='lat' dir='ltr'><strong>quod</strong></span> <span class='ocrx_word' id='word_1_411' title='bbox 3054 1371 3172 1412; x_wconf 90' lang='lat' dir='ltr'><strong>non</strong></span> <span class='ocrx_word' id='word_1_412' title='bbox 3201 1372 3379 1429; x_wconf 86' lang='lat' dir='ltr'><strong>repu-</strong></span> <span class='ocrx_word' id='word_1_413' title='bbox 3633 1325 3647 1426; x_wconf 54' lang='lat' dir='ltr'>J</span> 
     </span>
    </p>
   </div>
   <div class='ocr_carea' id='block_1_9' title="bbox 2001 1439 3647 2151">
    <p class='ocr_par' dir='ltr' id='par_1_24' title="bbox 2001 1439 3647 2151">
     <span class='ocr_line' id='line_1_64' title="bbox 2086 1439 3636 1491; baseline 0.003 0"><span class='ocrx_word' id='word_1_414' title='bbox 2086 1439 2159 1491; x_wconf 84' lang='lat' dir='ltr'><strong>et.</strong></span> <span class='ocrx_word' id='word_1_415' title='bbox 3627 1477 3636 1488; x_wconf 86' lang='lat'>·</span> 
     </span>
     <span class='ocr_line' id='line_1_65' title="bbox 2005 1450 3642 1582; baseline 0.006 -20"><span class='ocrx_word' id='word_1_416' title='bbox 2005 1450 2347 1565; x_wconf 74' lang='lat' dir='ltr'><strong>gnPrimum</strong></span> <span class='ocrx_word' id='word_1_417' title='bbox 2375 1509 2773 1567; x_wconf 83' lang='lat' dir='ltr'><strong>haereticorum</strong></span> <span class='ocrx_word' id='word_1_418' title='bbox 2798 1510 3243 1568; x_wconf 82' lang='lat' dir='ltr'><strong>fundamentum</strong></span> <span class='ocrx_word' id='word_1_419' title='bbox 3262 1517 3370 1578; x_wconf 89' lang='lat' dir='ltr'><strong>est,</strong></span> <span class='ocrx_word' id='word_1_420' title='bbox 3390 1523 3590 1572; x_wconf 77' lang='lat' dir='ltr'><strong>Primum</strong></span> <span class='ocrx_word' id='word_1_421' title='bbox 3621 1531 3642 1582; x_wconf 65' lang='lat'><strong>¹,</strong></span> 
     </span>
     <span class='ocr_line' id='line_1_66' title="bbox 2005 1586 3647 1670; baseline 0.003 -27"><span class='ocrx_word' id='word_1_422' title='bbox 2005 1588 2142 1661; x_wconf 86' lang='lat' dir='ltr'><strong>quia</strong></span> <span class='ocrx_word' id='word_1_423' title='bbox 2181 1588 2355 1646; x_wconf 90' lang='lat' dir='ltr'><strong>homo</strong></span> <span class='ocrx_word' id='word_1_424' title='bbox 2384 1588 2453 1646; x_wconf 91' lang='lat' dir='ltr'><strong>de</strong></span> <span class='ocrx_word' id='word_1_425' title='bbox 2481 1591 2626 1648; x_wconf 85' lang='lat' dir='ltr'><strong>facto</strong></span> <span class='ocrx_word' id='word_1_426' title='bbox 2653 1607 2770 1647; x_wconf 92' lang='lat' dir='ltr'><strong>non</strong></span> <span class='ocrx_word' id='word_1_427' title='bbox 2799 1590 2968 1647; x_wconf 89' lang='lat' dir='ltr'><strong>habet</strong></span> <span class='ocrx_word' id='word_1_428' title='bbox 2995 1591 3246 1648; x_wconf 84' lang='lat' dir='ltr'><strong>liberum</strong></span> <span class='ocrx_word' id='word_1_429' title='bbox 3275 1586 3608 1670; x_wconf 45' lang='lat' dir='ltr'><strong>abffim.</strong></span> <span class='ocrx_word' id='word_1_430' title='bbox 3633 1615 3647 1648; x_wconf 70' lang='grc' dir='ltr'>ι</span> 
     </span>
     <span class='ocr_line' id='line_1_67' title="bbox 2005 1667 3375 1744; baseline 0.004 -20"><span class='ocrx_word' id='word_1_431' title='bbox 2005 1667 2248 1725; x_wconf 90' lang='lat' dir='ltr'><strong>bitrium</strong></span> <span class='ocrx_word' id='word_1_432' title='bbox 2278 1691 2292 1724; x_wconf 91' lang='lat'><strong>:</strong></span> <span class='ocrx_word' id='word_1_433' title='bbox 2314 1685 2450 1744; x_wconf 88' lang='lat' dir='ltr'><strong>ergo</strong></span> <span class='ocrx_word' id='word_1_434' title='bbox 2472 1686 2589 1728; x_wconf 91' lang='lat' dir='ltr'><strong>non</strong></span> <span class='ocrx_word' id='word_1_435' title='bbox 2607 1688 2668 1728; x_wconf 90' lang='lat' dir='ltr'><strong>se</strong></span> <span class='ocrx_word' id='word_1_436' title='bbox 2690 1670 2872 1728; x_wconf 89' lang='lat' dir='ltr'><strong>libere</strong></span> <span class='ocrx_word' id='word_1_437' title='bbox 2885 1672 3140 1744; x_wconf 90' lang='lat' dir='ltr'><strong>disponit</strong></span> <span class='ocrx_word' id='word_1_438' title='bbox 3160 1673 3230 1728; x_wconf 90' lang='lat' dir='ltr'><strong>ad</strong></span> <span class='ocrx_word' id='word_1_439' title='bbox 3243 1689 3375 1731; x_wconf 87' lang='lat' dir='ltr'><strong>con·</strong></span> 
     </span>
     <span class='ocr_line' id='line_1_68' title="bbox 2003 1750 3368 1827; baseline 0.004 -21"><span class='ocrx_word' id='word_1_440' title='bbox 2003 1750 2352 1823; x_wconf 87' lang='lat' dir='ltr'><strong>sequendam</strong></span> <span class='ocrx_word' id='word_1_441' title='bbox 2375 1753 2680 1826; x_wconf 85' lang='lat' dir='ltr'><strong>justitiam.</strong></span> <span class='ocrx_word' id='word_1_442' title='bbox 2714 1752 3073 1810; x_wconf 80' lang='lat' dir='ltr'><strong>Antecedens</strong></span> <span class='ocrx_word' id='word_1_443' title='bbox 3104 1754 3368 1827; x_wconf 88' lang='lat' dir='ltr'><strong>probant,</strong></span> 
     </span>
     <span class='ocr_line' id='line_1_69' title="bbox 2003 1831 3374 1906; baseline 0.004 -20"><span class='ocrx_word' id='word_1_444' title='bbox 2003 1835 2128 1886; x_wconf 89' lang='lat' dir='ltr'><strong>tum</strong></span> <span class='ocrx_word' id='word_1_445' title='bbox 2158 1832 2294 1904; x_wconf 91' lang='lat' dir='ltr'><strong>quia</strong></span> <span class='ocrx_word' id='word_1_446' title='bbox 2322 1831 2497 1890; x_wconf 90' lang='lat' dir='ltr'><strong>homo</strong></span> <span class='ocrx_word' id='word_1_447' title='bbox 2525 1850 2626 1906; x_wconf 88' lang='lat' dir='ltr'><strong>per</strong></span> <span class='ocrx_word' id='word_1_448' title='bbox 2656 1839 2945 1906; x_wconf 86' lang='lat' dir='ltr'><strong>peccatum</strong></span> <span class='ocrx_word' id='word_1_449' title='bbox 2969 1836 3164 1890; x_wconf 89' lang='lat' dir='ltr'><strong>amisit</strong></span> <span class='ocrx_word' id='word_1_450' title='bbox 3192 1834 3374 1892; x_wconf 90' lang='lat' dir='ltr'><strong>liber-</strong></span> 
     </span>
     <span class='ocr_line' id='line_1_70' title="bbox 2004 1913 3374 1988; baseline 0.004 -21"><span class='ocrx_word' id='word_1_451' title='bbox 2004 1916 2202 1979; x_wconf 85' lang='lat' dir='ltr'><strong>tatem,</strong></span> <span class='ocrx_word' id='word_1_452' title='bbox 2243 1914 2446 1969; x_wconf 88' lang='lat' dir='ltr'><strong>saltem</strong></span> <span class='ocrx_word' id='word_1_453' title='bbox 2488 1913 2559 1968; x_wconf 92' lang='lat' dir='ltr'><strong>ad</strong></span> <span class='ocrx_word' id='word_1_454' title='bbox 2599 1913 2815 1971; x_wconf 89' lang='lat' dir='ltr'><strong>bonum</strong></span> <span class='ocrx_word' id='word_1_455' title='bbox 2842 1934 2854 1966; x_wconf 75' lang='grc' dir='ltr'>ε</span> <span class='ocrx_word' id='word_1_456' title='bbox 2882 1923 3004 1971; x_wconf 88' lang='lat' dir='ltr'><strong>tum</strong></span> <span class='ocrx_word' id='word_1_457' title='bbox 3047 1918 3185 1988; x_wconf 89' lang='lat' dir='ltr'><strong>quia</strong></span> <span class='ocrx_word' id='word_1_458' title='bbox 3227 1918 3374 1973; x_wconf 88' lang='lat' dir='ltr'><strong>Deus</strong></span> 
     </span>
     <span class='ocr_line' id='line_1_71' title="bbox 2002 1993 3372 2055; baseline 0.004 -8"><span class='ocrx_word' id='word_1_459' title='bbox 2002 1998 2195 2049; x_wconf 86' lang='lat' dir='ltr'><strong>movet</strong></span> <span class='ocrx_word' id='word_1_460' title='bbox 2216 1993 2295 2049; x_wconf 91' lang='lat' dir='ltr'><strong>ita</strong></span> <span class='ocrx_word' id='word_1_461' title='bbox 2322 1993 2622 2050; x_wconf 89' lang='lat' dir='ltr'><strong>efficaciter</strong></span> <span class='ocrx_word' id='word_1_462' title='bbox 2647 2011 2751 2051; x_wconf 89' lang='lat' dir='ltr'><strong>suo</strong></span> <span class='ocrx_word' id='word_1_463' title='bbox 2772 1996 2992 2053; x_wconf 84' lang='lat' dir='ltr'><strong>auxilio</strong></span> <span class='ocrx_word' id='word_1_464' title='bbox 3014 1998 3372 2055; x_wconf 79' lang='lat' dir='ltr'><strong>voluntatem</strong></span> 
     </span>
     <span class='ocr_line' id='line_1_72' title="bbox 2001 2076 3371 2151; baseline 0.004 -23"><span class='ocrx_word' id='word_1_465' title='bbox 2001 2079 2272 2141; x_wconf 90' lang='lat' dir='ltr'><strong>creatam,</strong></span> <span class='ocrx_word' id='word_1_466' title='bbox 2304 2080 2367 2129; x_wconf 89' lang='lat' dir='ltr'><strong>ut</strong></span> <span class='ocrx_word' id='word_1_467' title='bbox 2412 2090 2530 2131; x_wconf 91' lang='lat' dir='ltr'><strong>non</strong></span> <span class='ocrx_word' id='word_1_468' title='bbox 2560 2076 2849 2149; x_wconf 87' lang='lat' dir='ltr'><strong>relinquat</strong></span> <span class='ocrx_word' id='word_1_469' title='bbox 2895 2076 3005 2149; x_wconf 89' lang='lat' dir='ltr'><strong>ipsi</strong></span> <span class='ocrx_word' id='word_1_470' title='bbox 3036 2084 3371 2151; x_wconf 88' lang='lat' dir='ltr'><strong>potestatem</strong></span> 
     </span>
    </p>
   </div>
   <div class='ocr_carea' id='block_1_10' title="bbox 1976 2153 3578 4975">
    <p class='ocr_par' dir='ltr' id='par_1_25' title="bbox 2003 2153 2802 2211">
     <span class='ocr_line' id='line_1_73' title="bbox 2003 2153 2802 2211; baseline 0.006 -2"><span class='ocrx_word' id='word_1_471' title='bbox 2003 2153 2331 2211; x_wconf 88' lang='lat' dir='ltr'><strong>resistendi.</strong></span> <span class='ocrx_word' id='word_1_472' title='bbox 2791 2195 2802 2202; x_wconf 80' lang='lat'>-</span> 
     </span>
    </p>

    <p class='ocr_par' dir='ltr' id='par_1_26' title="bbox 1998 2227 3561 2714">
     <span class='ocr_line' id='line_1_74' title="bbox 2075 2227 3561 2305; baseline 0.004 -20"><span class='ocrx_word' id='word_1_473' title='bbox 2075 2227 2485 2295; x_wconf 76' lang='lat' dir='ltr'><strong>confirmatur,</strong></span> <span class='ocrx_word' id='word_1_474' title='bbox 2517 2230 2791 2302; x_wconf 90' lang='lat' dir='ltr'><strong>quoniam</strong></span> <span class='ocrx_word' id='word_1_475' title='bbox 2839 2247 3010 2288; x_wconf 89' lang='lat' dir='ltr'><strong>omne</strong></span> <span class='ocrx_word' id='word_1_476' title='bbox 3047 2249 3188 2304; x_wconf 88' lang='lat' dir='ltr'><strong>opus</strong></span> <span class='ocrx_word' id='word_1_477' title='bbox 3232 2249 3374 2290; x_wconf 83' lang='lat' dir='ltr'><strong>nos·</strong></span> <span class='ocrx_word' id='word_1_478' title='bbox 3403 2260 3561 2305; x_wconf 57' lang='lat' dir='ltr'><strong>com..</strong></span> 
     </span>
     <span class='ocr_line' id='line_1_75' title="bbox 2000 2311 3555 2384; baseline 0.008 -19"><span class='ocrx_word' id='word_1_479' title='bbox 2000 2315 2157 2367; x_wconf 90' lang='lat' dir='ltr'><strong>trum</strong></span> <span class='ocrx_word' id='word_1_480' title='bbox 2184 2315 2268 2367; x_wconf 90' lang='lat' dir='ltr'><strong>est</strong></span> <span class='ocrx_word' id='word_1_481' title='bbox 2308 2311 2712 2384; x_wconf 79' lang='lat' dir='ltr'><strong>vituperabile,</strong></span> <span class='ocrx_word' id='word_1_482' title='bbox 2745 2320 2800 2370; x_wconf 93' lang='lat' dir='ltr'><strong>et</strong></span> <span class='ocrx_word' id='word_1_483' title='bbox 2827 2315 3033 2372; x_wconf 90' lang='lat' dir='ltr'><strong>inutile</strong></span> <span class='ocrx_word' id='word_1_484' title='bbox 3070 2315 3141 2372; x_wconf 90' lang='lat' dir='ltr'><strong>ad</strong></span> <span class='ocrx_word' id='word_1_485' title='bbox 3185 2317 3371 2375; x_wconf 83' lang='lat' dir='ltr'><strong>finem</strong></span> <span class='ocrx_word' id='word_1_486' title='bbox 3419 2311 3555 2355; x_wconf 54' lang='grc' dir='ltr'><strong>Μ*</strong></span> 
     </span>
     <span class='ocr_line' id='line_1_76' title="bbox 1999 2392 3550 2473; baseline 0.007 -26"><span class='ocrx_word' id='word_1_487' title='bbox 1999 2392 2220 2459; x_wconf 78' lang='lat' dir='ltr'><strong>salutiS,</strong></span> <span class='ocrx_word' id='word_1_488' title='bbox 2240 2398 2457 2449; x_wconf 89' lang='lat' dir='ltr'><strong>constat</strong></span> <span class='ocrx_word' id='word_1_489' title='bbox 2477 2410 2551 2451; x_wconf 83' lang='lat' dir='ltr'><strong>ex</strong></span> <span class='ocrx_word' id='word_1_490' title='bbox 2575 2394 2679 2451; x_wconf 89' lang='lat' dir='ltr'><strong>illo</strong></span> <span class='ocrx_word' id='word_1_491' title='bbox 2702 2396 2860 2453; x_wconf 80' lang='lat' dir='ltr'><strong>Isaiae</strong></span> <span class='ocrx_word' id='word_1_492' title='bbox 2878 2398 2948 2452; x_wconf 77' lang='lat'><strong>64</strong></span> <span class='ocrx_word' id='word_1_493' title='bbox 2983 2419 2996 2452; x_wconf 88' lang='lat'>:</span> <span class='ocrx_word' id='word_1_494' title='bbox 3020 2397 3197 2470; x_wconf 77' lang='lat' dir='ltr'><strong>Quasi</strong></span> <span class='ocrx_word' id='word_1_495' title='bbox 3210 2418 3370 2473; x_wconf 83' lang='lat' dir='ltr'><strong>pan-</strong></span> <span class='ocrx_word' id='word_1_496' title='bbox 3409 2424 3550 2469; x_wconf 56' lang='lat' dir='ltr'><strong>Istius</strong></span> 
     </span>
     <span class='ocr_line' id='line_1_77' title="bbox 1998 2477 3370 2556; baseline 0.009 -29"><span class='ocrx_word' id='word_1_497' title='bbox 1998 2491 2105 2528; x_wconf 80' lang='lat' dir='ltr'><strong>nus</strong></span> <span class='ocrx_word' id='word_1_498' title='bbox 2122 2481 2469 2529; x_wconf 70' lang='lat' dir='ltr'><strong>nienstruatae</strong></span> <span class='ocrx_word' id='word_1_499' title='bbox 2481 2477 2979 2547; x_wconf 69' lang='lat' dir='ltr'><strong>universaejtzstiliae</strong></span> <span class='ocrx_word' id='word_1_500' title='bbox 2994 2486 3183 2534; x_wconf 74' lang='lat' dir='ltr'><strong>nostrae</strong></span> <span class='ocrx_word' id='word_1_501' title='bbox 3197 2498 3214 2533; x_wconf 90' lang='lat'><em>:</em></span> <span class='ocrx_word' id='word_1_502' title='bbox 3228 2498 3370 2556; x_wconf 88' lang='lat' dir='ltr'><strong>ergo</strong></span> 
     </span>
     <span class='ocr_line' id='line_1_78' title="bbox 1998 2552 3369 2634; baseline 0.006 -25"><span class='ocrx_word' id='word_1_503' title='bbox 1998 2553 2214 2627; x_wconf 89' lang='lat' dir='ltr'><strong>impius</strong></span> <span class='ocrx_word' id='word_1_504' title='bbox 2249 2569 2351 2610; x_wconf 91' lang='lat' dir='ltr'><strong>nec</strong></span> <span class='ocrx_word' id='word_1_505' title='bbox 2399 2552 2584 2622; x_wconf 87' lang='lat' dir='ltr'><strong>debet,</strong></span> <span class='ocrx_word' id='word_1_506' title='bbox 2619 2570 2723 2612; x_wconf 88' lang='lat' dir='ltr'><strong>nec</strong></span> <span class='ocrx_word' id='word_1_507' title='bbox 2749 2558 2902 2613; x_wconf 82' lang='lat' dir='ltr'><strong>valet</strong></span> <span class='ocrx_word' id='word_1_508' title='bbox 2926 2574 2988 2613; x_wconf 89' lang='lat' dir='ltr'><strong>se</strong></span> <span class='ocrx_word' id='word_1_509' title='bbox 3014 2574 3117 2631; x_wconf 89' lang='lat' dir='ltr'><strong>per</strong></span> <span class='ocrx_word' id='word_1_510' title='bbox 3144 2561 3369 2634; x_wconf 88' lang='lat' dir='ltr'><strong>aliquos</strong></span> 
     </span>
     <span class='ocr_line' id='line_1_79' title="bbox 1998 2634 3361 2714; baseline 0.006 -20"><span class='ocrx_word' id='word_1_511' title='bbox 1998 2642 2153 2694; x_wconf 88' lang='lat' dir='ltr'><strong>actus</strong></span> <span class='ocrx_word' id='word_1_512' title='bbox 2197 2634 2502 2710; x_wconf 85' lang='lat' dir='ltr'><strong>disponere</strong></span> <span class='ocrx_word' id='word_1_513' title='bbox 2528 2637 2598 2693; x_wconf 92' lang='lat' dir='ltr'><strong>ad</strong></span> <span class='ocrx_word' id='word_1_514' title='bbox 2624 2640 2871 2713; x_wconf 83' lang='lat' dir='ltr'><strong>gratiam</strong></span> <span class='ocrx_word' id='word_1_515' title='bbox 2912 2640 3361 2714; x_wconf 67' lang='lat' dir='ltr'><strong>justificationis</strong></span> 
     </span>
    </p>

    <p class='ocr_par' dir='ltr' id='par_1_27' title="bbox 1985 2716 3578 3842">
     <span class='ocr_line' id='line_1_80' title="bbox 2073 2716 3561 2794; baseline 0.006 -22"><span class='ocrx_word' id='word_1_516' title='bbox 2073 2716 2469 2790; x_wconf 85' lang='lat' dir='ltr'><strong>Respondetur</strong></span> <span class='ocrx_word' id='word_1_517' title='bbox 2492 2725 2830 2792; x_wconf 89' lang='lat' dir='ltr'><strong>argumento</strong></span> <span class='ocrx_word' id='word_1_518' title='bbox 2853 2720 3116 2794; x_wconf 87' lang='lat' dir='ltr'><strong>negando</strong></span> <span class='ocrx_word' id='word_1_519' title='bbox 3138 2729 3366 2783; x_wconf 89' lang='lat' dir='ltr'><strong>antece-</strong></span> <span class='ocrx_word' id='word_1_520' title='bbox 3377 2736 3561 2781; x_wconf 74' lang='lat' dir='ltr'><strong>solvim-</strong></span> 
     </span>
     <span class='ocr_line' id='line_1_81' title="bbox 1995 2795 3578 2882; baseline 0.008 -30"><span class='ocrx_word' id='word_1_521' title='bbox 1995 2795 2158 2854; x_wconf 91' lang='lat' dir='ltr'><strong>dens.</strong></span> <span class='ocrx_word' id='word_1_522' title='bbox 2183 2797 2269 2854; x_wconf 87' lang='lat' dir='ltr'><strong>Ad</strong></span> <span class='ocrx_word' id='word_1_523' title='bbox 2294 2799 2454 2872; x_wconf 88' lang='lat' dir='ltr'><strong>cujus</strong></span> <span class='ocrx_word' id='word_1_524' title='bbox 2483 2801 2736 2872; x_wconf 89' lang='lat' dir='ltr'><strong>primam</strong></span> <span class='ocrx_word' id='word_1_525' title='bbox 2767 2801 3170 2873; x_wconf 85' lang='lat' dir='ltr'><strong>probationem</strong></span> <span class='ocrx_word' id='word_1_526' title='bbox 3196 2821 3366 2862; x_wconf 82' lang='lat' dir='ltr'><strong>cons-</strong></span> <span class='ocrx_word' id='word_1_527' title='bbox 3379 2797 3578 2882; x_wconf 50' lang='grc' dir='ltr'>ἐξὲξ..</span> 
     </span>
     <span class='ocr_line' id='line_1_82' title="bbox 1994 2881 3361 2958; baseline 0.009 -23"><span class='ocrx_word' id='word_1_528' title='bbox 1994 2884 2077 2936; x_wconf 84' lang='lat' dir='ltr'><strong>tat</strong></span> <span class='ocrx_word' id='word_1_529' title='bbox 2099 2897 2172 2937; x_wconf 87' lang='lat' dir='ltr'><strong>ex</strong></span> <span class='ocrx_word' id='word_1_530' title='bbox 2219 2881 2383 2936; x_wconf 88' lang='lat' dir='ltr'><strong>dictis</strong></span> <span class='ocrx_word' id='word_1_531' title='bbox 2429 2889 2591 2939; x_wconf 77' lang='lat' dir='ltr'><strong>tract.</strong></span> <span class='ocrx_word' id='word_1_532' title='bbox 2634 2885 2853 2956; x_wconf 71' lang='lat' dir='ltr'><strong>praeced.</strong></span> <span class='ocrx_word' id='word_1_533' title='bbox 2883 2886 3027 2958; x_wconf 75' lang='lat' dir='ltr'><strong>disp.</strong></span> <span class='ocrx_word' id='word_1_534' title='bbox 3059 2889 3114 2954; x_wconf 83' lang='lat'><strong>2,</strong></span> <span class='ocrx_word' id='word_1_535' title='bbox 3145 2889 3275 2946; x_wconf 82' lang='lat' dir='ltr'><strong>dub.</strong></span> <span class='ocrx_word' id='word_1_536' title='bbox 3304 2893 3361 2958; x_wconf 77' lang='lat'><strong>2,</strong></span> 
     </span>
     <span class='ocr_line' id='line_1_83' title="bbox 1995 2960 3367 3038; baseline 0.009 -22"><span class='ocrx_word' id='word_1_537' title='bbox 1995 2960 2095 3017; x_wconf 89' lang='lat' dir='ltr'><strong>ubi</strong></span> <span class='ocrx_word' id='word_1_538' title='bbox 2123 2961 2499 3025; x_wconf 85' lang='lat' dir='ltr'><strong>ostendimus,</strong></span> <span class='ocrx_word' id='word_1_539' title='bbox 2527 2963 2826 3020; x_wconf 85' lang='lat' dir='ltr'><strong>hominem</strong></span> <span class='ocrx_word' id='word_1_540' title='bbox 2857 2966 3085 3038; x_wconf 87' lang='lat' dir='ltr'><strong>lapsum</strong></span> <span class='ocrx_word' id='word_1_541' title='bbox 3116 2969 3367 3029; x_wconf 90' lang='lat' dir='ltr'><strong>retinere</strong></span> 
     </span>
     <span class='ocr_line' id='line_1_84' title="bbox 1995 3041 3367 3120; baseline 0.008 -23"><span class='ocrx_word' id='word_1_542' title='bbox 1995 3041 2245 3099; x_wconf 92' lang='lat' dir='ltr'><strong>liberum</strong></span> <span class='ocrx_word' id='word_1_543' title='bbox 2274 3042 2604 3111; x_wconf 86' lang='lat' dir='ltr'><strong>arbitrium,</strong></span> <span class='ocrx_word' id='word_1_544' title='bbox 2635 3050 2692 3102; x_wconf 86' lang='lat' dir='ltr'><strong>et</strong></span> <span class='ocrx_word' id='word_1_545' title='bbox 2731 3061 2893 3118; x_wconf 89' lang='lat' dir='ltr'><strong>posse</strong></span> <span class='ocrx_word' id='word_1_546' title='bbox 2922 3049 3179 3120; x_wconf 90' lang='lat' dir='ltr'><strong>propriis</strong></span> <span class='ocrx_word' id='word_1_547' title='bbox 3215 3051 3367 3108; x_wconf 82' lang='lat' dir='ltr'><strong>viri-</strong></span> 
     </span>
     <span class='ocr_line' id='line_1_85' title="bbox 1993 3122 3364 3200; baseline 0.009 -21"><span class='ocrx_word' id='word_1_548' title='bbox 1993 3122 2099 3180; x_wconf 93' lang='lat' dir='ltr'><strong>bus</strong></span> <span class='ocrx_word' id='word_1_549' title='bbox 2124 3124 2345 3182; x_wconf 87' lang='lat' dir='ltr'><strong>efficere</strong></span> <span class='ocrx_word' id='word_1_550' title='bbox 2384 3128 2578 3200; x_wconf 92' lang='lat' dir='ltr'><strong>aliqua</strong></span> <span class='ocrx_word' id='word_1_551' title='bbox 2617 3144 2790 3200; x_wconf 90' lang='lat' dir='ltr'><strong>opera</strong></span> <span class='ocrx_word' id='word_1_552' title='bbox 2819 3128 2968 3187; x_wconf 87' lang='lat' dir='ltr'><strong>bona</strong></span> <span class='ocrx_word' id='word_1_553' title='bbox 3011 3134 3316 3191; x_wconf 86' lang='lat' dir='ltr'><strong>moraliter</strong></span> <span class='ocrx_word' id='word_1_554' title='bbox 3349 3156 3364 3191; x_wconf 75' lang='grc' dir='ltr'><strong>ε</strong></span> 
     </span>
     <span class='ocr_line' id='line_1_86' title="bbox 1991 3204 3458 3285; baseline 0.01 -26"><span class='ocrx_word' id='word_1_555' title='bbox 1991 3204 2141 3276; x_wconf 92' lang='lat' dir='ltr'><strong>quod</strong></span> <span class='ocrx_word' id='word_1_556' title='bbox 2191 3222 2224 3262; x_wconf 91' lang='lat' dir='ltr'><strong>a</strong></span> <span class='ocrx_word' id='word_1_557' title='bbox 2250 3206 2478 3264; x_wconf 89' lang='lat' dir='ltr'><strong>fortiori</strong></span> <span class='ocrx_word' id='word_1_558' title='bbox 2508 3208 2843 3265; x_wconf 77' lang='lat' dir='ltr'><strong>verificatur</strong></span> <span class='ocrx_word' id='word_1_559' title='bbox 2868 3209 2940 3266; x_wconf 92' lang='lat' dir='ltr'><strong>de</strong></span> <span class='ocrx_word' id='word_1_560' title='bbox 2979 3212 3220 3272; x_wconf 89' lang='lat' dir='ltr'><strong>homine</strong></span> <span class='ocrx_word' id='word_1_561' title='bbox 3260 3214 3368 3272; x_wconf 85' lang='lat' dir='ltr'><strong>ad·</strong></span> <span class='ocrx_word' id='word_1_562' title='bbox 3451 3278 3458 3285; x_wconf 67' lang='grc'>,</span> 
     </span>
     <span class='ocr_line' id='line_1_87' title="bbox 1985 3283 3363 3363; baseline 0.01 -24"><span class='ocrx_word' id='word_1_563' title='bbox 1985 3283 2111 3357; x_wconf 86' lang='lat' dir='ltr'><strong>juto</strong></span> <span class='ocrx_word' id='word_1_564' title='bbox 2159 3286 2397 3343; x_wconf 80' lang='lat' dir='ltr'><strong>auxiliis</strong></span> <span class='ocrx_word' id='word_1_565' title='bbox 2424 3287 2638 3345; x_wconf 67' lang='lat' dir='ltr'><strong>divinas</strong></span> <span class='ocrx_word' id='word_1_566' title='bbox 2674 3290 2896 3363; x_wconf 57' lang='lat' dir='ltr'><strong>gratias.</strong></span> <span class='ocrx_word' id='word_1_567' title='bbox 2939 3290 3026 3347; x_wconf 87' lang='lat' dir='ltr'><strong>Ad</strong></span> <span class='ocrx_word' id='word_1_568' title='bbox 3053 3295 3363 3353; x_wconf 86' lang='lat' dir='ltr'><strong>secundam</strong></span> 
     </span>
     <span class='ocr_line' id='line_1_88' title="bbox 1994 3365 3357 3449; baseline 0.008 -29"><span class='ocrx_word' id='word_1_569' title='bbox 1994 3370 2145 3437; x_wconf 89' lang='lat' dir='ltr'><strong>patet</strong></span> <span class='ocrx_word' id='word_1_570' title='bbox 2169 3381 2242 3422; x_wconf 84' lang='lat' dir='ltr'><strong>ex</strong></span> <span class='ocrx_word' id='word_1_571' title='bbox 2267 3365 2436 3423; x_wconf 89' lang='lat' dir='ltr'><strong>dictis</strong></span> <span class='ocrx_word' id='word_1_572' title='bbox 2474 3368 2541 3423; x_wconf 91' lang='lat' dir='ltr'><strong>in</strong></span> <span class='ocrx_word' id='word_1_573' title='bbox 2567 3368 2768 3426; x_wconf 89' lang='lat' dir='ltr'><strong>eodem</strong></span> <span class='ocrx_word' id='word_1_574' title='bbox 2811 3372 3102 3441; x_wconf 84' lang='lat' dir='ltr'><strong>Tractatu,</strong></span> <span class='ocrx_word' id='word_1_575' title='bbox 3133 3376 3270 3449; x_wconf 78' lang='lat' dir='ltr'><strong>disp.</strong></span> <span class='ocrx_word' id='word_1_576' title='bbox 3301 3380 3357 3444; x_wconf 88' lang='lat'><strong>7,</strong></span> 
     </span>
     <span class='ocr_line' id='line_1_89' title="bbox 1990 3446 3362 3531; baseline 0.009 -29"><span class='ocrx_word' id='word_1_577' title='bbox 1990 3446 2112 3503; x_wconf 84' lang='lat' dir='ltr'><strong>fere</strong></span> <span class='ocrx_word' id='word_1_578' title='bbox 2140 3464 2241 3521; x_wconf 88' lang='lat' dir='ltr'><strong>per</strong></span> <span class='ocrx_word' id='word_1_579' title='bbox 2287 3453 2485 3515; x_wconf 90' lang='lat' dir='ltr'><strong>totam,</strong></span> <span class='ocrx_word' id='word_1_580' title='bbox 2518 3449 2616 3505; x_wconf 93' lang='lat' dir='ltr'><strong>ubi</strong></span> <span class='ocrx_word' id='word_1_581' title='bbox 2660 3466 2732 3508; x_wconf 81' lang='lat' dir='ltr'><strong>ex</strong></span> <span class='ocrx_word' id='word_1_582' title='bbox 2779 3454 3033 3524; x_wconf 82' lang='lat' dir='ltr'><strong>professo</strong></span> <span class='ocrx_word' id='word_1_583' title='bbox 3079 3458 3362 3531; x_wconf 86' lang='lat' dir='ltr'><strong>explicui-</strong></span> 
     </span>
     <span class='ocr_line' id='line_1_90' title="bbox 1988 3527 3362 3608; baseline 0.011 -27"><span class='ocrx_word' id='word_1_584' title='bbox 1988 3542 2138 3594; x_wconf 88' lang='lat' dir='ltr'><strong>mus,</strong></span> <span class='ocrx_word' id='word_1_585' title='bbox 2169 3528 2418 3600; x_wconf 87' lang='lat' dir='ltr'><strong>qualiter</strong></span> <span class='ocrx_word' id='word_1_586' title='bbox 2460 3527 2704 3587; x_wconf 86' lang='lat' dir='ltr'><strong>efficacia</strong></span> <span class='ocrx_word' id='word_1_587' title='bbox 2748 3531 2963 3590; x_wconf 84' lang='lat' dir='ltr'><strong>divinae</strong></span> <span class='ocrx_word' id='word_1_588' title='bbox 3004 3538 3204 3608; x_wconf 70' lang='lat' dir='ltr'><strong>gratias</strong></span> <span class='ocrx_word' id='word_1_589' title='bbox 3230 3554 3362 3596; x_wconf 89' lang='lat' dir='ltr'><strong>mo-</strong></span> 
     </span>
     <span class='ocr_line' id='line_1_91' title="bbox 1987 3608 3362 3683; baseline 0.011 -19"><span class='ocrx_word' id='word_1_590' title='bbox 1987 3608 2178 3664; x_wconf 85' lang='lat' dir='ltr'><strong>ventis</strong></span> <span class='ocrx_word' id='word_1_591' title='bbox 2198 3624 2431 3666; x_wconf 92' lang='lat' dir='ltr'><strong>omnem</strong></span> <span class='ocrx_word' id='word_1_592' title='bbox 2463 3617 2796 3683; x_wconf 86' lang='lat' dir='ltr'><strong>potestatem</strong></span> <span class='ocrx_word' id='word_1_593' title='bbox 2819 3616 3136 3674; x_wconf 84' lang='lat' dir='ltr'><strong>voluntatis</strong></span> <span class='ocrx_word' id='word_1_594' title='bbox 3163 3618 3235 3676; x_wconf 90' lang='lat' dir='ltr'><strong>ad</strong></span> <span class='ocrx_word' id='word_1_595' title='bbox 3263 3635 3362 3678; x_wconf 87' lang='lat' dir='ltr'><strong>re-</strong></span> 
     </span>
     <span class='ocr_line' id='line_1_92' title="bbox 1985 3688 3359 3765; baseline 0.009 -22"><span class='ocrx_word' id='word_1_596' title='bbox 1985 3688 2324 3755; x_wconf 87' lang='lat' dir='ltr'><strong>sistendum,</strong></span> <span class='ocrx_word' id='word_1_597' title='bbox 2357 3688 2680 3749; x_wconf 89' lang='lat' dir='ltr'><strong>libertatem</strong></span> <span class='ocrx_word' id='word_1_598' title='bbox 2729 3711 2847 3752; x_wconf 89' lang='lat' dir='ltr'><strong>non</strong></span> <span class='ocrx_word' id='word_1_599' title='bbox 2893 3695 3204 3765; x_wconf 84' lang='lat' dir='ltr'><strong>subvertat,</strong></span> <span class='ocrx_word' id='word_1_600' title='bbox 3253 3702 3359 3758; x_wconf 89' lang='lat' dir='ltr'><strong>sed</strong></span> 
     </span>
     <span class='ocr_line' id='line_1_93' title="bbox 1985 3770 3352 3842; baseline 0.009 -16"><span class='ocrx_word' id='word_1_601' title='bbox 1985 3770 2200 3842; x_wconf 89' lang='lat' dir='ltr'><strong>optime</strong></span> <span class='ocrx_word' id='word_1_602' title='bbox 2221 3786 2351 3826; x_wconf 91' lang='lat' dir='ltr'><strong>cum</strong></span> <span class='ocrx_word' id='word_1_603' title='bbox 2374 3771 2769 3832; x_wconf 77' lang='lat' dir='ltr'><strong>indifferentia</strong></span> <span class='ocrx_word' id='word_1_604' title='bbox 2796 3775 3021 3833; x_wconf 88' lang='lat' dir='ltr'><strong>arbitrii</strong></span> <span class='ocrx_word' id='word_1_605' title='bbox 3041 3778 3352 3838; x_wconf 83' lang='lat' dir='ltr'><strong>cohaereat.</strong></span> 
     </span>
    </p>

    <p class='ocr_par' dir='ltr' id='par_1_28' title="bbox 2059 3848 3559 3930">
     <span class='ocr_line' id='line_1_94' title="bbox 2059 3848 3559 3930; baseline 0.015 -27"><span class='ocrx_word' id='word_1_606' title='bbox 2059 3848 2145 3904; x_wconf 87' lang='lat' dir='ltr'><strong>Ad</strong></span> <span class='ocrx_word' id='word_1_607' title='bbox 2172 3848 2676 3910; x_wconf 86' lang='lat' dir='ltr'><strong>confirmationem</strong></span> <span class='ocrx_word' id='word_1_608' title='bbox 2706 3871 2982 3930; x_wconf 83' lang='lat' dir='ltr'><strong>negamus</strong></span> <span class='ocrx_word' id='word_1_609' title='bbox 3007 3859 3352 3918; x_wconf 86' lang='lat' dir='ltr'><strong>antecedens</strong></span> <span class='ocrx_word' id='word_1_610' title='bbox 3366 3880 3559 3928; x_wconf 70' lang='lat' dir='ltr'><strong>Diluitur</strong></span> 
     </span>
    </p>

    <p class='ocr_par' dir='ltr' id='par_1_29' title="bbox 1976 3929 3546 4975">
     <span class='ocr_line' id='line_1_95' title="bbox 1985 3929 3546 4026; baseline 0.01 -42"><span class='ocrx_word' id='word_1_611' title='bbox 1985 3929 2342 3986; x_wconf 87' lang='lat' dir='ltr'><strong>intellectum</strong></span> <span class='ocrx_word' id='word_1_612' title='bbox 2388 3931 2459 3988; x_wconf 92' lang='lat' dir='ltr'><strong>de</strong></span> <span class='ocrx_word' id='word_1_613' title='bbox 2503 3935 2773 4006; x_wconf 89' lang='lat' dir='ltr'><strong>operibus</strong></span> <span class='ocrx_word' id='word_1_614' title='bbox 2812 3939 3022 3994; x_wconf 87' lang='lat' dir='ltr'><strong>nostris</strong></span> <span class='ocrx_word' id='word_1_615' title='bbox 3051 3944 3114 3995; x_wconf 89' lang='lat' dir='ltr'><strong>ut</strong></span> <span class='ocrx_word' id='word_1_616' title='bbox 3160 3958 3356 4012; x_wconf 85' lang='lat' dir='ltr'><strong>proce·</strong></span> <span class='ocrx_word' id='word_1_617' title='bbox 3392 3934 3546 4026; x_wconf 50' lang='grc' dir='ltr'><strong>ἓξὲξ</strong></span> 
     </span>
     <span class='ocr_line' id='line_1_96' title="bbox 1983 4007 3543 4091; baseline 0.012 -28"><span class='ocrx_word' id='word_1_618' title='bbox 1983 4007 2249 4065; x_wconf 89' lang='lat' dir='ltr'><strong>dentibus</strong></span> <span class='ocrx_word' id='word_1_619' title='bbox 2287 4028 2361 4068; x_wconf 84' lang='lat' dir='ltr'><strong>ex</strong></span> <span class='ocrx_word' id='word_1_620' title='bbox 2399 4014 2619 4071; x_wconf 84' lang='lat' dir='ltr'><strong>auxilio</strong></span> <span class='ocrx_word' id='word_1_621' title='bbox 2643 4016 2841 4089; x_wconf 79' lang='lat' dir='ltr'><strong>gratiae</strong></span> <span class='ocrx_word' id='word_1_622' title='bbox 2865 4022 3348 4091; x_wconf 84' lang='lat' dir='ltr'><strong>supernaturalis,</strong></span> <span class='ocrx_word' id='word_1_623' title='bbox 3533 4015 3543 4024; x_wconf 73' lang='grc'><strong><em>’</em></strong></span> 
     </span>
     <span class='ocr_line' id='line_1_97' title="bbox 1982 4088 3348 4172; baseline 0.012 -29"><span class='ocrx_word' id='word_1_624' title='bbox 1982 4088 2105 4145; x_wconf 84' lang='lat' dir='ltr'><strong>sive</strong></span> <span class='ocrx_word' id='word_1_625' title='bbox 2119 4088 2374 4163; x_wconf 87' lang='lat' dir='ltr'><strong>ejusdem</strong></span> <span class='ocrx_word' id='word_1_626' title='bbox 2397 4092 2621 4148; x_wconf 90' lang='lat' dir='ltr'><strong>ordinis</strong></span> <span class='ocrx_word' id='word_1_627' title='bbox 2638 4098 2958 4169; x_wconf 80' lang='lat' dir='ltr'><strong>cumgratia</strong></span> <span class='ocrx_word' id='word_1_628' title='bbox 2974 4098 3348 4172; x_wconf 81' lang='lat' dir='ltr'><strong>justificante.</strong></span> 
     </span>
     <span class='ocr_line' id='line_1_98' title="bbox 1982 4173 3346 4253; baseline 0.012 -28"><span class='ocrx_word' id='word_1_629' title='bbox 1982 4173 2098 4226; x_wconf 87' lang='lat' dir='ltr'><strong>Nec</strong></span> <span class='ocrx_word' id='word_1_630' title='bbox 2145 4179 2309 4246; x_wconf 87' lang='lat' dir='ltr'><strong>urget</strong></span> <span class='ocrx_word' id='word_1_631' title='bbox 2335 4174 2653 4244; x_wconf 82' lang='lat' dir='ltr'><strong>authoritas</strong></span> <span class='ocrx_word' id='word_1_632' title='bbox 2682 4176 2934 4247; x_wconf 84' lang='lat' dir='ltr'><strong>inserta;</strong></span> <span class='ocrx_word' id='word_1_633' title='bbox 2964 4182 3104 4253; x_wconf 89' lang='lat' dir='ltr'><strong>quia</strong></span> <span class='ocrx_word' id='word_1_634' title='bbox 3132 4184 3227 4240; x_wconf 87' lang='lat' dir='ltr'><strong>vel</strong></span> <span class='ocrx_word' id='word_1_635' title='bbox 3254 4184 3346 4241; x_wconf 87' lang='lat' dir='ltr'><strong>lo·</strong></span> 
     </span>
     <span class='ocr_line' id='line_1_99' title="bbox 1980 4251 3355 4330; baseline 0.012 -25"><span class='ocrx_word' id='word_1_636' title='bbox 1980 4251 2178 4323; x_wconf 89' lang='lat' dir='ltr'><strong>quitur</strong></span> <span class='ocrx_word' id='word_1_637' title='bbox 2203 4252 2274 4309; x_wconf 91' lang='lat' dir='ltr'><strong>de</strong></span> <span class='ocrx_word' id='word_1_638' title='bbox 2301 4254 2571 4327; x_wconf 90' lang='lat' dir='ltr'><strong>operibus</strong></span> <span class='ocrx_word' id='word_1_639' title='bbox 2593 4262 2656 4312; x_wconf 93' lang='lat' dir='ltr'><strong>ut</strong></span> <span class='ocrx_word' id='word_1_640' title='bbox 2677 4259 3111 4330; x_wconf 88' lang='lat' dir='ltr'><strong>procedentibus</strong></span> <span class='ocrx_word' id='word_1_641' title='bbox 3137 4279 3208 4320; x_wconf 81' lang='lat' dir='ltr'><strong>ex</strong></span> <span class='ocrx_word' id='word_1_642' title='bbox 3228 4266 3355 4322; x_wconf 88' lang='lat' dir='ltr'><strong>sola</strong></span> 
     </span>
     <span class='ocr_line' id='line_1_100' title="bbox 1982 4332 3352 4417; baseline 0.012 -30"><span class='ocrx_word' id='word_1_643' title='bbox 1982 4332 2249 4389; x_wconf 84' lang='lat' dir='ltr'><strong>facultate</strong></span> <span class='ocrx_word' id='word_1_644' title='bbox 2275 4337 2527 4391; x_wconf 91' lang='lat' dir='ltr'><strong>naturali</strong></span> <span class='ocrx_word' id='word_1_645' title='bbox 2570 4337 2820 4408; x_wconf 83' lang='lat' dir='ltr'><strong>arbitrii,</strong></span> <span class='ocrx_word' id='word_1_646' title='bbox 2853 4349 2910 4399; x_wconf 91' lang='lat' dir='ltr'><strong>et</strong></span> <span class='ocrx_word' id='word_1_647' title='bbox 2936 4346 3251 4417; x_wconf 85' lang='lat' dir='ltr'><strong>respective</strong></span> <span class='ocrx_word' id='word_1_648' title='bbox 3277 4345 3352 4402; x_wconf 90' lang='lat' dir='ltr'><strong>ad</strong></span> 
     </span>
     <span class='ocr_line' id='line_1_101' title="bbox 1979 4416 3353 4499; baseline 0.014 -31"><span class='ocrx_word' id='word_1_649' title='bbox 1979 4416 2483 4486; x_wconf 81' lang='lat' dir='ltr'><strong>supernaturalem</strong></span> <span class='ocrx_word' id='word_1_650' title='bbox 2512 4417 2719 4488; x_wconf 89' lang='lat' dir='ltr'><strong>finem;</strong></span> <span class='ocrx_word' id='word_1_651' title='bbox 2752 4425 2844 4479; x_wconf 84' lang='lat' dir='ltr'><strong>vel</strong></span> <span class='ocrx_word' id='word_1_652' title='bbox 2872 4424 2942 4482; x_wconf 91' lang='lat' dir='ltr'><strong>de</strong></span> <span class='ocrx_word' id='word_1_653' title='bbox 2963 4427 3236 4499; x_wconf 88' lang='lat' dir='ltr'><strong>operibus</strong></span> <span class='ocrx_word' id='word_1_654' title='bbox 3263 4430 3353 4487; x_wconf 85' lang='lat' dir='ltr'><strong>le-</strong></span> 
     </span>
     <span class='ocr_line' id='line_1_102' title="bbox 1979 4494 3352 4580; baseline 0.014 -31"><span class='ocrx_word' id='word_1_655' title='bbox 1979 4494 2066 4569; x_wconf 92' lang='lat' dir='ltr'><strong>gis</strong></span> <span class='ocrx_word' id='word_1_656' title='bbox 2091 4495 2371 4562; x_wconf 79' lang='lat' dir='ltr'><strong>Mosaicae,</strong></span> <span class='ocrx_word' id='word_1_657' title='bbox 2415 4499 2506 4555; x_wconf 90' lang='lat' dir='ltr'><strong>vel</strong></span> <span class='ocrx_word' id='word_1_658' title='bbox 2536 4498 2783 4575; x_wconf 90' lang='lat' dir='ltr'><strong>denique</strong></span> <span class='ocrx_word' id='word_1_659' title='bbox 2827 4503 2898 4562; x_wconf 89' lang='lat' dir='ltr'><strong>de</strong></span> <span class='ocrx_word' id='word_1_660' title='bbox 2936 4509 3210 4580; x_wconf 91' lang='lat' dir='ltr'><strong>operibus</strong></span> <span class='ocrx_word' id='word_1_661' title='bbox 3246 4528 3352 4568; x_wconf 88' lang='lat' dir='ltr'><strong>su-</strong></span> 
     </span>
     <span class='ocr_line' id='line_1_103' title="bbox 1982 4577 3352 4658; baseline 0.016 -29"><span class='ocrx_word' id='word_1_662' title='bbox 1982 4577 2449 4649; x_wconf 81' lang='lat' dir='ltr'><strong>pernaturalibus</strong></span> <span class='ocrx_word' id='word_1_663' title='bbox 2469 4624 2483 4648; x_wconf 94' lang='lat'><strong>,</strong></span> <span class='ocrx_word' id='word_1_664' title='bbox 2535 4598 2659 4655; x_wconf 78' lang='lat' dir='ltr'><strong>quae</strong></span> <span class='ocrx_word' id='word_1_665' title='bbox 2718 4603 2911 4658; x_wconf 89' lang='lat' dir='ltr'><strong>panno</strong></span> <span class='ocrx_word' id='word_1_666' title='bbox 2976 4594 3352 4652; x_wconf 60' lang='lat' dir='ltr'><strong>menstruatae</strong></span> 
     </span>
     <span class='ocr_line' id='line_1_104' title="bbox 1979 4663 3352 4735; baseline 0.015 -25"><span class='ocrx_word' id='word_1_667' title='bbox 1979 4663 2409 4729; x_wconf 88' lang='lat' dir='ltr'><strong>comparantur,</strong></span> <span class='ocrx_word' id='word_1_668' title='bbox 2445 4675 2562 4716; x_wconf 91' lang='lat' dir='ltr'><strong>non</strong></span> <span class='ocrx_word' id='word_1_669' title='bbox 2590 4664 2725 4735; x_wconf 91' lang='lat' dir='ltr'><strong>quia</strong></span> <span class='ocrx_word' id='word_1_670' title='bbox 2753 4669 2926 4734; x_wconf 90' lang='lat' dir='ltr'><strong>mala,</strong></span> <span class='ocrx_word' id='word_1_671' title='bbox 2960 4676 3059 4725; x_wconf 90' lang='lat' dir='ltr'><strong>aut</strong></span> <span class='ocrx_word' id='word_1_672' title='bbox 3109 4671 3352 4731; x_wconf 88' lang='lat' dir='ltr'><strong>inutilia</strong></span> 
     </span>
     <span class='ocr_line' id='line_1_105' title="bbox 1978 4736 3343 4823; baseline 0.014 -31"><span class='ocrx_word' id='word_1_673' title='bbox 1978 4737 2127 4803; x_wconf 89' lang='lat' dir='ltr'><strong>sint;</strong></span> <span class='ocrx_word' id='word_1_674' title='bbox 2166 4736 2264 4794; x_wconf 88' lang='lat' dir='ltr'><strong>sed</strong></span> <span class='ocrx_word' id='word_1_675' title='bbox 2304 4739 2440 4810; x_wconf 91' lang='lat' dir='ltr'><strong>quia</strong></span> <span class='ocrx_word' id='word_1_676' title='bbox 2468 4739 2606 4812; x_wconf 91' lang='lat' dir='ltr'><strong>ipsis</strong></span> <span class='ocrx_word' id='word_1_677' title='bbox 2635 4746 2829 4816; x_wconf 90' lang='lat' dir='ltr'><strong>plures</strong></span> <span class='ocrx_word' id='word_1_678' title='bbox 2856 4749 3343 4823; x_wconf 84' lang='lat' dir='ltr'><strong>imperfectiones,</strong></span> 
     </span>
     <span class='ocr_line' id='line_1_106' title="bbox 1977 4818 3350 4893; baseline 0.014 -19"><span class='ocrx_word' id='word_1_679' title='bbox 1977 4823 2034 4875; x_wconf 92' lang='lat' dir='ltr'><strong>et</strong></span> <span class='ocrx_word' id='word_1_680' title='bbox 2054 4823 2274 4891; x_wconf 88' lang='lat' dir='ltr'><strong>peccata</strong></span> <span class='ocrx_word' id='word_1_681' title='bbox 2301 4818 2553 4877; x_wconf 88' lang='lat' dir='ltr'><strong>venialia</strong></span> <span class='ocrx_word' id='word_1_682' title='bbox 2580 4822 2990 4889; x_wconf 90' lang='lat' dir='ltr'><strong>admiscentur.</strong></span> <span class='ocrx_word' id='word_1_683' title='bbox 3025 4832 3350 4893; x_wconf 87' lang='lat' dir='ltr'><strong>Videantur</strong></span> 
     </span>
     <span class='ocr_line' id='line_1_107' title="bbox 1976 4898 3172 4975; baseline 0.013 -17"><span class='ocrx_word' id='word_1_684' title='bbox 1976 4915 2152 4974; x_wconf 87' lang='lat' dir='ltr'><strong>supra</strong></span> <span class='ocrx_word' id='word_1_685' title='bbox 2175 4898 2324 4955; x_wconf 83' lang='lat' dir='ltr'><strong>dicta</strong></span> <span class='ocrx_word' id='word_1_686' title='bbox 2344 4898 2488 4974; x_wconf 79' lang='lat' dir='ltr'><strong>disp.</strong></span> <span class='ocrx_word' id='word_1_687' title='bbox 2520 4905 2566 4970; x_wconf 94' lang='lat' dir='ltr'><strong>l,</strong></span> <span class='ocrx_word' id='word_1_688' title='bbox 2595 4906 2724 4964; x_wconf 80' lang='lat' dir='ltr'><strong>dub.</strong></span> <span class='ocrx_word' id='word_1_689' title='bbox 2764 4910 2810 4975; x_wconf 87' lang='lat'><strong>1,</strong></span> <span class='ocrx_word' id='word_1_690' title='bbox 2837 4930 2874 4967; x_wconf 85' lang='lat' dir='ltr'><strong>a</strong></span> <span class='ocrx_word' id='word_1_691' title='bbox 2896 4931 3050 4971; x_wconf 82' lang='lat' dir='ltr'><strong>num.</strong></span> <span class='ocrx_word' id='word_1_692' title='bbox 3075 4917 3172 4973; x_wconf 78' lang='lat'><strong>24.</strong></span> 
     </span>
    </p>
   </div>
   <div class='ocr_carea' id='block_1_11' title="bbox 2051 4981 3348 5139">
    <p class='ocr_par' dir='ltr' id='par_1_30' title="bbox 2051 4981 3348 5139">
     <span class='ocr_line' id='line_1_108' title="bbox 2051 4981 3348 5073; baseline 0.017 -38"><span class='ocrx_word' id='word_1_693' title='bbox 2051 4981 2142 5036; x_wconf 75' lang='lat'><strong>28.</strong></span> <span class='ocrx_word' id='word_1_694' title='bbox 2175 4981 2440 5051; x_wconf 86' lang='lat' dir='ltr'><strong>Arguunt</strong></span> <span class='ocrx_word' id='word_1_695' title='bbox 2464 4985 2746 5044; x_wconf 89' lang='lat' dir='ltr'><strong>secundo:</strong></span> <span class='ocrx_word' id='word_1_696' title='bbox 2775 4991 2911 5062; x_wconf 88' lang='lat' dir='ltr'><strong>quia</strong></span> <span class='ocrx_word' id='word_1_697' title='bbox 2954 4993 3016 5050; x_wconf 90' lang='lat' dir='ltr'><strong>in</strong></span> <span class='ocrx_word' id='word_1_698' title='bbox 3043 4997 3348 5073; x_wconf 88' lang='lat' dir='ltr'><strong>Scriptura</strong></span> 
     </span>
     <span class='ocr_line' id='line_1_109' title="bbox 3259 5079 3348 5139; baseline 0.045 -3"><span class='ocrx_word' id='word_1_699' title='bbox 3259 5079 3348 5139; x_wconf 85' lang='lat' dir='ltr'><strong>ita</strong></span> 
     </span>
    </p>
   </div>
  </div>
 </body>
</html>
