3647 5753
458 458 574 514 564
1134 455 1226 510 DE
1266 454 1873 510 DISPOSITIONIBUS
1913 454 2009 507 AD
2048 452 2711 509 JUSTIFICATIONEM.

466 650 496 681 α
525 628 741 703 gratiae.
795 626 1052 700 sequitur
1100 631 1288 684 autem
1333 626 1532 702 gratiae
1586 624 1823 682 infusio-

470 733 495 763 «
529 727 683 769 nem.
741 732 765 762 »
823 713 958 774 Quae
1012 710 1306 783 responsio
1348 711 1438 767 vel
1487 713 1825 784 argumento

467 808 586 849 non
614 791 877 857 occurrit,
909 792 1002 848 vel
1043 792 1295 864 procedit
1327 791 1398 849 de
1415 792 1601 866 gratia
1620 790 1827 846 sancti-

465 874 671 932 ficante
694 873 997 930 habituali.
1021 876 1091 929 Et
1110 878 1518 947 consequenter
1538 872 1608 930 de
1629 872 1827 929 eadem

459 956 652 1032 gratia
699 955 949 1027 loquitur
994 955 1059 1010 D.
1091 955 1295 1019 Thom.
1325 954 1555 1027 quando
1596 954 1658 1011 in
1698 970 1830 1011 cor-

468 1055 606 1113 pore
653 1037 881 1095 articuli
945 1037 1164 1102 asserit,
1207 1039 1408 1112 gratiae
1476 1037 1828 1094 infusionem

462 1135 591 1175 esse
637 1119 890 1192 priorem
953 1117 1294 1190 simpliciter
1345 1117 1549 1175 ordine
1609 1121 1831 1173 naturae

469 1199 720 1258 motibus
773 1198 942 1256 liberi
983 1199 1233 1267 arbitrii,
1266 1199 1472 1273 quibus
1516 1200 1734 1272 impius
1770 1214 1832 1256 se

470 1283 723 1355 disponit
753 1306 767 1349 ;
798 1281 1012 1354 alioqui
1042 1297 1145 1338 nec
1189 1287 1597 1357 argumentum
1644 1298 1826 1339 asser·

470 1366 688 1423 tionem
741 1368 805 1423 D.
837 1366 1042 1422 Thom.
1069 1366 1456 1441 impugnaret,
1510 1382 1612 1423 nec
1665 1367 1832 1422 illam

467 1449 588 1523 ejus
617 1447 910 1520 responsio
944 1450 1221 1504 tueretur.
1254 1449 1323 1502 Et
1348 1447 1493 1505 bene
1519 1447 1834 1505 observan-

468 1528 606 1584 dum
646 1532 748 1595 est,
779 1525 927 1600 quod
954 1529 1010 1584 S.
1038 1530 1241 1584 Doctor
1280 1543 1384 1600 pro
1415 1526 1618 1585 eodem
1660 1544 1835 1600 repu-

468 1613 568 1676 tat,
599 1607 749 1680 quod
793 1613 983 1665 motus
1034 1606 1203 1665 liberi
1268 1608 1496 1664 arbitrii
1562 1615 1835 1681 sequatur

467 1689 860 1762 operationem
932 1687 1033 1745 Dei
1081 1689 1318 1763 agentiS,
1368 1694 1425 1746 et
1481 1687 1835 1761 disponentis

470 1772 805 1846 subjectum,
837 1776 893 1827 et
917 1771 1065 1844 quod
1095 1778 1367 1845 sequatur
1392 1772 1591 1847 gratiae
1616 1773 1836 1830 sancti-

470 1853 696 1911 ficantis
766 1853 1158 1921 infusionem;
1208 1870 1502 1926 unumque
1542 1856 1719 1912 infert
1763 1871 1837 1911 ex

473 1936 607 1992 alio.
634 1936 775 1990 Cum
824 1934 1001 2007 igitur
1028 1939 1216 1991 motus
1256 1933 1427 1991 liberi
1450 1935 1678 1991 arbitrii
1706 1933 1836 1991 sub-

471 2021 784 2089 sequantur
847 2015 1190 2089 simpliciter
1264 2016 1658 2089 operationem
1732 2016 1834 2073 Dei

472 2098 710 2170 agentis,
741 2101 796 2153 et
816 2088 1171 2169 disponentis
1218 2095 1552 2170 subjectum,
1586 2096 1648 2152 fit
1685 2096 1837 2170 quod

471 2193 542 2235 ex
563 2181 624 2233 D.
652 2178 858 2234 Thom.
886 2177 1172 2234 sententia
1192 2183 1382 2235 motus
1403 2177 1570 2235 liberi
1603 2177 1836 2235 arbitrii

471 2264 783 2330 sequantur
809 2257 1153 2330 simpliciter
1195 2258 1444 2332 gratiam
1470 2257 1838 2314 sanctifican-

472 2344 589 2395 tem
630 2338 1043 2395 terminantem
1070 2339 1170 2394 Doi
1214 2338 1501 2395 influxum
1528 2362 1541 2405 ;
1572 2339 1838 2411 quamvis

476 2420 540 2475 in
594 2435 805 2493 genere
867 2434 1046 2475 causae
1101 2421 1421 2477 materialis
1490 2419 1839 2492 dispositivae

477 2499 654 2555 iidem
701 2505 888 2556 motus
941 2499 1260 2572 praecedant
1296 2500 1564 2576 gratiam,
1590 2516 1715 2573 quae
1756 2504 1840 2555 est

480 2579 666 2635 forma
688 2578 1025 2652 JustificanS.
1059 2579 1336 2637 Videatur
1364 2582 1536 2654 Cajet.
1567 2580 1663 2653 qui
1693 2585 1841 2635 recte

476 2660 748 2733 expendit
794 2660 1123 2733 praedictam
1162 2665 1227 2717 D.
1257 2663 1461 2719 Thom.
1511 2662 1842 2734 responsio-

482 2757 638 2799 nem.

268 2830 445 2880 Rereni-
553 2823 645 2879 49.
691 2822 908 2889 Tertio,
956 2827 1012 2879 et
1057 2822 1352 2896 urgentius
1398 2823 1597 2881 eadem
1645 2822 1843 2881 minor

261 2889 449 2985 gfflffi
478 2902 789 2965 suadetur:
828 2904 964 2976 quia
1007 2903 1235 2977 quando
1276 2906 1338 2961 D.
1367 2906 1572 2962 Thom.
1604 2905 1793 2977 inquit
1828 2924 1840 2960 :

481 2983 805 3050 Dicendum,
839 2984 982 3061 quod
1016 2984 1280 3056 praedicta
1325 2993 1581 3062 quatuo-r,
1613 3002 1727 3062 quai
1762 3001 1846 3040 re·

482 3068 780 3144 quiruntur
818 3066 892 3120 ad
908 3066 1362 3138 Justificationem
1400 3070 1581 3140 impii,
1613 3074 1712 3122 etc.
1754 3066 1845 3122 lo-

479 3145 675 3218 quitur
701 3143 771 3201 de
812 3145 931 3201 illis
957 3151 1219 3219 quatuor,
1251 3164 1375 3220 quae
1426 3148 1489 3203 in
1520 3146 1846 3221 praeceden-

479 3226 632 3283 tibus
677 3226 937 3283 articulis
983 3227 1239 3301 ejusdem
1267 3230 1598 3302 quaestionis
1646 3244 1846 3285 recen-

478 3314 689 3366 suerat.
726 3309 890 3366 Unde
930 3310 1093 3365 nulla
1120 3310 1328 3384 aptiori
1353 3312 1447 3369 via
1487 3311 1689 3368 venari
1716 3326 1847 3383 pos-

479 3407 698 3457 sumus,
749 3390 884 3464 quid
921 3393 985 3447 D.
1019 3391 1223 3462 Thom.
1256 3393 1495 3450 nomine
1546 3393 1848 3465 infusionis

478 3474 670 3541 gyratis
716 3472 778 3527 in
843 3472 948 3528 hoc
1019 3473 1261 3530 articulo
1331 3472 1633 3548 significet,
1672 3488 1845 3546 quam

482 3551 898 3626 investigando,
931 3554 1066 3627 quid
1094 3554 1293 3612 eodem
1326 3556 1562 3612 nomine
1590 3555 1652 3611 in
1699 3572 1848 3630 prae-

482 3631 813 3689 cedentibus
874 3634 1134 3691 articulis
1201 3636 1612 3710 significaverit
1643 3658 1656 3692 ε
1723 3642 1847 3692 tum

483 3713 618 3786 quia
646 3714 794 3770 hanc
821 3712 1177 3771 identitatem
1220 3716 1492 3789 importat
1514 3718 1572 3791 ly
1588 3718 1848 3791 praedicta

485 3801 768 3873 quatuor:
838 3800 959 3851 tum
1033 3796 1169 3869 quia
1224 3812 1295 3853 ex
1342 3798 1599 3871 opposito
1660 3796 1844 3864 fieret,

486 3876 551 3931 D.
585 3874 788 3932 Thom.
823 3893 951 3933 cum
1005 3893 1214 3952 magna
1260 3877 1750 3951 inconsequentia,
1794 3885 1851 3937 et

483 3959 931 4031 aequivocatione
983 3961 1335 4032 processisse.
1389 3960 1448 4016 Id
1496 3977 1633 4019 vero
1682 3962 1850 4020 facile

479 4038 766 4097 constabit
794 4039 1177 4097 consideranti
1239 4042 1747 4110 coordinationem,
1795 4049 1853 4101 et

487 4118 1023 4191 methodum,quam
1054 4121 1273 4178 S.Doct.
1294 4122 1358 4178 in
1398 4128 1514 4179 tota
1540 4125 1852 4194 quaestione

488 4198 772 4263 observat,
803 4203 860 4254 et
878 4214 1049 4271 quam
1075 4200 1136 4255 in
1158 4201 1279 4273 ejus
1301 4202 1526 4258 lumine
1545 4203 1626 4259 sic
1643 4219 1854 4276 propo-

491 4282 580 4337 nit
607 4302 656 4336 επ
688 4281 851 4337 Circa
880 4281 1136 4353 primum
1164 4290 1500 4354 quaeruntur
1528 4282 1720 4341 decem
1747 4308 1761 4343 ι
1801 4286 1850 4341 l.

453 4391 456 4396 ·
496 4384 521 4415 «
553 4362 701 4429 Quid
745 4364 821 4419 sit
841 4363 1172 4435 justificatio
1218 4365 1404 4438 impii.
1437 4369 1492 4424 2.
1526 4369 1733 4423 Utrum
1782 4367 1854 4423 ad

498 4468 522 4499 «
552 4462 678 4503 eam
710 4447 1038 4519 requiratur
1057 4447 1257 4521 gratim
1283 4448 1521 4506 infusio.
1555 4450 1607 4505 3.
1643 4451 1854 4506 Utrum

499 4549 525 4581 α
555 4526 625 4583 ad
679 4544 806 4584 eam
848 4531 1175 4601 requiratur
1204 4529 1413 4602 aliquis
1460 4536 1647 4587 motus
1682 4531 1854 4588 liberi

493 4606 803 4665 «arbitrii.
868 4612 924 4667 4.
971 4611 1180 4666 Utrum
1221 4610 1292 4667 a'd
1356 4626 1484 4667 eam
1527 4613 1856 4685 requiratur

499 4712 524 4743 «
554 4696 743 4747 motus
769 4689 922 4748 fidei.
953 4694 1007 4749 5.
1041 4694 1249 4749 Utrum
1272 4692 1343 4748 ad
1371 4708 1497 4749 eam
1529 4694 1857 4767 requiratur

495 4792 524 4825 «
554 4777 744 4830 motus
770 4771 940 4830 liberi
970 4773 1201 4831 arbitrii
1228 4779 1429 4831 contra
1456 4780 1765 4847 peccatum.
1797 4776 1853 4831 6.

1961 647 1987 679 «
2017 624 2086 681 ad
2109 623 2575 699 justificationem
2615 629 2988 681 concurrunt.
3018 646 3043 676 n
3078 626 3162 681 Ex
3187 626 3326 698 qui-

1957 706 2062 764 bus
2082 705 2319 762 evidens
2340 704 2587 773 videtur,
2619 704 2769 778 quod
2811 709 2873 762 D.
2902 705 3103 762 Thom.
3138 705 3199 761 in
3224 706 3503 768 hocnxrho.

1959 788 2198 845 articulo
2236 789 2290 852 8,
2316 785 2387 844 de
2425 802 2626 843 eorum
2666 786 2872 844 ordine
2911 792 3056 860 agat,
3102 804 3227 859 quae
3259 787 3326 844 in

1961 868 2407 945 praecedentibus
2435 870 2693 925 articulis
2745 870 2970 926 dixerat
2999 868 3068 924 ad
3110 869 3326 943 justifi-
3390 914 3395 917 .

1960 954 2243 1011 cationem
2264 967 2624 1018 concurrere,
2649 957 2706 1008 et
2726 952 3085 1025 praerequiri.
3114 950 3329 1009 Videa-

1961 1050 2091 1090 mus
2138 1049 2308 1097 nunc,
2335 1032 2472 1105 quid
2524 1033 2579 1089 S.
2626 1034 2829 1089 Doctor
2879 1033 3119 1090 nomine
3164 1031 3327 1088 infu-

1962 1115 2141 1174 sionis
2165 1114 2363 1190 gratiae
2390 1112 2714 1189 significare
2736 1114 2998 1172 intendat
3023 1115 3088 1170 in
3113 1114 3215 1170 illo
3242 1130 3330 1170 ar·

1964 1198 2139 1254 ticulo
2182 1198 2235 1264 2,
2265 1194 2363 1251 ubi
2418 1196 2671 1261 resolvit,
2723 1195 3079 1252 infusionem
3124 1195 3327 1269 gratiae

1964 1278 2278 1336 desiderari
2347 1275 2418 1333 ad
2474 1275 2942 1351 justificationem
3002 1276 3191 1349 impii.
3243 1275 3327 1331 Ibi

1966 1364 2154 1416 autem
2195 1359 2277 1414 sic
2303 1357 2589 1414 concludit
2623 1379 2637 1413 z
2671 1379 2698 1410 α
2729 1357 2969 1414 Effectus
2996 1357 3210 1414 divinae
3235 1356 3330 1412 di-

1971 1466 1999 1497 «
2027 1440 2287 1500 lectionis
2308 1441 2371 1497 in
2402 1440 2586 1506 nobiS,
2618 1441 2714 1515 qui
2759 1457 2859 1514 per
2901 1445 3190 1512 peccatum
3217 1441 3330 1496 tol-

1970 1546 1997 1577 «
2021 1525 2180 1588 litur,
2212 1527 2298 1579 est
2316 1523 2520 1597 gratia,
2546 1539 2657 1595 qua
2684 1523 2855 1579 homo
2876 1520 2939 1578 fit
2961 1521 3171 1596 dignus
3198 1521 3333 1578 vitae

1972 1627 1998 1657 α
2022 1610 2270 1668 aeternae,
2297 1618 2330 1658 a
2374 1618 2485 1674 qua
2525 1607 2813 1675 peccatum
2862 1603 3108 1659 mortale
3132 1603 3332 1658 exclu-

1972 1708 2000 1740 «
2028 1685 2132 1741 dit.
2165 1686 2233 1740 Et
2254 1683 2383 1740 ideo
2410 1699 2527 1740 non
2552 1688 2736 1756 posset
2781 1683 3030 1758 intelligi
3068 1683 3332 1740 remissio

1973 1789 1999 1820 α
2026 1767 2222 1838 culpa),
2254 1765 2302 1820 si
2328 1781 2442 1821 non
2470 1763 2686 1821 adesset
2707 1765 2923 1821 infusio
2949 1766 3165 1839 gratias.
3202 1785 3228 1814 n
3264 1765 3334 1818 Et

1967 1847 2037 1904 ad
2074 1851 2118 1913 1,
2151 1845 2305 1903 addit
2342 1867 2354 1901 :
2403 1867 2428 1898 «
2450 1846 2856 1902 Benevolentia
2884 1846 2982 1901 Dei
3025 1845 3095 1901 ad
3139 1845 3333 1901 homi-

1974 1953 1999 1983 α
2030 1946 2164 1987 nem
2207 1928 2465 2002 reparari
2494 1928 2703 1984 dicitur
2733 1944 2832 2000 per
2870 1928 3088 1985 donum
3110 1929 3329 2002 gratiae.

1974 2036 2000 2066 «
2029 2014 2097 2067 Et
2118 2011 2246 2069 ideo
2270 2012 2399 2067 licet
2439 2011 2610 2067 homo
2646 2016 2952 2083 antequam
2991 2015 3192 2082 peccet,
3227 2025 3332 2082 po-

1975 2117 2000 2148 «
2025 2094 2333 2151 tueritesse
2353 2094 2479 2149 sine
2494 2093 2900 2166 gratia‚etsine
2922 2095 3087 2165 culpa
3110 2099 3333 2159 ;tamen

1972 2197 2000 2229 α
2043 2180 2166 2249 post
2194 2179 2478 2247 peccatum
2501 2189 2617 2230 non
2647 2177 2824 2246 potest
2849 2189 2970 2230 esse
2994 2174 3121 2230 sine
3141 2174 3330 2247 culpa,

1976 2281 2003 2314 «
2032 2260 2145 2315 nisi
2170 2258 2417 2332 gratiam
2446 2256 2668 2313 habeat.
2696 2278 2721 2308 ι)
2765 2257 2873 2312 Ubi
2904 2256 3119 2330 liquido
3164 2272 3335 2313 cons-

1969 2345 2067 2404 tat,
2102 2344 2218 2396 tam
2238 2356 2312 2396 ex
2352 2337 2566 2403 verbis,
2592 2354 2766 2411 quam
2788 2354 2858 2394 ex
2888 2343 3076 2394 mente
3099 2341 3151 2392 S.
3187 2340 3335 2394 Doc-

1969 2422 2129 2486 toris,
2160 2419 2309 2493 quod
2339 2420 2573 2477 nomine
2601 2417 2910 2475 infusionis
2929 2421 3124 2494 gratiae
3145 2418 3338 2492 signi-

1971 2500 2100 2559 ficet
2117 2502 2361 2576 gratiam
2407 2499 2877 2562 sanctificantem,
2902 2516 3075 2572 quam
3105 2500 3328 2572 requiri
3360 2559 3365 2563 .

1972 2582 2175 2640 asserit
2202 2581 2272 2637 ad
2319 2581 2441 2645 hoc,
2474 2586 2536 2636 ut
2582 2581 2797 2653 impius
2832 2580 3192 2654 justificetur.
3225 2582 3335 2645 Qui

1971 2679 2172 2721 sensus
2196 2662 2522 2718 communis
2566 2668 2651 2718 est
2672 2661 2819 2734 apud
2847 2678 2943 2717 eos
2968 2663 3146 2718 etiam
3181 2661 3340 2719 Tho·

1974 2745 2192 2809 mistaS,
2225 2760 2363 2816 quos
2418 2760 2570 2800 nunc
2613 2741 2989 2799 Adversarios
3036 2742 3329 2799 habemus.

280 2561 423 2613 cajet.

1974 2823 2117 2882 Cum
2143 2841 2279 2901 ergo
2321 2827 2378 2882 S.
2414 2828 2614 2883 Doctor
2661 2827 2720 2880 in
2741 2842 2898 2897 prais.
2924 2831 3034 2880 art.
3082 2826 3136 2887 8,
3168 2824 3338 2883 colli-

1973 2925 2132 2984 gens,
2182 2914 2238 2965 et
2280 2924 2621 2980 comparans
2662 2906 2932 2980 praedicta
2978 2915 3241 2980 quatuor,
3267 2907 3338 2964 de

1974 2990 2180 3062 quibus
2250 2989 2658 3062 disputaverat,
2735 2987 3032 3047 concludat
3067 3010 3081 3044 ε
3139 2989 3341 3045 Ordine

1974 3080 2186 3128 naturae
2230 3090 2404 3127 unum
2443 3079 2520 3126 cst
2556 3073 2715 3145 prius
2753 3073 2927 3127 altero
2955 3079 3046 3137 ;et
3091 3074 3232 3127 inter
3274 3089 3339 3127 ea

1976 3153 2229 3208 naturali
2267 3153 2455 3208 ordine
2487 3154 2731 3225 primu-m
2775 3159 2851 3207 cst
2875 3155 3069 3223 qratia
3106 3153 3333 3224 infusio,

1976 3241 2074 3290 eto.
2119 3233 2242 3289 luce
2296 3232 2623 3288 meridiana
2651 3233 2864 3289 clarius
2911 3238 3164 3305 apparet,
3191 3232 3338 3304 quod

1979 3313 2215 3370 nomine
2236 3315 2535 3387 infusionis
2583 3316 2772 3383 qratioe
2796 3313 3079 3387 significat
3099 3314 3340 3388 gratiam

1978 3393 2448 3452 sanctificantem.
2482 3393 2647 3451 Unde
2671 3410 2871 3451 sensus
2894 3410 2928 3450 a
2955 3393 3119 3451 nobis
3144 3395 3341 3451 inten-

1979 3481 2069 3531 tus
2101 3475 2378 3532 fundatur
2417 3492 2535 3532 non
2577 3476 2640 3531 in
2664 3476 2781 3543 hac,
2802 3479 2899 3530 aut
2922 3472 3036 3532 'illa
3072 3492 3218 3540 voce,
3244 3481 3342 3531 aut

1981 3557 2367 3631 propositione
2389 3555 2459 3611 ab
2488 3556 2619 3612 aliis
2663 3556 2935 3629 praecisa3
2973 3556 3070 3612 sed
3121 3557 3183 3612 in
3228 3571 3349 3612 me·

1979 3638 2172 3700 thod0.
2198 3653 2368 3710 quam
2411 3639 2476 3691 D.
2532 3637 2737 3694 Thom.
2773 3637 2834 3692 in
2874 3643 2991 3692 tota
3038 3637 3351 3709 quaestione

1980 3720 2261 3777 observat.
2312 3718 2791 3774 Adversariorum
2829 3723 3014 3773 autem
3055 3720 3350 3789 interpre-

1980 3801 2139 3864 tatio,
2165 3798 2303 3854 dum
2343 3799 2588 3872 gratiam
2633 3798 3007 3854 auxiliantem
3037 3813 3136 3869 per
3176 3797 3343 3852 infu-

1980 3882 2202 3940 sionem
2248 3881 2451 3956 gratiae
2477 3878 2789 3953 significari
2831 3885 3078 3939 conatur.
3110 3886 3166 3935 et
3203 3895 3346 3953 gra-

1982 3965 2123 4020 tiam
2163 3956 2610 4018 sanctificantem
2659 3961 2765 4016 sub
2818 3962 3021 4018 ultimo
3050 3961 3345 4035 requisito,

1983 4059 2191 4117 nempe
2235 4041 2338 4098 sub
2369 4041 2708 4098 remissione
2766 4044 2944 4114 culpae
2974 4034 3215 4115 reponit,
3268 4048 3353 4099 to-

1983 4132 2100 4184 tam
2130 4126 2494 4182 harmoniam
2541 4125 2839 4195 praesentis
2878 4125 3206 4198 quaestionis
3232 4130 3355 4181 tur-

1984 4206 2096 4273 bat,
2124 4211 2181 4264 et
2220 4204 2485 4262 ordinem
2531 4204 2920 4260 clarissimum
2974 4221 3007 4261 a
3048 4208 3114 4261 D.
3139 4205 3346 4263 Thom.

1986 4289 2272 4345 intentum
2288 4284 2609 4342 confundit.
2630 4285 2793 4343 Unde
2811 4286 3158 4344 refelluntur
3182 4289 3355 4344 Mon-

1985 4370 2215 4432 tesinos,
2247 4373 2302 4423 et
2336 4373 2580 4434 Araux0,
2612 4374 2668 4425 et
2701 4369 3088 4425 communiter
3129 4368 3355 4426 Adver-

1985 4450 2125 4507 sarii
2154 4448 2235 4505 ita
2258 4450 2321 4503 D.
2353 4447 2635 4505 Thomam
2660 4450 3125 4521 interpretantes

2061 4532 2152 4587 50.
2186 4527 2575 4586 confirmatur
2602 4531 2794 4602 primo
2833 4547 2904 4587 ex
2930 4531 3129 4588 eodem
3161 4534 3356 4607 Ange-
3371 4557 3552 4601 stow..

1989 4614 2098 4670 lico
2151 4613 2505 4682 Praeceptore
2554 4618 2664 4667 art.
2718 4615 2754 4667 7
2794 4613 3022 4684 praeced.
3085 4612 3180 4668 ubi
3237 4614 3359 4671 haec
3377 4612 3546 4701 ⁶2¹AEss

1989 4693 2161 4751 habet
2193 4714 2206 4748 ι
2261 4714 2286 4744 «
2333 4690 2666 4756 Dicendum,
2698 4693 2848 4765 quod
2884 4698 2999 4750 tota
3021 4692 3360 4767 justificatio
3384 4705 3536 4753 solutio

1994 4796 2020 4829 α
2065 4772 2231 4846 impii
2261 4773 2625 4848 originaliter
2652 4775 2913 4835 consistit
2940 4775 3002 4830 in
3029 4776 3229 4848 gratiae
3257 4776 3360 4832 in-

499 4875 525 4907 «
548 4855 755 4910 Utrum
787 4855 1097 4927 praemissis
1146 4856 1222 4911 sit
1265 4855 1737 4913 connumeranda
1764 4869 1858 4911 re-

501 4937 750 4994 «missio
796 4944 1174 5009 peccatorum.
1202 4940 1261 4993 7.
1292 4939 1500 4994 Utrum
1542 4938 1604 4995 in
1644 4935 1861 5013 justifi-

495 5020 769 5076 «catione
802 5020 971 5094 impii
1015 5021 1090 5077 sit
1133 5021 1275 5078 ordo
1314 5021 1610 5095 temporis,
1656 5027 1753 5076 aut
1785 5020 1862 5076 sit

500 5120 528 5151 c<
559 5097 764 5156 subito.
797 5102 853 5155 8.
878 5104 957 5158 De
985 5102 1238 5158 naturali
1261 5101 1466 5159 ordine
1491 5117 1714 5168 eorum,
1737 5116 1862 5174 quas

1995 4878 2021 4909 α
2065 4856 2309 4912 fusione.
2345 4857 2457 4912 Per
2475 4870 2603 4912 eam
2631 4856 2812 4922 enim,
2838 4860 2895 4912 et
2923 4855 3175 4913 liberum
3205 4858 3363 4914 arbi·

1997 4958 2024 4989 «
2066 4937 2245 4991 trium
2271 4939 2553 5001 movetur,
2575 4940 2632 4993 et
2650 4937 2817 5008 culpa
2843 4936 3181 4993 remittitur.
3208 4940 3365 4994 Gra-

1999 5039 2025 5071 α
2067 5017 2160 5074 tiae
2188 5022 2379 5074 autem
2409 5016 2626 5073 infusio
2655 5014 2718 5071 fit
2756 5018 2819 5072 in
2862 5018 3104 5075 instanti
3147 5017 3366 5091 absque

1999 5120 2024 5151 (ι
2063 5097 2436 5155 successione.
2482 5098 2654 5172 Cujus
2697 5099 2842 5156 ratio
2881 5103 2984 5164 est,
3033 5099 3168 5171 quia
3208 5100 3368 5173 quod

3167 5184 3370 5257 aliqua
