3647 5753
471 397 582 453 336
1398 395 1492 450 DE
1529 396 1560 449 J
1565 395 2063 451 L'S'I'IFICATION
2069 396 2113 450 Ε
2152 395 2359 452 nuPn.

285 579 408 629 vm.
471 565 728 621 Ecclesiae
761 565 921 623 docet
955 567 1209 639 vasquez
1250 567 1396 641 disp.
1441 568 1573 633 203,
1613 584 1738 640 cap.
1763 568 1820 622 6.

471 646 667 701 Prima
709 662 847 703 vero
890 648 1298 721 consequentia
1341 647 1652 720 probatur;
1689 648 1828 719 quia

472 726 699 796 parvuli
720 733 777 781 et
803 727 986 783 adulti
1020 726 1408 804 justificantur
1433 744 1537 802 per
1575 729 1826 786 formam

463 804 719 879 ejusdem
762 808 1038 875 rationis;
1084 808 1367 881 siquidem
1413 810 1643 884 utrique
1666 825 1739 866 ex
1764 809 1825 864 vi

466 887 687 954 formae,
737 905 839 962 per
882 906 1056 963 quam
1107 890 1555 956 sanctificantur,
1611 891 1828 949 consti-

465 975 704 1026 tuuntur
732 977 1019 1029 consortes
1057 979 1279 1029 naturae
1302 972 1425 1039 Dei,
1457 971 1564 1028 filii
1604 971 1728 1038 Dei,
1769 977 1828 1030 et

466 1052 718 1110 haeredes
765 1055 902 1111 vitae
951 1061 1182 1111 aeternae
1234 1070 1248 1101 :
1300 1070 1439 1129 ergo
1485 1056 1538 1110 si
1591 1054 1825 1128 parvuli

461 1132 849 1206 justifimntur
889 1135 1215 1192 formaliter
1241 1151 1343 1209 per
1380 1136 1628 1210 gratiam
1655 1135 1826 1192 habi-

465 1216 700 1279 tualem,
741 1215 922 1273 adulti
944 1219 1119 1274 etiam
1149 1232 1250 1290 per
1285 1217 1548 1275 eamdem
1575 1217 1823 1292 gratiam

460 1295 866 1370 justificantur.
886 1299 970 1355 Ex
985 1299 1193 1372 quibus
1211 1300 1460 1356 secunda
1478 1315 1826 1372 cousequen-

464 1378 545 1434 tia
563 1379 702 1434 satis
744 1379 949 1451 liquet;
998 1395 1134 1436 nam
1180 1379 1254 1437 ad
1279 1381 1515 1437 unicum
1559 1380 1822 1438 effectum

463 1458 768 1516 formalem
819 1459 1025 1516 sufficit
1077 1478 1193 1519 nna
1239 1461 1426 1518 forma
1452 1506 1465 1528 ,
1514 1477 1614 1519 seu
1654 1476 1825 1517 cansa

463 1539 743 1605 formalis,
776 1546 836 1595 ut
864 1540 1156 1598 inductive
1182 1548 1361 1615 potest
1384 1541 1609 1599 ostendi
1643 1562 1657 1598 ε
1685 1557 1822 1616 ergo

463 1627 580 1674 tam
611 1620 857 1691 parvuli,
883 1637 1054 1693 quam
1090 1620 1270 1678 adulti
1293 1622 1677 1699 justificantur
1699 1622 1821 1679 for-

465 1702 697 1757 maliter
730 1701 801 1758 de
840 1703 985 1760 facto
1012 1720 1113 1777 per
1151 1706 1398 1779 gratiam
1436 1705 1817 1771 habitualem;

463 1786 519 1836 et
540 1796 710 1838 nemo
734 1782 805 1838 de
826 1782 971 1839 facto
991 1783 1333 1857 justificatur
1356 1802 1457 1859 per
1483 1792 1640 1843 actus
1667 1801 1822 1843 amo·

466 1863 563 1932 ris,
587 1869 642 1921 et
669 1866 1051 1925 contritionis.

270 1945 428 1990 conat·
539 1937 947 2006 confirmatur,
1002 1942 1139 2014 quia
1187 1943 1621 2000 Sacramentum
1668 1944 1820 2015 Bap-

285 1994 412 2040 ¹¹³²¹¹⁰
463 2021 637 2086 tismi,
694 2022 840 2095 quod
894 2024 1187 2082 confertur
1240 2026 1519 2099 parvulis,
1562 2033 1620 2085 et
1670 2024 1820 2099 quod

463 2102 755 2159 confertur
805 2102 1035 2171 adultis,
1086 2112 1171 2162 est
1218 2106 1474 2180 ejusdem
1542 2107 1815 2173 rationis;

459 2180 743 2254 siquidem
771 2189 990 2240 constat
1014 2201 1084 2242 ex
1104 2185 1321 2243 eisdem
1347 2186 1607 2259 partibus
1632 2202 1820 2244 essen·

460 2263 711 2331 tialibus‚
739 2268 981 2337 materia
1011 2268 1291 2336 videlicet,
1328 2274 1385 2325 et
1418 2269 1607 2326 forma
1640 2290 1654 2325 ε
1683 2284 1820 2342 ergo

456 2348 679 2404 confert
703 2349 964 2406 effectum
992 2350 1245 2423 ejusdem
1289 2352 1562 2419 rationis;
1594 2354 1820 2408 instru-

458 2435 717 2485 mentum
771 2432 950 2497 enim,
1012 2433 1180 2504 quale
1241 2439 1325 2490 est
1382 2436 1818 2492 Sacramentum

461 2511 756 2583 Baptismi,
804 2514 999 2585 nequit
1038 2529 1159 2570 esse
1183 2514 1435 2588 eiusdem
1468 2516 1726 2580 rationis,
1768 2518 1817 2573 si

459 2589 689 2646 effectus
715 2590 957 2647 diversae
998 2594 1240 2650 rationis
1279 2594 1584 2666 producat;
1631 2597 1820 2669 siqui-

458 2669 589 2727 dem
611 2672 978 2728 constituitur
998 2675 1379 2732 essentialiter
1402 2692 1502 2747 per
1524 2675 1817 2732 habitudi-

462 2768 596 2809 nem
624 2752 694 2808 ad
721 2753 982 2809 ellectum
1011 2775 1024 2810 ε
1054 2757 1209 2828 atqui
1235 2756 1483 2825 effectus,
1516 2773 1685 2831 quem
1714 2762 1819 2817 Sa·

459 2839 817 2891 cramentum
846 2834 1121 2906 Baptismi
1148 2834 1369 2892 confert
1415 2839 1692 2910 parvulis,
1735 2845 1820 2897 est

458 2913 644 2988 gratia
665 2913 995 2980 habitualis,
1029 2929 1129 2987 per
1157 2931 1329 2988 quam
1358 2917 1683 2976 formaliter
1704 2921 1820 2994 jus-

462 2991 771 3060 tificantur,
799 3001 860 3050 ut
894 3000 1114 3051 constat
1151 3012 1220 3052 ex
1243 2996 1413 3053 modo
1439 2996 1606 3055 dictis
1626 3019 1645 3053 .·
1682 3016 1819 3075 ergo

461 3075 691 3133 effectus
733 3092 902 3149 quem
949 3077 1170 3135 confert
1216 3078 1447 3145 adultis,
1499 3088 1582 3137 est
1631 3085 1819 3157 gratia

463 3155 790 3221 habitualiS,
824 3173 924 3229 per
949 3173 1121 3230 quam
1160 3158 1487 3217 formaliter
1508 3161 1820 3233 justifican-

463 3241 576 3291 tur.
605 3237 675 3291 Et
696 3241 929 3310 urgetur
952 3238 1054 3294 hoc
1079 3261 1093 3305 3
1116 3254 1253 3294 nam
1281 3239 1606 3311 Baptismus
1627 3240 1820 3300 adulto

463 3317 701 3374 collatus
748 3322 975 3390 praestat
1018 3318 1127 3391 ipsi
1158 3319 1427 3386 formam,
1472 3337 1582 3393 qua
1604 3322 1821 3395 justifi-

464 3405 656 3463 catur;
685 3398 968 3470 siquidem
1001 3398 1259 3457 effective
1298 3401 1821 3462 instrumentaliter

466 3481 654 3553 ipsum
692 3478 982 3553 justificat,
1026 3481 1176 3552 quod
1214 3481 1424 3556 absque
1452 3483 1822 3556 productione

466 3562 665 3619 formae
680 3560 1044 3635 justificantis
1066 3563 1251 3621 facere
1274 3565 1500 3637 nequit:
1531 3568 1685 3639 atqui
1703 3583 1820 3624 non

467 3649 712 3718 praestat,
738 3659 920 3716 neque
945 3643 1112 3702 efficit
1153 3651 1307 3702 actus
1333 3648 1568 3714 amoris,
1606 3655 1662 3705 et
1682 3666 1822 3706 con-

465 3726 734 3788 tritionis,
762 3732 823 3782 ut
843 3743 913 3782 ex
934 3727 1198 3800 seliquet
1224 3750 1237 3784 z
1267 3744 1402 3803 ergo
1430 3727 1615 3786 forma
1642 3730 1819 3803 justi-

467 3805 641 3863 ficans
662 3805 883 3862 adultos
912 3822 1027 3863 non
1050 3809 1307 3864 consistit
1333 3807 1403 3865 de
1429 3808 1575 3867 facto
1598 3810 1660 3865 in
1683 3827 1823 3883 prae-

466 3886 630 3944 dictis
682 3887 916 3944 actibus.
967 3887 1128 3953 Quod
1192 3889 1497 3947 manifeste
1543 3893 1823 3963 expressit

256 3991 422 4034 catech.
468 3968 855 4024 catechismus
878 3969 1172 4024 Romanus
1195 3987 1257 4042 p.
1282 3972 1476 4042 amp.
1501 3973 1816 4040 2‚num.50,

255 4042 417 4084 B⁰¹¹¹³¹¹
469 4048 564 4105 ubi
624 4047 944 4105 doctrinam
1012 4048 1339 4105 Tridentini
1391 4052 1474 4107 sic
1512 4051 1761 4109 declarat
1804 4074 1818 4110 z

473 4155 498 4184 (ι
543 4126 959 4202 Exponendum
1018 4129 1129 4185 erit
1196 4128 1365 4204 hujus
1440 4133 1816 4197 Sacramenti,

471 4234 496 4264 a
540 4214 769 4282 (nempe
795 4209 1094 4281 Baptismi)
1125 4208 1337 4266 virtute
1359 4226 1462 4266 nos
1489 4228 1606 4269 non
1631 4212 1820 4269 solum

473 4313 498 4346 «
541 4308 573 4348 a
602 4291 791 4355 malis,
847 4305 972 4362 quae
1011 4304 1145 4346 vere
1189 4290 1343 4346 mala
1377 4290 1617 4348 dicenda
1662 4299 1815 4358 sunt,

469 4395 498 4425 «
541 4371 778 4428 liberari
803 4396 815 4435 ;
847 4385 1049 4426 verum
1077 4370 1252 4426 etiam
1278 4372 1512 4428 eximiis
1540 4372 1723 4438 bonis,
1768 4379 1822 4431 et

473 4476 498 4506 «
541 4452 881 4509 muneribus
908 4451 1123 4524 augeri.
1152 4451 1396 4507 Animus
1439 4453 1598 4508 enim
1631 4460 1823 4511 noster

471 4555 497 4586 «
539 4532 740 4589 divina
778 4531 964 4605 gratia
993 4531 1265 4603 repletur,
1290 4548 1400 4604 qua
1443 4532 1600 4606 justi,
1632 4539 1687 4590 et
1713 4531 1820 4590 filii

470 4638 495 4666 «
542 4614 639 4671 Dei
660 4613 863 4675 effecti,
894 4617 1122 4669 aeternae
1162 4628 1385 4684 quoque
1410 4613 1612 4669 salutis
1635 4614 1821 4671 haere—

466 4719 491 4750 «
533 4696 632 4753 des
654 4694 1036 4750 instituimur.
1058 4695 1154 4749 Est
1181 4699 1369 4751 autem
1392 4695 1593 4769 gratia.
1617 4712 1822 4770 quem-

463 4798 489 4829 «
531 4774 841 4833 admodum
870 4773 1212 4831 Tridentina
1234 4774 1496 4850 Synodus
1532 4775 1602 4832 ab
1624 4777 1822 4833 omni-

463 4879 488 4909 α
530 4859 634 4915 bus
661 4854 1032 4922 credendum,
1068 4871 1236 4927 poena
1271 4856 1655 4914 anathematis
1684 4873 1822 4930 pro-

463 4961 487 4991 «
532 4939 713 5011 posita
760 4935 1030 5000 decrevit,
1088 4951 1205 4992 non
1251 4936 1440 4992 solum
1494 4954 1594 5009 per
1645 4952 1819 5010 quam

459 5040 487 5070 a
533 5023 884 5090 peccatorum
915 5015 978 5070 fit
1007 5016 1287 5080 remissio,
1319 5014 1414 5071 sed
1437 5014 1637 5073 divina
1677 5034 1825 5091 qua-

1961 589 1988 620 «
2029 567 2164 623 litas
2188 567 2252 623 in
2273 568 2472 624 anima
2492 566 2802 624 inhaerens.
2838 591 2866 620 »
2898 569 2967 622 Et
3003 567 3200 625 deinde
3231 585 3283 624 n.

1956 648 2024 703 51
2062 667 2133 702 τι
2182 648 2326 704 Huic
2388 654 2580 705 antem
2638 647 2873 704 additur
2919 647 3291 704 nobilissimus

1963 749 1990 780 ι
2030 729 2297 785 omnium
2318 728 2618 785 *virtutum
2680 730 3001 791 comitatus,
3061 744 3181 801 quae
3234 730 3289 784 in

1963 828 1991 859 ι
2031 807 2231 864 anima
2263 823 2396 864 eum
2438 809 2625 883 gratia
2662 809 2947 865 divinitus
2984 808 3289 864 infundun—

1963 908 1991 939 α
2031 893 2144 944 tur.
2178 907 2204 939 »
2233 887 2296 943 ld
2315 895 2528 955 autem,
2551 888 2701 962 quod
2727 890 2973 945 virtutes
2991 887 3291 946 habitualae

1954 968 2321 1035 comitantur,
2353 984 2471 1026 non
2496 976 2581 1026 est
2603 970 2797 1043 aliqua
2822 970 3079 1027 bominis
3102 985 3292 1043 opera—

1955 1048 2057 1114 tio,
2086 1048 2185 1105 sed
2219 1049 2407 1107 forma
2441 1050 2701 1123 quaedam
2728 1051 3061 1115 habitualis,
3100 1057 3155 1107 et
3174 1066 3289 1125 per·

1957 1144 2219 1194 manens,
2241 1131 2390 1186 sicut
2412 1132 2548 1204 ipsae
2575 1131 2836 1188 virtutes.

2029 1213 2121 1268 53.
2166 1212 2574 1285 Respondebis,
2604 1213 2711 1270 hoc
2745 1218 3152 1289 argumentum
3175 1228 3295 1270 cum
3308 1223 3457 1280 aspon-

1952 1308 2057 1350 sua
2090 1292 2534 1353 confirmatione
2569 1301 2797 1352 tantum
2835 1297 3121 1361 evincere,
3160 1296 3294 1369 quod
3352 1284 3418 1317 ⁵¹⁰·

1954 1374 2129 1432 bomo
2141 1375 2479 1449 justificetur
2498 1377 2570 1435 de
2584 1378 2729 1436 facto
2745 1394 2843 1451 per
2855 1380 3039 1437 solam
3061 1378 3293 1453 gratiam

1954 1454 2328 1523 habitualem,
2363 1459 2593 1531 quando
2631 1458 2975 1533 justificatur
3011 1461 3164 1517 intra
3201 1461 3297 1515 Sa-

1951 1544 2332 1608 cramentum,
2357 1544 2414 1597 et
2434 1539 2643 1613 absque
2661 1542 3037 1608 contritione;
3061 1540 3298 1597 minime

1953 1632 2091 1674 vero
2113 1634 2244 1676 cum
2267 1618 2613 1695 justificatur
2649 1627 2813 1679 extro
2849 1620 3294 1683 Sacramentum,

1949 1704 2161 1756 etcum
2187 1700 2533 1758 contritione
2564 1722 2578 1756 :
2621 1706 2756 1758 tnnc
2793 1703 3005 1775 quippe
3031 1702 3155 1775 ipsa
3176 1717 3298 1758 con·

1951 1779 2131 1848 tritio,
2177 1786 2238 1837 ut
2282 1782 2529 1854 gratiam
2575 1781 2928 1840 habitualem
2971 1782 3292 1845 antevertit,

1953 1865 2134 1932 potest
2151 1861 2328 1917 etiam
2352 1862 2574 1935 lapsum
2598 1861 2932 1936 justificare.
3142 1914 3147 1919 .

2023 1938 2131 1995 Sed
2170 1946 2369 1997 contra
2399 1948 2483 1998 est
2503 1944 2728 2015 primo:
2771 1958 2909 1998 nam
2949 1942 3142 2006 homo,
3182 1940 3299 1996 sive
3332 1942 3449 1987 uuiti-

1950 2019 2126 2089 intra,
2155 2022 2280 2078 sive
2297 2027 2461 2080 extra
2487 2026 2921 2081 Sacramentum
2939 2022 3293 2100 justificetur,
3308 1993 3478 2102 μρῖἒιΐῗῖ

1948 2105 2035 2158 est
2077 2103 2263 2177 justus
2298 2104 2554 2178 ejusdem
2592 2106 2979 2165 essentialiter
3018 2105 3261 2162 rationis
3282 2100 3475 2184 ;⁰¹{52Y⁰''

1948 2184 2233 2257 siquidem
2274 2183 2337 2241 fit
2372 2203 2604 2244 consors
2653 2187 2907 2261 ejusdem
2948 2192 3171 2245 naturae
3206 2185 3298 2243 di-

1950 2264 2120 2333 vinae,
2144 2270 2202 2322 et
2240 2265 2422 2322 haeres
2459 2266 2715 2340 ejusdem
2756 2267 2888 2324 vitae
2907 2275 3143 2325 aeternae
3169 2265 3299 2323 :sed

1949 2346 2021 2404 ad
2059 2346 2288 2404 effectus
2326 2346 2598 2406 formales
2635 2348 2888 2423 ejusdem
2922 2350 3300 2408 essentialiter

1952 2429 2194 2485 rationis
2233 2428 2551 2500 requiritur
2600 2429 2791 2486 forma
2827 2431 3086 2504 ejusdem
3126 2430 3302 2488 ratio-

1950 2510 2043 2565 nis
2078 2509 2401 2565 essentialis
2444 2530 2459 2565 ε
2523 2525 2660 2584 ergo
2718 2516 2834 2566 tam
2893 2512 3072 2579 intra,
3136 2526 3299 2585 quam

1949 2596 2114 2648 extra
2152 2592 2584 2648 Sacramentum
2620 2589 2965 2666 justificatur
3006 2609 3110 2665 per
3166 2609 3303 2649 ean-

1949 2673 2082 2731 dem
2123 2673 2371 2729 formam
2407 2672 2814 2747 justificantem
2845 2673 2984 2730 :sed
3026 2675 3183 2731 intra
3204 2675 3303 2730 Sa-

1949 2760 2309 2810 cramentum
2342 2752 2687 2828 justificatur
2724 2754 2793 2811 de
2827 2754 2974 2811 facto
2995 2770 3100 2826 per
3125 2754 3301 2810 solam

1948 2836 2194 2911 gratiam
2236 2835 2606 2902 habitualem,
2651 2843 2712 2894 ut
2749 2842 2967 2895 constat
3003 2853 3081 2894 ex
3120 2835 3299 2900 dictis,
3542 2764 3546 2988 ι

1949 2923 2005 2974 et
2043 2917 2296 2975 admittit
2334 2917 2451 2974 haec
2491 2919 2829 2992 responsio:
2870 2920 2984 2976 haec
3024 2920 3227 2996 igitur,
3252 2923 3303 2975 et

1952 3014 2070 3056 non
2110 3005 2266 3055 actus
2326 2999 2536 3072 aliquis
2589 3005 2677 3056 est
2731 2999 2804 3057 de
2842 2999 3006 3066 fact0,
3053 3007 3112 3058 et
3150 3005 3305 3057 extra

1949 3080 2384 3137 Sacramentum
2435 3095 2603 3136 causa
2644 3079 2906 3137 formalis
2946 3079 3306 3157 justificatio·

1951 3160 2065 3215 niS.
2107 3157 2372 3226 Secundo,
2417 3160 2553 3235 quia
2590 3159 2765 3216 etiam
2804 3177 2937 3217 cum
2975 3161 3154 3218 homo
3188 3161 3307 3234 jus·

1949 3238 2200 3297 tificatur
2255 3245 2419 3296 extra
2493 3241 2926 3298 Sacramentum
2948 3286 2961 3310 ,
3035 3248 3097 3300 et
3159 3241 3305 3299 elicit

1951 3328 2138 3379 actum
2178 3323 2557 3390 contritionis,
2610 3323 2810 3396 recipit
2846 3324 3101 3399 gratiam
3147 3321 3306 3379 habi·
3428 3397 3431 3404 .

1951 3403 2187 3467 tualem,
2239 3408 2301 3459 ut
2355 3409 2577 3461 constat
2613 3419 2685 3460 ex
2738 3404 2993 3462 Concilio
3044 3396 3470 3494 Rident-&3335

1950 3501 2075 3542 sess.
2107 3486 2164 3551 6,
2192 3501 2322 3559 vap.
2345 3489 2401 3551 7,
2427 3491 2483 3543 et
2500 3504 2629 3542 sess.
2670 3486 2752 3552 14,
2778 3504 2898 3559 cap,
2929 3489 2986 3553 4;
3004 3487 3107 3545 sed
3128 3485 3305 3560 gratia

1953 3565 2260 3622 habitualis
2287 3566 2456 3624 habet
2473 3566 2545 3625 de
2584 3567 2727 3624 facto
2748 3567 3024 3640 quidquid
3060 3567 3307 3641 requiri-

1952 3654 2065 3714 tur,
2148 3653 2209 3703 ut
2253 3648 2327 3703 sit
2386 3649 2574 3705 forma
2609 3648 2961 3723 justificans3
3006 3650 3308 3723 participat
3543 3521 3546 3726 1

1951 3729 2109 3786 enim
2139 3734 2406 3785 naturam
2429 3728 2713 3794 divinam,
2739 3736 2825 3786 est
2851 3730 3018 3787 radix
3049 3731 3310 3787 omnium

1952 3810 2253 3874 virtutum,
2302 3814 2359 3865 et
2401 3810 2696 3866 constituit
2742 3826 2845 3867 nos
2890 3810 3044 3868 filios
3089 3810 3208 3878 Dei,
3258 3815 3312 3866 ut

1952 3893 2169 3947 constat
2194 3904 2264 3945 ex
2295 3888 2461 3945 dictis
2495 3890 2621 3947 dub.
2654 3891 2876 3964 proeccd.
2927 3897 2983 3947 et
3022 3891 3213 3947 fusius
3248 3907 3315 3944 esr-

1953 3976 2116 4025 tract.
2139 3969 2362 4041 praeced.
2388 3976 2503 4025 tota
2536 3971 2677 4043 disp.
2712 3973 2767 4035 4,
2803 3970 2956 4028 unde
2979 3972 3237 4043 parvuli,
3263 3973 3314 4026 et

1953 4065 2153 4109 omnes
2190 4051 2286 4123 qui
2334 4049 2545 4124 absque
2597 4052 2942 4110 contritione
2982 4052 3310 4126 praedictam

1951 4131 2199 4207 gratiam
2244 4131 2545 4203 recipiunt,
2575 4138 2713 4188 sunt
2755 4132 3147 4190 essentialiter
3175 4130 3313 4189 adae·

1952 4217 2120 4285 quate
2154 4211 2312 4285 justi,
2352 4226 2469 4269 non
2509 4214 2706 4268 minus
2733 4229 2905 4286 quam
2935 4213 3046 4280 illi,
3074 4213 3175 4285 qui
3206 4212 3310 4269 eli-

1952 4292 2112 4348 ciunt
2153 4290 2558 4348 contritionem
2596 4309 2612 4345 2
2660 4309 2795 4366 ergo
2833 4292 2931 4366 qui
2968 4291 3309 4367 justificatur

1954 4374 2108 4430 intra
2128 4374 2578 4441 Sacramentum,
2618 4372 2960 4446 justificatur
2987 4373 3311 4430 formaliter

1955 4472 2054 4530 per
2074 4456 2257 4512 solam
2299 4455 2544 4528 gratiam
2573 4454 2949 4524 habitualem,
2973 4461 3028 4513 et
3071 4472 3191 4513 non
3215 4468 3310 4527 per

1951 4535 2335 4601 contritioniS,
2363 4541 2458 4591 aut
2480 4537 2696 4593 amoris
2718 4542 2893 4593 actus.
3242 4599 3249 4604 .

2034 4615 2232 4682 Tertio,
2259 4616 2392 4689 quia
2413 4616 2461 4672 si
2492 4622 2646 4672 actus
2682 4617 3048 4674 contritionis
3069 4615 3144 4672 de
3172 4615 3310 4670 facto

1954 4698 2282 4772 aliquando,
2309 4714 2515 4770 nempe
2539 4703 2699 4754 extra
2726 4700 3186 4763 Sacramentum,
3203 4697 3311 4770 jus·

1954 4778 2197 4836 tificaret
2217 4779 2560 4843 formaliter,
2584 4779 2772 4851 gratia
2788 4777 3102 4835 habitualis
3119 4776 3183 4832 in
3211 4774 3309 4835 eis.

1952 4860 2050 4931 qui
2086 4859 2490 4917 contritionem
2517 4857 2775 4925 eliciunt,
2810 4875 2927 4916 non
2955 4855 3193 4913 haberet
3221 4869 3313 4909 ra·

1955 4940 2171 4998 tionem
2199 4939 2398 4997 tormae
2419 4936 2806 5013 justificantis,
2839 4940 2958 4995 imo
2977 4952 3083 4993 nec
3103 4936 3317 4992 existe·

1954 5025 2041 5077 ret
2069 5021 2234 5077 inita
2254 5018 2574 5094 justificatis
2601 5039 2614 5074 :
2637 5034 2982 5092 consequens
3000 5024 3089 5073 est
3110 5016 3313 5150 agsur·

3179 5109 3274 5150 um
3299 5112 3310 5145 :
