3647 5753
57 2004 244 2047 conflr-

66 2053 219 2111 matio

61 2112 233 2153 prima.

1407 437 1584 495 mse.
1628 438 1722 506 vl,
1762 438 1927 496 DUB.
1971 439 2042 501 11.
2164 429 2178 444 ·
3035 432 3146 490 815

290 619 426 679 ergo
470 604 747 677 implicat,
803 607 953 679 quod
1009 608 1195 682 justus
1247 606 1316 666 de
1366 608 1649 683 condigno

290 692 584 744 mereatur
606 690 881 760 peccatori
930 690 1182 762 primam
1221 688 1648 765 J’ustificationis

286 770 554 844 gratiam.
588 773 1000 844 Consequentia
1035 778 1206 847 patet,
1237 779 1294 831 et
1343 774 1538 832 minor
1564 780 1648 830 est

266 855 459 921 certa,
494 855 813 924 praesertim
843 855 991 928 apud
1018 856 1362 926 Thomistas,
1394 857 1492 930 qui
1542 856 1648 914 hac

289 932 515 990 ratione
555 934 821 1007 probant,
846 952 963 1012 non
1008 952 1170 1009 posse
1212 938 1510 996 hominem
1539 953 1646 1009 pu-

288 1030 420 1071 rum
448 1016 658 1074 offerre
695 1018 1038 1095 condignam
1066 1018 1513 1078 satisfactionem
1542 1037 1645 1093 pro

284 1095 501 1154 offensa
527 1099 629 1155 Dei
659 1099 890 1156 inducta
911 1116 1012 1173 per
1039 1106 1329 1173 peccatum
1376 1103 1638 1158 mortale.

279 1179 465 1253 Major
512 1187 702 1238 autem
747 1183 1038 1249 suadetur,
1065 1185 1343 1256 quoniam
1366 1185 1643 1241 meritum

278 1258 349 1317 de
368 1262 651 1338 condigno
668 1261 833 1322 debet
852 1279 976 1322 esse
994 1264 1251 1340 ejusdem
1274 1266 1491 1323 valoris
1512 1281 1642 1322 cum

276 1343 518 1414 praemio
548 1367 562 1400 ι
591 1342 690 1400 sed
734 1344 885 1419 quod
913 1348 1062 1403 Deus
1087 1346 1334 1420 gratiam
1365 1346 1641 1419 peccatori

274 1423 511 1493 tribuat,
542 1431 629 1481 est
663 1427 970 1499 praemium
998 1426 1470 1486 aestimabilitatis
1495 1427 1643 1484 sim-

276 1503 504 1579 pliciter
523 1505 791 1576 infinitae3
811 1525 948 1564 nam
973 1507 1309 1581 praedictum
1335 1508 1641 1582 praemium

278 1584 443 1644 affert
481 1587 643 1645 inter
689 1590 806 1646 alia
848 1591 1250 1647 remissionem
1279 1589 1509 1647 offensas
1536 1590 1643 1647 ha-

280 1666 469 1725 bentis
519 1670 863 1743 gravitatem
907 1671 1250 1743 simpliciter
1295 1668 1638 1728 infinitam:

280 1764 417 1823 ergo
442 1750 718 1806 meritum
757 1751 1126 1826 condignum,
1159 1756 1224 1806 ut
1245 1741 1433 1825 gratia
1468 1750 1641 1824 justi-

278 1828 457 1887 ficans
504 1830 792 1887 tribuatur
813 1833 1110 1904 peccatori,
1136 1830 1303 1888 debet
1329 1847 1449 1888 esse
1480 1833 1640 1889 valo-

280 1913 361 1970 ris
378 1912 721 1985 simpliciter
747 1912 994 1970 infiniti.

352 1991 742 2051 confirmatur
806 1996 996 2069 primo
1029 2017 1042 2052 ι
1097 2012 1233 2052 nam
1274 1994 1401 2053 ideo
1464 2012 1639 2068 purus

274 2074 449 2145 homo
502 2077 700 2149 nequit
751 2076 820 2133 ad
865 2079 1247 2150 :equalitatem
1312 2078 1640 2134 satisfacere

276 2171 382 2228 pro
432 2157 597 2231 gravi
636 2157 736 2213 Dei
776 2157 1008 2226 offensa,
1042 2157 1177 2231 quia
1204 2157 1274 2214 ad
1310 2157 1637 2230 praedictam

275 2239 658 2310 aequalitatem
684 2241 1016 2312 requiritur,
1041 2239 1192 2312 quod
1233 2241 1352 2296 haec
1376 2240 1638 2295 satisfac-

275 2318 357 2375 tio
383 2319 589 2376 habeat
615 2322 870 2377 valorem
899 2321 1220 2387 infinitum,
1246 2323 1389 2377 sicut
1418 2321 1520 2377 iila
1548 2321 1637 2378 of-

276 2399 437 2456 fensa
465 2400 632 2457 habet
660 2401 953 2458 infinitam
1002 2403 1345 2476 simpliciter
1377 2403 1638 2477 gravita-

276 2486 392 2537 tem
426 2502 440 2538 :
471 2482 570 2538 sed
591 2483 767 2539 etiam
790 2484 1065 2540 meritum
1081 2484 1151 2540 de
1171 2484 1453 2558 condigno
1473 2484 1639 2542 debet

275 2558 489 2618 habere
510 2564 894 2634 aequalitatem
930 2579 1059 2620 cum
1104 2565 1341 2637 praemio
1375 2586 1389 2619 ε
1418 2579 1554 2640 ergo
1576 2570 1640 2620 ut

267 2642 455 2715 justus
474 2649 795 2701 mereretur
818 2645 1219 2701 remissionem
1247 2644 1474 2702 offensae
1500 2645 1637 2701 sim-

275 2723 501 2795 pliciter
525 2721 784 2788 infinitae,
811 2723 1050 2780 debebat
1069 2725 1277 2781 elicere
1298 2742 1439 2798 opus
1462 2726 1636 2782 meri·

271 2805 489 2862 torium
540 2803 757 2861 infiniti
811 2806 1045 2863 valoris.
1102 2809 1171 2863 Et
1221 2813 1634 2881 consequenter

266 2887 413 2942 sicut
440 2892 737 2960 repugnat,
769 2885 918 2959 quod
949 2904 1125 2959 purus
1176 2888 1350 2945 homo
1399 2889 1632 2946 satisfa—

268 2968 380 3024 ciat
419 2968 488 3025 ad
516 2969 900 3041 aequalitatem
933 2986 1036 3042 pro
1076 2971 1239 3044 gravi
1270 2972 1371 3027 Dei
1392 2971 1625 3035 offensa,

272 3049 352 3105 ita
381 3054 657 3124 repugnat
695 3049 843 3122 quod
896 3056 1188 3107 mereatur
1235 3049 1304 3107 de
1344 3051 1630 3126 condigno

271 3129 554 3202 praedictae
573 3131 799 3187 offensae
829 3132 1231 3188 remissionem
1267 3153 1280 3186 ε
1310 3137 1407 3186 aut
1432 3148 1463 3188 e
1490 3148 1630 3188 con-

269 3227 457 3272 verso.
482 3213 532 3267 si
574 3227 750 3283 purus
796 3210 970 3267 homo
1018 3215 1195 3282 potest
1241 3209 1310 3265 de
1349 3211 1631 3284 condigno

269 3291 486 3348 mereri
516 3290 914 3346 remissionem
955 3288 1185 3344 offensae
1221 3289 1436 3361 graviS‚
1470 3291 1628 3361 pari-

270 3378 357 3426 ter
386 3369 595 3442 poterit
622 3370 793 3426 homo
823 3385 1001 3440 purus
1023 3383 1126 3440 pro
1145 3369 1309 3440 gravi
1332 3370 1432 3426 Dei
1454 3370 1630 3427 offen·

271 3466 335 3506 sa
358 3448 683 3504 satisfacere
711 3447 780 3503 ad
801 3449 1203 3520 aequalitatem.

40 3549 259 3599 swa..
348 3526 736 3587 Conflrmatur
778 3527 1043 3593 secundo,
1075 3529 1209 3601 quia
1237 3528 1483 3586 offensus
1511 3546 1628 3587 non

273 3615 499 3667 tenetur
526 3608 716 3667 debito
745 3610 955 3666 morali
1005 3610 1296 3666 remittere
1324 3611 1621 3677 offensam,

269 3697 326 3748 et
344 3691 543 3748 cedere
559 3690 678 3763 juri
707 3689 971 3763 exigendi
1013 3689 1477 3756 satisfactionem,
1512 3692 1625 3749 nisi

268 3775 321 3832 ei
345 3774 616 3831 offeratur
641 3771 950 3829 satisfactio
977 3772 1259 3847 condigna
1277 3773 1620 3841 formaliter,

269 3861 367 3912 aut
410 3854 822 3928 aequivalenter
852 3855 981 3910 talis
1015 3853 1156 3910 :sed
1197 3856 1378 3927 posito
1416 3858 1625 3914 merito

266 3935 567 4010 condigno,
601 3941 663 3991 ut
698 3937 844 3990 Deus
872 3942 1099 4007 pacetur
1129 3938 1424 4008 peccatori,
1457 3954 1624 3994 eum-

265 4034 374 4092 que
395 4016 465 4074 ad
492 4032 657 4073 suam
691 4016 1005 4073 amicitiam
1036 4017 1226 4073 media
1246 4019 1433 4092 gratia
1457 4035 1625 4075 sanc·-

266 4100 523 4157 tificante
564 4100 841 4165 restituat,
891 4098 1177 4173 obligatur
1223 4104 1370 4158 Deus
1431 4101 1624 4159 debito

265 4181 476 4239 morali
498 4196 570 4237 ex
590 4180 815 4237 meritis
840 4188 965 4238 orto
987 4180 1057 4237 ad
1105 4181 1510 4239 remittendam
1533 4183 1624 4240 of-

264 4261 507 4328 fensam,
540 4260 684 4318 etad
715 4276 832 4318 non
857 4260 1200 4335 exigendam
1246 4262 1422 4319 aliam
1451 4265 1622 4321 satis-

267 4343 605 4410 factionem;
634 4342 918 4419 siquidem
972 4344 1161 4415 ipsum
1203 4348 1490 4417 acceptare
1515 4346 1623 4403 ho-

264 4425 485 4500 minem
552 4422 621 4480 ad
683 4423 953 4499 gratiam,
1021 4429 1077 4480 et
1134 4424 1471 4491 amicitiam,
1539 4432 1623 4483 est

265 4505 729 4579 inseparabiliter
768 4505 1046 4564 offensam
1083 4507 1395 4574 remittere,
1421 4514 1478 4564 et
1505 4525 1622 4566 non

267 4586 515 4643 retinere
537 4587 631 4661 jus
667 4584 934 4661 exigendi
961 4587 1410 4646 satisfactionem
1444 4613 1457 4647 z
1486 4605 1623 4664 ergo

264 4668 538 4725 meritum
583 4668 655 4726 de
692 4665 994 4742 condigno,
1047 4674 1108 4725 ut
1166 4674 1311 4727 Deus
1372 4671 1620 4744 gratiam

264 4748 540 4820 peccatori
563 4749 798 4817 tribuat,
831 4758 916 4807 est
945 4751 1286 4818 formaliter,
1317 4756 1414 4806 aut
1439 4752 1621 4823 aequi-

263 4830 522 4888 valenter
547 4832 856 4892 satisfactio
881 4834 1162 4909 condigna
1192 4849 1296 4905 pro
1332 4834 1496 4905 gravi
1520 4834 1619 4890 Dei

263 4910 478 4969 offensa
510 4935 523 4970 ε
552 4930 691 4990 ergo
730 4917 1102 4974 asserendum
1143 4921 1248 4982 est,
1281 4917 1371 4973 vei
1409 4933 1618 4989 purum

264 4993 560 5051 hominem
585 5013 745 5069 posse
777 4998 1058 5073 condigne
1103 5014 1205 5069 pro
1235 4997 1503 5070 praedicta
1530 4998 1619 5055 of-

262 5076 423 5132 fensa
442 5075 786 5146 satisfacere,
817 5079 909 5135 vel
933 5094 1145 5152 purum
1173 5077 1472 5135 hominem
1502 5094 1619 5137 non

1783 625 1944 682 posse
1963 610 2035 667 de
2056 609 2339 687 condigno
2359 609 2574 668 mereri
2597 609 2850 683 primam
2868 609 3143 682 peccatori

1781 691 2048 766 gratiam.

1856 770 2246 828 confirmatur
2272 774 2478 830 tertio:
2519 787 2656 828 nam
2691 770 2789 844 qui
2819 775 2998 843 potest
3017 787 3142 827 me·
3165 764 3324 809 Tem*-

1783 850 1899 906 reri
1965 852 2035 909 de
2092 853 2376 929 condigno
2433 852 2836 910 remissionem
2901 850 3142 926 aiicujus

1779 931 2027 998 offensae,
2061 939 2241 1006 potest
2274 934 2450 991 etiam
2491 933 2561 993 de
2601 932 2884 1008 condigno
2926 933 3140 990 mereri

1778 1015 2228 1074 satisfactionem
2267 1020 2544 1092 aequaiem
2593 1031 2695 1089 pro
2738 1015 2837 1071 tali
2878 1014 3093 1073 offensa
3126 1039 3139 1071 :

1777 1094 1879 1151 sed
1908 1095 2081 1153 homo
2108 1113 2285 1170 purus
2307 1098 2505 1171 nequit
2527 1096 2740 1154 mereri
2761 1095 2833 1152 de
2859 1095 3143 1170 condigno

1776 1175 2226 1235 satisfactionem
2262 1180 2539 1250 aequalem
2570 1195 2673 1252 pro
2697 1176 2862 1252 gravi
2904 1176 3004 1232 Dei
3051 1177 3142 1234 of-

1775 1256 1968 1314 fensa:
2000 1273 2136 1333 ergo
2163 1259 2359 1331 nequit
2387 1258 2456 1317 de
2484 1258 2764 1333 condigno
2793 1257 3008 1314 mereri
3047 1274 3142 1314 re-

1777 1340 2112 1398 missionem
2140 1339 2420 1414 praedictae
2446 1341 2693 1399 offensae.
2727 1342 2912 1415 Major
2940 1345 3138 1398 osten-

1775 1419 1952 1489 ditur,
1984 1422 2119 1494 quia
2161 1424 2475 1480 satisfactio
2513 1423 2749 1497 aequalis
2800 1439 2905 1495 pro
2947 1422 3140 1495 aliqua

1775 1503 1991 1562 offensa
2013 1522 2130 1563 non
2158 1507 2299 1579 petit
2317 1521 2439 1563 esse
2459 1506 2696 1579 majoris
2717 1504 3139 1562 aestimabilita-

1777 1586 1867 1655 tis,
1892 1603 2064 1661 quam
2079 1587 2270 1660 ipsius
2290 1586 2522 1645 offensae
2545 1587 2828 1654 remissio,
2849 1588 2940 1643 vel
2964 1602 3148 1659 quam,

1774 1669 1851 1724 sit
1886 1670 2143 1744 ejusdem
2197 1670 2425 1727 offensae
2465 1669 2749 1744 gravitas3
2792 1668 2891 1725 sed
2933 1667 3139 1725 sufficit

1773 1751 1924 1824 quod
1961 1753 2165 1810 habeat
2196 1751 2443 1810 eundem
2485 1754 2780 1809 valorem:
2808 1768 2944 1827 ergo
2974 1753 3138 1808 valor

1774 1833 1970 1889 meriti
2056 1833 2373 1908 condignus
2477 1834 2818 1890 remissione
2895 1834 3136 1907 alicujus

1774 1915 2019 1985 offensae,
2046 1916 2362 1991 condignus
2407 1917 2581 1973 etiam
2634 1921 2719 1972 est
2750 1916 3138 1973 satisfactione

1772 1998 1977 2069 aequali
2023 2014 2125 2071 pro
2153 1997 2252 2055 tali
2282 1996 2519 2055 offensa.
2562 1998 2755 2054 Minor
2793 1998 2968 2053 etiam
2995 2013 3135 2052 sua-

1772 2075 1958 2142 detur,
2016 2080 2148 2151 quia
2193 2079 2502 2136 satisfactio
2548 2078 2784 2149 aequalis
2825 2094 2927 2150 pro
2966 2079 3131 2152 gravi

1773 2158 1873 2214 Dei
1896 2158 2112 2215 offensa
2138 2159 2304 2217 debet
2331 2158 2542 2216 habere
2570 2160 2827 2217 valorem
2854 2159 3132 2232 simplici-

1772 2244 1858 2295 ter
1881 2238 2207 2296 infinitum:
2234 2240 2333 2297 sed
2372 2241 2545 2297 homo
2572 2256 2752 2312 purus
2778 2241 2975 2310 nequit
3004 2257 3129 2297 me-

1773 2321 1890 2376 reri
1913 2319 1982 2377 de
2007 2320 2291 2396 condigno
2316 2321 2620 2395 praemium
2660 2320 2875 2377 valoris
2907 2321 3129 2394 simpli-

1771 2401 1911 2457 citer
1957 2401 2176 2458 infiniti
2204 2426 2216 2467 ;
2281 2418 2417 2476 ergo
2469 2401 2641 2458 homo
2703 2417 2880 2473 purus
2932 2404 3131 2476 nequit

1772 2482 1984 2538 mereri
2006 2481 2076 2539 de
2090 2482 2372 2556 condigno
2395 2482 2840 2539 satisfactionem
2853 2485 3128 2555 aequalem

1772 2578 1876 2635 pro
1895 2563 2061 2636 gravi
2086 2564 2183 2620 Dei
2208 2562 2441 2620 offensa.

2363 2805 2395 2872 g
2437 2803 2527 2860 IV.

1767 2965 2148 3039 Confutantur
2204 2965 2671 3024 Adversariorum
2733 2970 3117 3040 responsiones.

1839 3121 1929 3175 37.
1965 3120 2109 3174 Huic
2124 3119 2345 3175 motivo
2373 3120 2532 3175 varie
2561 3125 2864 3176 occurrunt
2889 3126 3120 3176 contra·
3133 3122 3319 3169 Primum

1765 3201 1867 3256 riae
1917 3202 2210 3273 opinionis
2265 3203 2511 3272 patroni.
2564 3204 2634 3255 Et
2685 3201 2873 3273 primo
2926 3201 3120 3278 Godoy
3182 3174 3290 3266 iffi.

1762 3281 1922 3337 infra
1944 3279 2277 3337 referendus
2296 3280 2614 3354 respondet,
2634 3298 2748 3338 non
2766 3288 2912 3339 recte
2927 3283 3118 3358 colligi
3216 3272 3313 3324 ‘¹⁰5‘

1762 3378 1834 3419 ex
1861 3376 1945 3426 eo,
1970 3360 2118 3433 quod
2142 3377 2319 3432 purus
2341 3362 2513 3419 homo
2535 3364 2722 3419 valeat
2743 3362 2813 3419 de
2838 3363 3120 3438 condigno

1763 3444 1976 3500 mereri
2000 3445 2274 3516 peccatori
2300 3444 2567 3518 gratiam,
2593 3451 2649 3500 et
2676 3444 3118 3503 destructionem

1763 3527 1990 3600 peccati,
2041 3525 2189 3598 quod
2237 3527 2411 3599 possit
2462 3526 2532 3584 ad
2582 3528 2960 3601 aequalitatem
3017 3546 3118 3601 pro

1759 3609 1925 3683 gravi
1955 3609 2052 3666 Dei
2099 3607 2311 3665 offensa
2336 3608 2690 3667 satisfacere:
2726 3612 3000 3683 quoniam
3046 3609 3116 3689 ad

1760 3690 2208 3765 extinguendam
2230 3692 2505 3749 offensam
2536 3709 2635 3765 per
2674 3694 2830 3750 viam
2859 3695 3118 3752 satisfac·
3153 3705 3165 3721 ·

1759 3772 1936 3829 tionis
1977 3773 2310 3846 requiritur,
2343 3774 2490 3846 quod
2538 3774 2872 3847 obsequium
2915 3776 3119 3833 habeat

1760 3858 1986 3909 tantum
2029 3855 2261 3922 valoriS,
2304 3860 2582 3929 quantum
2622 3856 2923 3929 gravitatis
2952 3857 3122 3914 habet

1761 3931 2004 3990 offensa:
2045 3941 2309 3992 caeterum
2339 3934 2409 3991 a'd
2456 3936 2620 3992 illam
2668 3937 3117 4010 extinguendam

1758 4030 1826 4071 eo
1854 4014 2041 4084 modo,
2067 4016 2260 4088 quoin
2293 4024 2487 4074 nostro
2508 4033 2637 4074 casu
2661 4017 3115 4092 extingueretur,

1758 4112 1899 4169 opus
1923 4113 2037 4155 non
2059 4105 2161 4163 est,
2187 4098 2335 4171 quod
2358 4099 2631 4156 meritum
2655 4098 2908 4172 adaequet
2930 4101 2992 4156 in
3015 4118 3120 4158 va·—

1758 4180 1882 4236 lore
1921 4182 2266 4254 gravitatem
2301 4182 2547 4247 offensae,
2578 4181 2675 4239 sed
2722 4183 2926 4239 sufficit
2970 4184 3120 4257 quod

1758 4262 2013 4335 adaequet
2043 4264 2300 4321 valorem
2345 4264 2544 4337 gratiss
2596 4267 2871 4337 peccatori
2918 4267 3116 4322 confe-

1760 4341 1969 4409 rendae,
2020 4360 2148 4416 quae
2200 4350 2286 4403 est
2342 4343 2825 4417 incompossibilis
2886 4347 3122 4420 physice

1756 4439 1886 4479 cum
1931 4424 2195 4497 praedicta
2234 4424 2470 4482 offensa.
2521 4424 2862 4481 Praedictum
2908 4426 3121 4500 quippe

1757 4505 2032 4562 meritum
2077 4521 2194 4563 non
2236 4505 2484 4563 refertur
2512 4506 2847 4563 immediate
2884 4508 2953 4564 ad
2988 4508 3120 4566 des-

1757 4587 2102 4664 tructionem
2130 4585 2376 4653 offensae,
2396 4585 2493 4643 sed
2510 4586 2580 4643 ad
2602 4588 2971 4645 collationem
2990 4607 3120 4665 gra·

1756 4666 1867 4731 tiae,
1900 4683 2010 4738 qua
2040 4667 2221 4739 posita
2246 4672 2423 4723 cessat
2436 4665 2679 4732 offensa;
2703 4674 2758 4724 et
2775 4667 2901 4726 ideo
2918 4671 3113 4727 meriti

1755 4748 2175 4806 aestimabilitas
2229 4750 2291 4805 in
2338 4754 2533 4807 nostro
2583 4766 2711 4807 casu
2774 4767 2891 4809 non
2951 4752 3118 4811 debet

1755 4832 2212 4888 commensurari
2240 4848 2370 4888 cum
2409 4832 2692 4906 gravitate
2732 4832 2978 4901 offensae,
3018 4836 3116 4892 sed

1753 4930 1884 4971 cum
1913 4915 2111 4970 valore
2147 4915 2365 4988 gratias,
2398 4915 2496 4987 qui
2538 4915 2736 4972 finitus
2775 4922 2897 4983 est;
2929 4917 3118 4976 offen-

1753 5012 1876 5053 sam
1905 4995 2065 5052 enim
2093 4995 2342 5052 excludit
2370 4995 2634 5063 mediate,
2667 4996 2937 5055 secundat
2956 5000 3027 5066 io,
3061 5008 3117 5056 et

1751 5078 1915 5152 quasi
1958 5094 2057 5150 per
2096 5078 2373 5147 accidens,
2420 5078 2694 5138 merendo
2738 5080 2954 5138 scilicet
2993 5087 3115 5139 t'er-
