3647 5753
1267 449 1448 504 DISP.
1492 451 1560 517 V,
1604 451 1768 509 DUB.
1816 453 2124 513 UNICUM.

214 612 502 678 officium,
528 614 718 687 sicque
743 615 1084 674 mortificata
1112 620 1425 687 mansisse;
1457 622 1593 695 quia

217 710 334 753 nec
388 695 732 755 reviviscere
778 696 1009 767 dicitur,
1061 701 1177 757 nisi
1222 704 1373 775 quod
1424 709 1593 762 antea

215 782 543 845 mortuum,
594 785 692 835 aut
736 781 1146 840 mortificatum
1197 784 1307 841 fuit
1333 810 1347 854 ;
1410 802 1593 861 neque

215 856 569 916 mortificari
599 861 800 933 potuit,
851 862 1000 935 quod
1050 865 1361 937 aliquando
1388 868 1589 940 vivum

214 956 348 998 non
375 942 583 998 extitit.
627 944 912 1000 Vixerunt
939 950 1128 1003 autem
1171 947 1444 1020 praedicta
1465 966 1592 1007 me-

215 1023 359 1085 rita,
391 1023 620 1094 quando
668 1026 857 1096 primo
902 1025 1096 1085 habita
1124 1034 1289 1096 sunt;
1338 1032 1474 1103 quia
1519 1046 1591 1088 ex

210 1102 427 1176 gratia,
460 1109 516 1159 et
540 1103 839 1171 charitate,
874 1121 945 1162 ex
984 1107 1191 1178 quibus
1218 1115 1302 1166 est
1331 1114 1448 1167 tota
1487 1128 1590 1167 su-

213 1187 615 1256 pernaturalis
636 1188 773 1253 vita,
803 1196 1220 1261 processerunt.
1244 1191 1589 1255 Quinetiam

212 1267 478 1339 quandiu
510 1273 798 1341 peccatum
844 1273 1089 1329 mortale
1134 1288 1252 1330 non
1298 1275 1582 1344 successit,

214 1349 361 1405 viva
378 1359 840 1425 permanserunt,
868 1369 985 1410 non
1002 1354 1327 1414 formaliter
1350 1358 1411 1414 in
1432 1358 1588 1431 seip-

126 1425 129 1429 ⁴
213 1431 321 1497 siS,
353 1433 488 1506 quia
516 1434 580 1491 in
607 1450 667 1492 se
695 1435 808 1492 cito
836 1436 1210 1504 transierant,
1242 1439 1340 1496 sed
1370 1442 1434 1497 in
1461 1443 1588 1499 vir-

214 1516 343 1571 tute
369 1515 589 1587 gratiae,
628 1522 685 1573 et
711 1518 774 1573 in
801 1519 1200 1590 acceptatione,
1231 1520 1330 1577 ubi
1352 1538 1587 1581 conser-

212 1594 510 1653 vabantur
537 1613 666 1653 cum
702 1599 853 1671 jure,
885 1605 941 1656 et
967 1600 1210 1658 efficacia
1238 1602 1584 1675 perducendi

212 1676 522 1733 hominem
551 1677 621 1733 ad
666 1680 915 1752 gloriam
961 1682 1239 1754 aequalem
1268 1699 1398 1739 cum
1447 1684 1586 1758 ipsis

212 1758 470 1815 meritis.
501 1760 957 1831 Superveniente
983 1768 1173 1820 autem
1216 1767 1382 1839 culpa
1423 1784 1585 1826 mor-

212 1838 345 1903 tali,
379 1838 654 1895 amittunt
681 1840 1016 1913 praedictum
1038 1845 1132 1918 jus
1158 1849 1215 1900 et
1252 1846 1580 1916 efficaciam,

211 1935 281 1977 ac
305 1920 548 1992 proinde
574 1922 937 1992 vitalitatem,
964 1943 1089 1999 quae
1112 1927 1273 1984 ineis
1301 1931 1578 1990 consistit.

208 2003 373 2058 Sicut
394 2005 552 2061 enim
583 2021 673 2061 res
702 2009 996 2065 naturales
1035 2008 1235 2066 tandiu
1265 2011 1464 2071 vivere
1489 2014 1584 2072 di-

208 2085 420 2152 cimus,
476 2086 733 2159 quandiu
794 2097 1136 2147 conservant
1182 2092 1305 2149 vim
1365 2096 1583 2169 seipsas

209 2166 509 2233 movendi,
541 2174 596 2224 et
623 2170 920 2236 virtutem,
956 2175 1019 2226 ut
1059 2187 1092 2228 a
1130 2188 1190 2229 se
1233 2182 1579 2246 operentur;

208 2246 443 2319 quando
470 2265 609 2306 vero
655 2250 985 2324 hujusmodi
1034 2252 1362 2311 facultatem
1405 2259 1582 2314 amit-

208 2332 362 2393 tunt,
394 2335 529 2386 tunc
552 2332 700 2387 mori
729 2331 1044 2390 dicuntur:
1089 2336 1170 2392 ita
1214 2352 1388 2409 opera
1434 2340 1581 2398 facta

209 2407 276 2464 in
291 2409 568 2467 charitate
584 2411 785 2467 tandiu
808 2413 989 2469 vitam
1007 2423 1366 2484 conservant,
1392 2436 1580 2493 quan-—

207 2488 313 2544 diu
343 2489 464 2545 vim
513 2490 725 2548 habent
779 2495 1071 2561 movendi,
1128 2503 1184 2554 et
1229 2499 1576 2572 perducendi

207 2569 531 2644 subjectum
568 2572 637 2627 ad
678 2574 1138 2648 consequendum
1182 2581 1456 2639 ultimum
1504 2583 1577 2639 fi-

210 2667 349 2709 nem
372 2653 676 2716 :amittunt
699 2671 836 2713 vero
861 2658 1189 2731 hujusmodi
1212 2664 1353 2733 vim,
1383 2668 1577 2737 proin·

203 2731 390 2806 deque
413 2733 749 2792 mortificari
772 2736 1061 2806 dicuntur,
1094 2743 1321 2814 quando
1350 2745 1574 2820 subjec-

206 2817 331 2868 tum
358 2807 361 2812 ⁴
397 2814 587 2887 ipsum
655 2832 756 2889 per
826 2820 1052 2893 culpam
1125 2827 1432 2884 mortalem
1511 2845 1573 2888 se

204 2894 546 2971 indisponit,
567 2904 629 2954 ut
651 2908 894 2972 nequeat
916 2902 978 2959 in
1001 2904 1215 2963 virtute
1239 2910 1570 2980 praeceden-

200 2978 349 3034 tium
371 2981 712 3037 meritorum
744 2982 814 3039 ad
857 2984 1193 3056 praedictum
1224 2990 1402 3049 finem
1433 3010 1569 3066 per-

199 3057 352 3114 duci.
385 3062 706 3124 Quaerimus
730 3079 884 3138 ergo,
919 3082 995 3122 an
1038 3069 1305 3140 praedicta
1333 3076 1560 3145 merita,
1635 3138 1641 3143 ,

196 3155 322 3212 quae
351 3157 451 3213 per
479 3151 769 3215 peccatum
811 3147 890 3202 ita
932 3149 1168 3207 fuerunt
1195 3154 1559 3223 mortificata,

199 3221 541 3282 adveniente
551 3225 739 3282 denuo
754 3229 940 3301 gratia
958 3247 1056 3301 per
1067 3232 1558 3304 justificationem,

200 3302 414 3359 iterum
442 3306 565 3361 vim
592 3307 758 3362 illam
790 3308 1135 3380 perducendi
1164 3313 1463 3372 hominem
1492 3318 1562 3374 ad

200 3384 381 3440 vitam
410 3392 688 3443 aeternam
713 3397 1065 3463 recuperent,
1091 3394 1241 3465 quod
1261 3398 1375 3453 erit
1405 3401 1563 3456 revi-

199 3463 417 3522 viscere
438 3489 451 3532 ;
469 3472 526 3523 et
543 3471 793 3541 qualiter
808 3471 1138 3545 hujusmodi
1157 3477 1560 3540 reviviscentia

199 3544 492 3620 contingat
508 3549 535 3602 Ρ

820 3730 850 3798 5
892 3730 933 3785 1.

445 3857 736 3927 ⁴Deciditur
754 3877 944 3946 prima
965 3893 1103 3950 pars
1127 3881 1300 3939 dubii.

35 4039 150 4083 rima
283 4015 327 4069 l.
375 4014 688 4074 Dicendum
724 4026 807 4077 est
828 4025 1037 4096 primo,
1071 4030 1278 4087 merita
1300 4047 1399 4103 per
1422 4048 1553 4104 pec-

35 4088 170 4182 ·31113111·
201 4101 383 4151 catum
426 4099 769 4159 mortificata
821 4121 1157 4179 recuperare
1196 4111 1410 4169 iterum
1451 4132 1551 4187 per

100 4170 110 4179 '
193 4175 655 4249 justificationem
683 4185 1121 4260 subsequentem
1168 4192 1289 4250 vim
1338 4196 1551 4267 perdu-

196 4255 356 4312 cendi
406 4257 703 4318 hominem
753 4266 823 4322 ad
871 4269 1052 4325 vitam
1098 4277 1392 4341 aeternam,
1425 4294 1550 4349 quae

196 4335 313 4391 illis
342 4336 529 4396 fuerat
548 4340 757 4413 debita,
791 4347 1040 4421 adeoque
1076 4354 1418 4412 reviviscere
1447 4375 1548 4430 per

196 4418 364 4475 talem
381 4421 873 4494 justificationem.
900 4433 1031 4489 Haec
1048 4436 1337 4493 conclusio
1362 4445 1447 4496 est
1467 4441 1548 4498 ita

196 4502 514 4558 communis
540 4510 592 4561 et
619 4514 790 4575 certa,
819 4515 880 4565 ut
923 4515 1190 4585 quamvis
1220 4532 1336 4574 non
1364 4520 1439 4574 sit
1478 4519 1548 4576 de

198 4578 321 4648 fide,
347 4587 667 4656 oppositum
717 4598 911 4650 tamen
950 4598 1272 4656 temeritate
1306 4617 1423 4658 non
1451 4619 1547 4659 ca·—

35 4684 165 4722 mrez.
199 4669 331 4731 reat,
364 4671 426 4721 ut
441 4666 585 4726 bene
613 4672 799 4746 inquit
828 4679 1037 4735 Suarez
1077 4699 1259 4754 opusc.
1290 4684 1354 4739 de
1396 4687 1547 4742 revi-

198 4747 453 4805 viscentia
482 4757 657 4811 merit.
691 4768 815 4815 sect.
847 4763 903 4816 2.
933 4764 1190 4820 Tuentur
1218 4766 1385 4822 illam
1412 4770 1546 4825 Seo-

35 4840 163 4893 113151-
198 4828 373 4888 lastici
428 4850 558 4891 cum
599 4840 872 4913 Magistro
919 4846 979 4899 in
1023 4847 1077 4907 4,
1130 4847 1257 4904 dist.
1316 4850 1399 4915 14,
1447 4851 1544 4908 ubi

35 4919 160 4964 .·rho.
197 4911 260 4964 D.
282 4912 486 4972 Thom.
536 4927 717 4994 quast.
751 4924 804 4988 2,
831 4933 940 4980 art.
973 4927 1026 4993 3,
1052 4935 1101 4981 et
1128 4928 1162 4981 3
1176 4937 1332 5000 part.
1357 4940 1541 5007 quaest.

48 5001 158 5043 Bon.
197 4991 282 5060 89,
310 5001 417 5051 art.
445 4997 498 5064 5,
529 4999 591 5055 D.
620 5001 931 5062 Bonavent.
961 5010 1148 5063 eadem
1180 5010 1308 5066 dist.
1340 5021 1453 5068 art.
1484 5016 1538 5079 2,

46 5076 147 5121 Alb·
195 5083 362 5148 quast.
396 5078 449 5146 3,
477 5081 540 5137 D.
574 5083 997 5163 Albert..quaest.
1024 5093 1077 5157 2,
1104 5091 1335 5151 Gabriel
1357 5104 1536 5172 quaest.

2977 473 3090 528 779

1725 624 1780 691 3,
1831 634 1942 683 art.
1991 629 2045 695 3,
2076 630 2220 688 Scot.
2271 633 2397 689 dist.
2429 636 2484 700 2,
2528 645 2708 711 quast.
2748 642 2795 706 1,
2829 641 3084 699 Durand.
3144 674 3257 718 scot.

1725 707 1786 761 in
1806 707 1862 772 3,
1893 708 2020 767 dist.
2066 712 2157 779 31,
2201 722 2383 791 quast.
2415 717 2469 784 2,
2494 724 2553 774 et
2579 719 2772 791 plures
2799 722 2923 790 alii,
2948 740 3088 797 quos
3101 722 3294 769 Durand.

1726 787 1920 853 refert,
1953 795 2009 846 et
2027 794 2284 866 sequitur
2306 797 2472 864 Suar.
2495 798 2597 855 loc.
2628 803 2723 857 cit.
3107 803 3113 807 ’

1800 869 2085 929 Probatur
2138 875 2329 948 primo
2371 894 2442 935 ex
2488 879 2591 936 illo
2637 882 2805 938 Pauli
2853 883 2924 939 ad
2971 886 3088 942 He·
3116 902 3285 947 runda-

1726 947 1909 1006 braeos
1952 954 2031 1008 6:
2081 954 2373 1014 Abundate
2413 962 2474 1015 in
2525 964 2678 1017 omni
2725 981 2878 1037 opere
2927 965 3081 1031 bono,
3101 959 3284 1046 Πζῗηζᾞῗ

1723 1033 1948 1087 scientes
1991 1035 2133 1111 quod
2178 1038 2331 1095 labor
2368 1049 2541 1097 vester
2565 1060 2673 1098 non
2697 1052 2774 1100 est
2811 1048 3001 1103 inanis
3025 1049 3087 1103 in
3139 1051 3273 1095 thori·

1723 1108 1980 1171 Domino.
2027 1114 2136 1171 Ubi
2180 1118 2342 1192 juxta
2382 1123 2796 1195 expositionem
2842 1127 3083 1184 Concilii
3148 1105 3250 1192 ‘ff'

1725 1189 1983 1249 Trident.
2002 1193 2161 1252 docet
2181 1201 2500 1270 Apostolus,
2526 1205 2726 1262 omnia
2743 1204 2890 1262 bona
2912 1223 3085 1279 opera
3102 1199 3301 1291 {2¹35}

1724 1269 1786 1326 in
1820 1271 2009 1345 gratia
2035 1273 2199 1342 facta,
2232 1279 2458 1336 etiamsi
2490 1299 2590 1355 per
2612 1293 2900 1356 peccatum
2924 1296 3306 1344 mor-Trident-

1724 1351 2034 1422 tificentur,
2084 1369 2506 1433 consequutura
2546 1383 2579 1422 a
2623 1370 2734 1424 Deo
2782 1370 3087 1442 praemium

1722 1434 1872 1508 quod
1911 1447 2248 1497 meruerant
2263 1462 2276 1504 ς
2303 1443 2353 1498 si
2395 1448 2591 1502 tamen
2639 1464 2883 1521 operans
2927 1468 2960 1507 a
2986 1467 3089 1508 suo

1721 1514 1927 1574 delicto
1950 1535 2051 1590 per
2074 1521 2473 1598 poenitentiam
2501 1528 2811 1601 resipiscat.
2833 1529 3091 1602 11αοίρί-

1721 1603 1814 1652 tur
1835 1602 2048 1655 ratione
2070 1603 2284 1659 inducti
2310 1605 2413 1674 (ait
2438 1607 2703 1665 Trident.
2733 1628 2863 1667 sess.
2887 1615 2942 1678 6,
2963 1631 3088 1688 cap.

1728 1681 1791 1735 16
1811 1682 1850 1752 )‚
1892 1683 2219 1755 justificatis
2260 1687 2606 1759 hominibus,
2657 1695 2773 1749 sive
2811 1703 3091 1768 acceptam

1713 1764 1960 1831 oratiam
1980 1775 2238 1839 perpetuo
2278 1775 2737 1840 conservaverint,
2768 1776 2883 1830 sive
2908 1780 3090 1834 amis-

1715 1859 1840 1898 sam
1878 1851 2338 1919 recuperaverint,
2364 1854 2719 1924 proponenda
2746 1865 2876 1912 sunt
2903 1857 3089 1932 Apos-

1718 1924 1815 1979 toli
1859 1927 2022 1982 verba
2051 1947 2070 1981 .·
2110 1929 2402 1986 Abundate
2435 1937 2498 1988 in
2523 1938 2673 1990 omni
2718 1955 2872 2010 opere
2927 1939 3082 2007 borw,

1717 2009 1960 2075 scientes,
1986 2017 2080 2067 etc.
2115 2012 2449 2089 Sentitergo
2469 2016 2813 2088 Concilium,
2835 2021 3086 2096 gratiam

1718 2102 1819 2160 per
1852 2095 2141 2162 peccatum
2171 2093 2444 2151 amissam
2471 2096 2687 2153 iterum
2738 2116 2840 2171 per
2871 2101 3087 2174 justifi-

1716 2168 2000 2226 cationem
2030 2174 2394 2245 recuperari:
2425 2182 2481 2231 et
2510 2177 2614 2234 hac
2645 2180 2868 2238 ratione
2903 2184 3085 2240 Deum

1716 2263 1835 2305 non
1858 2249 2120 2309 oblivisci
2149 2272 2625 2331 quorumcunque
2647 2258 2932 2318 bonorum
2957 2279 3086 2336 ope·

1717 2345 1869 2395 rum,
1919 2348 2044 2403 quae
2076 2334 2263 2407 justus
2292 2337 2491 2393 fecerit
2508 2362 2522 2406 3
2554 2338 2652 2395 sed
2682 2357 2785 2412 pro
2814 2343 3083 2401 omnibus

1712 2426 1816 2467 suo
1848 2415 2104 2483 tempore
2132 2416 2435 2487 praemium
2467 2418 2854 2478 redditurum.

1788 2489 1946 2547 Idem
1968 2493 2171 2551 docent
2190 2497 2379 2553 Sancti
2405 2499 2621 2567 PatreS,
2649 2506 2709 2556 ut
2732 2503 3147 2580 Hieronym.n.
3166 2522 3288 2568 Hier.
3370 2510 3379 2517 “

1710 2571 1786 2626 ad
1820 2573 1866 2637 1,
1900 2591 2020 2646 cap.
2047 2574 2246 2646 quaei,
2278 2584 2328 2632 et
2346 2596 2508 2651 super
2533 2580 2608 2635 ad
2636 2580 2872 2640 Galatas
2894 2587 2943 2654 3,
2975 2587 3077 2645 ubi
3091 2572 3145 2613 D.
3163 2573 3288 2617 amb.

1709 2648 1790 2709 sic
1811 2655 1892 2711 ait
1923 2676 1936 2710 ε
1969 2655 2290 2736 Quicunque
2310 2661 2374 2717 ob
2402 2662 2559 2733 fidem
2591 2663 2805 2721 Christi
2850 2670 3076 2727 labora-

1707 2736 1867 2802 verit,
1898 2743 1948 2790 et
1968 2745 2152 2810 postea
2176 2740 2365 2814 lapsus
2401 2744 2572 2815 fuerit
2595 2747 2655 2800 in
2673 2757 2973 2819 peccatum,
2999 2754 3073 2807 si·

1706 2821 1794 2870 cut
1815 2818 2014 2891 priora
2061 2820 2269 2878 dicitur
2301 2841 2504 2897 passus
2542 2827 2712 2899 fuisse
2731 2830 2848 2887 sine
2875 2850 3065 2902 causa,

1702 2897 1783 2952 sic
1802 2914 2000 2954 rursus
2019 2918 2128 2956 non
2142 2904 2330 2975 perdet
2350 2923 2433 2973 ea,
2465 2907 2516 2959 si
2537 2908 2612 2962 ad
2635 2913 2925 2983 antiquum
2959 2922 3071 2970 sta-

1702 2984 1821 3032 tum
1845 2980 2192 3051 restituatur,
2219 2993 2316 3040 etc.
2350 2987 2418 3040 Et
2445 2987 2512 3041 D.
2544 2987 2832 3061 chrysost.
2865 2993 3065 3050 eodem
3080 3012 3134 3055 Β.
3154 3012 3288 3068 cury.

1703 3060 1826 3116 loco
1854 3082 1866 3115 ε
1894 3060 2020 3116 Non
2040 3063 2256 3134 frustra
2285 3066 2517 3139 (inquit)
2552 3067 2827 3125 laboravit
2868 3090 3067 3143 pecca·

1700 3146 1802 3208 tor,
1829 3144 1879 3196 si
1905 3151 2111 3198 revocet
2132 3148 2404 3212 animum,
2430 3154 2480 3200 et
2500 3155 2632 3215 aaut
2654 3153 3058 3219 paenitentiam.

1699 3221 1856 3277 Idem
1882 3228 2036 3280 tenet
2061 3223 2326 3281 AmbrOS.
2359 3232 2414 3282 et
2438 3229 2700 3284 Anselm.
2730 3248 2902 3304 super
2924 3251 3127 3307 eun-1),
3145 3267 3251 3312 Am,

1696 3301 1827 3357 dem
1857 3304 2064 3360 locum.
2117 3308 2352 3379 August.
2406 3306 2499 3364 lib.
2543 3309 2607 3363 de
2645 3327 2774 3367 vera
2814 3321 2864 3368 et
2908 3314 3252 3389 sakan-Aus-

1688 3385 1881 3457 poenit.
1908 3402 2026 3457 cap.
2062 3387 2144 3451 14,
2170 3394 2226 3443 et
2248 3386 2348 3443 alii
2373 3390 2589 3456 PatreS,
2615 3408 2862 3464 quorum
2881 3397 3058 3455 verba

1694 3463 1923 3521 adducit
1948 3467 2156 3523 Suarez
2185 3466 2281 3523 ubi
2310 3485 2502 3541 supra.

1766 3555 1820 3608 2.
1868 3553 2084 3611 Deinde
2125 3554 2398 3626 probatur
2446 3558 2686 3629 ratione,
2730 3581 2841 3636 qua
2871 3567 3053 3625 utitur
3104 3577 3245 3623 Ratio.

1692 3637 1755 3690 D.
1782 3636 1987 3692 Thom.
2013 3636 2143 3692 dist.
2167 3640 2263 3692 cit.
2292 3646 2340 3694 et
2361 3639 2396 3694 3
2421 3648 2568 3711 part.
2602 3653 2776 3718 quaest.
2811 3649 2902 3716 89,
2934 3659 3044 3708 art.

1690 3718 1744 3772 5.
1771 3719 1918 3773 Nam
1941 3722 2074 3773 tunc
2096 3720 2305 3775 merita
2337 3722 2679 3782 mortificata
2702 3730 3047 3790 reviviscere

1689 3796 1981 3865 dicuntur,
2001 3797 2230 3871 quando
2253 3809 2590 3873 recuperant
2607 3806 2881 3866 amissam
2898 3814 3040 3879 vim,

1690 3884 1753 3934 ut
1801 3884 2135 3950 operantem
2185 3878 2255 3934 ad
2301 3881 2482 3938 vitam
2525 3890 2802 3944 aeternam
2831 3893 3049 3964 perdu—

1687 3964 1816 4016 cant
1844 3957 1977 4016 :sed
2032 3959 2360 4034 hujusmodi
2414 3964 2536 4019 vim
2583 3980 2922 4042 recuperant
2944 3992 3047 4048 per

1688 4040 2108 4112 poenitentiam,
2141 4046 2197 4097 et
2225 4039 2693 4113 justificationem
2738 4054 3047 4112 succeden-

1685 4127 1801 4179 tem
1847 4121 2030 4192 lapsui
2082 4143 2095 4177 :
2144 4139 2280 4196 ergo
2315 4139 2416 4195 per
2457 4125 2618 4184 illam
2668 4133 3041 4196 reviviscunt.

1686 4203 2101 4274 Consequentia
2121 4209 2207 4261 est
2239 4208 2389 4272 nota,
2423 4211 2479 4262 et
2500 4210 2685 4286 maJ'or
2717 4222 2933 4273 constat
2973 4233 3044 4276 ex

1684 4282 1823 4347 illis,
1850 4281 2055 4354 quibus
2085 4299 2266 4356 nuper
2295 4285 2668 4357 ostendimus„
2713 4310 2884 4367 opera
2927 4296 3044 4354 haec

1685 4378 1785 4436 per
1812 4369 2100 4435 peccatum
2131 4362 2489 4424 mortificari.
2542 4373 2687 4428 Nam
2735 4375 2878 4432 sicut
2906 4383 3042 4435 tunc

1682 4446 1762 4502 ita
1808 4445 2146 4503 mortificari
2199 4445 2488 4517 dicuntur,
2516 4455 2745 4523 quando
2767 4460 3043 4517 amittunt

1683 4528 1978 4600 propriam
2008 4529 2420 4601 operationem,
2446 4548 2544 4588 seu
2569 4537 2737 4608 (quod
2759 4540 2912 4598 idem
2936 4548 3042 4615 est)

1681 4609 1802 4664 vim
1825 4614 1880 4665 et
1900 4609 2203 4666 efficaciam
2235 4609 2580 4681 perducendi
2610 4627 2942 4689 operantem
2967 4625 3039 4681 ad

1680 4691 1861 4747 vitam
1908 4698 2184 4748 aeternam
2213 4713 2225 4746 z
2256 4693 2335 4748 ita
2382 4694 2725 4757 reviviscere
2771 4702 3036 4763 dicentur

1678 4772 1907 4844 quando
1936 4770 2264 4845 praedictam
2289 4773 2430 4841 vim,
2461 4782 2517 4831 et
2542 4778 2846 4840 efficaciam
2880 4803 3042 4844 recu-

1679 4858 1902 4925 perant.
1933 4853 2126 4909 Minor
2166 4860 2355 4910 autem
2383 4856 2672 4929 suadetur,
2703 4867 2837 4935 quia
2863 4884 3036 4941 opera

1678 4935 1741 4991 in
1768 4936 2048 5005 charitate
2077 4935 2236 5002 facta,
2281 4936 2330 4992 si
2358 4940 2668 4997 secundum
2697 4962 2756 5001 se
2775 4950 3039 5007 conside-

1679 5022 1901 5082 rentur,
1935 5031 2161 5086 semper
2184 5023 2422 5073 manent
2445 5018 2507 5074 in
2537 5026 2916 5093 acceptatione
2944 5028 3040 5086 di·—

1675 5098 1814 5154 vina
1846 5139 1858 5164 ‚
1914 5112 2252 5170 semperque
2307 5096 2385 5152 ibi
2443 5100 2692 5158 retinent
2744 5105 3038 5167 illummet

2753 5186 3033 5259 valorem,
