3647 5753
372 2058 519 2112 Objec·

390 2110 473 2153 tto.

560 352 669 408 698

566 527 807 593 laborat,
839 533 896 584 et
915 544 983 586 ex
1013 528 1134 600 ipso
1173 544 1276 584 suo
1304 527 1513 596 labore,
1545 543 1663 585 non
1691 528 1925 600 praecise

562 608 699 681 quia
726 610 874 665 alius
903 609 1169 680 promisit
1187 633 1201 675 ;
1230 614 1285 664 et
1312 609 1391 664 ita
1417 625 1528 681 quo
1560 609 1810 681 amplius
1836 610 1926 665 la-

564 688 747 755 borat,
781 688 966 761 major
1008 688 1095 743 illi
1135 688 1372 745 debetur
1412 704 1669 745 merces:
1707 693 1925 745 constat

564 774 774 837 autem,
806 766 954 841 quod
1003 768 1102 824 ille
1148 769 1243 841 qui
1290 775 1565 837 meretur,
1612 768 1834 826 laborat
1861 769 1923 824 in

562 850 900 924 obsequium
924 851 1352 906 remunerantis
1378 872 1391 907 :
1421 867 1557 925 ergo
1582 867 1652 908 ex
1676 852 1798 923 ipso
1818 867 1923 908 suo

561 930 775 999 labore,
810 947 927 988 non
966 946 1038 988 ex
1083 933 1204 988 sola
1235 931 1614 1005 promissione
1660 932 1917 998 alterius,

560 1011 803 1085 acquirit
843 1013 934 1086 Jus
981 1010 1051 1066 ad
1105 1012 1430 1084 proemium.
1481 1013 1709 1068 Maneat
1761 1028 1917 1087 ergO,

558 1092 707 1166 quod
731 1092 955 1149 meritis
980 1109 1094 1149 non
1118 1092 1355 1150 debetur
1379 1094 1681 1165 praemium
1704 1108 1774 1148 ex
1794 1109 1922 1167 gra-

559 1173 828 1242 titudine,
860 1189 1044 1248 neque
1089 1190 1161 1229 cx
1204 1176 1324 1230 sola
1369 1172 1676 1240 fidelitate3
1707 1172 1804 1231 sed
1850 1189 1922 1230 ex

560 1253 812 1326 propria,
845 1258 899 1311 et
926 1253 1159 1311 formali
1185 1254 1408 1328 justitia
1438 1275 1449 1308 :
1480 1259 1536 1310 et
1560 1253 1706 1328 quod
1729 1257 1825 1326 jus
1849 1254 1923 1309 ad

551 1337 859 1408 praemium,
887 1334 949 1390 in
977 1351 1087 1407 quo
1118 1335 1376 1392 consistit
1416 1335 1564 1391 ratio
1592 1335 1806 1400 meriti,
1839 1341 1923 1391 est

557 1415 880 1489 proprium,
912 1421 968 1473 et
993 1417 1255 1473 strictum
1281 1417 1392 1491 jus,
1424 1415 1575 1489 quod
1620 1422 1704 1473 est
1745 1416 1920 1490 justi-

557 1498 652 1555 tiae
672 1497 975 1573 objectum.

1168 1662 1200 1729 g
1242 1660 1313 1737 ιι,

632 1818 896 1894 Difficilis
916 1820 1139 1892 objectio
1160 1828 1349 1956 {lontra
1376 1821 1543 1887 dicta,
1569 1826 1618 1875 et
1644 1819 1842 1875 solutio

1146 1920 1167 1956 ι
1214 1918 1317 1957 ms.

631 2049 721 2105 56.
744 2050 972 2113 ,Verum
1007 2054 1204 2105 contra
1231 2048 1553 2107 doctrinam
1593 2047 1739 2104 hanc
1765 2045 1914 2120 obji—

556 2129 685 2195 cieS,
710 2129 858 2203 quod
881 2131 1154 2188 meritum
1182 2137 1443 2188 nostrum
1467 2128 1613 2202 apud
1637 2132 1813 2185 Deum
1831 2132 1915 2185 est

552 2213 830 2270 meritum
848 2213 1302 2287 simpliciter,cui
1322 2211 1560 2285 proinde
1575 2210 1914 2284 simpliciter

548 2295 862 2351 convenire
888 2293 1054 2352 debet
1083 2294 1366 2358 formaliS,
1393 2298 1448 2348 et
1475 2307 1612 2348 vera
1655 2292 1818 2357 ratio,
1852 2306 1915 2346 ac

547 2376 819 2434 diffinitio
848 2378 1042 2433 meriti
1071 2399 1082 2433 ε
1112 2376 1210 2433 sed
1234 2391 1350 2432 non
1377 2373 1614 2431 debetur
1646 2373 1735 2428 illi
1775 2388 1913 2446 prae·

547 2459 733 2514 mium
757 2475 828 2516 ex
857 2459 1081 2533 justitia
1112 2479 1124 2514 :
1151 2473 1286 2531 ergo
1313 2455 1568 2514 debitum
1598 2473 1668 2512 ex
1690 2455 1913 2529 justitia

550 2554 668 2595 non
691 2546 773 2596 est
795 2538 864 2596 de
894 2540 1116 2597 ratione
1138 2540 1357 2596 meriti.
1389 2536 1804 2611 Consequentia
1829 2540 1915 2592 est

547 2623 867 2695 perspicua.
901 2624 971 2677 Et
1016 2625 1203 2698 major
1248 2621 1477 2678 videtur
1521 2636 1591 2678 ex
1630 2635 1690 2675 se
1736 2624 1909 2686 nota:

543 2704 811 2777 quinimo
839 2706 1134 2771 meritum,
1167 2703 1317 2777 quod
1343 2710 1428 2760 est
1449 2703 1602 2758 inter
1625 2701 1906 2769 homines,

546 2799 665 2841 non
715 2788 1011 2841 consuevit
1073 2784 1186 2841 dici
1238 2784 1578 2856 simpliciter
1629 2783 1907 2848 meritum,

545 2864 643 2923 sed
666 2881 797 2923 cum
829 2864 1041 2933 addito,
1089 2881 1298 2938 nempe
1323 2867 1581 2921 meritum
1608 2863 1786 2929 civile,
1818 2863 1913 2920 vel

546 2947 823 3005 meritum
848 2946 996 3020 apud
1026 2947 1312 3012 homineS,
1344 2951 1447 3002 etc.
1485 2945 1741 3002 absolute
1775 2961 1913 3002 vero

548 3031 837 3103 prolatum
882 3045 1095 3087 nomen
1143 3029 1359 3097 meriti,
1403 3034 1512 3085 stat
1556 3045 1659 3101 pro
1703 3028 1912 3085 merito

548 3112 700 3188 apud
750 3116 928 3171 Deum
958 3135 970 3170 :
1000 3111 1149 3187 quod
1175 3112 1313 3168 satis
1348 3111 1596 3170 ostendit
1637 3112 1911 3168 meritum

547 3195 698 3270 apud
724 3199 906 3254 Deum
934 3211 1054 3254 esse
1093 3195 1370 3252 meritum
1405 3194 1764 3268 simpliciter.
1795 3195 1912 3250 Mi-

545 3294 655 3336 nor
707 3286 896 3337 autem
937 3278 1225 3345 suadetur,
1271 3278 1548 3352 quoniam
1606 3280 1752 3335 Deus
1793 3293 1911 3334 non

543 3364 727 3431 potest
767 3359 985 3435 aliquid
1032 3360 1206 3418 alicui
1271 3357 1479 3416 debere
1533 3374 1604 3416 ex
1645 3358 1909 3433 justitia;

541 3439 766 3499 debitor
788 3443 947 3497 enim
970 3458 1040 3498 ex
1057 3441 1281 3517 justitia
1302 3438 1584 3514 dependet
1611 3457 1643 3496 a
1664 3456 1767 3497 suo
1794 3454 1913 3495 cre-

541 3520 746 3589 ditore,
800 3528 856 3580 et
901 3523 995 3579 hic
1049 3520 1218 3580 habet
1257 3522 1540 3579 actionem
1587 3521 1651 3577 in
1698 3521 1906 3576 illum:

539 3603 690 3676 quod
741 3621 872 3661 cum
927 3605 1239 3662 intrinsece
1282 3605 1554 3677 importet
1605 3602 1911 3676 subjectio-

542 3699 698 3750 nem,
756 3690 811 3741 et
861 3685 1381 3759 imperfectionem,
1440 3682 1746 3741 manifeste
1797 3683 1912 3740 Deo

542 3770 864 3840 repugnat:
909 3767 959 3822 si
1008 3772 1198 3823 autem
1242 3765 1453 3821 nostris
1493 3764 1736 3829 meritiS,
1788 3779 1913 3837 qua:

539 3850 675 3900 sunt
725 3861 861 3919 erga
908 3849 1111 3912 Deum,
1144 3844 1446 3903 deberetur
1494 3843 1802 3917 praemium
1841 3858 1912 3899 ex

536 3927 782 4000 justitia,
810 3931 960 3999 patet
980 3926 1129 4000 quod
1153 3943 1270 3984 non
1295 3925 1407 3981 nisi
1439 3929 1550 3981 Deo
1571 3924 1908 3982 deberetur:

542 4025 696 4082 erg0,
729 4014 832 4065 etc.
865 4010 1014 4065 Tum
1036 4009 1230 4078 etiam,
1252 4009 1384 4081 quia
1402 4007 1642 4082 justitia,
1666 4022 1906 4080 praeser-

547 4090 654 4145 tim
676 4090 1105 4156 commutativa,
1139 4104 1255 4145 non
1283 4095 1364 4145 est
1395 4088 1508 4144 nisi
1538 4087 1690 4144 inter
1719 4102 1911 4160 aequa-

548 4174 650 4239 les,
695 4187 939 4245 quorum
969 4171 1357 4245 unusquisque
1386 4174 1565 4243 potest
1592 4168 1912 4226 transferre

549 4255 614 4311 in
642 4256 888 4312 alterum
910 4271 1081 4311 suum
1102 4253 1428 4311 dominium
1451 4276 1465 4320 ;
1495 4257 1550 4310 et
1570 4252 1697 4310 ideo
1725 4253 1910 4310 locum

550 4354 667 4396 non
698 4337 867 4396 habet
910 4338 1063 4396 inter
1110 4343 1351 4410 patrem,
1383 4341 1439 4392 et
1478 4334 1689 4396 filium:
1720 4333 1912 4392 domi-

550 4437 713 4490 num,
771 4425 828 4477 et
896 4435 1160 4487 servum:
1214 4418 1349 4491 quia
1407 4414 1683 4491 quidquid
1755 4413 1912 4473 filius

548 4500 739 4568 habet,
789 4507 875 4559 est
944 4501 1151 4575 patris:
1214 4504 1272 4557 et
1340 4497 1616 4572 quidquid
1685 4514 1906 4564 servus,

547 4581 796 4651 domini,
830 4589 891 4640 ut
918 4583 1076 4642 docet
1101 4586 1165 4639 D.
1198 4581 1401 4639 Thom.
1434 4583 1495 4636 in
1533 4581 1633 4638 hoc
1658 4587 1767 4639 art.
1810 4579 1912 4637 sed

550 4668 704 4724 inter
731 4670 933 4735 Deum,
963 4674 1020 4725 et
1045 4667 1342 4724 hominem
1370 4670 1454 4722 est
1479 4665 1738 4721 maxima
1765 4664 1912 4721 inae-

547 4749 811 4823 qualitas,
832 4750 1093 4823 nihilque
1114 4746 1325 4805 habere
1351 4752 1532 4820 potest
1552 4746 1743 4814 homo,
1760 4745 1911 4819 quod

550 4834 823 4908 plurimis
846 4833 1029 4890 titulis
1056 4847 1175 4890 non
1200 4831 1275 4887 sit
1300 4830 1402 4887 Dei
1431 4851 1444 4885 :
1474 4845 1608 4906 ergo
1631 4833 1912 4905 repugnat

550 4915 704 4972 inter
727 4916 859 4973 illos
876 4929 999 4974 esse
1020 4912 1335 4987 propriam,
1359 4916 1417 4968 et
1436 4912 1908 4969 commutativam

544 4995 858 5071 justitiam3
890 5000 1055 5069 atque
1082 4994 1255 5063 adeo,
1272 4992 1422 5068 quod
1445 4995 1657 5053 nostris
1683 4994 1912 5051 meritis

1596 350 1690 406 DE
1728 349 2031 406 NATURA
2068 348 2345 403 MERITI.

2056 543 2128 584 ex
2173 527 2277 584 hac
2319 524 2543 601 justitia
2599 522 2903 596 praemium
2943 520 3242 578 debeatur.
3273 521 3413 576 Tum

2056 608 2323 680 denique,
2367 607 2503 679 quia
2526 604 2754 679 justitia
2780 603 3195 661 commutativa
3235 602 3413 658 locum

2057 704 2177 746 non
2205 687 2377 745 habet
2403 687 2516 743 nisi
2558 687 2622 742 in
2652 682 3226 747 commutationibus,
3257 698 3415 757 emp-

2056 768 2344 835 tionibuS,
2400 775 2457 826 et
2508 765 2968 832 venditionibus„
3018 770 3132 820 etc.
3195 763 3294 820 ubi
3338 768 3414 820 ent

2053 870 2252 916 meum,
2277 860 2326 907 et
2346 858 2540 919 tutum·
2564 851 2775 911 datum,
2801 856 2850 903 et
2870 854 3191 919 acceptum:
3214 851 3271 903 et
3291 845 3411 903 ideo

2054 932 2310 989 debiturn
2350 949 2423 990 ex
2476 933 2579 988 hac
2626 930 2848 997 justitia
2900 934 3091 985 ortum
3143 927 3301 983 ducit
3345 942 3410 983 ex

2056 1013 2217 1086 prius
2269 1013 2549 1085 acceptis:
2606 1012 2704 1069 sed
2756 1014 2903 1066 Deus
2960 1009 3112 1065 nihil
3167 1025 3200 1065 a
3255 1008 3411 1065 nobis

2056 1096 2215 1168 prius
2256 1095 2486 1167 accepit,
2518 1111 2590 1152 ex
2616 1110 2729 1167 quo
2770 1091 2897 1148 fieri
2929 1091 3106 1164 possit
3127 1090 3293 1148 nobis
3318 1090 3412 1147 de-

2055 1177 2205 1234 bitor
2233 1200 2245 1234 :
2279 1178 2419 1250 Quis
2437 1179 2584 1233 enim
2601 1180 2762 1251 prior
2782 1177 2929 1231 dedit
2953 1176 3061 1239 illi,
3081 1182 3130 1229 et
3151 1175 3412 1231 retribue-

2052 1265 2145 1314 tur
2182 1261 2274 1315 ei?
2316 1262 2457 1315 Cum
2500 1258 2718 1322 omnia,
2750 1272 2875 1329 quaa
2897 1255 3006 1312 hos
3048 1254 3262 1312 habere
3288 1272 3413 1328 pos-

2051 1357 2270 1405 sumus,
2323 1341 2503 1412 ipsius
2563 1339 2662 1395 Dei
2719 1338 2922 1411 potiuS,
2979 1353 3155 1410 quam
3222 1345 3408 1395 nostra

2050 1423 2208 1478 sint:
2240 1422 2389 1479 unde
2430 1436 2615 1494 neque
2643 1421 2797 1477 inter
2838 1420 3028 1485 illum,
3073 1423 3130 1477 et
3158 1436 3262 1476 nos
3295 1436 3412 1478 esse

2052 1508 2234 1576 potest
2284 1502 2474 1575 aliqua
2529 1518 2668 1558 vera
2728 1499 3121 1565 commutatio,
3179 1502 3408 1574 emptio,

2051 1589 2149 1640 aut
2183 1583 2461 1649 venditio,
2496 1588 2556 1638 ut
2583 1597 2653 1639 ex
2680 1597 2740 1637 se
2769 1586 2920 1654 patet
2945 1601 2959 1636 :
2988 1595 3125 1654 ergo
3154 1595 3260 1637 nec
3279 1596 3413 1639 vera

2050 1666 2199 1721 ratio
2219 1665 2456 1738 justitiae
2478 1662 2922 1727 commutativae,
2952 1667 3120 1734 atque
3141 1660 3286 1719 adeo
3313 1678 3411 1719 nec

2043 1746 2137 1819 jus
2159 1745 2410 1819 aliquod,
2437 1744 2529 1800 vel
2551 1742 2830 1809 debitum,
2855 1740 3005 1815 quod
3025 1743 3102 1798 sit
3127 1741 3410 1817 objectum

2048 1826 2215 1883 istius
2236 1826 2498 1900 justitiae.

2122 1908 2206 1963 Ad
2244 1908 2390 1963 hanc
2435 1904 2811 1978 objectionem
2841 1909 3025 1977 posset
3071 1904 3287 1975 aliquis
3333 1907 3410 1973 (et
3440 1911 3534 1955 rti-

2047 1987 2277 2062 quidem
2329 1986 2723 2060 probabiliter)
2761 1982 3107 2057 respondere
3148 1985 3409 2059 negando

2047 2070 2361 2126 minorem.
2379 2071 2524 2124 Nam
2547 2067 2695 2139 quod
2714 2069 2858 2124 Deus
2880 2067 3104 2121 meritis
3119 2065 3409 2138 justorum

2047 2149 2337 2223 dispenset
2362 2150 2599 2223 praemia
2624 2165 2693 2205 ex
2715 2148 2956 2222 justitia,
2989 2152 3044 2203 et
3071 2162 3191 2204 non
3217 2148 3412 2219 quali-

2047 2247 2305 2304 cumque,
2363 2229 2459 2286 sed
2501 2231 2735 2303 proprie
2782 2228 3213 2295 commutativa,
3270 2228 3411 2284 satis

2045 2311 2272 2367 videtur
2293 2311 2485 2385 colligi
2511 2328 2582 2367 ex
2609 2316 2725 2369 tota
2753 2310 3064 2382 Scriptura,
3089 2307 3189 2364 ubi
3219 2307 3409 2366 beati-

3437 1972 3547 2019 nge
3611 2006 3612 2011 ,

3465 2023 3520 2055 S&

2045 2391 2199 2457 tudo,
2223 2407 2348 2465 quae
2373 2389 2543 2446 datur
2564 2397 2625 2447 ut
2654 2390 2959 2465 praemium
2991 2389 3205 2445 nostris
3230 2390 3408 2446 meri·
3443 2421 3550 2463 aaa

2045 2470 2139 2538 tis,
2171 2473 2466 2545 appelatur
2494 2486 2730 2536 merces,
2761 2472 2973 2526 Jerem.
3007 2467 3243 2525 32:13⁸:
3268 2472 3576 2562 mff‘uss*
3611 2506 3612 2515 η

2044 2567 2127 2606 ces
2165 2554 2316 2624 operi
2358 2559 2469 2606 tuo,
2515 2553 2756 2607 Corona.
2804 2547 2993 2606 Jacob.
3060 2550 3119 2605 l:
3158 2548 3409 2622 Accipiet
3438 2550 3572 2611 aui-2
3609 2544 3612 2625 Ι

2045 2647 2302 2686 coronam
2340 2632 2499 2685 vitm:
2526 2631 2644 2688 imo
2684 2636 2741 2687 et
2766 2646 2964 2684 corona
2994 2629 3247 2699 justitiae,
3279 2630 3316 2683 2
3339 2627 3411 2684 ad

2045 2713 2296 2769 Timoth.
2322 2715 2388 2769 4:
2413 2713 2663 2786 Reposito
2685 2721 2761 2768 est
2781 2713 2921 2768 mihi
2941 2729 3141 2767 corona
3153 2714 3408 2784 justiti-v.

2046 2792 2205 2858 Quod
2245 2799 2435 2851 autem
2475 2793 2733 2851 redditur
2772 2799 3047 2866 tanquam
3089 2808 3329 2861 meroes,
3356 2798 3414 2848 et

2046 2881 2319 2948 tanquam
2364 2891 2602 2942 corona,
2637 2873 2896 2933 redditur
2934 2890 3006 2930 ex
3053 2874 3312 2948 propria,
3356 2880 3411 2931 et

2043 2956 2454 3013 commutativa
2464 2958 2483 3030 j
2495 2957 2838 3028 ustitia,quae
2854 2953 3114 3013 redditur
3130 2961 3404 3028 tanquam

2039 3039 2259 3112 justum
2304 3039 2551 3112 pretium
2597 3053 2699 3109 pro
2725 3052 2883 3110 aequo
2924 3037 3120 3094 labore
3162 3041 3406 3110 accepto-

2044 3119 2193 3194 quod
2222 3121 2471 3194 pertinet
2510 3118 2579 3175 ad
2608 3119 2754 3176 hanc
2775 3120 3083 3193 justitiam,
3112 3124 3176 3176 ut
3211 3121 3277 3175 D.
3303 3118 3404 3174 Th.

3452 2626 3540 2662 ω
3609 2634 3612 2697 3

2043 3204 2110 3260 in
2130 3204 2235 3261 hoc
2256 3209 2362 3260 art.
2390 3201 2555 3260 Unde
2581 3202 2656 3257 ad
2681 3201 2838 3259 Rom.
2864 3204 2918 3270 4,
2945 3203 3191 3260 dicitur:
3216 3201 3298 3259 Es·
3319 3202 3569 3278 quium

2044 3292 2322 3359 operatur,
2371 3301 2569 3340 merces
2610 3300 2719 3338 non
2757 3283 3071 3356 imputatur
3115 3283 3406 3339 secundum

2041 3367 2305 3437 qratiam,
2349 3365 2443 3420 sed
2467 3362 2760 3420 secundum
2800 3363 3060 3421 debitum.
3093 3365 3237 3419 Cum
3276 3378 3410 3437 ergo

2045 3463 2282 3512 merces,
2313 3463 2439 3519 quae
2473 3444 2641 3502 datur
2664 3445 2834 3519 just-is
2865 3461 2968 3518 pro
2995 3446 3115 3502 suis
3143 3445 3411 3519 operibus

2045 3528 2379 3596 meritoriis,
2401 3526 2568 3584 detur
2584 3526 2704 3602 illis
2724 3526 3193 3600 utoperantibus,
3216 3525 3414 3599 utique

2044 3608 2282 3666 debetur
2337 3608 2420 3665 eis
2487 3613 2760 3680 tanquam
2817 3605 3034 3676 debita,
3081 3612 3137 3664 et
3196 3606 3279 3664 sic
3343 3621 3414 3663 ex

2038 3689 2286 3765 justitia.

3485 3274 3515 3312 4.

2120 3765 2211 3820 57.
2258 3762 2366 3820 Sed
2390 3764 2525 3836 quia
2564 3763 2773 3821 solutio
2813 3762 2931 3819 haec
2968 3763 3136 3836 plura
3165 3761 3328 3834 petit,
3357 3755 3586 3850 9ὶὲἔὲ

2045 3843 2215 3903 modo
2240 3845 2579 3903 examinare
2609 3859 2728 3901 non
2768 3848 2947 3912 vacat,
2980 3859 3055 3899 an
3099 3843 3165 3899 in
3195 3845 3313 3900 Deo
3336 3843 3418 3898 sit

2044 3926 2370 3984 formaliter
2412 3925 2632 4000 ,iustitia
2675 3925 3088 3982 commutativa
3114 3923 3197 3995 (id
3245 3924 3419 3980 enim

2044 4009 2234 4083 agitur
2259 4010 2277 4063 l
2304 4016 2456 4081 part.
2484 4015 2668 4085 quaest.
2697 4008 2789 4073 21,
2814 4015 2862 4062 et
2880 4009 2914 4062 3
2930 4013 3079 4080 part.
3116 4015 3300 4084 quest.
3344 4008 3420 4078 1),

2046 4089 2425 4162 respondetur
2471 4086 2719 4144 secundo
2749 4086 3035 4162 =negando
3081 4087 3424 4155 minorem:

2044 4170 2180 4242 quia
2222 4171 2427 4227 saltem
2449 4169 2673 4242 justitia
2714 4167 3087 4225 distributiva
3112 4167 3430 4241 (quidquid

2044 4253 2394 4313 contradicat
2443 4256 2723 4327 vazquez)
2772 4268 2892 4310 non
2940 4256 3119 4325 potest
3163 4252 3282 4308 Deo
3312 4267 3435 4309 ne-

2043 4339 2208 4413 gari,
2254 4353 2383 4395 cum
2413 4335 2472 4393 id
2500 4342 2562 4393 ut
2583 4336 2779 4392 minus
2805 4335 3108 4393 manifeste
3133 4332 3436 4392 suadeant

2044 4419 2376 4477 testimonia
2403 4416 2643 4474 adducta
2681 4433 2752 4474 ex
2790 4417 3104 4490 Scriptura,
3133 4421 3189 4471 et
3230 4415 3434 4471 innu-

2044 4517 2206 4559 mera
2230 4502 2364 4569 alia,
2390 4517 2515 4575 quae
2541 4499 2742 4557 adduci
2772 4504 3019 4573 possent.
3052 4497 3212 4564 Quod
3231 4498 3434 4557 etiam

2043 4583 2201 4642 docet
2230 4585 2296 4640 D.
2328 4583 2533 4640 Thom.
2560 4584 2728 4638 citato
2748 4581 2877 4650 loco,
2901 4599 2974 4637 ecc
3002 4583 3019 4636 l
3045 4587 3196 4653 part.
3220 4586 3338 4638 art.
3367 4583 3395 4637 1
3412 4626 3432 4650 ,

2041 4674 2093 4723 et
2127 4668 2173 4734 1,
2226 4672 2417 4723 contra
2459 4664 2617 4723 Gent.
2661 4682 2781 4738 cap.
2834 4665 2925 4731 93,
2973 4668 3031 4721 et
3074 4662 3209 4720 aliis
3250 4663 3433 4736 locis,

2042 4766 2213 4824 quem
2233 4752 2556 4823 sequuntur
2576 4746 2961 4805 communiter
2976 4748 3026 4822 ej
3034 4761 3099 4802 us
3118 4744 3440 4820 discipuli,

2042 4849 2107 4891 ac
2130 4834 2326 4907 plures
2349 4832 2474 4889 alii.
2507 4833 2588 4890 Eo
2608 4831 2702 4888 vel
2730 4830 3006 4897 maxime,
3030 4829 3180 4904 quod
3202 4830 3446 4904 imper-

2043 4913 2334 4983 fectiones,
2367 4928 2491 4986 quae
2537 4927 2659 4971 esse
2699 4910 3048 4970 videbantur
3071 4910 3144 4969 de
3190 4910 3447 4970 ratione

2037 4994 2275 5071 justitiae
2287 4994 2730 5061 commutativae,
2752 4993 2816 5050 in
2832 4990 3206 5051 distributiva
3226 4992 3448 5051 locum

3302 5086 3452 5137 non

3447 4577 3512 4622 1).
