3647 5753
255 833 443 927 Ram·

390 466 393 470 .
471 397 575 453 178
894 454 906 465 ,
1492 394 1586 452 DE
1624 393 1895 449 GRATIA
1934 393 2276 452 EFFICAGI.

468 583 572 626 cax
601 568 839 626 reddere
855 593 870 637 3
894 573 952 627 et
975 570 1299 642 oppositum
1329 567 1526 640 nequit
1551 565 1821 639 intelligi,

466 664 607 706 nam
659 649 811 722 quod
856 649 991 706 facit
1029 656 1184 707 actus
1223 655 1368 717 actu,
1398 648 1535 705 facit
1575 645 1828 720 potentia

471 730 838 805 possibiliter.
905 735 910 738 ’
1812 771 1818 779 .

509 835 512 836 ’
547 814 680 883 Hoc,
734 814 990 887 inquam,
1036 830 1152 871 non
1195 813 1384 882 refert,
1425 811 1523 869 sed
1551 811 1717 869 facile
1756 824 1831 866 ex

471 890 638 950 dictis
677 893 923 951 diluitur
961 917 974 951 :
1016 894 1291 967 quoniam
1334 894 1601 951 voluntas
1645 889 1831 948 adhuc

471 976 778 1032 constituta
821 975 927 1032 sub
967 976 1186 1033 auxilio
1213 974 1442 1042 efficaci,
1486 974 1632 1031 etin
1658 984 1830 1028 sensu

471 1056 784 1129 composito
823 1057 1002 1123 illius,
1040 1060 1221 1129 potest
1259 1054 1583 1129 comparari
1612 1052 1681 1110 ad
1709 1051 1831 1107 dis·

473 1151 728 1205 sensum,
753 1140 845 1195 vel
873 1137 1297 1195 consideratum
1323 1135 1639 1193 secundum
1666 1149 1743 1201 se,
1775 1135 1834 1190 et

476 1218 541 1273 in
578 1234 748 1277 sensu
790 1219 1005 1288 diviso;
1035 1221 1127 1277 vel
1153 1219 1578 1277 consideratum
1606 1221 1668 1271 ut
1692 1229 1834 1272 con-

472 1297 834 1373 jungendum
862 1317 991 1356 cum
1021 1300 1238 1357 auxilio
1263 1299 1472 1357 efficaci
1502 1296 1572 1354 ad
1598 1295 1835 1353 consen-

475 1394 627 1447 sum,
660 1384 717 1436 et
743 1380 807 1436 in
828 1396 999 1436 sensu
1026 1380 1338 1454 composito
1360 1379 1539 1435 illius.
1572 1378 1752 1433 Porro
1773 1380 1837 1431 ut

477 1461 747 1519 voluntas
772 1461 994 1519 dicatur
1023 1478 1183 1535 posse
1208 1461 1515 1519 dissentire
1554 1457 1831 1522 absolute,

477 1544 537 1596 et
574 1541 934 1615 simpliciter,
967 1557 1085 1599 non
1122 1547 1206 1598 est
1245 1539 1652 1605 necessarium,
1683 1535 1837 1611 quod

479 1622 656 1694 possit
682 1638 1041 1697 componere,
1066 1628 1123 1680 et
1146 1623 1493 1697 conjungere
1512 1620 1839 1676 dissensum

481 1721 613 1761 cum
642 1706 861 1763 auxilio
880 1705 1086 1763 efficaci
1114 1704 1184 1761 ad
1205 1720 1567 1770 consensum,
1593 1702 1687 1759 vel
1708 1716 1839 1759 cum

482 1787 606 1860 ipsa
648 1788 942 1845 voluntate
982 1792 1043 1843 ut
1067 1786 1265 1844 affecta
1292 1785 1508 1843 auxilio
1533 1783 1739 1841 efficaci
1768 1781 1841 1838 ad

483 1882 856 1933 consensum;
887 1882 1012 1939 quae
1031 1865 1365 1940 compositio
1389 1868 1476 1922 est
1505 1861 1837 1927 chimerion,

484 1953 541 2006 et
585 1945 961 2021 impossibilis
1007 1968 1019 2003 :
1068 1946 1167 2004 sed
1205 1945 1428 2011 sufficit,
1477 1943 1626 2018 quod
1668 1942 1844 2016 possit

485 2029 692 2086 elicere
717 2028 1039 2085 dissensum
1066 2026 1378 2084 secundum
1406 2043 1484 2092 se,
1518 2031 1580 2081 ut
1598 2025 1844 2099 conjun-

483 2110 736 2187 gendum
764 2127 893 2168 cum
925 2111 1218 2168 voluntate
1237 2107 1550 2166 secundum
1570 2123 1632 2164 se
1651 2106 1845 2163 consi-

486 2191 705 2261 derata,
748 2197 803 2248 et
830 2191 1131 2265 praecisum
1173 2188 1242 2246 ab
1269 2189 1489 2246 auxilio
1524 2186 1731 2244 efficaci
1773 2184 1845 2241 ad

486 2286 847 2329 consensum.
874 2274 943 2327 Et
965 2271 1111 2327 ratio
1128 2268 1371 2327 habetur
1391 2285 1462 2326 ex
1477 2268 1673 2335 dictis;
1701 2282 1847 2340 quo·-

488 2354 651 2410 niam
666 2353 933 2410 voluntas
946 2356 1134 2408 creata
1147 2367 1264 2407 non
1281 2350 1507 2423 respicit
1523 2348 1846 2405 dissensum

489 2433 600 2490 sibi
643 2433 993 2505 possibilem,
1028 2431 1143 2487 nisi
1183 2435 1246 2486 ut
1273 2429 1603 2504 ponendum
1629 2428 1851 2500 depen-

490 2511 693 2569 denter
714 2528 746 2569 a
772 2527 1048 2568 concursu
1073 2511 1174 2567 Dei
1198 2508 1425 2577 efficaci,
1450 2513 1514 2566 'et
1543 2507 1756 2581 praevio
1777 2504 1848 2563 ad

491 2593 792 2650 materiale
830 2591 1010 2665 ipsius
1048 2589 1370 2656 dissensus;
1404 2590 1502 2662 qui
1542 2604 1852 2646 concursus

491 2674 720 2747 expedit
740 2674 1097 2730 voluntatem
1121 2672 1191 2728 ab
1213 2671 1627 2743 impedimento
1644 2669 1851 2727 auxilii

493 2756 731 2815 efficacis
770 2753 841 2811 ad
868 2769 1232 2812 consensum.
1277 2754 1347 2808 Et
1386 2752 1513 2809 ideo
1541 2750 1854 2809 voluntatis

499 2837 751 2913 potentia
779 2853 898 2895 non
920 2836 1151 2910 respicit
1171 2834 1494 2893 dissensum
1525 2834 1638 2892 nisi
1659 2847 1855 2891 secun-

494 2921 635 2976 dum
673 2934 752 2985 se,
782 2924 839 2976 et
865 2918 1167 2991 praecisum
1208 2934 1241 2973 a
1279 2916 1678 2991 conjunctione
1723 2928 1854 2970 cum

496 3000 715 3060 auxilio
729 2999 935 3056 efficaci
959 2997 1030 3055 ad
1055 3014 1416 3065 consensum,
1441 3004 1498 3057 et
1519 3002 1580 3053 ut
1600 2995 1857 3053 divisum

496 3080 569 3139 ab
595 3080 701 3136 hac
724 3079 1155 3135 circumstantia
1194 3077 1528 3135 accidentali
1551 3101 1564 3144 ;
1593 3075 1859 3149 quamvis

499 3160 768 3237 praedicta
792 3161 1063 3227 exclusio,
1088 3176 1187 3217 seu
1215 3159 1426 3216 divisio
1455 3160 1660 3217 auxilii
1682 3159 1861 3216 effica-

499 3243 579 3301 cis
603 3258 720 3299 non
741 3240 942 3298 debeat
969 3239 1099 3297 fieri
1127 3256 1160 3296 a
1186 3240 1483 3297 voluntate
1510 3245 1718 3306 creata,
1761 3238 1859 3295 sed

501 3340 534 3381 a
573 3326 688 3380 Deo
717 3322 927 3396 praevie
952 3320 1377 3378 determinante
1413 3320 1483 3376 ad
1511 3319 1856 3377 dissensum.

500 3404 707 3460 Totum
760 3407 952 3458 autem
999 3401 1103 3456 hoc
1141 3401 1399 3456 salvatur
1452 3401 1515 3456 in
1568 3401 1862 3457 voluntate

503 3484 701 3542 affecta
741 3484 959 3541 auxilio
986 3481 1194 3538 efficaci
1231 3481 1301 3538 ad
1327 3498 1700 3549 consensum;
1729 3482 1864 3554 quia

502 3565 689 3623 adhuc
733 3564 1022 3621 dissensus
1049 3567 1246 3618 manet
1278 3561 1552 3636 obiective
1578 3562 1863 3619 voluntati

505 3645 831 3720 possibilis;
861 3648 917 3702 et
941 3644 1218 3700 similiter
1245 3645 1540 3716 praemotio
1577 3643 1772 3701 efficax
1788 3642 1866 3699 ad

505 3725 830 3783 dissensum
859 3729 1056 3781 manet
1081 3726 1195 3780 Deo
1224 3722 1529 3796 possibilis.
1564 3722 1867 3780 Possibili-

506 3811 593 3863 tas
620 3821 756 3862 vero
786 3809 905 3861 tam
931 3803 1242 3870 dissensus,
1275 3820 1447 3877 quam
1478 3803 1868 3876 praemotionis

506 3885 746 3945 efficacis
768 3882 839 3940 ad
864 3884 1075 3956 ipsum,
1107 3888 1164 3939 et
1188 3884 1367 3939 simul
1391 3884 1642 3956 potentia
1667 3884 1871 3939 innata

510 3963 821 4022 voluntatis
865 3979 996 4018 cum
1042 3962 1434 4019 indifferentia
1468 3962 1670 4037 judicii
1708 3960 1870 4018 suffi-

511 4045 690 4111 ciunt,
736 4048 799 4098 ut
836 4044 1101 4100 voluntas
1151 4042 1375 4100 dicatur
1411 4043 1475 4097 in
1514 4047 1638 4098 actu
1682 4041 1871 4115 primo

513 4132 712 4200 potens
737 4121 1012 4192 absolute,
1054 4130 1113 4182 et
1148 4123 1490 4197 simpliciter
1527 4122 1869 4190 dissentire3

513 4208 645 4265 licet
684 4212 808 4264 actu
850 4205 1057 4264 habeat
1094 4206 1324 4279 aliquod
1367 4204 1869 4278 impedimentum,

514 4304 723 4360 nempe
776 4286 1061 4344 auxilium
1121 4285 1315 4343 efficax
1381 4284 1451 4342 ad
1508 4301 1870 4355 consensum,

516 4370 666 4443 quod
690 4385 790 4427 nec
815 4371 970 4427 valet
990 4368 1311 4433 excludere,
1339 4384 1442 4425 nec
1461 4383 1591 4425 cum
1612 4368 1876 4426 dissensu

518 4452 898 4525 conjungere;
927 4456 985 4508 et
1008 4450 1090 4507 sic
1119 4449 1514 4507 infallibiliter
1534 4451 1872 4508 consentiat.

519 4533 589 4588 Et
610 4532 715 4589 hoc
740 4536 823 4589 est
849 4532 1207 4589 voluntatem
1237 4531 1496 4594 affectam
1525 4530 1744 4587 auxilio
1763 4530 1879 4587 effi-

520 4614 636 4670 caci
659 4612 729 4670 ad
749 4628 1091 4670 consensum
1114 4629 1275 4685 posse
1299 4612 1605 4670 dissentire
1625 4612 1881 4685 potentia

523 4694 897 4762 antecedenti,
945 4700 1002 4752 et
1053 4695 1117 4751 in
1163 4710 1334 4752 sensu
1380 4694 1605 4762 diviso;
1655 4700 1712 4752 et
1763 4709 1880 4752 non

524 4789 685 4849 posse
709 4773 1017 4831 dissentire
1038 4775 1292 4847 potentia
1318 4773 1707 4847 consequenti,
1738 4774 1884 4831 etin

524 4872 692 4914 sensu
719 4855 1050 4928 composito,
1077 4861 1139 4912 ut
1166 4858 1479 4929 loquuntur
1498 4856 1885 4913 communiter

526 4936 864 5004 Thomistae3
896 4952 1033 4992 nam
1064 4938 1316 5008 potentia
1343 4935 1704 5005 antecedens,
1730 4941 1784 4993 et
1813 4936 1885 4993 ad

530 5021 718 5073 actum
758 5017 824 5071 in
862 5032 1032 5073 sensu
1073 5015 1278 5085 diviso,
1325 5016 1555 5090 respicit
1592 5021 1781 5073 actum
1827 5021 1888 5071 ut

1959 565 2234 642 objectiva
2281 565 2632 640 possibilem,
2677 569 2734 622 et
2775 564 3078 638 praecisum
3125 580 3160 621 a
3204 564 3323 622 cir-

1960 647 2321 704 cumstantiis
2365 645 2831 713 accidentalibuS,
2875 644 3196 719 cujusmodi
3236 649 3322 702 est

1963 729 2384 804 praeexistentia
2406 728 2610 786 auxilii
2639 727 2878 785 efficacis
2905 729 2975 784 ad
3001 733 3189 785 actum
3218 743 3324 800 op-

1964 811 2214 885 positum
2259 832 2273 867 :
2320 810 2575 885 potentia
2602 824 2741 866 vero
2766 823 3137 882 consequens,
3168 812 3226 864 et
3251 806 3324 864 ad

1965 896 2153 949 actum
2181 893 2245 950 in
2264 908 2434 950 sensu
2463 890 2775 965 composito
2797 890 3028 963 respicit
3048 895 3237 947 actum
3266 894 3328 945 ut

1965 972 2214 1030 exercite
2253 973 2363 1041 hic,
2394 978 2451 1030 et
2491 989 2644 1029 nunc
2671 970 3041 1038 eliciendum,
3073 976 3130 1027 et
3166 985 3327 1028 com-

1968 1054 2300 1128 ponendum
2340 1070 2469 1111 cum
2509 1053 2979 1119 circumstantiis,
3025 1067 3150 1126 quae
3177 1052 3329 1109 acci-

1967 1135 2277 1197 dentaliter
2320 1141 2648 1204 occurrunt,
2682 1140 2746 1191 ut
2778 1137 2901 1210 jam
2945 1135 3330 1208 explicuimus

1968 1220 2110 1292 disp.
2136 1220 2191 1285 5,
2223 1217 2355 1277 dub.
2377 1220 2432 1286 6,
2452 1222 2486 1289 g
2505 1222 2561 1275 7.

2044 1299 2211 1357 Unde
2231 1298 2300 1356 ad
2322 1298 2695 1374 objectionem
2720 1297 2981 1373 neganda
3007 1301 3092 1355 est
3117 1298 3324 1373 major:

1972 1381 2043 1439 ad
2063 1384 2224 1458 cujus
2252 1380 2646 1455 probationem
2667 1396 2928 1439 concesso
2948 1379 3327 1446 antecedenti,

1974 1462 2235 1539 neganda
2248 1466 2334 1520 est
2358 1463 2779 1535 consequentia.
2806 1463 2877 1518 Et
2892 1462 3054 1519 ·ratio
3077 1459 3331 1534 dispari-

1974 1545 2107 1600 tatis
2125 1548 2228 1610 est,
2253 1544 2529 1616 quoniam
2552 1544 2657 1600 hoc
2683 1542 2826 1616 ips0‚
2865 1542 3015 1615 quod
3042 1540 3334 1598 dissensus

1974 1626 2038 1683 in
2060 1625 2332 1683 exercitio
2354 1631 2619 1698 ponatur,
2662 1625 3030 1699 conjungitur
3049 1638 3182 1679 cum
3214 1638 3334 1680 om-

1976 1705 2148 1762 nibus
2204 1705 2651 1763 circumstantiis
2705 1702 3151 1762 accidentalibus
3203 1708 3337 1759 tunc

1975 1784 2406 1844 occurrentibus
2421 1810 2437 1853 ;
2466 1784 2844 1859 quamobrem
2872 1785 2921 1841 si
2950 1784 3050 1842 fiat
3070 1783 3335 1857 supposi-

1977 1868 2058 1926 tio
2086 1865 2479 1940 impossibilis‚
2507 1866 2654 1940 quod
2680 1868 2741 1923 in
2761 1866 2964 1925 eodem
2987 1866 3229 1923 instanti
3257 1865 3330 1931 A,

1979 1949 2042 2004 in
2068 1963 2179 2021 quo
2197 1953 2285 2004 est
2303 1947 2588 2003 auxilium
2617 1946 2813 2004 efficax
2854 1945 2925 2004 ad
2964 1961 3330 2011 consensum,

1980 2036 2227 2102 ponatur
2246 2028 2556 2098 dissensus,
2584 2046 2725 2103 opus
2745 2034 2847 2095 est,
2874 2028 3022 2101 quod
3047 2030 3137 2085 vel
3160 2026 3335 2082 simul

1976 2113 2117 2178 sint,
2132 2109 2387 2184 velquod
2416 2113 2562 2168 Deus
2590 2111 2872 2167 auxilium
2894 2110 3088 2167 efficax
3110 2109 3181 2166 ad
3200 2124 3340 2165 con-

1980 2208 2214 2250 sensum
2243 2191 2307 2247 in
2331 2206 2502 2248 sensu
2541 2191 2852 2265 composito
2869 2233 2882 2259 ,
2916 2188 3064 2263 quod
3086 2196 3222 2246 tunc
3241 2189 3335 2252 sit,

1980 2271 2245 2331 excludat
2271 2292 2283 2326 :
2305 2287 2550 2344 quorum
2578 2269 2871 2343 quodlibet
2898 2275 3206 2344 repugnat,
3244 2267 3340 2326 sed

1985 2355 2236 2413 infertur
2250 2371 2323 2412 ex
2339 2354 2640 2428 hypothesi
2659 2351 3025 2425 impossibili.
3041 2355 3115 2407 At
3130 2351 3345 2409 dissen-

1983 2452 2081 2492 sus
2107 2440 2169 2491 ut
2193 2434 2469 2509 objective
2492 2433 2786 2506 possibilis
2816 2429 3143 2506 praescindit
3163 2431 3232 2488 ab
3254 2431 3346 2487 his

1985 2516 2413 2574 circunstantiis
2441 2512 2887 2571 accidentalibus
2911 2557 2923 2579 ,
2959 2516 3016 2569 et
3035 2514 3225 2570 solum
3245 2527 3347 2569 ex-

1987 2598 2162 2672 plicat
2179 2594 2623 2670 dependentiam
2642 2611 2673 2651 a
2689 2595 2986 2651 voluntate
3015 2598 3242 2667 potente
3269 2593 3349 2666 ip-

1987 2694 2119 2734 sum
2142 2677 2368 2744 elicere,
2402 2680 2507 2732 eta
2528 2677 2890 2747 Deo'potente
2920 2674 3152 2747 praevie,
3182 2679 3238 2731 et
3270 2673 3351 2728 si-

1988 2759 2282 2815 multanee
2304 2756 2517 2813 adeum
2532 2770 2892 2817 concurrere.
2911 2755 3154 2812 etsimul
3174 2769 3348 2827 expe—

1987 2839 2133 2905 dire,
2173 2842 2341 2911 atque
2365 2834 2684 2894 emundare
2712 2837 3071 2893 voluntatem
3098 2841 3346 2892 creatam

1991 2919 2063 2978 ab
2090 2920 2363 2978 omnibus
2385 2917 2819 2992 impedimentis
2847 2940 2860 2974 :
2884 2934 3008 2990 quae
3027 2920 3226 2975 omnia
3244 2917 3353 2973 sal·

1992 3006 2205 3058 vantur
2257 3000 2321 3055 in
2361 2996 2562 3056 eodem
2603 2999 2844 3055 instanti
2873 3040 2886 3064 ,
2931 2998 2995 3054 in
3045 3014 3158 3071 quo
3197 2996 3356 3054 adest

1996 3081 2281 3139 auxilium
2298 3078 2492 3136 efficax
2508 3078 2576 3135 ad
2597 3093 2941 3137 consensum
2962 3102 2975 3145 ;
2998 3083 3054 3135 et
3075 3077 3205 3135 ideo
3226 3083 3359 3133 tunc

1995 3163 2264 3219 voluntas
2289 3159 2566 3228 absolute,
2597 3166 2653 3218 et
2672 3159 3016 3232 simpliciter
3046 3163 3227 3232 potest
3246 3157 3357 3213 dis·

1994 3242 2232 3300 sentire.
2256 3242 2327 3295 Et
2353 3246 2549 3297 tamen
2578 3256 2694 3298 non
2726 3244 2906 3312 potest
2928 3240 3214 3297 auxilium
3234 3238 3355 3295 effi-

1995 3340 2100 3381 cax
2127 3322 2196 3379 ad
2223 3337 2565 3379 consensum
2591 3321 2905 3388 destruere,
2937 3322 3073 3396 quia
3094 3336 3213 3377 non
3235 3334 3355 3376 res-

1998 3404 2136 3477 picit
2178 3402 2502 3459 dissensum
2534 3403 2648 3459 nisi
2682 3406 2744 3457 ut
2785 3399 3116 3474 ponendum
3142 3399 3355 3472 depen

1999 3482 2202 3540 denter
2230 3496 2262 3537 a
2289 3496 2565 3537 concursu
2593 3481 2800 3538 efficaci
2830 3481 2931 3538 Dei
2954 3479 3025 3538 ad
3059 3479 3360 3539 materiale

1998 3563 2293 3620 dissensus
2313 3584 2326 3626 ;
2351 3561 2449 3633 qui
2472 3576 2781 3618 concursus
2803 3559 3138 3617 immediate
3162 3558 3359 3631 expel-

2001 3645 2089 3712 lit,
2120 3642 2384 3709 destruit,
2411 3644 2504 3699 vel
2534 3641 2777 3716 impedit
2804 3643 3091 3699 auxilium
3120 3642 3231 3698 sibi
3258 3656 3361 3713 op-

2006 3726 2273 3800 positum,
2302 3725 2637 3797 priusquam
2664 3726 2933 3782 voluntas
2954 3724 3271 3790 dissentiat,
3304 3728 3363 3779 ut

2003 3822 2177 3879 supra
2199 3804 2455 3862 diximus
2475 3809 2507 3876 ξ
2527 3807 2582 3872 3,
2608 3812 2664 3863 et
2684 3811 2905 3862 constat
2922 3821 2993 3862 ex
3017 3803 3365 3862 notabilibus

2007 3902 2191 3960 nuper
2219 3886 2400 3943 tactis.
2452 3889 2564 3944 Nec
2610 3887 2933 3960 oppositum
2978 3886 3178 3959 probat
3216 3883 3362 3942 illud

2003 3964 2255 4025 axioma:
2273 3965 2433 4038 Quod
2450 3968 2589 4040 facit
2611 3975 2769 4023 actus
2788 3976 2933 4033 actu,
2950 3976 3045 4024 etc.
3064 3966 3163 4024 sed
3181 3965 3367 4039 potius

2007 4049 2157 4106 hanc
2195 4047 2521 4105 doctrinam
2556 4048 2888 4117 confirmat;
2917 4050 3053 4123 quia
3079 4049 3368 4106 dissensus

2009 4129 2074 4185 in
2102 4132 2230 4184 actu
2255 4143 2552 4200 nunquam
2581 4129 2644 4184 in
2672 4133 2797 4185 actu
2822 4129 3064 4185 destruit
3084 4128 3369 4185 auxilium

2009 4208 2205 4268 efficax
2227 4209 2299 4266 ad
2325 4224 2704 4279 consensum;
2733 4210 2831 4268 sed
2867 4211 3139 4285 supponit
3181 4209 3371 4283 ipsum

1996 4291 2308 4347 —exclusum
2346 4307 2446 4363 per
2472 4308 2811 4349 concursum
2838 4292 3119 4349 efficacem
3147 4291 3219 4348 ad
3252 4289 3375 4346 dis-

2009 4388 2279 4441 sensum;
2309 4379 2367 4429 et
2404 4372 2487 4430 sic
2532 4379 2773 4446 potestas
2813 4374 3129 4431 voluntatis
3155 4372 3227 4429 ad
3254 4372 3375 4428 dis-

1996 4453 2380 4511 sentiendum
2409 4470 2527 4511 non
2554 4459 2638 4512 est
2666 4460 2908 4528 potestas
2952 4454 3024 4512 ad
3069 4454 3375 4511 destruen-

1998 4533 2152 4590 -dum
2193 4535 2480 4590 auxilium
2527 4535 2725 4592 efficax
2766 4535 2836 4591 ad
2871 4550 3248 4603 consensum;
3278 4532 3376 4592 sed

2015 4616 2284 4688 supponit
2312 4615 2376 4671 in
2414 4618 2530 4673 Deo
2571 4618 2886 4689 potentiam
2916 4616 2986 4673 ad
3015 4632 3376 4690 praemoven-

2015 4695 2155 4751 dum
2181 4695 2480 4753 efficaciter
2519 4695 2590 4753 ad
2629 4695 2974 4765 dissensum,
3005 4702 3062 4753 et
3083 4697 3155 4753 ad
3182 4698 3380 4756 exclu-

2017 4773 2273 4841 dendum
2320 4776 2609 4833 auxilium
2653 4776 2849 4834 efficax
2879 4777 2949 4834 ad
2988 4793 3333 4835 consensum
3365 4798 3379 4833 z

2018 4855 2109 4913 cui
2137 4856 2405 4927 potentiae
2429 4856 2841 4914 subordinatur
2871 4859 3140 4915 voluntas
3165 4862 3375 4924 creata,

2021 4941 2084 4993 ut
2103 4938 2279 5010 possit
2297 4939 2504 4996 elicere
2532 4939 2833 4996 materiale
2859 4938 3171 4998 dissensus.

2093 5018 2223 5073 255.
2268 5017 2355 5072 Ad
2377 5019 2702 5093 argumenti
2725 5016 3230 5078 confirmationem
3259 5033 3380 5076 res-

3102 5097 3383 5172 pondetur
