<?xml version="1.0" encoding="UTF-8"?>
<!DOCTYPE html PUBLIC "-//W3C//DTD XHTML 1.0 Transitional//EN"
    "http://www.w3.org/TR/xhtml1/DTD/xhtml1-transitional.dtd">
<html xmlns="http://www.w3.org/1999/xhtml" xml:lang="en" lang="en">
 <head>
  <title>
</title>
<meta http-equiv="Content-Type" content="text/html;charset=utf-8" />
  <meta name='ocr-system' content='tesseract 3.04.00' />
  <meta name='ocr-capabilities' content='ocr_page ocr_carea ocr_par ocr_line ocrx_word'/>
</head>
<body>
  <div class='ocr_page' id='page_1' title='image "./collegiisalmant00carmgoog_0540.png"; bbox 0 0 3647 5753; ppageno 0'>
   <div class='ocr_carea' id='block_1_1' title="bbox 284 2891 1854 3014">
    <p class='ocr_par' dir='ltr' id='par_1_1' title="bbox 284 2891 1854 3014">
     <span class='ocr_line' id='line_1_1' title="bbox 284 2891 1854 3014; baseline 0.003 -20"><span class='ocrx_word' id='word_1_1' title='bbox 284 2891 482 2984; x_wconf 48' lang='lat' dir='ltr'>„fflgsstffi</span> <span class='ocrx_word' id='word_1_2' title='bbox 498 2940 689 2998; x_wconf 90' lang='lat' dir='ltr'>sedem</span> <span class='ocrx_word' id='word_1_3' title='bbox 720 2939 890 2996; x_wconf 90' lang='lat' dir='ltr'>habet</span> <span class='ocrx_word' id='word_1_4' title='bbox 917 2943 951 2995; x_wconf 90' lang='lat'><strong>3</strong></span> <span class='ocrx_word' id='word_1_5' title='bbox 983 2948 1135 3014; x_wconf 79' lang='lat' dir='ltr'>part.</span> <span class='ocrx_word' id='word_1_6' title='bbox 1169 2942 1229 2994; x_wconf 83' lang='lat' dir='ltr'>in</span> <span class='ocrx_word' id='word_1_7' title='bbox 1249 2946 1410 2996; x_wconf 78' lang='lat' dir='ltr'>tract.</span> <span class='ocrx_word' id='word_1_8' title='bbox 1435 2942 1499 2995; x_wconf 83' lang='lat' dir='ltr'>de</span> <span class='ocrx_word' id='word_1_9' title='bbox 1512 2942 1854 3013; x_wconf 61' lang='lat' dir='ltr'>prr-nitentia,</span> 
     </span>
    </p>
   </div>
   <div class='ocr_carea' id='block_1_2' title="bbox 306 4329 461 4423">
    <p class='ocr_par' dir='ltr' id='par_1_2' title="bbox 306 4329 461 4423">
     <span class='ocr_line' id='line_1_2' title="bbox 306 4329 449 4374; baseline 0 -1"><span class='ocrx_word' id='word_1_10' title='bbox 306 4329 449 4374; x_wconf 77' lang='lat' dir='ltr'>Palae.</span> 
     </span>
     <span class='ocr_line' id='line_1_3' title="bbox 310 4380 461 4423; baseline 0.007 -1"><span class='ocrx_word' id='word_1_11' title='bbox 310 4380 461 4423; x_wconf 78' lang='lat' dir='ltr'>Kellis.</span> 
     </span>
    </p>
   </div>
   <div class='ocr_carea' id='block_1_3' title="bbox 300 4458 457 4522">
    <p class='ocr_par' dir='ltr' id='par_1_3' title="bbox 300 4458 457 4522">
     <span class='ocr_line' id='line_1_4' title="bbox 300 4458 457 4522; baseline -0.013 -1"><span class='ocrx_word' id='word_1_12' title='bbox 300 4458 457 4522; x_wconf 57' lang='lat' dir='ltr'>Bonae.</span> 
     </span>
    </p>
   </div>
   <div class='ocr_carea' id='block_1_4' title="bbox 494 339 2395 430">
    <p class='ocr_par' dir='ltr' id='par_1_4' title="bbox 494 339 2395 430">
     <span class='ocr_line' id='line_1_5' title="bbox 494 339 2395 430; baseline -0.002 -32"><span class='ocrx_word' id='word_1_13' title='bbox 494 345 604 401; x_wconf 77' lang='lat'>518</span> <span class='ocrx_word' id='word_1_14' title='bbox 1440 341 1532 395; x_wconf 75' lang='lat' dir='ltr'>DE</span> <span class='ocrx_word' id='word_1_15' title='bbox 1570 339 2165 430; x_wconf 22' lang='lat' dir='ltr'>JUSTlFICATIONE·</span> <span class='ocrx_word' id='word_1_16' title='bbox 2194 343 2343 395; x_wconf 81' lang='lat' dir='ltr'>IMPI</span> <span class='ocrx_word' id='word_1_17' title='bbox 2356 342 2371 394; x_wconf 89' lang='lat'>1</span> <span class='ocrx_word' id='word_1_18' title='bbox 2384 383 2395 396; x_wconf 92' lang='lat'>.</span> 
     </span>
    </p>
   </div>
   <div class='ocr_carea' id='block_1_5' title="bbox 486 510 1856 2354">
    <p class='ocr_par' dir='ltr' id='par_1_5' title="bbox 486 510 1856 2354">
     <span class='ocr_line' id='line_1_6' title="bbox 494 510 1847 586; baseline -0.003 -18"><span class='ocrx_word' id='word_1_19' title='bbox 494 518 598 579; x_wconf 90' lang='lat' dir='ltr'>ret,</span> <span class='ocrx_word' id='word_1_20' title='bbox 630 512 777 586; x_wconf 90' lang='lat' dir='ltr'>quod</span> <span class='ocrx_word' id='word_1_21' title='bbox 806 511 1014 584; x_wconf 90' lang='lat' dir='ltr'>aliquis</span> <span class='ocrx_word' id='word_1_22' title='bbox 1040 510 1111 567; x_wconf 92' lang='lat' dir='ltr'>de</span> <span class='ocrx_word' id='word_1_23' title='bbox 1139 510 1402 584; x_wconf 79' lang='lat' dir='ltr'>praesenti</span> <span class='ocrx_word' id='word_1_24' title='bbox 1425 510 1616 566; x_wconf 89' lang='lat' dir='ltr'>eliciat</span> <span class='ocrx_word' id='word_1_25' title='bbox 1640 515 1847 576; x_wconf 88' lang='lat' dir='ltr'>actum,</span> 
     </span>
     <span class='ocr_line' id='line_1_7' title="bbox 491 591 1854 667; baseline -0.002 -18"><span class='ocrx_word' id='word_1_26' title='bbox 491 612 549 649; x_wconf 83' lang='lat' dir='ltr'>v.</span> <span class='ocrx_word' id='word_1_27' title='bbox 571 610 625 667; x_wconf 85' lang='lat' dir='ltr'>g.</span> <span class='ocrx_word' id='word_1_28' title='bbox 647 593 1041 666; x_wconf 61' lang='lat' dir='ltr'>temperantiae</span> <span class='ocrx_word' id='word_1_29' title='bbox 1054 593 1517 665; x_wconf 87' lang='lat' dir='ltr'>supernaturalis</span> <span class='ocrx_word' id='word_1_30' title='bbox 1533 593 1593 647; x_wconf 92' lang='lat' dir='ltr'>in</span> <span class='ocrx_word' id='word_1_31' title='bbox 1610 591 1854 647; x_wconf 88' lang='lat' dir='ltr'>materia</span> 
     </span>
     <span class='ocr_line' id='line_1_8' title="bbox 490 673 1852 747; baseline -0.003 -16"><span class='ocrx_word' id='word_1_32' title='bbox 490 675 621 739; x_wconf 90' lang='lat' dir='ltr'>cibi,</span> <span class='ocrx_word' id='word_1_33' title='bbox 661 680 717 730; x_wconf 90' lang='lat' dir='ltr'>et</span> <span class='ocrx_word' id='word_1_34' title='bbox 757 680 949 747; x_wconf 89' lang='lat' dir='ltr'>potus;</span> <span class='ocrx_word' id='word_1_35' title='bbox 979 679 1035 730; x_wconf 93' lang='lat' dir='ltr'>et</span> <span class='ocrx_word' id='word_1_36' title='bbox 1073 673 1221 746; x_wconf 91' lang='lat' dir='ltr'>quod</span> <span class='ocrx_word' id='word_1_37' title='bbox 1263 673 1648 731; x_wconf 87' lang='lat' dir='ltr'>nihilominus</span> <span class='ocrx_word' id='word_1_38' title='bbox 1692 687 1852 728; x_wconf 88' lang='lat' dir='ltr'>com-</span> 
     </span>
     <span class='ocr_line' id='line_1_9' title="bbox 491 752 1854 829; baseline -0.004 -17"><span class='ocrx_word' id='word_1_39' title='bbox 491 756 683 812; x_wconf 81' lang='lat' dir='ltr'>mittat</span> <span class='ocrx_word' id='word_1_40' title='bbox 703 757 818 812; x_wconf 91' lang='lat' dir='ltr'>alia</span> <span class='ocrx_word' id='word_1_41' title='bbox 846 762 1067 829; x_wconf 89' lang='lat' dir='ltr'>peccata</span> <span class='ocrx_word' id='word_1_42' title='bbox 1094 756 1350 812; x_wconf 82' lang='lat' dir='ltr'>venialia</span> <span class='ocrx_word' id='word_1_43' title='bbox 1377 755 1439 811; x_wconf 93' lang='lat' dir='ltr'>in</span> <span class='ocrx_word' id='word_1_44' title='bbox 1478 753 1672 811; x_wconf 76' lang='lat' dir='ltr'>verbis</span> <span class='ocrx_word' id='word_1_45' title='bbox 1713 752 1854 809; x_wconf 90' lang='lat' dir='ltr'>otio-</span> 
     </span>
     <span class='ocr_line' id='line_1_10' title="bbox 490 834 1854 910; baseline -0.004 -16"><span class='ocrx_word' id='word_1_46' title='bbox 490 839 587 903; x_wconf 63' lang='grc' dir='ltr'>εἰς,</span> <span class='ocrx_word' id='word_1_47' title='bbox 620 842 677 894; x_wconf 86' lang='lat' dir='ltr'>et</span> <span class='ocrx_word' id='word_1_48' title='bbox 715 837 861 910; x_wconf 92' lang='lat' dir='ltr'>quod</span> <span class='ocrx_word' id='word_1_49' title='bbox 891 836 960 893; x_wconf 92' lang='lat' dir='ltr'>de</span> <span class='ocrx_word' id='word_1_50' title='bbox 988 837 1292 909; x_wconf 81' lang='lat' dir='ltr'>praeteritis</span> <span class='ocrx_word' id='word_1_51' title='bbox 1331 834 1657 892; x_wconf 81' lang='lat' dir='ltr'>venialibus</span> <span class='ocrx_word' id='word_1_52' title='bbox 1693 848 1854 890; x_wconf 91' lang='lat' dir='ltr'>com-</span> 
     </span>
     <span class='ocr_line' id='line_1_11' title="bbox 490 913 1853 990; baseline -0.004 -17"><span class='ocrx_word' id='word_1_53' title='bbox 490 919 683 975; x_wconf 87' lang='lat' dir='ltr'>missis</span> <span class='ocrx_word' id='word_1_54' title='bbox 705 919 767 974; x_wconf 90' lang='lat' dir='ltr'>in</span> <span class='ocrx_word' id='word_1_55' title='bbox 788 917 987 974; x_wconf 88' lang='lat' dir='ltr'>eadem</span> <span class='ocrx_word' id='word_1_56' title='bbox 1029 917 1425 990; x_wconf 63' lang='lat' dir='ltr'>temperantia}</span> <span class='ocrx_word' id='word_1_57' title='bbox 1465 913 1709 971; x_wconf 88' lang='lat' dir='ltr'>materia</span> <span class='ocrx_word' id='word_1_58' title='bbox 1735 928 1853 970; x_wconf 89' lang='lat' dir='ltr'>non</span> 
     </span>
     <span class='ocr_line' id='line_1_12' title="bbox 486 996 1855 1068; baseline -0.004 -13"><span class='ocrx_word' id='word_1_59' title='bbox 486 999 693 1065; x_wconf 89' lang='lat' dir='ltr'>doleat,</span> <span class='ocrx_word' id='word_1_60' title='bbox 747 1015 849 1055; x_wconf 89' lang='lat' dir='ltr'>nec</span> <span class='ocrx_word' id='word_1_61' title='bbox 902 997 1152 1054; x_wconf 88' lang='lat' dir='ltr'>firmiter</span> <span class='ocrx_word' id='word_1_62' title='bbox 1212 996 1483 1055; x_wconf 89' lang='lat' dir='ltr'>decernat</span> <span class='ocrx_word' id='word_1_63' title='bbox 1536 1008 1855 1068; x_wconf 57' lang='lat' dir='ltr'>praecavere</span> 
     </span>
     <span class='ocr_line' id='line_1_13' title="bbox 490 1075 1854 1150; baseline -0.007 -14"><span class='ocrx_word' id='word_1_64' title='bbox 490 1081 702 1136; x_wconf 83' lang='lat' dir='ltr'>futura.</span> <span class='ocrx_word' id='word_1_65' title='bbox 732 1081 795 1133; x_wconf 91' lang='lat' dir='ltr'>In</span> <span class='ocrx_word' id='word_1_66' title='bbox 822 1095 932 1150; x_wconf 90' lang='lat' dir='ltr'>quo</span> <span class='ocrx_word' id='word_1_67' title='bbox 952 1083 1160 1134; x_wconf 81' lang='lat' dir='ltr'>eventu</span> <span class='ocrx_word' id='word_1_68' title='bbox 1186 1093 1303 1135; x_wconf 92' lang='lat' dir='ltr'>non</span> <span class='ocrx_word' id='word_1_69' title='bbox 1326 1076 1481 1134; x_wconf 89' lang='lat' dir='ltr'>adest</span> <span class='ocrx_word' id='word_1_70' title='bbox 1504 1075 1708 1138; x_wconf 83' lang='lat' dir='ltr'>forma,</span> <span class='ocrx_word' id='word_1_71' title='bbox 1728 1089 1854 1144; x_wconf 83' lang='lat' dir='ltr'>quae</span> 
     </span>
     <span class='ocr_line' id='line_1_14' title="bbox 491 1157 1850 1237; baseline -0.005 -19"><span class='ocrx_word' id='word_1_72' title='bbox 491 1162 752 1237; x_wconf 82' lang='lat' dir='ltr'>pristinis</span> <span class='ocrx_word' id='word_1_73' title='bbox 776 1162 1011 1232; x_wconf 85' lang='lat' dir='ltr'>peccatis</span> <span class='ocrx_word' id='word_1_74' title='bbox 1035 1167 1327 1233; x_wconf 81' lang='lat' dir='ltr'>repugnet,</span> <span class='ocrx_word' id='word_1_75' title='bbox 1351 1166 1405 1216; x_wconf 89' lang='lat' dir='ltr'>et</span> <span class='ocrx_word' id='word_1_76' title='bbox 1433 1159 1554 1231; x_wconf 90' lang='lat' dir='ltr'>ipsa</span> <span class='ocrx_word' id='word_1_77' title='bbox 1580 1157 1850 1228; x_wconf 85' lang='lat' dir='ltr'>expellat.</span> 
     </span>
     <span class='ocr_line' id='line_1_15' title="bbox 490 1234 1853 1311; baseline -0.005 -13"><span class='ocrx_word' id='word_1_78' title='bbox 490 1245 677 1306; x_wconf 85' lang='lat' dir='ltr'>Quare</span> <span class='ocrx_word' id='word_1_79' title='bbox 704 1240 1002 1296; x_wconf 86' lang='lat' dir='ltr'>difficultas</span> <span class='ocrx_word' id='word_1_80' title='bbox 1025 1239 1345 1296; x_wconf 88' lang='lat' dir='ltr'>reducenda</span> <span class='ocrx_word' id='word_1_81' title='bbox 1369 1238 1651 1311; x_wconf 67' lang='lat' dir='ltr'>praecipue</span> <span class='ocrx_word' id='word_1_82' title='bbox 1670 1242 1753 1292; x_wconf 90' lang='lat' dir='ltr'>est</span> <span class='ocrx_word' id='word_1_83' title='bbox 1781 1234 1853 1292; x_wconf 92' lang='lat' dir='ltr'>ad</span> 
     </span>
     <span class='ocr_line' id='line_1_16' title="bbox 493 1319 1852 1395; baseline -0.005 -15"><span class='ocrx_word' id='word_1_84' title='bbox 493 1324 635 1381; x_wconf 86' lang='lat' dir='ltr'>alios</span> <span class='ocrx_word' id='word_1_85' title='bbox 674 1329 825 1379; x_wconf 90' lang='lat' dir='ltr'>actus</span> <span class='ocrx_word' id='word_1_86' title='bbox 864 1321 1350 1395; x_wconf 77' lang='lat' dir='ltr'>supernaturaleS,</span> <span class='ocrx_word' id='word_1_87' title='bbox 1393 1320 1489 1393; x_wconf 87' lang='lat' dir='ltr'>qui</span> <span class='ocrx_word' id='word_1_88' title='bbox 1532 1319 1715 1393; x_wconf 84' lang='lat' dir='ltr'>magis</span> <span class='ocrx_word' id='word_1_89' title='bbox 1759 1334 1852 1374; x_wconf 88' lang='lat' dir='ltr'>re-</span> 
     </span>
     <span class='ocr_line' id='line_1_17' title="bbox 493 1399 1852 1482; baseline -0.005 -20"><span class='ocrx_word' id='word_1_90' title='bbox 493 1424 746 1482; x_wconf 83' lang='lat' dir='ltr'>pugnare</span> <span class='ocrx_word' id='word_1_91' title='bbox 774 1405 1042 1461; x_wconf 85' lang='lat' dir='ltr'>videntur</span> <span class='ocrx_word' id='word_1_92' title='bbox 1071 1404 1307 1477; x_wconf 89' lang='lat' dir='ltr'>peccatis</span> <span class='ocrx_word' id='word_1_93' title='bbox 1329 1402 1656 1459; x_wconf 78' lang='lat' dir='ltr'>venialibus</span> <span class='ocrx_word' id='word_1_94' title='bbox 1684 1399 1852 1456; x_wconf 89' lang='lat' dir='ltr'>habi-</span> 
     </span>
     <span class='ocr_line' id='line_1_18' title="bbox 488 1482 1852 1558; baseline -0.004 -16"><span class='ocrx_word' id='word_1_95' title='bbox 488 1486 758 1552; x_wconf 89' lang='lat' dir='ltr'>tualibus,</span> <span class='ocrx_word' id='word_1_96' title='bbox 826 1485 898 1542; x_wconf 95' lang='lat' dir='ltr'>ob</span> <span class='ocrx_word' id='word_1_97' title='bbox 954 1500 1305 1558; x_wconf 82' lang='lat' dir='ltr'>expressam,</span> <span class='ocrx_word' id='word_1_98' title='bbox 1378 1488 1475 1539; x_wconf 92' lang='lat' dir='ltr'>aut</span> <span class='ocrx_word' id='word_1_99' title='bbox 1540 1482 1852 1537; x_wconf 75' lang='lat' dir='ltr'>virtualem</span> 
     </span>
     <span class='ocr_line' id='line_1_19' title="bbox 487 1565 1853 1636; baseline -0.007 -10"><span class='ocrx_word' id='word_1_100' title='bbox 487 1585 688 1626; x_wconf 92' lang='lat' dir='ltr'>eorum</span> <span class='ocrx_word' id='word_1_101' title='bbox 736 1567 1215 1624; x_wconf 86' lang='lat' dir='ltr'>retractationem.</span> <span class='ocrx_word' id='word_1_102' title='bbox 1259 1567 1414 1621; x_wconf 88' lang='lat' dir='ltr'>Inter</span> <span class='ocrx_word' id='word_1_103' title='bbox 1454 1580 1613 1636; x_wconf 78' lang='lat' dir='ltr'>quOS,</span> <span class='ocrx_word' id='word_1_104' title='bbox 1648 1565 1853 1634; x_wconf 81' lang='lat' dir='ltr'>praeter</span> 
     </span>
     <span class='ocr_line' id='line_1_20' title="bbox 489 1644 1853 1717; baseline -0.004 -11"><span class='ocrx_word' id='word_1_105' title='bbox 489 1655 642 1707; x_wconf 88' lang='lat' dir='ltr'>actus</span> <span class='ocrx_word' id='word_1_106' title='bbox 659 1648 1098 1712; x_wconf 80' lang='lat' dir='ltr'>contritioniS,et</span> <span class='ocrx_word' id='word_1_107' title='bbox 1114 1646 1409 1703; x_wconf 90' lang='lat' dir='ltr'>charitatis</span> <span class='ocrx_word' id='word_1_108' title='bbox 1426 1647 1585 1717; x_wconf 93' lang='lat' dir='ltr'>(quos</span> <span class='ocrx_word' id='word_1_109' title='bbox 1598 1644 1853 1700; x_wconf 85' lang='lat' dir='ltr'>sufficere</span> 
     </span>
     <span class='ocr_line' id='line_1_21' title="bbox 491 1726 1854 1789; baseline -0.007 0"><span class='ocrx_word' id='word_1_110' title='bbox 491 1731 561 1789; x_wconf 91' lang='lat' dir='ltr'>ad</span> <span class='ocrx_word' id='word_1_111' title='bbox 588 1731 840 1789; x_wconf 83' lang='lat' dir='ltr'>venialia</span> <span class='ocrx_word' id='word_1_112' title='bbox 856 1728 1200 1786; x_wconf 76' lang='lat' dir='ltr'>destruenda</span> <span class='ocrx_word' id='word_1_113' title='bbox 1216 1733 1448 1785; x_wconf 90' lang='lat' dir='ltr'>censent</span> <span class='ocrx_word' id='word_1_114' title='bbox 1468 1726 1854 1783; x_wconf 87' lang='lat' dir='ltr'>communiter</span> 
     </span>
     <span class='ocr_line' id='line_1_22' title="bbox 489 1805 1847 1885; baseline -0.004 -18"><span class='ocrx_word' id='word_1_115' title='bbox 489 1813 782 1885; x_wconf 85' lang='lat' dir='ltr'>Theologi)</span> <span class='ocrx_word' id='word_1_116' title='bbox 827 1811 1047 1866; x_wconf 87' lang='lat' dir='ltr'>eminet</span> <span class='ocrx_word' id='word_1_117' title='bbox 1098 1809 1318 1867; x_wconf 78' lang='lat' dir='ltr'>attritio</span> <span class='ocrx_word' id='word_1_118' title='bbox 1368 1805 1847 1879; x_wconf 87' lang='lat' dir='ltr'>supernaturalis.</span> 
     </span>
     <span class='ocr_line' id='line_1_23' title="bbox 489 1885 1854 1961; baseline -0.005 -12"><span class='ocrx_word' id='word_1_119' title='bbox 489 1895 557 1949; x_wconf 84' lang='lat' dir='ltr'>Et</span> <span class='ocrx_word' id='word_1_120' title='bbox 593 1892 719 1949; x_wconf 90' lang='lat' dir='ltr'>ideo</span> <span class='ocrx_word' id='word_1_121' title='bbox 746 1889 1059 1947; x_wconf 83' lang='lat' dir='ltr'>videndum</span> <span class='ocrx_word' id='word_1_122' title='bbox 1091 1895 1191 1957; x_wconf 89' lang='lat' dir='ltr'>est,</span> <span class='ocrx_word' id='word_1_123' title='bbox 1229 1906 1303 1946; x_wconf 89' lang='lat' dir='ltr'>an</span> <span class='ocrx_word' id='word_1_124' title='bbox 1330 1885 1658 1961; x_wconf 88' lang='lat' dir='ltr'>hujusmodi</span> <span class='ocrx_word' id='word_1_125' title='bbox 1687 1886 1854 1942; x_wconf 90' lang='lat' dir='ltr'>attri-</span> 
     </span>
     <span class='ocr_line' id='line_1_24' title="bbox 487 1966 1855 2048; baseline -0.006 -19"><span class='ocrx_word' id='word_1_126' title='bbox 487 1975 568 2030; x_wconf 93' lang='lat' dir='ltr'>tio</span> <span class='ocrx_word' id='word_1_127' title='bbox 596 1990 627 2029; x_wconf 90' lang='lat' dir='ltr'>a</span> <span class='ocrx_word' id='word_1_128' title='bbox 667 1974 821 2048; x_wconf 81' lang='lat' dir='ltr'>justo</span> <span class='ocrx_word' id='word_1_129' title='bbox 860 1971 1069 2034; x_wconf 88' lang='lat' dir='ltr'>elicita,</span> <span class='ocrx_word' id='word_1_130' title='bbox 1101 1975 1155 2026; x_wconf 89' lang='lat' dir='ltr'>et</span> <span class='ocrx_word' id='word_1_131' title='bbox 1184 1970 1253 2026; x_wconf 89' lang='lat' dir='ltr'>ad</span> <span class='ocrx_word' id='word_1_132' title='bbox 1296 1974 1584 2042; x_wconf 87' lang='lat' dir='ltr'>peccatum</span> <span class='ocrx_word' id='word_1_133' title='bbox 1625 1966 1855 2023; x_wconf 84' lang='lat' dir='ltr'>veniale</span> 
     </span>
     <span class='ocr_line' id='line_1_25' title="bbox 492 2045 1849 2122; baseline -0.005 -13"><span class='ocrx_word' id='word_1_134' title='bbox 492 2053 669 2110; x_wconf 86' lang='lat' dir='ltr'>relata</span> <span class='ocrx_word' id='word_1_135' title='bbox 696 2053 771 2107; x_wconf 89' lang='lat' dir='ltr'>sit</span> <span class='ocrx_word' id='word_1_136' title='bbox 792 2051 1074 2107; x_wconf 86' lang='lat' dir='ltr'>sufficiens</span> <span class='ocrx_word' id='word_1_137' title='bbox 1104 2049 1173 2106; x_wconf 92' lang='lat' dir='ltr'>ad</span> <span class='ocrx_word' id='word_1_138' title='bbox 1202 2049 1391 2122; x_wconf 91' lang='lat' dir='ltr'>ipsum</span> <span class='ocrx_word' id='word_1_139' title='bbox 1420 2045 1849 2104; x_wconf 89' lang='lat' dir='ltr'>destruendum.</span> 
     </span>
     <span class='ocr_line' id='line_1_26' title="bbox 490 2126 1855 2200; baseline -0.004 -13"><span class='ocrx_word' id='word_1_140' title='bbox 490 2134 548 2189; x_wconf 80' lang='lat' dir='ltr'>si</span> <span class='ocrx_word' id='word_1_141' title='bbox 577 2133 736 2189; x_wconf 91' lang='lat' dir='ltr'>enim</span> <span class='ocrx_word' id='word_1_142' title='bbox 760 2132 907 2188; x_wconf 88' lang='lat' dir='ltr'>hanc</span> <span class='ocrx_word' id='word_1_143' title='bbox 927 2129 1325 2186; x_wconf 86' lang='lat' dir='ltr'>sufficientiam</span> <span class='ocrx_word' id='word_1_144' title='bbox 1349 2128 1400 2184; x_wconf 91' lang='lat' dir='ltr'>ei</span> <span class='ocrx_word' id='word_1_145' title='bbox 1425 2126 1789 2200; x_wconf 82' lang='lat' dir='ltr'>denegemus,</span> <span class='ocrx_word' id='word_1_146' title='bbox 1822 2142 1855 2182; x_wconf 90' lang='lat' dir='ltr'>a</span> 
     </span>
     <span class='ocr_line' id='line_1_27' title="bbox 492 2208 1856 2285; baseline -0.004 -15"><span class='ocrx_word' id='word_1_147' title='bbox 492 2215 718 2273; x_wconf 82' lang='lat' dir='ltr'>fortiori</span> <span class='ocrx_word' id='word_1_148' title='bbox 762 2212 1061 2278; x_wconf 85' lang='lat' dir='ltr'>constabit,</span> <span class='ocrx_word' id='word_1_149' title='bbox 1093 2211 1240 2285; x_wconf 91' lang='lat' dir='ltr'>quod</span> <span class='ocrx_word' id='word_1_150' title='bbox 1272 2210 1403 2270; x_wconf 87' lang='lat' dir='ltr'>aliis</span> <span class='ocrx_word' id='word_1_151' title='bbox 1425 2208 1641 2267; x_wconf 85' lang='lat' dir='ltr'>actibus</span> <span class='ocrx_word' id='word_1_152' title='bbox 1660 2224 1856 2282; x_wconf 87' lang='lat' dir='ltr'>super·</span> 
     </span>
     <span class='ocr_line' id='line_1_28' title="bbox 493 2290 1499 2354; baseline -0.007 -1"><span class='ocrx_word' id='word_1_153' title='bbox 493 2295 854 2354; x_wconf 89' lang='lat' dir='ltr'>naturalibus</span> <span class='ocrx_word' id='word_1_154' title='bbox 883 2311 997 2351; x_wconf 92' lang='lat' dir='ltr'>non</span> <span class='ocrx_word' id='word_1_155' title='bbox 1023 2294 1099 2349; x_wconf 89' lang='lat' dir='ltr'>sit</span> <span class='ocrx_word' id='word_1_156' title='bbox 1123 2290 1499 2350; x_wconf 88' lang='lat' dir='ltr'>concedenda.</span> 
     </span>
    </p>
   </div>
   <div class='ocr_carea' id='block_1_6' title="bbox 1086 2454 1257 2522">
    <p class='ocr_par' dir='ltr' id='par_1_6' title="bbox 1086 2454 1257 2522">
     <span class='ocr_line' id='line_1_29' title="bbox 1086 2454 1257 2522; baseline 0.006 -15"><span class='ocrx_word' id='word_1_157' title='bbox 1086 2456 1117 2522; x_wconf 68' lang='lat' dir='ltr'>s</span> <span class='ocrx_word' id='word_1_158' title='bbox 1164 2454 1257 2508; x_wconf 83' lang='lat'>111.</span> 
     </span>
    </p>
   </div>
   <div class='ocr_carea' id='block_1_7' title="bbox 583 2613 1756 2687">
    <p class='ocr_par' dir='ltr' id='par_1_7' title="bbox 583 2613 1756 2687">
     <span class='ocr_line' id='line_1_30' title="bbox 583 2613 1756 2687; baseline -0.003 -16"><span class='ocrx_word' id='word_1_159' title='bbox 583 2615 926 2687; x_wconf 80' lang='lat' dir='ltr'>Principalis</span> <span class='ocrx_word' id='word_1_160' title='bbox 945 2613 1100 2668; x_wconf 82' lang='lat' dir='ltr'>dubii</span> <span class='ocrx_word' id='word_1_161' title='bbox 1119 2613 1420 2687; x_wconf 79' lang='lat' dir='ltr'>difficultas</span> <span class='ocrx_word' id='word_1_162' title='bbox 1444 2614 1756 2670; x_wconf 77' lang='lat' dir='ltr'>discutitur.</span> 
     </span>
    </p>
   </div>
   <div class='ocr_carea' id='block_1_8' title="bbox 283 2772 1859 2886">
    <p class='ocr_par' dir='ltr' id='par_1_8' title="bbox 283 2772 1859 2886">
     <span class='ocr_line' id='line_1_31' title="bbox 283 2772 1859 2886; baseline -0.002 -52"><span class='ocrx_word' id='word_1_163' title='bbox 283 2795 313 2834; x_wconf 83' lang='lat' dir='ltr'>s</span> <span class='ocrx_word' id='word_1_164' title='bbox 331 2790 487 2886; x_wconf 52' lang='grc' dir='ltr'>ἰοὲῑῐῗὲεἰε</span> <span class='ocrx_word' id='word_1_165' title='bbox 573 2776 702 2831; x_wconf 82' lang='grc'><strong>312.</strong></span> <span class='ocrx_word' id='word_1_166' title='bbox 729 2774 1073 2832; x_wconf 84' lang='lat' dir='ltr'>Accedamus</span> <span class='ocrx_word' id='word_1_167' title='bbox 1083 2772 1203 2846; x_wconf 79' lang='lat' dir='ltr'>J‘am</span> <span class='ocrx_word' id='word_1_168' title='bbox 1222 2773 1290 2830; x_wconf 90' lang='lat' dir='ltr'>ad</span> <span class='ocrx_word' id='word_1_169' title='bbox 1314 2773 1666 2847; x_wconf 74' lang='lat' dir='ltr'>praecipuum</span> <span class='ocrx_word' id='word_1_170' title='bbox 1689 2775 1859 2849; x_wconf 88' lang='lat' dir='ltr'>hujus</span> 
     </span>
    </p>
   </div>
   <div class='ocr_carea' id='block_1_9' title="bbox 472 2857 1857 2932">
    <p class='ocr_par' dir='ltr' id='par_1_9' title="bbox 472 2857 1857 2932">
     <span class='ocr_line' id='line_1_32' title="bbox 472 2857 1857 2932; baseline -0.001 -17"><span class='ocrx_word' id='word_1_171' title='bbox 472 2859 901 2916; x_wconf 71' lang='lat' dir='ltr'>⁴controversiae</span> <span class='ocrx_word' id='word_1_172' title='bbox 941 2863 1234 2931; x_wconf 90' lang='lat' dir='ltr'>punctum.</span> <span class='ocrx_word' id='word_1_173' title='bbox 1276 2858 1343 2913; x_wconf 84' lang='lat' dir='ltr'>Et</span> <span class='ocrx_word' id='word_1_174' title='bbox 1382 2857 1517 2930; x_wconf 88' lang='lat' dir='ltr'>quia</span> <span class='ocrx_word' id='word_1_175' title='bbox 1562 2858 1857 2932; x_wconf 86' lang='lat' dir='ltr'>propriam</span> 
     </span>
    </p>
   </div>
   <div class='ocr_carea' id='block_1_10' title="bbox 413 3020 1862 3337">
    <p class='ocr_par' dir='ltr' id='par_1_10' title="bbox 413 3020 1862 3337">
     <span class='ocr_line' id='line_1_33' title="bbox 499 3020 1862 3078; baseline 0 0"><span class='ocrx_word' id='word_1_176' title='bbox 499 3020 570 3078; x_wconf 92' lang='lat' dir='ltr'>ad</span> <span class='ocrx_word' id='word_1_177' title='bbox 611 3037 743 3078; x_wconf 91' lang='lat' dir='ltr'>eum</span> <span class='ocrx_word' id='word_1_178' title='bbox 773 3021 959 3077; x_wconf 88' lang='lat' dir='ltr'>locum</span> <span class='ocrx_word' id='word_1_179' title='bbox 990 3020 1339 3078; x_wconf 86' lang='lat' dir='ltr'>remittimus</span> <span class='ocrx_word' id='word_1_180' title='bbox 1364 3020 1637 3076; x_wconf 90' lang='lat' dir='ltr'>ultimum</span> <span class='ocrx_word' id='word_1_181' title='bbox 1666 3021 1729 3077; x_wconf 93' lang='lat' dir='ltr'>in</span> <span class='ocrx_word' id='word_1_182' title='bbox 1756 3021 1862 3078; x_wconf 87' lang='lat' dir='ltr'>hac</span> 
     </span>
     <span class='ocr_line' id='line_1_34' title="bbox 495 3098 1860 3174; baseline -0.001 -17"><span class='ocrx_word' id='word_1_183' title='bbox 495 3101 826 3158; x_wconf 87' lang='lat' dir='ltr'>difficultate</span> <span class='ocrx_word' id='word_1_184' title='bbox 844 3099 1144 3174; x_wconf 85' lang='lat' dir='ltr'>judicium,</span> <span class='ocrx_word' id='word_1_185' title='bbox 1178 3106 1232 3156; x_wconf 90' lang='lat' dir='ltr'>et</span> <span class='ocrx_word' id='word_1_186' title='bbox 1260 3100 1352 3155; x_wconf 89' lang='lat' dir='ltr'>hic</span> <span class='ocrx_word' id='word_1_187' title='bbox 1373 3104 1596 3156; x_wconf 88' lang='lat' dir='ltr'>tantum</span> <span class='ocrx_word' id='word_1_188' title='bbox 1624 3098 1860 3174; x_wconf 91' lang='lat' dir='ltr'>subjici-</span> 
     </span>
     <span class='ocr_line' id='line_1_35' title="bbox 413 3180 1860 3256; baseline -0.003 -14"><span class='ocrx_word' id='word_1_189' title='bbox 413 3236 419 3242; x_wconf 90' lang='lat'>.</span> <span class='ocrx_word' id='word_1_190' title='bbox 496 3200 625 3239; x_wconf 90' lang='lat' dir='ltr'>mus</span> <span class='ocrx_word' id='word_1_191' title='bbox 677 3181 913 3240; x_wconf 90' lang='lat' dir='ltr'>modum</span> <span class='ocrx_word' id='word_1_192' title='bbox 975 3180 1201 3239; x_wconf 91' lang='lat' dir='ltr'>dicendi</span> <span class='ocrx_word' id='word_1_193' title='bbox 1262 3180 1555 3256; x_wconf 86' lang='lat' dir='ltr'>cujusdam</span> <span class='ocrx_word' id='word_1_194' title='bbox 1602 3182 1860 3238; x_wconf 82' lang='lat' dir='ltr'>Junioris</span> 
     </span>
     <span class='ocr_line' id='line_1_36' title="bbox 494 3262 1860 3337; baseline -0.001 -17"><span class='ocrx_word' id='word_1_195' title='bbox 494 3265 823 3330; x_wconf 81' lang='lat' dir='ltr'>Thomistae‚</span> <span class='ocrx_word' id='word_1_196' title='bbox 839 3264 937 3337; x_wconf 91' lang='lat' dir='ltr'>qui</span> <span class='ocrx_word' id='word_1_197' title='bbox 956 3264 1185 3320; x_wconf 84' lang='lat' dir='ltr'>videtur</span> <span class='ocrx_word' id='word_1_198' title='bbox 1200 3264 1462 3321; x_wconf 87' lang='lat' dir='ltr'>accedere</span> <span class='ocrx_word' id='word_1_199' title='bbox 1477 3262 1547 3320; x_wconf 88' lang='lat' dir='ltr'>ad</span> <span class='ocrx_word' id='word_1_200' title='bbox 1565 3264 1860 3337; x_wconf 88' lang='lat' dir='ltr'>propriam</span> 
     </span>
    </p>
   </div>
   <div class='ocr_carea' id='block_1_11' title="bbox 494 3344 1870 3418">
    <p class='ocr_par' dir='ltr' id='par_1_11' title="bbox 494 3344 1870 3418">
     <span class='ocr_line' id='line_1_37' title="bbox 494 3344 1870 3418; baseline 0 -17"><span class='ocrx_word' id='word_1_201' title='bbox 494 3348 561 3402; x_wconf 92' lang='lat' dir='ltr'>D.</span> <span class='ocrx_word' id='word_1_202' title='bbox 590 3346 825 3403; x_wconf 81' lang='lat' dir='ltr'>Thomae</span> <span class='ocrx_word' id='word_1_203' title='bbox 850 3345 1220 3403; x_wconf 88' lang='lat' dir='ltr'>sententiam.</span> <span class='ocrx_word' id='word_1_204' title='bbox 1249 3344 1357 3401; x_wconf 91' lang='lat' dir='ltr'>Sed</span> <span class='ocrx_word' id='word_1_205' title='bbox 1383 3345 1519 3418; x_wconf 91' lang='lat' dir='ltr'>quia</span> <span class='ocrx_word' id='word_1_206' title='bbox 1543 3345 1714 3401; x_wconf 90' lang='lat' dir='ltr'>illum</span> <span class='ocrx_word' id='word_1_207' title='bbox 1743 3361 1870 3402; x_wconf 91' lang='lat' dir='ltr'>non·</span> 
     </span>
    </p>
   </div>
   <div class='ocr_carea' id='block_1_12' title="bbox 476 3425 1867 5039">
    <p class='ocr_par' dir='ltr' id='par_1_12' title="bbox 476 3425 1867 5039">
     <span class='ocr_line' id='line_1_38' title="bbox 496 3425 1865 3501; baseline 0 -20"><span class='ocrx_word' id='word_1_208' title='bbox 496 3427 819 3501; x_wconf 91' lang='lat' dir='ltr'>reperimus</span> <span class='ocrx_word' id='word_1_209' title='bbox 861 3426 999 3483; x_wconf 92' lang='lat' dir='ltr'>adeo</span> <span class='ocrx_word' id='word_1_210' title='bbox 1041 3426 1245 3482; x_wconf 90' lang='lat' dir='ltr'>tritum</span> <span class='ocrx_word' id='word_1_211' title='bbox 1287 3425 1437 3499; x_wconf 89' lang='lat' dir='ltr'>apud</span> <span class='ocrx_word' id='word_1_212' title='bbox 1478 3426 1764 3493; x_wconf 88' lang='lat' dir='ltr'>authores,</span> <span class='ocrx_word' id='word_1_213' title='bbox 1806 3429 1865 3482; x_wconf 87' lang='lat' dir='ltr'>et</span> 
     </span>
     <span class='ocr_line' id='line_1_39' title="bbox 495 3505 1862 3581; baseline -0.002 -17"><span class='ocrx_word' id='word_1_214' title='bbox 495 3505 782 3581; x_wconf 85' lang='lat' dir='ltr'>aliquibus</span> <span class='ocrx_word' id='word_1_215' title='bbox 828 3505 1041 3561; x_wconf 91' lang='lat' dir='ltr'>durum</span> <span class='ocrx_word' id='word_1_216' title='bbox 1090 3505 1214 3563; x_wconf 86' lang='lat' dir='ltr'>fore</span> <span class='ocrx_word' id='word_1_217' title='bbox 1258 3506 1678 3572; x_wconf 78' lang='lat' dir='ltr'>existimamuS,</span> <span class='ocrx_word' id='word_1_218' title='bbox 1726 3520 1862 3562; x_wconf 89' lang='lat' dir='ltr'>eum</span> 
     </span>
     <span class='ocr_line' id='line_1_40' title="bbox 494 3586 1865 3661; baseline -0.002 -17"><span class='ocrx_word' id='word_1_219' title='bbox 494 3603 612 3645; x_wconf 93' lang='lat' dir='ltr'>non</span> <span class='ocrx_word' id='word_1_220' title='bbox 640 3586 1043 3660; x_wconf 78' lang='lat' dir='ltr'>approbamuS,</span> <span class='ocrx_word' id='word_1_221' title='bbox 1075 3586 1174 3644; x_wconf 87' lang='lat' dir='ltr'>sed</span> <span class='ocrx_word' id='word_1_222' title='bbox 1205 3586 1506 3661; x_wconf 89' lang='lat' dir='ltr'>prudentis</span> <span class='ocrx_word' id='word_1_223' title='bbox 1534 3586 1760 3644; x_wconf 89' lang='lat' dir='ltr'>lectoris</span> <span class='ocrx_word' id='word_1_224' title='bbox 1776 3587 1865 3660; x_wconf 87' lang='lat' dir='ltr'>ju·</span> 
     </span>
     <span class='ocr_line' id='line_1_41' title="bbox 493 3668 1863 3741; baseline 0 -18"><span class='ocrx_word' id='word_1_225' title='bbox 493 3668 661 3732; x_wconf 88' lang='lat' dir='ltr'>dicio,</span> <span class='ocrx_word' id='word_1_226' title='bbox 688 3673 744 3725; x_wconf 90' lang='lat' dir='ltr'>et</span> <span class='ocrx_word' id='word_1_227' title='bbox 784 3669 1051 3725; x_wconf 88' lang='lat' dir='ltr'>electioni</span> <span class='ocrx_word' id='word_1_228' title='bbox 1080 3669 1497 3725; x_wconf 81' lang='lat' dir='ltr'>submittimus,</span> <span class='ocrx_word' id='word_1_229' title='bbox 1531 3669 1701 3724; x_wconf 88' lang='lat' dir='ltr'>Docet</span> <span class='ocrx_word' id='word_1_230' title='bbox 1726 3683 1863 3741; x_wconf 85' lang='lat' dir='ltr'>ergo</span> 
     </span>
     <span class='ocr_line' id='line_1_42' title="bbox 495 3748 1864 3824; baseline 0.001 -19"><span class='ocrx_word' id='word_1_231' title='bbox 495 3750 796 3824; x_wconf 83' lang='lat' dir='ltr'>praedictus</span> <span class='ocrx_word' id='word_1_232' title='bbox 824 3748 1052 3806; x_wconf 90' lang='lat' dir='ltr'>dicendi</span> <span class='ocrx_word' id='word_1_233' title='bbox 1079 3749 1301 3815; x_wconf 90' lang='lat' dir='ltr'>modus,</span> <span class='ocrx_word' id='word_1_234' title='bbox 1335 3751 1560 3806; x_wconf 88' lang='lat' dir='ltr'>nullam</span> <span class='ocrx_word' id='word_1_235' title='bbox 1585 3748 1864 3806; x_wconf 84' lang='lat' dir='ltr'>mutatio-</span> 
     </span>
     <span class='ocr_line' id='line_1_43' title="bbox 494 3830 1862 3902; baseline -0.001 -16"><span class='ocrx_word' id='word_1_236' title='bbox 494 3846 629 3887; x_wconf 90' lang='lat' dir='ltr'>nem</span> <span class='ocrx_word' id='word_1_237' title='bbox 669 3830 924 3886; x_wconf 86' lang='lat' dir='ltr'>sufficere</span> <span class='ocrx_word' id='word_1_238' title='bbox 964 3830 1036 3887; x_wconf 87' lang='lat' dir='ltr'>ad</span> <span class='ocrx_word' id='word_1_239' title='bbox 1065 3830 1470 3888; x_wconf 89' lang='lat' dir='ltr'>remissionem</span> <span class='ocrx_word' id='word_1_240' title='bbox 1503 3834 1862 3902; x_wconf 87' lang='lat' dir='ltr'>peccatorum</span> 
     </span>
     <span class='ocr_line' id='line_1_44' title="bbox 494 3908 1867 3983; baseline 0.001 -19"><span class='ocrx_word' id='word_1_241' title='bbox 494 3911 815 3967; x_wconf 85' lang='lat' dir='ltr'>venialium</span> <span class='ocrx_word' id='word_1_242' title='bbox 844 3908 1015 3982; x_wconf 84' lang='lat' dir='ltr'>hujus</span> <span class='ocrx_word' id='word_1_243' title='bbox 1042 3914 1243 3976; x_wconf 90' lang='lat' dir='ltr'>status,</span> <span class='ocrx_word' id='word_1_244' title='bbox 1277 3909 1390 3965; x_wconf 91' lang='lat' dir='ltr'>nisi</span> <span class='ocrx_word' id='word_1_245' title='bbox 1421 3910 1606 3976; x_wconf 89' lang='lat' dir='ltr'>illam,</span> <span class='ocrx_word' id='word_1_246' title='bbox 1639 3926 1763 3983; x_wconf 84' lang='lat' dir='ltr'>quae</span> <span class='ocrx_word' id='word_1_247' title='bbox 1789 3910 1867 3965; x_wconf 91' lang='lat' dir='ltr'>sit</span> 
     </span>
     <span class='ocr_line' id='line_1_45' title="bbox 476 3990 1865 4064; baseline -0.001 -17"><span class='ocrx_word' id='word_1_248' title='bbox 476 4008 598 4064; x_wconf 84' lang='lat' dir='ltr'>per</span> <span class='ocrx_word' id='word_1_249' title='bbox 627 3997 814 4048; x_wconf 91' lang='lat' dir='ltr'>actum</span> <span class='ocrx_word' id='word_1_250' title='bbox 838 3993 1338 4062; x_wconf 90' lang='lat' dir='ltr'>supernaturalem</span> <span class='ocrx_word' id='word_1_251' title='bbox 1361 3990 1744 4059; x_wconf 90' lang='lat' dir='ltr'>contritionis,</span> <span class='ocrx_word' id='word_1_252' title='bbox 1769 3992 1865 4048; x_wconf 77' lang='lat' dir='ltr'>vel</span> 
     </span>
     <span class='ocr_line' id='line_1_46' title="bbox 493 4070 1866 4146; baseline 0 -18"><span class='ocrx_word' id='word_1_253' title='bbox 493 4072 811 4128; x_wconf 82' lang='lat' dir='ltr'>charitatis,</span> <span class='ocrx_word' id='word_1_254' title='bbox 860 4072 1019 4127; x_wconf 88' lang='lat' dir='ltr'>Hanc</span> <span class='ocrx_word' id='word_1_255' title='bbox 1063 4072 1431 4139; x_wconf 84' lang='lat' dir='ltr'>sententiam,</span> <span class='ocrx_word' id='word_1_256' title='bbox 1465 4070 1750 4146; x_wconf 92' lang='lat' dir='ltr'>loquendo</span> <span class='ocrx_word' id='word_1_257' title='bbox 1794 4070 1866 4128; x_wconf 91' lang='lat' dir='ltr'>de</span> 
     </span>
     <span class='ocr_line' id='line_1_47' title="bbox 498 4150 1859 4219; baseline 0 -12"><span class='ocrx_word' id='word_1_258' title='bbox 498 4152 841 4209; x_wconf 89' lang='lat' dir='ltr'>remissione</span> <span class='ocrx_word' id='word_1_259' title='bbox 867 4150 1190 4207; x_wconf 82' lang='lat' dir='ltr'>venialium</span> <span class='ocrx_word' id='word_1_260' title='bbox 1225 4159 1388 4209; x_wconf 87' lang='lat' dir='ltr'>extra</span> <span class='ocrx_word' id='word_1_261' title='bbox 1414 4157 1859 4219; x_wconf 89' lang='lat' dir='ltr'>sacramentum,</span> 
     </span>
     <span class='ocr_line' id='line_1_48' title="bbox 498 4230 1862 4290; baseline 0 -3"><span class='ocrx_word' id='word_1_262' title='bbox 498 4236 733 4289; x_wconf 86' lang='lat' dir='ltr'>tuentur</span> <span class='ocrx_word' id='word_1_263' title='bbox 772 4246 973 4288; x_wconf 88' lang='lat' dir='ltr'>omnes</span> <span class='ocrx_word' id='word_1_264' title='bbox 1003 4230 1123 4289; x_wconf 80' lang='lat' dir='ltr'>fere</span> <span class='ocrx_word' id='word_1_265' title='bbox 1151 4235 1415 4290; x_wconf 88' lang='lat' dir='ltr'>Doctores</span> <span class='ocrx_word' id='word_1_266' title='bbox 1454 4250 1606 4289; x_wconf 80' lang='lat' dir='ltr'>uum.</span> <span class='ocrx_word' id='word_1_267' title='bbox 1633 4233 1742 4288; x_wconf 88' lang='lat'>307</span> <span class='ocrx_word' id='word_1_268' title='bbox 1769 4247 1862 4288; x_wconf 91' lang='lat' dir='ltr'>re-</span> 
     </span>
     <span class='ocr_line' id='line_1_49' title="bbox 498 4313 1860 4388; baseline 0 -17"><span class='ocrx_word' id='word_1_269' title='bbox 498 4315 618 4379; x_wconf 89' lang='lat' dir='ltr'>lati,</span> <span class='ocrx_word' id='word_1_270' title='bbox 642 4314 850 4388; x_wconf 92' lang='lat' dir='ltr'>quibus</span> <span class='ocrx_word' id='word_1_271' title='bbox 873 4313 1118 4372; x_wconf 90' lang='lat' dir='ltr'>addendi</span> <span class='ocrx_word' id='word_1_272' title='bbox 1140 4321 1275 4372; x_wconf 89' lang='lat' dir='ltr'>sunt</span> <span class='ocrx_word' id='word_1_273' title='bbox 1297 4315 1552 4373; x_wconf 87' lang='lat' dir='ltr'>Palacios</span> <span class='ocrx_word' id='word_1_274' title='bbox 1575 4317 1633 4370; x_wconf 83' lang='lat' dir='ltr'>in</span> <span class='ocrx_word' id='word_1_275' title='bbox 1652 4316 1705 4382; x_wconf 90' lang='lat'>4,</span> <span class='ocrx_word' id='word_1_276' title='bbox 1731 4315 1860 4371; x_wconf 85' lang='lat' dir='ltr'>dist.</span> 
     </span>
     <span class='ocr_line' id='line_1_50' title="bbox 498 4394 1861 4471; baseline 0.001 -22"><span class='ocrx_word' id='word_1_277' title='bbox 498 4396 553 4460; x_wconf 91' lang='lat'>4,</span> <span class='ocrx_word' id='word_1_278' title='bbox 576 4395 721 4468; x_wconf 83' lang='lat' dir='ltr'>disp.</span> <span class='ocrx_word' id='word_1_279' title='bbox 746 4397 800 4458; x_wconf 82' lang='lat'>2,</span> <span class='ocrx_word' id='word_1_280' title='bbox 827 4394 1065 4463; x_wconf 61' lang='lat' dir='ltr'>conclff,</span> <span class='ocrx_word' id='word_1_281' title='bbox 1086 4395 1440 4452; x_wconf 89' lang='lat' dir='ltr'>Kellisonius</span> <span class='ocrx_word' id='word_1_282' title='bbox 1459 4396 1494 4450; x_wconf 89' lang='grc'>3</span> <span class='ocrx_word' id='word_1_283' title='bbox 1511 4402 1659 4469; x_wconf 86' lang='lat' dir='ltr'>part.</span> <span class='ocrx_word' id='word_1_284' title='bbox 1679 4400 1861 4471; x_wconf 58' lang='lat' dir='ltr'>quast.</span> 
     </span>
     <span class='ocr_line' id='line_1_51' title="bbox 499 4476 1860 4552; baseline 0 -21"><span class='ocrx_word' id='word_1_285' title='bbox 499 4478 591 4543; x_wconf 85' lang='lat'>87,</span> <span class='ocrx_word' id='word_1_286' title='bbox 622 4484 733 4532; x_wconf 84' lang='lat' dir='ltr'>art.</span> <span class='ocrx_word' id='word_1_287' title='bbox 775 4479 820 4541; x_wconf 93' lang='lat' dir='ltr'>l,</span> <span class='ocrx_word' id='word_1_288' title='bbox 847 4476 971 4533; x_wconf 83' lang='lat' dir='ltr'>dub.</span> <span class='ocrx_word' id='word_1_289' title='bbox 1007 4478 1054 4543; x_wconf 95' lang='lat' dir='ltr'>l,</span> <span class='ocrx_word' id='word_1_290' title='bbox 1085 4477 1256 4533; x_wconf 82' lang='lat' dir='ltr'>concl.</span> <span class='ocrx_word' id='word_1_291' title='bbox 1295 4478 1342 4542; x_wconf 94' lang='lat' dir='ltr'>l,</span> <span class='ocrx_word' id='word_1_292' title='bbox 1368 4478 1647 4552; x_wconf 78' lang='lat' dir='ltr'>Layman.</span> <span class='ocrx_word' id='word_1_293' title='bbox 1681 4477 1773 4532; x_wconf 85' lang='lat' dir='ltr'>lib.</span> <span class='ocrx_word' id='word_1_294' title='bbox 1805 4478 1860 4542; x_wconf 90' lang='lat'>5,</span> 
     </span>
     <span class='ocr_line' id='line_1_52' title="bbox 501 4558 1860 4630; baseline -0.001 -18"><span class='ocrx_word' id='word_1_295' title='bbox 501 4564 663 4614; x_wconf 78' lang='lat' dir='ltr'>tract.</span> <span class='ocrx_word' id='word_1_296' title='bbox 707 4559 762 4621; x_wconf 89' lang='lat'>6,</span> <span class='ocrx_word' id='word_1_297' title='bbox 808 4575 928 4630; x_wconf 84' lang='lat' dir='ltr'>cap.</span> <span class='ocrx_word' id='word_1_298' title='bbox 968 4558 1023 4626; x_wconf 89' lang='lat'>4,</span> <span class='ocrx_word' id='word_1_299' title='bbox 1068 4575 1222 4613; x_wconf 82' lang='lat' dir='ltr'>num.</span> <span class='ocrx_word' id='word_1_300' title='bbox 1274 4559 1357 4624; x_wconf 91' lang='lat' dir='ltr'>l4,</span> <span class='ocrx_word' id='word_1_301' title='bbox 1391 4559 1597 4616; x_wconf 85' lang='lat' dir='ltr'>Bonae.</span> <span class='ocrx_word' id='word_1_302' title='bbox 1626 4558 1768 4630; x_wconf 81' lang='lat' dir='ltr'>disp.</span> <span class='ocrx_word' id='word_1_303' title='bbox 1804 4559 1860 4625; x_wconf 88' lang='lat'>5,</span> 
     </span>
     <span class='ocr_line' id='line_1_53' title="bbox 499 4638 1860 4717; baseline -0.001 -22"><span class='ocrx_word' id='word_1_304' title='bbox 499 4646 681 4717; x_wconf 73' lang='lat' dir='ltr'>quaest.</span> <span class='ocrx_word' id='word_1_305' title='bbox 714 4641 770 4705; x_wconf 88' lang='grc'>6,</span> <span class='ocrx_word' id='word_1_306' title='bbox 796 4646 918 4694; x_wconf 82' lang='lat' dir='ltr'>sect.</span> <span class='ocrx_word' id='word_1_307' title='bbox 944 4640 999 4707; x_wconf 79' lang='lat'>2,</span> <span class='ocrx_word' id='word_1_308' title='bbox 1021 4646 1212 4712; x_wconf 77' lang='lat' dir='ltr'>punct.</span> <span class='ocrx_word' id='word_1_309' title='bbox 1238 4639 1292 4706; x_wconf 89' lang='grc'>3,</span> <span class='ocrx_word' id='word_1_310' title='bbox 1317 4645 1374 4696; x_wconf 90' lang='lat' dir='ltr'>et</span> <span class='ocrx_word' id='word_1_311' title='bbox 1394 4641 1496 4697; x_wconf 92' lang='lat' dir='ltr'>alii</span> <span class='ocrx_word' id='word_1_312' title='bbox 1518 4638 1667 4713; x_wconf 88' lang='lat' dir='ltr'>apud</span> <span class='ocrx_word' id='word_1_313' title='bbox 1691 4639 1860 4711; x_wconf 89' lang='lat' dir='ltr'>ipsos.</span> 
     </span>
     <span class='ocr_line' id='line_1_54' title="bbox 499 4718 1865 4794; baseline -0.001 -16"><span class='ocrx_word' id='word_1_314' title='bbox 499 4722 608 4779; x_wconf 88' lang='lat' dir='ltr'>Sed</span> <span class='ocrx_word' id='word_1_315' title='bbox 672 4720 954 4794; x_wconf 90' lang='lat' dir='ltr'>loquendo</span> <span class='ocrx_word' id='word_1_316' title='bbox 1012 4718 1083 4776; x_wconf 91' lang='lat' dir='ltr'>de</span> <span class='ocrx_word' id='word_1_317' title='bbox 1145 4721 1484 4779; x_wconf 86' lang='lat' dir='ltr'>remissione</span> <span class='ocrx_word' id='word_1_318' title='bbox 1541 4720 1865 4779; x_wconf 86' lang='lat' dir='ltr'>venialium</span> 
     </span>
     <span class='ocr_line' id='line_1_55' title="bbox 501 4801 1866 4876; baseline -0.001 -18"><span class='ocrx_word' id='word_1_319' title='bbox 501 4803 659 4859; x_wconf 86' lang='lat' dir='ltr'>intra</span> <span class='ocrx_word' id='word_1_320' title='bbox 698 4805 1144 4869; x_wconf 86' lang='lat' dir='ltr'>sacramentum,</span> <span class='ocrx_word' id='word_1_321' title='bbox 1175 4801 1410 4876; x_wconf 89' lang='lat' dir='ltr'>quidam</span> <span class='ocrx_word' id='word_1_322' title='bbox 1457 4818 1658 4860; x_wconf 89' lang='lat' dir='ltr'>eorum</span> <span class='ocrx_word' id='word_1_323' title='bbox 1700 4801 1866 4857; x_wconf 91' lang='lat' dir='ltr'>illam</span> 
     </span>
     <span class='ocr_line' id='line_1_56' title="bbox 500 4883 1867 4945; baseline -0.001 -6"><span class='ocrx_word' id='word_1_324' title='bbox 500 4884 779 4945; x_wconf 87' lang='lat' dir='ltr'>limitant‚</span> <span class='ocrx_word' id='word_1_325' title='bbox 832 4883 1230 4939; x_wconf 84' lang='lat' dir='ltr'>existimantes</span> <span class='ocrx_word' id='word_1_326' title='bbox 1277 4884 1629 4941; x_wconf 85' lang='lat' dir='ltr'>attritionem</span> <span class='ocrx_word' id='word_1_327' title='bbox 1670 4898 1867 4939; x_wconf 86' lang='lat' dir='ltr'>sacra-</span> 
     </span>
     <span class='ocr_line' id='line_1_57' title="bbox 499 4963 1866 5039; baseline -0.001 -16"><span class='ocrx_word' id='word_1_328' title='bbox 499 4971 697 5024; x_wconf 87' lang='lat' dir='ltr'>mento</span> <span class='ocrx_word' id='word_1_329' title='bbox 730 4963 1096 5038; x_wconf 86' lang='lat' dir='ltr'>conjunctam</span> <span class='ocrx_word' id='word_1_330' title='bbox 1134 4965 1390 5023; x_wconf 87' lang='lat' dir='ltr'>sufficere</span> <span class='ocrx_word' id='word_1_331' title='bbox 1433 4964 1505 5021; x_wconf 90' lang='lat' dir='ltr'>ad</span> <span class='ocrx_word' id='word_1_332' title='bbox 1532 4964 1866 5039; x_wconf 83' lang='lat' dir='ltr'>praedictum</span> 
     </span>
    </p>
   </div>
   <div class='ocr_carea' id='block_1_13' title="bbox 1980 509 3351 728">
    <p class='ocr_par' dir='ltr' id='par_1_13' title="bbox 1980 509 3351 728">
     <span class='ocr_line' id='line_1_58' title="bbox 1981 509 3351 583; baseline 0 -17"><span class='ocrx_word' id='word_1_333' title='bbox 1981 509 2263 567; x_wconf 77' lang='lat' dir='ltr'>effectum.</span> <span class='ocrx_word' id='word_1_334' title='bbox 2297 514 2362 566; x_wconf 90' lang='lat' dir='ltr'>In</span> <span class='ocrx_word' id='word_1_335' title='bbox 2390 527 2499 583; x_wconf 91' lang='lat' dir='ltr'>quo</span> <span class='ocrx_word' id='word_1_336' title='bbox 2528 526 2645 567; x_wconf 92' lang='lat' dir='ltr'>non</span> <span class='ocrx_word' id='word_1_337' title='bbox 2673 510 2808 565; x_wconf 86' lang='lat' dir='ltr'>satis</span> <span class='ocrx_word' id='word_1_338' title='bbox 2836 515 3251 581; x_wconf 85' lang='lat' dir='ltr'>consequenter</span> <span class='ocrx_word' id='word_1_339' title='bbox 3278 509 3351 566; x_wconf 89' lang='lat' dir='ltr'>ad</span> 
     </span>
     <span class='ocr_line' id='line_1_59' title="bbox 1980 588 3350 664; baseline 0 -20"><span class='ocrx_word' id='word_1_340' title='bbox 1980 606 2085 646; x_wconf 89' lang='lat' dir='ltr'>sua</span> <span class='ocrx_word' id='word_1_341' title='bbox 2139 590 2421 662; x_wconf 88' lang='lat' dir='ltr'>principia</span> <span class='ocrx_word' id='word_1_342' title='bbox 2475 589 2804 664; x_wconf 90' lang='lat' dir='ltr'>procedunt,</span> <span class='ocrx_word' id='word_1_343' title='bbox 2864 594 2925 644; x_wconf 93' lang='lat' dir='ltr'>ut</span> <span class='ocrx_word' id='word_1_344' title='bbox 2974 605 3046 645; x_wconf 85' lang='lat' dir='ltr'>ex</span> <span class='ocrx_word' id='word_1_345' title='bbox 3091 588 3350 646; x_wconf 89' lang='lat' dir='ltr'>dicendis</span> 
     </span>
     <span class='ocr_line' id='line_1_60' title="bbox 1983 671 2286 728; baseline -0.003 0"><span class='ocrx_word' id='word_1_346' title='bbox 1983 671 2286 728; x_wconf 87' lang='lat' dir='ltr'>constabit.</span> 
     </span>
    </p>
   </div>
   <div class='ocr_carea' id='block_1_14' title="bbox 2059 744 3564 852">
    <p class='ocr_par' dir='ltr' id='par_1_14' title="bbox 2059 744 3564 852">
     <span class='ocr_line' id='line_1_61' title="bbox 2059 744 3564 852; baseline 0.001 -52"><span class='ocrx_word' id='word_1_347' title='bbox 2059 745 2341 802; x_wconf 88' lang='lat' dir='ltr'>Probatur</span> <span class='ocrx_word' id='word_1_348' title='bbox 2367 761 2502 818; x_wconf 83' lang='lat' dir='ltr'>ergo</span> <span class='ocrx_word' id='word_1_349' title='bbox 2524 745 2629 801; x_wconf 90' lang='lat' dir='ltr'>iste</span> <span class='ocrx_word' id='word_1_350' title='bbox 2656 744 2884 801; x_wconf 88' lang='lat' dir='ltr'>dicendi</span> <span class='ocrx_word' id='word_1_351' title='bbox 2924 745 3127 802; x_wconf 91' lang='lat' dir='ltr'>modus</span> <span class='ocrx_word' id='word_1_352' title='bbox 3156 745 3564 852; x_wconf 47' lang='lat' dir='ltr'>primogognfflr</span> 
     </span>
    </p>
   </div>
   <div class='ocr_carea' id='block_1_15' title="bbox 1981 827 3422 3814">
    <p class='ocr_par' dir='ltr' id='par_1_15' title="bbox 1981 827 3422 3814">
     <span class='ocr_line' id='line_1_62' title="bbox 1985 827 3343 905; baseline 0 -22"><span class='ocrx_word' id='word_1_353' title='bbox 1985 827 2326 884; x_wconf 84' lang='lat' dir='ltr'>authoritate</span> <span class='ocrx_word' id='word_1_354' title='bbox 2353 829 2407 882; x_wconf 90' lang='lat' dir='ltr'>S.</span> <span class='ocrx_word' id='word_1_355' title='bbox 2437 828 2690 883; x_wconf 91' lang='lat' dir='ltr'>Doctoris</span> <span class='ocrx_word' id='word_1_356' title='bbox 2717 850 2730 883; x_wconf 72' lang='grc' dir='ltr'>ε</span> <span class='ocrx_word' id='word_1_357' title='bbox 2763 842 2898 883; x_wconf 89' lang='lat' dir='ltr'>nam</span> <span class='ocrx_word' id='word_1_358' title='bbox 2927 829 2962 882; x_wconf 88' lang='lat'><strong>3</strong></span> <span class='ocrx_word' id='word_1_359' title='bbox 2985 834 3133 900; x_wconf 85' lang='lat' dir='ltr'>part.</span> <span class='ocrx_word' id='word_1_360' title='bbox 3166 846 3217 905; x_wconf 86' lang='lat' dir='ltr'>q.</span> <span class='ocrx_word' id='word_1_361' title='bbox 3250 829 3343 891; x_wconf 78' lang='lat'>87,</span> 
     </span>
     <span class='ocr_line' id='line_1_63' title="bbox 1983 907 3422 978; baseline -0.001 -15"><span class='ocrx_word' id='word_1_362' title='bbox 1983 915 2096 964; x_wconf 82' lang='lat' dir='ltr'>art.</span> <span class='ocrx_word' id='word_1_363' title='bbox 2125 911 2158 963; x_wconf 90' lang='lat'>4</span> <span class='ocrx_word' id='word_1_364' title='bbox 2206 907 2280 962; x_wconf 80' lang='lat' dir='ltr'>acl</span> <span class='ocrx_word' id='word_1_365' title='bbox 2322 910 2375 972; x_wconf 80' lang='grc'>’2,</span> <span class='ocrx_word' id='word_1_366' title='bbox 2411 907 2633 978; x_wconf 89' lang='lat' dir='ltr'>inquit:</span> <span class='ocrx_word' id='word_1_367' title='bbox 2669 907 2817 964; x_wconf 72' lang='lat' dir='ltr'>Licet</span> <span class='ocrx_word' id='word_1_368' title='bbox 2861 908 2935 963; x_wconf 82' lang='lat' dir='ltr'>ad</span> <span class='ocrx_word' id='word_1_369' title='bbox 2977 910 3350 963; x_wconf 73' lang='lat' dir='ltr'>remissionem</span> <span class='ocrx_word' id='word_1_370' title='bbox 3417 938 3422 942; x_wconf 84' lang='lat'><strong>·</strong></span> 
     </span>
     <span class='ocr_line' id='line_1_64' title="bbox 1981 990 3350 1064; baseline 0 -20"><span class='ocrx_word' id='word_1_371' title='bbox 1981 991 2188 1061; x_wconf 75' lang='lat' dir='ltr'>peccati</span> <span class='ocrx_word' id='word_1_372' title='bbox 2213 990 2448 1045; x_wconf 77' lang='lat' dir='ltr'>venialis</span> <span class='ocrx_word' id='word_1_373' title='bbox 2475 1007 2583 1044; x_wconf 81' lang='lat' dir='ltr'>non</span> <span class='ocrx_word' id='word_1_374' title='bbox 2610 992 2929 1064; x_wconf 81' lang='lat' dir='ltr'>requiratur</span> <span class='ocrx_word' id='word_1_375' title='bbox 2954 1007 3096 1044; x_wconf 77' lang='lat' dir='ltr'>nova</span> <span class='ocrx_word' id='word_1_376' title='bbox 3138 991 3350 1063; x_wconf 74' lang='lat' dir='ltr'>infusio</span> 
     </span>
     <span class='ocr_line' id='line_1_65' title="bbox 1983 1071 3352 1148; baseline 0.001 -23"><span class='ocrx_word' id='word_1_377' title='bbox 1983 1071 2284 1125; x_wconf 75' lang='lat' dir='ltr'>habitualis</span> <span class='ocrx_word' id='word_1_378' title='bbox 2319 1073 2528 1140; x_wconf 62' lang='lat' dir='ltr'>qratia),</span> <span class='ocrx_word' id='word_1_379' title='bbox 2572 1073 2877 1148; x_wconf 74' lang='lat' dir='ltr'>requiritur</span> <span class='ocrx_word' id='word_1_380' title='bbox 2916 1078 3098 1126; x_wconf 77' lang='lat' dir='ltr'>tamen</span> <span class='ocrx_word' id='word_1_381' title='bbox 3144 1073 3352 1148; x_wconf 82' lang='lat' dir='ltr'>aliquis</span> 
     </span>
     <span class='ocr_line' id='line_1_66' title="bbox 1983 1155 3351 1230; baseline 0.001 -23"><span class='ocrx_word' id='word_1_382' title='bbox 1983 1159 2140 1208; x_wconf 86' lang='lat' dir='ltr'>actus</span> <span class='ocrx_word' id='word_1_383' title='bbox 2174 1155 2382 1221; x_wconf 58' lang='lat' dir='ltr'>qratia,</span> <span class='ocrx_word' id='word_1_384' title='bbox 2415 1155 2526 1230; x_wconf 65' lang='lat' dir='ltr'>qui,</span> <span class='ocrx_word' id='word_1_385' title='bbox 2549 1172 2658 1207; x_wconf 82' lang='lat' dir='ltr'>non</span> <span class='ocrx_word' id='word_1_386' title='bbox 2697 1159 2865 1226; x_wconf 77' lang='lat' dir='ltr'>potest</span> <span class='ocrx_word' id='word_1_387' title='bbox 2911 1170 3020 1206; x_wconf 82' lang='lat' dir='ltr'>esse</span> <span class='ocrx_word' id='word_1_388' title='bbox 3047 1156 3106 1207; x_wconf 81' lang='lat' dir='ltr'>iu</span> <span class='ocrx_word' id='word_1_389' title='bbox 3145 1171 3222 1216; x_wconf 83' lang='lat' dir='ltr'>eo,</span> <span class='ocrx_word' id='word_1_390' title='bbox 3256 1156 3351 1229; x_wconf 87' lang='lat' dir='ltr'>qui</span> 
     </span>
     <span class='ocr_line' id='line_1_67' title="bbox 1983 1232 3346 1308; baseline 0.001 -22"><span class='ocrx_word' id='word_1_391' title='bbox 1983 1232 2220 1303; x_wconf 76' lang='lat' dir='ltr'>subjacet</span> <span class='ocrx_word' id='word_1_392' title='bbox 2269 1239 2484 1308; x_wconf 71' lang='lat' dir='ltr'>peccato</span> <span class='ocrx_word' id='word_1_393' title='bbox 2549 1234 2793 1288; x_wconf 75' lang='lat' dir='ltr'>mortali.</span> <span class='ocrx_word' id='word_1_394' title='bbox 2852 1235 3082 1287; x_wconf 86' lang='lat' dir='ltr'>Constat</span> <span class='ocrx_word' id='word_1_395' title='bbox 3136 1238 3346 1296; x_wconf 86' lang='lat' dir='ltr'>autem,</span> 
     </span>
     <span class='ocr_line' id='line_1_68' title="bbox 1983 1314 3351 1388; baseline -0.001 -20"><span class='ocrx_word' id='word_1_396' title='bbox 1983 1314 2130 1386; x_wconf 91' lang='lat' dir='ltr'>quod</span> <span class='ocrx_word' id='word_1_397' title='bbox 2161 1320 2314 1370; x_wconf 87' lang='lat' dir='ltr'>actus</span> <span class='ocrx_word' id='word_1_398' title='bbox 2342 1315 2657 1371; x_wconf 83' lang='lat' dir='ltr'>attritionis</span> <span class='ocrx_word' id='word_1_399' title='bbox 2684 1315 3145 1388; x_wconf 90' lang='lat' dir='ltr'>supernaturalis</span> <span class='ocrx_word' id='word_1_400' title='bbox 3174 1320 3351 1386; x_wconf 87' lang='lat' dir='ltr'>potest</span> 
     </span>
     <span class='ocr_line' id='line_1_69' title="bbox 1984 1395 3350 1467; baseline -0.001 -15"><span class='ocrx_word' id='word_1_401' title='bbox 1984 1396 2228 1452; x_wconf 88' lang='lat' dir='ltr'>existere</span> <span class='ocrx_word' id='word_1_402' title='bbox 2269 1396 2331 1451; x_wconf 91' lang='lat' dir='ltr'>in</span> <span class='ocrx_word' id='word_1_403' title='bbox 2374 1395 2619 1452; x_wconf 88' lang='lat' dir='ltr'>habente</span> <span class='ocrx_word' id='word_1_404' title='bbox 2660 1402 2947 1467; x_wconf 88' lang='lat' dir='ltr'>peccatum</span> <span class='ocrx_word' id='word_1_405' title='bbox 2991 1398 3268 1462; x_wconf 88' lang='lat' dir='ltr'>mortale;</span> <span class='ocrx_word' id='word_1_406' title='bbox 3295 1405 3350 1452; x_wconf 89' lang='lat' dir='ltr'>et</span> 
     </span>
     <span class='ocr_line' id='line_1_70' title="bbox 1984 1477 3351 1551; baseline -0.001 -18"><span class='ocrx_word' id='word_1_407' title='bbox 1984 1478 2184 1534; x_wconf 89' lang='lat' dir='ltr'>eadem</span> <span class='ocrx_word' id='word_1_408' title='bbox 2233 1478 2378 1533; x_wconf 89' lang='lat' dir='ltr'>ratio</span> <span class='ocrx_word' id='word_1_409' title='bbox 2417 1484 2501 1533; x_wconf 91' lang='lat' dir='ltr'>est</span> <span class='ocrx_word' id='word_1_410' title='bbox 2546 1477 2616 1534; x_wconf 89' lang='lat' dir='ltr'>de</span> <span class='ocrx_word' id='word_1_411' title='bbox 2661 1478 2793 1534; x_wconf 90' lang='lat' dir='ltr'>aliis</span> <span class='ocrx_word' id='word_1_412' title='bbox 2836 1477 3072 1542; x_wconf 86' lang='lat' dir='ltr'>actibus,</span> <span class='ocrx_word' id='word_1_413' title='bbox 3122 1482 3351 1551; x_wconf 82' lang='lat' dir='ltr'>excepto</span> 
     </span>
     <span class='ocr_line' id='line_1_71' title="bbox 1985 1556 3349 1632; baseline 0 -19"><span class='ocrx_word' id='word_1_414' title='bbox 1985 1573 2181 1615; x_wconf 88' lang='lat' dir='ltr'>amore</span> <span class='ocrx_word' id='word_1_415' title='bbox 2207 1557 2521 1622; x_wconf 81' lang='lat' dir='ltr'>charitatiS,</span> <span class='ocrx_word' id='word_1_416' title='bbox 2554 1564 2609 1615; x_wconf 89' lang='lat' dir='ltr'>et</span> <span class='ocrx_word' id='word_1_417' title='bbox 2635 1558 3021 1614; x_wconf 89' lang='lat' dir='ltr'>contritione:</span> <span class='ocrx_word' id='word_1_418' title='bbox 3050 1575 3185 1632; x_wconf 84' lang='lat' dir='ltr'>ergo</span> <span class='ocrx_word' id='word_1_419' title='bbox 3215 1556 3349 1613; x_wconf 63' lang='lat' dir='ltr'>‘mu-</span> 
     </span>
     <span class='ocr_line' id='line_1_72' title="bbox 1985 1639 3349 1711; baseline 0.001 -17"><span class='ocrx_word' id='word_1_420' title='bbox 1985 1640 2126 1696; x_wconf 87' lang='lat' dir='ltr'>tatio</span> <span class='ocrx_word' id='word_1_421' title='bbox 2151 1639 2424 1711; x_wconf 88' lang='lat' dir='ltr'>requisita</span> <span class='ocrx_word' id='word_1_422' title='bbox 2447 1639 2514 1695; x_wconf 91' lang='lat' dir='ltr'>ad</span> <span class='ocrx_word' id='word_1_423' title='bbox 2545 1639 2989 1695; x_wconf 89' lang='lat' dir='ltr'>destructionem</span> <span class='ocrx_word' id='word_1_424' title='bbox 3020 1639 3227 1711; x_wconf 88' lang='lat' dir='ltr'>peccati</span> <span class='ocrx_word' id='word_1_425' title='bbox 3250 1654 3349 1695; x_wconf 77' lang='lat' dir='ltr'>ve-</span> 
     </span>
     <span class='ocr_line' id='line_1_73' title="bbox 1986 1721 3349 1785; baseline 0.001 -9"><span class='ocrx_word' id='word_1_426' title='bbox 1986 1721 2161 1777; x_wconf 88' lang='lat' dir='ltr'>nialis</span> <span class='ocrx_word' id='word_1_427' title='bbox 2197 1737 2314 1779; x_wconf 90' lang='lat' dir='ltr'>non</span> <span class='ocrx_word' id='word_1_428' title='bbox 2340 1722 2598 1777; x_wconf 86' lang='lat' dir='ltr'>salvatur</span> <span class='ocrx_word' id='word_1_429' title='bbox 2641 1721 2705 1775; x_wconf 92' lang='lat' dir='ltr'>in</span> <span class='ocrx_word' id='word_1_430' title='bbox 2745 1722 2867 1776; x_wconf 89' lang='lat' dir='ltr'>sola</span> <span class='ocrx_word' id='word_1_431' title='bbox 2909 1722 3223 1785; x_wconf 88' lang='lat' dir='ltr'>attritione,</span> <span class='ocrx_word' id='word_1_432' title='bbox 3254 1721 3349 1778; x_wconf 88' lang='lat' dir='ltr'>sed</span> 
     </span>
     <span class='ocr_line' id='line_1_74' title="bbox 1985 1800 3350 1875; baseline -0.002 -15"><span class='ocrx_word' id='word_1_433' title='bbox 1985 1802 2234 1875; x_wconf 88' lang='lat' dir='ltr'>exposcit</span> <span class='ocrx_word' id='word_1_434' title='bbox 2254 1802 2682 1866; x_wconf 87' lang='lat' dir='ltr'>contritionem,</span> <span class='ocrx_word' id='word_1_435' title='bbox 2716 1803 2808 1857; x_wconf 78' lang='lat' dir='ltr'>vel</span> <span class='ocrx_word' id='word_1_436' title='bbox 2831 1800 3196 1859; x_wconf 88' lang='lat' dir='ltr'>dilectionem</span> <span class='ocrx_word' id='word_1_437' title='bbox 3224 1801 3350 1858; x_wconf 86' lang='lat' dir='ltr'>cha-</span> 
     </span>
     <span class='ocr_line' id='line_1_75' title="bbox 1988 1881 3349 1940; baseline -0.001 -1"><span class='ocrx_word' id='word_1_438' title='bbox 1988 1884 2194 1939; x_wconf 83' lang='lat' dir='ltr'>ritatis,</span> <span class='ocrx_word' id='word_1_439' title='bbox 2221 1885 2289 1937; x_wconf 86' lang='lat' dir='ltr'>Et</span> <span class='ocrx_word' id='word_1_440' title='bbox 2314 1881 2694 1940; x_wconf 84' lang='lat' dir='ltr'>confirmatur</span> <span class='ocrx_word' id='word_1_441' title='bbox 2721 1898 2790 1939; x_wconf 83' lang='lat' dir='ltr'>ex</span> <span class='ocrx_word' id='word_1_442' title='bbox 2813 1881 3013 1938; x_wconf 89' lang='lat' dir='ltr'>eodem</span> <span class='ocrx_word' id='word_1_443' title='bbox 3037 1883 3094 1938; x_wconf 88' lang='lat' dir='ltr'>S.</span> <span class='ocrx_word' id='word_1_444' title='bbox 3122 1885 3349 1940; x_wconf 88' lang='lat' dir='ltr'>Doctore</span> 
     </span>
     <span class='ocr_line' id='line_1_76' title="bbox 1987 1962 3350 2040; baseline -0.001 -20"><span class='ocrx_word' id='word_1_445' title='bbox 1987 1967 2047 2020; x_wconf 82' lang='lat' dir='ltr'>in</span> <span class='ocrx_word' id='word_1_446' title='bbox 2073 1966 2129 2031; x_wconf 88' lang='lat'>4,</span> <span class='ocrx_word' id='word_1_447' title='bbox 2158 1965 2288 2019; x_wconf 80' lang='lat' dir='ltr'>dist.</span> <span class='ocrx_word' id='word_1_448' title='bbox 2329 1966 2410 2028; x_wconf 83' lang='lat'>16,</span> <span class='ocrx_word' id='word_1_449' title='bbox 2437 1981 2488 2040; x_wconf 87' lang='lat' dir='ltr'>q.</span> <span class='ocrx_word' id='word_1_450' title='bbox 2520 1965 2575 2030; x_wconf 77' lang='lat'>2,</span> <span class='ocrx_word' id='word_1_451' title='bbox 2620 1971 2732 2018; x_wconf 80' lang='lat' dir='ltr'>art.</span> <span class='ocrx_word' id='word_1_452' title='bbox 2762 1966 2817 2028; x_wconf 76' lang='lat'>2,</span> <span class='ocrx_word' id='word_1_453' title='bbox 2866 1962 2963 2019; x_wconf 91' lang='lat' dir='ltr'>ubi</span> <span class='ocrx_word' id='word_1_454' title='bbox 2991 1979 3060 2019; x_wconf 83' lang='lat' dir='ltr'>ex</span> <span class='ocrx_word' id='word_1_455' title='bbox 3103 1963 3350 2035; x_wconf 78' lang='lat' dir='ltr'>professo</span> 
     </span>
     <span class='ocr_line' id='line_1_77' title="bbox 1988 2044 3345 2121; baseline 0 -19"><span class='ocrx_word' id='word_1_456' title='bbox 1988 2046 2107 2121; x_wconf 82' lang='lat' dir='ltr'>agit</span> <span class='ocrx_word' id='word_1_457' title='bbox 2132 2044 2202 2102; x_wconf 92' lang='lat' dir='ltr'>de</span> <span class='ocrx_word' id='word_1_458' title='bbox 2230 2044 2414 2101; x_wconf 86' lang='lat' dir='ltr'>forma</span> <span class='ocrx_word' id='word_1_459' title='bbox 2446 2044 2773 2100; x_wconf 86' lang='lat' dir='ltr'>remittente</span> <span class='ocrx_word' id='word_1_460' title='bbox 2816 2050 3038 2116; x_wconf 89' lang='lat' dir='ltr'>peccata</span> <span class='ocrx_word' id='word_1_461' title='bbox 3079 2045 3345 2104; x_wconf 84' lang='lat' dir='ltr'>venialia.</span> 
     </span>
     <span class='ocr_line' id='line_1_78' title="bbox 1986 2124 3353 2199; baseline -0.001 -16"><span class='ocrx_word' id='word_1_462' title='bbox 1986 2134 2044 2183; x_wconf 90' lang='lat' dir='ltr'>et</span> <span class='ocrx_word' id='word_1_463' title='bbox 2089 2125 2313 2181; x_wconf 90' lang='lat' dir='ltr'>nullam</span> <span class='ocrx_word' id='word_1_464' title='bbox 2358 2124 2534 2180; x_wconf 86' lang='lat' dir='ltr'>aliam</span> <span class='ocrx_word' id='word_1_465' title='bbox 2577 2127 2847 2199; x_wconf 86' lang='lat' dir='ltr'>agnoscit,</span> <span class='ocrx_word' id='word_1_466' title='bbox 2894 2126 3008 2181; x_wconf 91' lang='lat' dir='ltr'>nisi</span> <span class='ocrx_word' id='word_1_467' title='bbox 3055 2126 3353 2183; x_wconf 90' lang='lat' dir='ltr'>contritio-</span> 
     </span>
     <span class='ocr_line' id='line_1_79' title="bbox 1988 2205 3355 2279; baseline 0 -17"><span class='ocrx_word' id='word_1_468' title='bbox 1988 2221 2143 2272; x_wconf 90' lang='lat' dir='ltr'>nem,</span> <span class='ocrx_word' id='word_1_469' title='bbox 2176 2207 2268 2262; x_wconf 81' lang='lat' dir='ltr'>vel</span> <span class='ocrx_word' id='word_1_470' title='bbox 2294 2205 2662 2262; x_wconf 89' lang='lat' dir='ltr'>dilectionem</span> <span class='ocrx_word' id='word_1_471' title='bbox 2691 2206 3002 2272; x_wconf 77' lang='lat' dir='ltr'>charitatiS,</span> <span class='ocrx_word' id='word_1_472' title='bbox 3034 2222 3206 2279; x_wconf 89' lang='lat' dir='ltr'>quam</span> <span class='ocrx_word' id='word_1_473' title='bbox 3245 2207 3355 2262; x_wconf 83' lang='lat' dir='ltr'>fer-</span> 
     </span>
     <span class='ocr_line' id='line_1_80' title="bbox 1987 2288 3356 2361; baseline 0.001 -17"><span class='ocrx_word' id='word_1_474' title='bbox 1987 2303 2188 2344; x_wconf 86' lang='lat' dir='ltr'>vorem</span> <span class='ocrx_word' id='word_1_475' title='bbox 2230 2288 2529 2344; x_wconf 88' lang='lat' dir='ltr'>charitatis</span> <span class='ocrx_word' id='word_1_476' title='bbox 2569 2289 2838 2360; x_wconf 85' lang='lat' dir='ltr'>appellat.</span> <span class='ocrx_word' id='word_1_477' title='bbox 2890 2290 2954 2344; x_wconf 88' lang='lat' dir='ltr'>Et</span> <span class='ocrx_word' id='word_1_478' title='bbox 3014 2290 3133 2345; x_wconf 87' lang='lat' dir='ltr'>loco</span> <span class='ocrx_word' id='word_1_479' title='bbox 3176 2304 3356 2361; x_wconf 88' lang='lat' dir='ltr'>supra</span> 
     </span>
     <span class='ocr_line' id='line_1_81' title="bbox 1986 2370 3349 2441; baseline 0.001 -16"><span class='ocrx_word' id='word_1_480' title='bbox 1986 2370 2158 2425; x_wconf 86' lang='lat' dir='ltr'>citato</span> <span class='ocrx_word' id='word_1_481' title='bbox 2178 2386 2249 2423; x_wconf 78' lang='lat' dir='ltr'>ea:</span> <span class='ocrx_word' id='word_1_482' title='bbox 2270 2370 2304 2424; x_wconf 88' lang='lat'><strong>3</strong></span> <span class='ocrx_word' id='word_1_483' title='bbox 2329 2375 2475 2440; x_wconf 84' lang='lat' dir='ltr'>part.</span> <span class='ocrx_word' id='word_1_484' title='bbox 2508 2377 2621 2424; x_wconf 86' lang='lat' dir='ltr'>art.</span> <span class='ocrx_word' id='word_1_485' title='bbox 2661 2370 2706 2435; x_wconf 92' lang='lat' dir='ltr'>l,</span> <span class='ocrx_word' id='word_1_486' title='bbox 2740 2370 2802 2423; x_wconf 83' lang='lat' dir='ltr'>in</span> <span class='ocrx_word' id='word_1_487' title='bbox 2827 2386 3056 2441; x_wconf 81' lang='lat' dir='ltr'>corpore,</span> <span class='ocrx_word' id='word_1_488' title='bbox 3091 2370 3349 2434; x_wconf 88' lang='lat' dir='ltr'>resolvit,</span> 
     </span>
     <span class='ocr_line' id='line_1_82' title="bbox 1989 2449 3358 2524; baseline 0.001 -19"><span class='ocrx_word' id='word_1_489' title='bbox 1989 2449 2137 2524; x_wconf 92' lang='lat' dir='ltr'>quod</span> <span class='ocrx_word' id='word_1_490' title='bbox 2178 2456 2402 2523; x_wconf 81' lang='lat' dir='ltr'>peccata</span> <span class='ocrx_word' id='word_1_491' title='bbox 2443 2451 2688 2506; x_wconf 80' lang='lat' dir='ltr'>venialia</span> <span class='ocrx_word' id='word_1_492' title='bbox 2735 2467 2844 2505; x_wconf 82' lang='lat' dir='ltr'>non</span> <span class='ocrx_word' id='word_1_493' title='bbox 2889 2458 3106 2519; x_wconf 78' lang='lat' dir='ltr'>possunt</span> <span class='ocrx_word' id='word_1_494' title='bbox 3146 2453 3358 2506; x_wconf 79' lang='lat' dir='ltr'>remitti</span> 
     </span>
     <span class='ocr_line' id='line_1_83' title="bbox 1988 2533 3357 2610; baseline 0.001 -22"><span class='ocrx_word' id='word_1_495' title='bbox 1988 2534 2187 2610; x_wconf 81' lang='lat' dir='ltr'>absque</span> <span class='ocrx_word' id='word_1_496' title='bbox 2207 2533 2530 2604; x_wconf 67' lang='lat' dir='ltr'>poenitentia</span> <span class='ocrx_word' id='word_1_497' title='bbox 2557 2533 2807 2605; x_wconf 78' lang='lat' dir='ltr'>formali,</span> <span class='ocrx_word' id='word_1_498' title='bbox 2839 2534 2925 2588; x_wconf 85' lang='lat' dir='ltr'>vel</span> <span class='ocrx_word' id='word_1_499' title='bbox 2943 2534 3197 2589; x_wconf 81' lang='lat' dir='ltr'>virtuali.</span> <span class='ocrx_word' id='word_1_500' title='bbox 3224 2535 3357 2590; x_wconf 85' lang='lat' dir='ltr'>Poe-</span> 
     </span>
     <span class='ocr_line' id='line_1_84' title="bbox 1990 2611 3346 2686; baseline 0.001 -18"><span class='ocrx_word' id='word_1_501' title='bbox 1990 2613 2234 2670; x_wconf 88' lang='lat' dir='ltr'>nitentia</span> <span class='ocrx_word' id='word_1_502' title='bbox 2256 2616 2445 2667; x_wconf 87' lang='lat' dir='ltr'>autem</span> <span class='ocrx_word' id='word_1_503' title='bbox 2464 2612 2744 2678; x_wconf 81' lang='lat' dir='ltr'>formalis,</span> <span class='ocrx_word' id='word_1_504' title='bbox 2758 2611 2828 2668; x_wconf 90' lang='lat' dir='ltr'>de</span> <span class='ocrx_word' id='word_1_505' title='bbox 2848 2630 2957 2686; x_wconf 89' lang='lat' dir='ltr'>qua</span> <span class='ocrx_word' id='word_1_506' title='bbox 2973 2612 3053 2669; x_wconf 92' lang='lat' dir='ltr'>ibi</span> <span class='ocrx_word' id='word_1_507' title='bbox 3076 2614 3346 2684; x_wconf 89' lang='lat' dir='ltr'>loquitur,</span> 
     </span>
     <span class='ocr_line' id='line_1_85' title="bbox 1988 2695 3352 2768; baseline -0.001 -14"><span class='ocrx_word' id='word_1_508' title='bbox 1988 2702 2075 2754; x_wconf 87' lang='lat' dir='ltr'>est</span> <span class='ocrx_word' id='word_1_509' title='bbox 2093 2697 2215 2754; x_wconf 92' lang='lat' dir='ltr'>sola</span> <span class='ocrx_word' id='word_1_510' title='bbox 2241 2695 2538 2764; x_wconf 81' lang='lat' dir='ltr'>contritio;</span> <span class='ocrx_word' id='word_1_511' title='bbox 2570 2696 2903 2768; x_wconf 85' lang='lat' dir='ltr'>poenitentia</span> <span class='ocrx_word' id='word_1_512' title='bbox 2926 2712 3064 2753; x_wconf 81' lang='lat' dir='ltr'>vero</span> <span class='ocrx_word' id='word_1_513' title='bbox 3085 2698 3352 2754; x_wconf 79' lang='lat' dir='ltr'>virtualis</span> 
     </span>
     <span class='ocr_line' id='line_1_86' title="bbox 1990 2777 3352 2850; baseline 0 -17"><span class='ocrx_word' id='word_1_514' title='bbox 1990 2793 2108 2834; x_wconf 88' lang='lat' dir='ltr'>non</span> <span class='ocrx_word' id='word_1_515' title='bbox 2135 2782 2219 2834; x_wconf 90' lang='lat' dir='ltr'>est</span> <span class='ocrx_word' id='word_1_516' title='bbox 2247 2777 2483 2843; x_wconf 88' lang='lat' dir='ltr'>attritio,</span> <span class='ocrx_word' id='word_1_517' title='bbox 2517 2777 2634 2833; x_wconf 82' lang='lat' dir='ltr'>haec</span> <span class='ocrx_word' id='word_1_518' title='bbox 2657 2778 2864 2850; x_wconf 90' lang='lat' dir='ltr'>quippe</span> <span class='ocrx_word' id='word_1_519' title='bbox 2893 2792 2994 2833; x_wconf 91' lang='lat' dir='ltr'>nec</span> <span class='ocrx_word' id='word_1_520' title='bbox 3023 2778 3352 2846; x_wconf 78' lang='lat' dir='ltr'>virtualiter</span> 
     </span>
     <span class='ocr_line' id='line_1_87' title="bbox 1989 2856 3346 2930; baseline 0.001 -15"><span class='ocrx_word' id='word_1_521' title='bbox 1989 2859 2243 2916; x_wconf 85' lang='lat' dir='ltr'>continet</span> <span class='ocrx_word' id='word_1_522' title='bbox 2281 2857 2685 2915; x_wconf 88' lang='lat' dir='ltr'>contritionem</span> <span class='ocrx_word' id='word_1_523' title='bbox 2728 2873 2827 2930; x_wconf 90' lang='lat' dir='ltr'>per</span> <span class='ocrx_word' id='word_1_524' title='bbox 2867 2856 3103 2915; x_wconf 89' lang='lat' dir='ltr'>modum</span> <span class='ocrx_word' id='word_1_525' title='bbox 3150 2874 3346 2925; x_wconf 70' lang='lat' dir='ltr'>causae.</span> 
     </span>
     <span class='ocr_line' id='line_1_88' title="bbox 1989 2939 3350 3014; baseline -0.001 -18"><span class='ocrx_word' id='word_1_526' title='bbox 1989 2940 2275 3013; x_wconf 87' lang='lat' dir='ltr'>siquidem</span> <span class='ocrx_word' id='word_1_527' title='bbox 2295 2944 2380 2994; x_wconf 89' lang='lat' dir='ltr'>est</span> <span class='ocrx_word' id='word_1_528' title='bbox 2401 2941 2568 3014; x_wconf 84' lang='lat' dir='ltr'>longe</span> <span class='ocrx_word' id='word_1_529' title='bbox 2590 2939 2996 3012; x_wconf 83' lang='lat' dir='ltr'>imperfectior,</span> <span class='ocrx_word' id='word_1_530' title='bbox 3023 2957 3197 3013; x_wconf 87' lang='lat' dir='ltr'>quam</span> <span class='ocrx_word' id='word_1_531' title='bbox 3219 2942 3350 2998; x_wconf 87' lang='lat' dir='ltr'>illa:</span> 
     </span>
     <span class='ocr_line' id='line_1_89' title="bbox 1992 3019 3353 3092; baseline 0.002 -16"><span class='ocrx_word' id='word_1_532' title='bbox 1992 3036 2095 3077; x_wconf 89' lang='lat' dir='ltr'>nec</span> <span class='ocrx_word' id='word_1_533' title='bbox 2120 3020 2375 3077; x_wconf 89' lang='lat' dir='ltr'>continet</span> <span class='ocrx_word' id='word_1_534' title='bbox 2398 3036 2497 3092; x_wconf 90' lang='lat' dir='ltr'>per</span> <span class='ocrx_word' id='word_1_535' title='bbox 2525 3019 2760 3076; x_wconf 89' lang='lat' dir='ltr'>modum</span> <span class='ocrx_word' id='word_1_536' title='bbox 2784 3020 3034 3085; x_wconf 78' lang='lat' dir='ltr'>effectus,</span> <span class='ocrx_word' id='word_1_537' title='bbox 3066 3039 3192 3079; x_wconf 91' lang='lat' dir='ltr'>cum</span> <span class='ocrx_word' id='word_1_538' title='bbox 3216 3039 3353 3079; x_wconf 89' lang='lat' dir='ltr'>con-</span> 
     </span>
     <span class='ocr_line' id='line_1_90' title="bbox 1993 3100 3350 3178; baseline 0.002 -21"><span class='ocrx_word' id='word_1_539' title='bbox 1993 3103 2290 3159; x_wconf 90' lang='lat' dir='ltr'>tritionem</span> <span class='ocrx_word' id='word_1_540' title='bbox 2330 3102 2713 3158; x_wconf 88' lang='lat' dir='ltr'>essentialiter</span> <span class='ocrx_word' id='word_1_541' title='bbox 2754 3118 2872 3159; x_wconf 92' lang='lat' dir='ltr'>non</span> <span class='ocrx_word' id='word_1_542' title='bbox 2915 3100 3350 3178; x_wconf 81' lang='lat' dir='ltr'>praesupponat:</span> 
     </span>
     <span class='ocr_line' id='line_1_91' title="bbox 1992 3182 3353 3257; baseline 0.001 -19"><span class='ocrx_word' id='word_1_543' title='bbox 1992 3198 2127 3256; x_wconf 83' lang='lat' dir='ltr'>ergo</span> <span class='ocrx_word' id='word_1_544' title='bbox 2156 3182 2492 3256; x_wconf 85' lang='lat' dir='ltr'>poenitentia</span> <span class='ocrx_word' id='word_1_545' title='bbox 2530 3182 2800 3237; x_wconf 83' lang='lat' dir='ltr'>virtualis</span> <span class='ocrx_word' id='word_1_546' title='bbox 2833 3184 2978 3255; x_wconf 82' lang='lat' dir='ltr'>(quae</span> <span class='ocrx_word' id='word_1_547' title='bbox 3002 3183 3123 3241; x_wconf 88' lang='lat' dir='ltr'>sola</span> <span class='ocrx_word' id='word_1_548' title='bbox 3152 3190 3353 3257; x_wconf 85' lang='lat' dir='ltr'>praeter</span> 
     </span>
     <span class='ocr_line' id='line_1_92' title="bbox 1992 3259 3355 3337; baseline 0.003 -20"><span class='ocrx_word' id='word_1_549' title='bbox 1992 3262 2400 3317; x_wconf 89' lang='lat' dir='ltr'>contritionem</span> <span class='ocrx_word' id='word_1_550' title='bbox 2426 3260 2632 3317; x_wconf 83' lang='lat' dir='ltr'>sufficit</span> <span class='ocrx_word' id='word_1_551' title='bbox 2672 3259 2743 3316; x_wconf 92' lang='lat' dir='ltr'>ad</span> <span class='ocrx_word' id='word_1_552' title='bbox 2770 3260 3183 3320; x_wconf 89' lang='lat' dir='ltr'>destruendum</span> <span class='ocrx_word' id='word_1_553' title='bbox 3228 3280 3355 3337; x_wconf 89' lang='lat' dir='ltr'>pec-</span> 
     </span>
     <span class='ocr_line' id='line_1_93' title="bbox 1993 3341 3353 3413; baseline 0.002 -14"><span class='ocrx_word' id='word_1_554' title='bbox 1993 3348 2114 3399; x_wconf 89' lang='lat' dir='ltr'>cata</span> <span class='ocrx_word' id='word_1_555' title='bbox 2134 3341 2409 3413; x_wconf 87' lang='lat' dir='ltr'>venialia)</span> <span class='ocrx_word' id='word_1_556' title='bbox 2435 3347 2519 3397; x_wconf 87' lang='lat' dir='ltr'>est</span> <span class='ocrx_word' id='word_1_557' title='bbox 2539 3358 2701 3399; x_wconf 91' lang='lat' dir='ltr'>amor</span> <span class='ocrx_word' id='word_1_558' title='bbox 2721 3344 3017 3400; x_wconf 86' lang='lat' dir='ltr'>charitatis</span> <span class='ocrx_word' id='word_1_559' title='bbox 3039 3368 3053 3412; x_wconf 87' lang='lat'>;</span> <span class='ocrx_word' id='word_1_560' title='bbox 3085 3346 3179 3402; x_wconf 89' lang='lat' dir='ltr'>hic</span> <span class='ocrx_word' id='word_1_561' title='bbox 3195 3346 3353 3402; x_wconf 88' lang='lat' dir='ltr'>enim</span> 
     </span>
     <span class='ocr_line' id='line_1_94' title="bbox 1996 3422 3355 3499; baseline 0.004 -20"><span class='ocrx_word' id='word_1_562' title='bbox 1996 3424 2147 3497; x_wconf 91' lang='lat' dir='ltr'>parit</span> <span class='ocrx_word' id='word_1_563' title='bbox 2193 3422 2599 3480; x_wconf 90' lang='lat' dir='ltr'>contritionem</span> <span class='ocrx_word' id='word_1_564' title='bbox 2651 3428 3027 3497; x_wconf 89' lang='lat' dir='ltr'>peccatorum,</span> <span class='ocrx_word' id='word_1_565' title='bbox 3065 3442 3189 3499; x_wconf 79' lang='lat' dir='ltr'>quae</span> <span class='ocrx_word' id='word_1_566' title='bbox 3233 3442 3355 3483; x_wconf 87' lang='lat' dir='ltr'>me-</span> 
     </span>
     <span class='ocr_line' id='line_1_95' title="bbox 1994 3506 3352 3580; baseline 0.002 -19"><span class='ocrx_word' id='word_1_567' title='bbox 1994 3507 2196 3563; x_wconf 80' lang='lat' dir='ltr'>moriae</span> <span class='ocrx_word' id='word_1_568' title='bbox 2216 3510 2522 3562; x_wconf 90' lang='lat' dir='ltr'>occurrunt</span> <span class='ocrx_word' id='word_1_569' title='bbox 2542 3526 2555 3561; x_wconf 91' lang='lat'><strong>:</strong></span> <span class='ocrx_word' id='word_1_570' title='bbox 2578 3521 2715 3580; x_wconf 83' lang='lat' dir='ltr'>ergo</span> <span class='ocrx_word' id='word_1_571' title='bbox 2726 3506 2888 3579; x_wconf 88' lang='lat' dir='ltr'>juxta</span> <span class='ocrx_word' id='word_1_572' title='bbox 2908 3513 3159 3565; x_wconf 88' lang='lat' dir='ltr'>mentem</span> <span class='ocrx_word' id='word_1_573' title='bbox 3178 3510 3352 3565; x_wconf 89' lang='lat' dir='ltr'>D.Th.</span> 
     </span>
     <span class='ocr_line' id='line_1_96' title="bbox 1995 3586 3358 3665; baseline 0.002 -20"><span class='ocrx_word' id='word_1_574' title='bbox 1995 3593 2218 3661; x_wconf 85' lang='lat' dir='ltr'>peccata</span> <span class='ocrx_word' id='word_1_575' title='bbox 2242 3587 2497 3644; x_wconf 81' lang='lat' dir='ltr'>venialia</span> <span class='ocrx_word' id='word_1_576' title='bbox 2525 3586 2706 3645; x_wconf 89' lang='lat' dir='ltr'>deleri</span> <span class='ocrx_word' id='word_1_577' title='bbox 2736 3604 2854 3645; x_wconf 89' lang='lat' dir='ltr'>non</span> <span class='ocrx_word' id='word_1_578' title='bbox 2884 3596 3121 3661; x_wconf 88' lang='lat' dir='ltr'>possunt</span> <span class='ocrx_word' id='word_1_579' title='bbox 3149 3591 3358 3665; x_wconf 90' lang='lat' dir='ltr'>absque</span> 
     </span>
     <span class='ocr_line' id='line_1_97' title="bbox 1995 3668 3358 3744; baseline 0.001 -19"><span class='ocrx_word' id='word_1_580' title='bbox 1995 3668 2313 3725; x_wconf 86' lang='lat' dir='ltr'>mutatione</span> <span class='ocrx_word' id='word_1_581' title='bbox 2335 3669 2667 3734; x_wconf 88' lang='lat' dir='ltr'>intrinseca,</span> <span class='ocrx_word' id='word_1_582' title='bbox 2700 3685 2826 3742; x_wconf 81' lang='lat' dir='ltr'>quae</span> <span class='ocrx_word' id='word_1_583' title='bbox 2873 3669 2972 3727; x_wconf 86' lang='lat' dir='ltr'>fiat</span> <span class='ocrx_word' id='word_1_584' title='bbox 2998 3687 3098 3744; x_wconf 91' lang='lat' dir='ltr'>per</span> <span class='ocrx_word' id='word_1_585' title='bbox 3135 3672 3358 3728; x_wconf 88' lang='lat' dir='ltr'>contri-</span> 
     </span>
     <span class='ocr_line' id='line_1_98' title="bbox 1995 3748 3356 3814; baseline 0.004 -11"><span class='ocrx_word' id='word_1_586' title='bbox 1995 3749 2234 3814; x_wconf 90' lang='lat' dir='ltr'>tionem,</span> <span class='ocrx_word' id='word_1_587' title='bbox 2266 3748 2358 3804; x_wconf 87' lang='lat' dir='ltr'>vel</span> <span class='ocrx_word' id='word_1_588' title='bbox 2399 3765 2659 3807; x_wconf 89' lang='lat' dir='ltr'>amorem</span> <span class='ocrx_word' id='word_1_589' title='bbox 2698 3750 3012 3808; x_wconf 80' lang='lat' dir='ltr'>charitatis,</span> <span class='ocrx_word' id='word_1_590' title='bbox 3056 3750 3207 3807; x_wconf 87' lang='lat' dir='ltr'>Idem</span> <span class='ocrx_word' id='word_1_591' title='bbox 3246 3768 3356 3808; x_wconf 88' lang='lat' dir='ltr'>ex-</span> 
     </span>
    </p>
   </div>
   <div class='ocr_carea' id='block_1_16' title="bbox 1997 3828 3556 3905">
    <p class='ocr_par' dir='ltr' id='par_1_16' title="bbox 1997 3828 3556 3905">
     <span class='ocr_line' id='line_1_99' title="bbox 1997 3828 3556 3905; baseline 0.001 -19"><span class='ocrx_word' id='word_1_592' title='bbox 1997 3830 2246 3904; x_wconf 90' lang='lat' dir='ltr'>pressius</span> <span class='ocrx_word' id='word_1_593' title='bbox 2268 3829 2450 3885; x_wconf 91' lang='lat' dir='ltr'>adhuc</span> <span class='ocrx_word' id='word_1_594' title='bbox 2490 3828 2838 3905; x_wconf 82' lang='lat' dir='ltr'>significavit</span> <span class='ocrx_word' id='word_1_595' title='bbox 2863 3834 2925 3887; x_wconf 89' lang='lat' dir='ltr'>D.</span> <span class='ocrx_word' id='word_1_596' title='bbox 2950 3832 3150 3889; x_wconf 89' lang='lat' dir='ltr'>Thom.</span> <span class='ocrx_word' id='word_1_597' title='bbox 3180 3840 3291 3889; x_wconf 87' lang='lat' dir='ltr'>art.</span> <span class='ocrx_word' id='word_1_598' title='bbox 3315 3836 3356 3889; x_wconf 82' lang='lat'>2</span> <span class='ocrx_word' id='word_1_599' title='bbox 3373 3833 3428 3875; x_wconf 81' lang='lat' dir='ltr'>D·</span> <span class='ocrx_word' id='word_1_600' title='bbox 3452 3832 3556 3875; x_wconf 71' lang='lat' dir='ltr'>Tho.</span> 
     </span>
    </p>
   </div>
   <div class='ocr_carea' id='block_1_17' title="bbox 1989 3912 3365 4460">
    <p class='ocr_par' dir='ltr' id='par_1_17' title="bbox 1989 3912 3365 4460">
     <span class='ocr_line' id='line_1_100' title="bbox 1994 3912 3357 3993; baseline 0.001 -24"><span class='ocrx_word' id='word_1_601' title='bbox 1994 3930 2102 3991; x_wconf 84' lang='lat' dir='ltr'>seq.</span> <span class='ocrx_word' id='word_1_602' title='bbox 2131 3914 2192 3967; x_wconf 82' lang='lat' dir='ltr'>in</span> <span class='ocrx_word' id='word_1_603' title='bbox 2217 3930 2356 3985; x_wconf 84' lang='lat' dir='ltr'>resp.</span> <span class='ocrx_word' id='word_1_604' title='bbox 2388 3912 2463 3968; x_wconf 89' lang='lat' dir='ltr'>ad</span> <span class='ocrx_word' id='word_1_605' title='bbox 2489 3915 2543 3979; x_wconf 79' lang='lat'>2,</span> <span class='ocrx_word' id='word_1_606' title='bbox 2578 3912 2674 3969; x_wconf 86' lang='lat' dir='ltr'>ubi</span> <span class='ocrx_word' id='word_1_607' title='bbox 2706 3914 2823 3969; x_wconf 87' lang='lat' dir='ltr'>ait:</span> <span class='ocrx_word' id='word_1_608' title='bbox 2858 3913 3179 3981; x_wconf 82' lang='lat' dir='ltr'>Dicendum,</span> <span class='ocrx_word' id='word_1_609' title='bbox 3214 3916 3357 3993; x_wconf 80' lang='lat' dir='ltr'>quod</span> 
     </span>
     <span class='ocr_line' id='line_1_101' title="bbox 1989 3994 3360 4070; baseline 0.001 -20"><span class='ocrx_word' id='word_1_610' title='bbox 1989 4000 2275 4067; x_wconf 82' lang='lat' dir='ltr'>peccatum</span> <span class='ocrx_word' id='word_1_611' title='bbox 2319 3994 2533 4048; x_wconf 82' lang='lat' dir='ltr'>veniale</span> <span class='ocrx_word' id='word_1_612' title='bbox 2577 4010 2861 4070; x_wconf 79' lang='lat' dir='ltr'>nunquam</span> <span class='ocrx_word' id='word_1_613' title='bbox 2899 3996 3200 4051; x_wconf 79' lang='lat' dir='ltr'>remittitur</span> <span class='ocrx_word' id='word_1_614' title='bbox 3242 3998 3360 4052; x_wconf 77' lang='lat' dir='ltr'>sine</span> 
     </span>
     <span class='ocr_line' id='line_1_102' title="bbox 1996 4075 3362 4153; baseline 0.002 -23"><span class='ocrx_word' id='word_1_615' title='bbox 1996 4075 2236 4153; x_wconf 83' lang='lat' dir='ltr'>aliquali</span> <span class='ocrx_word' id='word_1_616' title='bbox 2281 4082 2411 4130; x_wconf 89' lang='lat' dir='ltr'>actu</span> <span class='ocrx_word' id='word_1_617' title='bbox 2454 4077 2778 4148; x_wconf 70' lang='lat' dir='ltr'>poenitentiae</span> <span class='ocrx_word' id='word_1_618' title='bbox 2813 4078 3060 4143; x_wconf 85' lang='lat' dir='ltr'>virtutis,</span> <span class='ocrx_word' id='word_1_619' title='bbox 3103 4079 3362 4151; x_wconf 72' lang='lat' dir='ltr'>explicito</span> 
     </span>
     <span class='ocr_line' id='line_1_103' title="bbox 1995 4156 3358 4230; baseline 0.002 -18"><span class='ocrx_word' id='word_1_620' title='bbox 1995 4160 2218 4223; x_wconf 83' lang='lat' dir='ltr'>scilicet,</span> <span class='ocrx_word' id='word_1_621' title='bbox 2251 4156 2334 4211; x_wconf 84' lang='lat' dir='ltr'>vel</span> <span class='ocrx_word' id='word_1_622' title='bbox 2379 4158 2664 4229; x_wconf 72' lang='lat' dir='ltr'>implicitO,</span> <span class='ocrx_word' id='word_1_623' title='bbox 2697 4163 2758 4212; x_wconf 87' lang='lat' dir='ltr'>ut</span> <span class='ocrx_word' id='word_1_624' title='bbox 2801 4175 2972 4230; x_wconf 82' lang='lat' dir='ltr'>supra</span> <span class='ocrx_word' id='word_1_625' title='bbox 3011 4158 3220 4214; x_wconf 83' lang='lat' dir='ltr'>dictum</span> <span class='ocrx_word' id='word_1_626' title='bbox 3261 4166 3358 4226; x_wconf 82' lang='lat' dir='ltr'>est,</span> 
     </span>
     <span class='ocr_line' id='line_1_104' title="bbox 1996 4239 3364 4312; baseline 0.003 -18"><span class='ocrx_word' id='word_1_627' title='bbox 1996 4254 2205 4312; x_wconf 90' lang='lat' dir='ltr'>nempe</span> <span class='ocrx_word' id='word_1_628' title='bbox 2254 4244 2362 4293; x_wconf 83' lang='lat' dir='ltr'>art.</span> <span class='ocrx_word' id='word_1_629' title='bbox 2416 4240 2640 4311; x_wconf 69' lang='lat' dir='ltr'>praeced.</span> <span class='ocrx_word' id='word_1_630' title='bbox 2687 4239 2918 4296; x_wconf 79' lang='lat' dir='ltr'>Attritio</span> <span class='ocrx_word' id='word_1_631' title='bbox 2962 4246 3153 4298; x_wconf 89' lang='lat' dir='ltr'>autem</span> <span class='ocrx_word' id='word_1_632' title='bbox 3203 4242 3364 4298; x_wconf 91' lang='lat' dir='ltr'>nullo</span> 
     </span>
     <span class='ocr_line' id='line_1_105' title="bbox 1997 4317 3364 4391; baseline 0.001 -15"><span class='ocrx_word' id='word_1_633' title='bbox 1997 4317 2167 4376; x_wconf 91' lang='lat' dir='ltr'>modo</span> <span class='ocrx_word' id='word_1_634' title='bbox 2194 4325 2279 4375; x_wconf 91' lang='lat' dir='ltr'>est</span> <span class='ocrx_word' id='word_1_635' title='bbox 2305 4323 2460 4375; x_wconf 86' lang='lat' dir='ltr'>actus</span> <span class='ocrx_word' id='word_1_636' title='bbox 2503 4319 2858 4391; x_wconf 83' lang='lat' dir='ltr'>poenitentiae</span> <span class='ocrx_word' id='word_1_637' title='bbox 2897 4321 3150 4388; x_wconf 80' lang='lat' dir='ltr'>virtutis„</span> <span class='ocrx_word' id='word_1_638' title='bbox 3181 4329 3243 4378; x_wconf 91' lang='lat' dir='ltr'>ut</span> <span class='ocrx_word' id='word_1_639' title='bbox 3269 4321 3364 4377; x_wconf 90' lang='lat' dir='ltr'>di-</span> 
     </span>
     <span class='ocr_line' id='line_1_106' title="bbox 1999 4401 3365 4460; baseline 0.001 -3"><span class='ocrx_word' id='word_1_640' title='bbox 1999 4416 2163 4457; x_wconf 83' lang='lat' dir='ltr'>versa</span> <span class='ocrx_word' id='word_1_641' title='bbox 2200 4414 2399 4458; x_wconf 87' lang='lat' dir='ltr'>earum</span> <span class='ocrx_word' id='word_1_642' title='bbox 2431 4401 2651 4457; x_wconf 89' lang='lat' dir='ltr'>motiva</span> <span class='ocrx_word' id='word_1_643' title='bbox 2688 4402 2827 4458; x_wconf 89' lang='lat' dir='ltr'>satis</span> <span class='ocrx_word' id='word_1_644' title='bbox 2865 4404 3226 4460; x_wconf 89' lang='lat' dir='ltr'>attestantur.</span> <span class='ocrx_word' id='word_1_645' title='bbox 3258 4404 3365 4459; x_wconf 85' lang='lat' dir='ltr'>Vi-</span> 
     </span>
    </p>
   </div>
   <div class='ocr_carea' id='block_1_18' title="bbox 1997 4478 3570 4560">
    <p class='ocr_par' dir='ltr' id='par_1_18' title="bbox 1997 4478 3570 4560">
     <span class='ocr_line' id='line_1_107' title="bbox 1997 4478 3570 4560; baseline -0.007 -11"><span class='ocrx_word' id='word_1_646' title='bbox 1997 4483 2197 4540; x_wconf 62' lang='lat' dir='ltr'>deatur</span> <span class='ocrx_word' id='word_1_647' title='bbox 2224 4484 2457 4538; x_wconf 77' lang='lat' dir='ltr'>Arauxo</span> <span class='ocrx_word' id='word_1_648' title='bbox 2484 4491 2665 4560; x_wconf 70' lang='lat' dir='ltr'>quaest.</span> <span class='ocrx_word' id='word_1_649' title='bbox 2695 4486 2787 4539; x_wconf 87' lang='lat' dir='ltr'>cit.</span> <span class='ocrx_word' id='word_1_650' title='bbox 2812 4500 2884 4539; x_wconf 73' lang='lat' dir='ltr'>ex</span> <span class='ocrx_word' id='word_1_651' title='bbox 2909 4484 2946 4537; x_wconf 87' lang='lat'>9</span> <span class='ocrx_word' id='word_1_652' title='bbox 2963 4492 3145 4558; x_wconf 85' lang='lat' dir='ltr'>parte,</span> <span class='ocrx_word' id='word_1_653' title='bbox 3168 4492 3280 4542; x_wconf 83' lang='lat' dir='ltr'>art.</span> <span class='ocrx_word' id='word_1_654' title='bbox 3311 4487 3358 4550; x_wconf 95' lang='lat'>1,</span> <span class='ocrx_word' id='word_1_655' title='bbox 3395 4478 3570 4520; x_wconf 55' lang='lat' dir='ltr'>”²¹¹¹st</span> 
     </span>
    </p>
   </div>
   <div class='ocr_carea' id='block_1_19' title="bbox 1997 4566 3419 4735">
    <p class='ocr_par' dir='ltr' id='par_1_19' title="bbox 1997 4566 3419 4735">
     <span class='ocr_line' id='line_1_108' title="bbox 1997 4566 2727 4628; baseline 0.003 -7"><span class='ocrx_word' id='word_1_656' title='bbox 1997 4567 2124 4624; x_wconf 83' lang='lat' dir='ltr'>dub.</span> <span class='ocrx_word' id='word_1_657' title='bbox 2163 4568 2182 4622; x_wconf 92' lang='lat' dir='ltr'>l</span> <span class='ocrx_word' id='word_1_658' title='bbox 2215 4571 2264 4620; x_wconf 84' lang='lat' dir='ltr'>et</span> <span class='ocrx_word' id='word_1_659' title='bbox 2292 4572 2402 4619; x_wconf 85' lang='lat' dir='ltr'>art.</span> <span class='ocrx_word' id='word_1_660' title='bbox 2435 4566 2490 4628; x_wconf 88' lang='lat'>4,</span> <span class='ocrx_word' id='word_1_661' title='bbox 2521 4566 2646 4622; x_wconf 83' lang='lat' dir='ltr'>dub.</span> <span class='ocrx_word' id='word_1_662' title='bbox 2683 4567 2727 4623; x_wconf 90' lang='lat' dir='ltr'>l.</span> 
     </span>
     <span class='ocr_line' id='line_1_109' title="bbox 2072 4639 3419 4735; baseline 0 -39"><span class='ocrx_word' id='word_1_663' title='bbox 2072 4641 2201 4696; x_wconf 88' lang='lat'>313.</span> <span class='ocrx_word' id='word_1_664' title='bbox 2234 4639 2336 4693; x_wconf 87' lang='lat' dir='ltr'>His</span> <span class='ocrx_word' id='word_1_665' title='bbox 2364 4639 2711 4697; x_wconf 88' lang='lat' dir='ltr'>testimoniis</span> <span class='ocrx_word' id='word_1_666' title='bbox 2749 4639 2985 4713; x_wconf 87' lang='lat' dir='ltr'>quidam</span> <span class='ocrx_word' id='word_1_667' title='bbox 3016 4640 3419 4735; x_wconf 56' lang='lat' dir='ltr'>respondentq¹</span> 
     </span>
    </p>
   </div>
   <div class='ocr_carea' id='block_1_20' title="bbox 1997 4883 3363 5039">
    <p class='ocr_par' dir='ltr' id='par_1_20' title="bbox 1997 4883 3363 5039">
     <span class='ocr_line' id='line_1_110' title="bbox 1997 4883 3363 4958; baseline 0.002 -19"><span class='ocrx_word' id='word_1_668' title='bbox 1997 4884 2166 4950; x_wconf 90' lang='lat' dir='ltr'>lium,</span> <span class='ocrx_word' id='word_1_669' title='bbox 2199 4883 2588 4941; x_wconf 88' lang='lat' dir='ltr'>nihilominus</span> <span class='ocrx_word' id='word_1_670' title='bbox 2612 4883 2810 4941; x_wconf 86' lang='lat' dir='ltr'>eadem</span> <span class='ocrx_word' id='word_1_671' title='bbox 2835 4885 3055 4942; x_wconf 88' lang='lat' dir='ltr'>attritio</span> <span class='ocrx_word' id='word_1_672' title='bbox 3075 4889 3138 4940; x_wconf 86' lang='lat' dir='ltr'>ut</span> <span class='ocrx_word' id='word_1_673' title='bbox 3164 4900 3363 4958; x_wconf 85' lang='lat' dir='ltr'>proce-</span> 
     </span>
     <span class='ocr_line' id='line_1_111' title="bbox 1997 4962 3361 5039; baseline 0.002 -21"><span class='ocrx_word' id='word_1_674' title='bbox 1997 4962 2139 5021; x_wconf 86' lang='lat' dir='ltr'>dens</span> <span class='ocrx_word' id='word_1_675' title='bbox 2183 4981 2216 5021; x_wconf 92' lang='lat' dir='ltr'>a</span> <span class='ocrx_word' id='word_1_676' title='bbox 2259 4964 2448 5029; x_wconf 68' lang='lat' dir='ltr'>aratia</span> <span class='ocrx_word' id='word_1_677' title='bbox 2494 4962 2904 5030; x_wconf 82' lang='lat' dir='ltr'>sanctificante,</span> <span class='ocrx_word' id='word_1_678' title='bbox 2944 4970 3001 5021; x_wconf 92' lang='lat' dir='ltr'>et</span> <span class='ocrx_word' id='word_1_679' title='bbox 3050 4981 3152 5039; x_wconf 90' lang='lat' dir='ltr'>per</span> <span class='ocrx_word' id='word_1_680' title='bbox 3196 4965 3361 5021; x_wconf 89' lang='lat' dir='ltr'>illam</span> 
     </span>
    </p>
   </div>
   <div class='ocr_carea' id='block_1_21' title="bbox 3017 5045 3354 5112">
    <p class='ocr_par' dir='ltr' id='par_1_21' title="bbox 3017 5045 3354 5112">
     <span class='ocr_line' id='line_1_112' title="bbox 3017 5045 3354 5112; baseline 0.009 -11"><span class='ocrx_word' id='word_1_681' title='bbox 3017 5045 3354 5112; x_wconf 77' lang='lat' dir='ltr'>informata,</span> 
     </span>
    </p>
   </div>
   <div class='ocr_carea' id='block_1_22' title="bbox 1990 4653 3577 4795">
    <p class='ocr_par' dir='ltr' id='par_1_22' title="bbox 1990 4653 3577 4795">
     <span class='ocr_line' id='line_1_113' title="bbox 3414 4653 3560 4687; baseline 0 0"><span class='ocrx_word' id='word_1_682' title='bbox 3414 4653 3560 4687; x_wconf 70' lang='lat' dir='ltr'>nonm-</span> 
     </span>
     <span class='ocr_line' id='line_1_114' title="bbox 1990 4702 3577 4795; baseline 0.003 -17"><span class='ocrx_word' id='word_1_683' title='bbox 1990 4725 2193 4795; x_wconf 82' lang='lat' dir='ltr'>prim0,</span> <span class='ocrx_word' id='word_1_684' title='bbox 2219 4719 2370 4793; x_wconf 93' lang='lat' dir='ltr'>quod</span> <span class='ocrx_word' id='word_1_685' title='bbox 2399 4720 2532 4778; x_wconf 93' lang='lat' dir='ltr'>licet</span> <span class='ocrx_word' id='word_1_686' title='bbox 2559 4721 2778 4779; x_wconf 85' lang='lat' dir='ltr'>attritio</span> <span class='ocrx_word' id='word_1_687' title='bbox 2804 4722 3118 4779; x_wconf 86' lang='lat' dir='ltr'>secundum</span> <span class='ocrx_word' id='word_1_688' title='bbox 3157 4740 3217 4780; x_wconf 87' lang='lat' dir='ltr'>se</span> <span class='ocrx_word' id='word_1_689' title='bbox 3245 4739 3360 4779; x_wconf 91' lang='lat' dir='ltr'>non</span> <span class='ocrx_word' id='word_1_690' title='bbox 3379 4702 3577 4795; x_wconf 51' lang='lat' dir='ltr'>:ciffi-2¹3-</span> 
     </span>
    </p>
   </div>
   <div class='ocr_carea' id='block_1_23' title="bbox 1996 4798 3556 4875">
    <p class='ocr_par' dir='ltr' id='par_1_23' title="bbox 1996 4798 3556 4875">
     <span class='ocr_line' id='line_1_115' title="bbox 1996 4798 3556 4875; baseline 0.001 -18"><span class='ocrx_word' id='word_1_691' title='bbox 1996 4801 2234 4858; x_wconf 87' lang='lat' dir='ltr'>sufficiat</span> <span class='ocrx_word' id='word_1_692' title='bbox 2265 4800 2335 4857; x_wconf 90' lang='lat' dir='ltr'>ad</span> <span class='ocrx_word' id='word_1_693' title='bbox 2364 4801 2767 4859; x_wconf 88' lang='lat' dir='ltr'>remissionem</span> <span class='ocrx_word' id='word_1_694' title='bbox 2792 4808 3146 4875; x_wconf 90' lang='lat' dir='ltr'>peccatorum</span> <span class='ocrx_word' id='word_1_695' title='bbox 3169 4803 3363 4860; x_wconf 83' lang='lat' dir='ltr'>venia-</span> <span class='ocrx_word' id='word_1_696' title='bbox 3403 4798 3556 4835; x_wconf 74' lang='lat' dir='ltr'>nones.</span> 
     </span>
    </p>
   </div>
  </div>
 </body>
</html>
