3647 5753
442 302 543 358 150
1455 298 1547 352 DE
1587 296 1858 353 GRATIA
1896 297 2235 355 EFFICACI.

223 492 430 536 Adversa·
518 447 911 520 Respondetur
969 447 1162 521 igitur,
1216 463 1321 504 nos
1371 461 1487 503 non
1539 459 1795 502 asserere

253 540 390 595 rude·
439 528 774 601 ‘praedictum
805 527 1123 584 Concilium
1150 525 1372 584 errasse
1399 527 1461 582 in
1488 527 1679 598 aliquo
1707 526 1795 582 Fi-

243 596 400 643 ⁶⁰¹³²¹⁰·
444 608 534 664 dei
563 608 826 680 dogmate
852 605 1149 680 (quidquid
1176 607 1268 676 sit,
1300 623 1374 663 an
1412 606 1514 663 hoc
1542 621 1796 662 asserere

438 693 581 746 esset
608 686 1003 755 temerarium,
1030 686 1178 759 quod
1202 685 1352 743 haud
1374 685 1540 742 facile
1558 685 1802 742 Suarius

436 765 748 837 suadebit);
780 766 1021 824 omnino
1053 771 1245 824 tamen
1289 782 1405 824 non
1446 764 1678 822 credere
1705 765 1797 838 ip—

434 865 563 904 sum
595 848 657 906 in
699 847 861 902 nullo
887 845 1148 921 dogmate
1187 862 1429 904 errasse.
1474 849 1620 901 Nam
1651 862 1798 917 prae-

436 928 596 985 dictae
627 927 1040 1000 propositiones
1060 928 1227 1000 longe
1252 926 1494 984 diversae
1515 932 1651 982 sunt
1683 947 1696 981 ε
1728 925 1799 982 ad

439 1008 692 1081 priorem
733 1007 892 1063 enim
937 1006 1141 1062 sufficit
1182 1023 1297 1064 non
1337 1006 1529 1064 adesse
1569 1005 1798 1079 aliquod

444 1088 694 1162 prudens
716 1088 1020 1154 motivum,
1055 1091 1116 1143 ut
1147 1103 1405 1145 errorem
1434 1088 1612 1154 alicui¹
1633 1087 1800 1144 affin-

437 1186 646 1244 gamus
697 1190 709 1225 ε
759 1184 874 1225 non
921 1168 1077 1225 adest
1116 1173 1304 1225 autem
1346 1169 1450 1226 hoc
1493 1168 1796 1234 motivum,

443 1251 673 1325 quando
716 1251 814 1323 qui
858 1250 1074 1322 aliquid
1116 1251 1333 1327 asserit,
1368 1249 1619 1323 procedit
1641 1251 1804 1322 juxta

443 1330 734 1404 principia
773 1331 1044 1386 hactenus
1080 1329 1149 1385 ab
1190 1330 1436 1387 Ecclesia
1479 1346 1595 1386 non
1634 1330 1804 1386 dam-

445 1416 608 1477 nata;
633 1409 893 1467 doctrina
916 1413 1104 1465 autem
1128 1409 1357 1466 Molinae
1377 1411 1487 1480 (cui
1510 1411 1804 1467 existimat

435 1491 680 1547 Suarius
728 1488 872 1546 illud
935 1489 1253 1551 Concilium
1304 1489 1655 1562 praeluxisse,
1714 1492 1803 1548 vel

444 1573 673 1643 favisse)
703 1588 818 1628 non
846 1575 927 1628 est
955 1570 1227 1627 damnata
1249 1568 1319 1627 ab
1341 1572 1590 1629 Ecclesia
1617 1593 1629 1627 ε
1658 1572 1807 1628 unde

447 1652 592 1709 sicut
615 1668 731 1708 non
755 1651 1063 1708 asserimus
1077 1651 1310 1708 Molinae
1327 1653 1671 1709 sententiam
1687 1667 1808 1709 esse

448 1750 705 1791 errorem
754 1734 817 1789 in
863 1732 998 1788 Fide
1014 1757 1028 1800 ;
1077 1735 1154 1788 ita
1201 1748 1318 1790 non
1365 1733 1627 1803 dicimus,
1658 1732 1808 1807 quod

453 1812 598 1870 illud
621 1814 937 1869 Concilium
961 1814 1023 1869 in
1053 1812 1190 1869 Fide
1209 1815 1494 1871 erraverit
1525 1835 1538 1870 :
1570 1829 1809 1887 praeser-

454 1896 558 1950 tim
582 1911 708 1951 cum
735 1893 988 1967 legitime
1012 1893 1182 1966 possit
1208 1895 1437 1966 exponi,
1460 1895 1597 1951 utin
1622 1895 1809 1967 prima

457 1977 824 2048 responsione
841 1975 1207 2033 tradidimus,
1226 1975 1311 2030 Ad
1330 1977 1659 2049 posterioris
1673 1992 1810 2033 vero

458 2056 861 2131 propositionis
889 2056 1191 2112 veritatem
1220 2057 1403 2113 multo
1432 2058 1597 2129 plura
1628 2056 1812 2130 requi-

459 2142 685 2202 runtur,
718 2152 841 2209 quae
881 2137 943 2192 in
972 2137 1074 2193 illo
1108 2137 1361 2194 Concilio
1388 2135 1808 2203 desiderantur,

458 2225 521 2275 ut
571 2217 843 2274 diluendo
895 2218 1151 2292 singulas
1202 2218 1390 2274 Suarii
1450 2217 1813 2290 probationes

456 2300 769 2374 apparebit.

243 2395 430 2452 sotyitur
531 2382 659 2436 2:20.
706 2378 789 2433 Ad
828 2380 1076 2451 primam
1119 2378 1381 2445 dicimuS,
1413 2377 1560 2451 quod
1589 2377 1815 2435 etiamsi

256 2455 428 2545 sssssffi·
460 2460 606 2518 illud
652 2460 971 2517 Concilium
1012 2461 1212 2516 fuisset
1249 2466 1651 2535 congregatum
1698 2475 1814 2515 non

456 2544 643 2600 solum
672 2557 742 2597 ex
772 2540 1051 2613 pluribus,
1084 2556 1287 2596 verum
1315 2542 1489 2597 etiam
1517 2557 1588 2597 ex
1621 2540 1815 2597 omni-

459 2622 564 2678 bus
596 2622 812 2686 Galliae,
846 2626 902 2677 et
929 2622 1251 2677 Germaniae
1279 2621 1626 2693 provinciis3
1658 2620 1818 2676 nihi-

460 2701 715 2759 lominus
753 2703 872 2773 ejus
912 2700 1150 2757 decretis
1192 2717 1308 2757 non
1347 2700 1584 2757 debetur
1624 2701 1818 2758 omni-

459 2780 629 2838 moda
657 2780 839 2846 Fides,
872 2780 1007 2853 quia
1030 2782 1299 2853 generale
1326 2798 1443 2839 non
1472 2781 1599 2847 fuit,
1624 2779 1723 2836 sed
1750 2780 1825 2846 ad,

457 2879 751 2921 summum
795 2862 1107 2929 nationale,
1152 2866 1207 2916 et
1248 2880 1280 2919 a
1320 2863 1462 2921 Sede
1499 2863 1821 2938 Apostolica

460 2961 578 3002 non
620 2942 1018 3016 approbatum.
1068 2944 1140 2997 At
1181 2959 1383 3000 revera
1429 2944 1821 3001 hallucinatur

460 3028 686 3091 Suarez,
709 3022 845 3078 dum
868 3023 1141 3095 conjectat
1163 3023 1269 3095 ipsi
1293 3023 1541 3081 adfuisse
1564 3025 1820 3098 plurium

465 3104 898 3178 provinciarum
927 3103 1198 3159 Praelatos
1236 3120 1307 3159 ex
1347 3119 1432 3170 eo,
1464 3103 1599 3176 quia
1628 3105 1690 3160 in
1719 3105 1823 3160 illo

465 3182 803 3256 praesidebat
827 3180 1114 3238 Antonius
1156 3184 1327 3240 Prato
1355 3184 1823 3257 Archiepiscopus

464 3263 827 3330 senonensis,
853 3262 950 3333 qui
993 3263 1336 3330 Germaniae,
1368 3267 1425 3318 et
1450 3264 1651 3320 Galliae
1693 3263 1826 3323 Psi-

463 3362 587 3402 mas
615 3339 952 3417 appellatur.
987 3346 1132 3399 Nam
1162 3343 1279 3400 haec
1304 3345 1609 3416 appellatio
1648 3345 1825 3417 pluri·

462 3426 568 3482 bus
625 3424 1078 3497 Archiepiscopis
1129 3425 1471 3491 Germaniae,
1522 3431 1579 3482 et
1627 3425 1827 3482 Galliae

461 3502 787 3563 communis
808 3511 908 3572 est,
941 3502 1011 3560 de
1037 3520 1147 3576 qua
1179 3503 1470 3561 decertant
1496 3505 1827 3577 Archiepis-

462 3586 586 3660 copi
603 3585 988 3659 Moguntinus‚
1007 3583 1387 3651 TrevirensiS,
1408 3583 1820 3659 LugdunensiS,

465 3668 769 3739 Aquensis;
797 3671 854 3722 et
882 3664 982 3720 alii
1014 3666 1225 3736 plureS,
1258 3665 1356 3738 qui
1384 3681 1501 3722 non
1526 3666 1828 3739 permitte-

471 3753 602 3805 rent
623 3749 926 3819 Episcopos
951 3745 1060 3801 sibi
1089 3746 1477 3821 suffraganeos
1500 3747 1605 3803 sub
1631 3753 1829 3806 extra-

474 3844 581 3886 neo
634 3828 890 3883 Primate
940 3827 1271 3883 convenire.
1322 3827 1493 3900 quue
1540 3829 1718 3900 liquet
1759 3844 1830 3884 ex

255 3914 462 3959 Antonius
475 3908 698 3965 decreto
726 3906 907 3978 ipsius
934 3906 1194 3972 Concilii,
1223 3906 1319 3962 ubi
1343 3906 1523 3962 dictus
1544 3907 1830 3963 Antonius

285 3967 422 4009 mm·
475 3988 802 4046 Cardinalis
828 3991 1065 4043 testatur
1092 4002 1152 4042 se
1178 4003 1237 4043 se
1264 3987 1321 4043 id
1348 3989 1584 4062 gessisse
1622 3988 1831 4045 suffra-

471 4084 784 4144 ganeorum
813 4082 1088 4123 consensu
1125 4086 1137 4121 :
1167 4066 1469 4134 Dammae,
1490 4068 1694 4141 inquit,
1726 4070 1834 4124 ha-

473 4153 584 4207 bito
605 4149 1096 4221 Suffrayaneorum
1121 4154 1430 4204 nostrorum
1458 4166 1735 4213 consensu,
1767 4167 1835 4204 ac

472 4232 771 4287 multorum
797 4229 995 4294 divini,
1027 4235 1074 4305 et
1108 4227 1341 4283 humani
1373 4231 1525 4299 juris
1551 4232 1835 4302 Interpre-

474 4320 592 4367 (ατη
618 4309 863 4374 consil'iO,
907 4308 993 4362 his
1032 4309 1203 4361 tantis
1241 4309 1407 4364 malis
1443 4310 1754 4378 salubriter,
1784 4317 1835 4365 et

474 4394 714 4448 celeriter
736 4390 1150 4464 providendum.
1180 4391 1326 4454 Quot
1364 4397 1552 4448 aulem
1580 4393 1696 4448 sint
1721 4395 1836 4448 Ar-

481 4470 822 4543 chiepiscopi
846 4470 1190 4526 Senonensis
1216 4469 1590 4545 Suffraganei,
1618 4479 1838 4529 constat

482 4567 552 4609 ex
579 4550 831 4606 Barbosa
872 4551 935 4605 de
973 4552 1170 4624 officie,
1206 4557 1255 4605 et
1290 4558 1551 4623 potestate
1576 4552 1838 4626 Episcopi

299 4647 422 4692 attus
486 4638 632 4706 part.
668 4633 713 4696 l,
745 4633 830 4685 tit.
868 4633 912 4697 1,
945 4648 1064 4703 cop.
1095 4633 1151 4695 7,
1185 4629 1282 4687 ubi
1311 4637 1426 4688 tres
1454 4637 1673 4688 tantum
1701 4633 1840 4688 assi·

290 4699 443 4752 ’ΨΜ
486 4717 641 4787 gnat‚
693 4710 966 4767 videlicet
1015 4710 1453 4777 Nivernensem,
1509 4712 1841 4785 Antisiodo-

489 4808 735 4857 rensem,
754 4793 1288 4849 etTrecensem.En
1310 4792 1379 4849 ad
1401 4809 1571 4865 quam
1597 4811 1838 4867 parvum

495 4888 804 4929 numerum
846 4870 1136 4927 reducitur
1171 4873 1271 4928 ille
1297 4888 1539 4949 magnus
1566 4876 1841 4931 Praelato-

1927 462 2056 501 rum
2080 448 2419 512 Germaniae,
2446 452 2501 504 et
2521 448 2723 504 Galliae
2756 451 3061 522 apparatus
3083 462 3116 502 a
3136 446 3284 501 Sua-

1927 526 2015 582 rio
2042 527 2380 599 propositus.

2001 608 2083 663 Ad
2143 607 2449 665 secundam
2515 608 2761 665 dicimus
2825 624 2942 664 non
3001 611 3278 675 constare,
3299 631 3497 682 mm-

1930 694 2124 743 utrum
2152 688 2296 745 illud
2318 687 2638 744 Concilium
2669 688 2908 744 Parisiis
2934 685 3284 745 celebratum
3298 678 3499 772 &¹2⁸⁰

1929 767 2120 825 fuerit.
2187 770 2316 825 Esto
2379 772 2573 825 tamen
2631 765 2712 823 ibi
2777 767 3127 825 celebratum
3186 766 3282 830 sit,

1929 849 2092 921 eique
2142 849 2468 905 adstiterint
2527 852 2789 906 Doctores
2838 847 3023 904 Studii
3083 846 3289 905 Sorbo-

1932 928 2065 991 nici,
2096 928 2232 1000 quid
2260 928 2396 985 inde
2425 928 2720 995 habemus,
2746 935 2807 983 ut
2827 929 3052 983 omnino
3079 927 3290 982 credere

1930 1010 2215 1065 debeamus
2260 1011 2399 1066 illud
2443 1012 2503 1065 in
2548 1011 2701 1066 nullo
2746 1010 2995 1079 doymate
3039 1010 3292 1065 errasse?

1934 1092 2339 1163 Episcoporum
2380 1096 2464 1147 est
2507 1089 2777 1156 diffinire,
2809 1105 3022 1163 suaque
3063 1089 3289 1146 decreta
3316 1123 3502 1165 Tenum

1935 1173 2195 1228 Romano
2217 1170 2474 1227 Pontifici
2496 1168 2794 1244 subjicere,
2812 1169 2882 1227 ab
2897 1186 3074 1242 eoque
3090 1186 3293 1242 appro·
3330 1171 3494 1223 ¹³1³OE-

1936 1252 2225 1309 bationem
2270 1258 2564 1323 expectare
2607 1273 2621 1308 2
2664 1251 2935 1325 Theologi
2983 1256 3193 1314 autem,
3237 1257 3299 1307 et

1936 1331 2260 1388 Canonislae
2292 1332 2546 1388 Concilio
2587 1347 2702 1387 non
2746 1331 3052 1395 intersunt,
3086 1336 3148 1385 ut
3172 1328 3299 1385 suf-

1938 1412 2188 1487 fragium
2218 1413 2425 1476 ferant,
2457 1410 2553 1467 sed
2583 1416 2644 1466 ut
2676 1410 2946 1466 materias
2979 1408 3301 1466 tractandas

1938 1492 2247 1565 disputent.
2266 1495 2448 1546 Immo
2470 1490 2788 1547 Concilium
2807 1489 3131 1546 Basileense
3151 1491 3303 1545 circa

1939 1574 2174 1630 ultimas
2187 1572 2652 1646 congregationes
2668 1571 3012 1627 infamatum
3034 1576 3136 1637 est,
3152 1571 3304 1643 quod

1942 1653 2337 1712 recedentibus
2397 1654 2674 1716 Praelatis,
2736 1652 2879 1708 solis
2942 1651 3304 1732 presbyteris

1941 1734 2146 1808 majori
2204 1741 2361 1806 parte
2411 1737 2733 1800 constaret;
2787 1740 2844 1788 et
2894 1733 3303 1789 authoritatem

1942 1832 2059 1873 non
2087 1815 2274 1881 habet,
2302 1815 2415 1871 nisi
2445 1814 2507 1869 in
2535 1814 2768 1886 hisquae
2789 1829 2821 1870 a
2842 1814 3095 1869 Martino
3124 1815 3189 1881 V,
3207 1815 3305 1868 Ni-

1941 1895 2097 1953 colao
2119 1898 2187 1961 V,
2212 1901 2269 1952 et
2290 1893 2543 1968 Eugenio
2570 1893 2641 1946 IV
2670 1890 2980 1965 approbata
3006 1896 3157 1948 sunt.

2016 1978 2100 2033 Ad
2138 1977 2368 2033 tertiam
2402 1973 2827 2048 respondemuS,
2854 1973 3084 2028 nullum
3111 1973 3299 2029 'rheo-
3336 1980 3511 2037 Tertia:

1944 2061 2137 2135 logum
2167 2065 2297 2114 ante
2325 2058 2592 2113 Suarium
2626 2055 2880 2111 docuisse
2919 2040 3514 2123 assistentiamoeffi'ssf'·

1945 2141 2189 2215 Spiritus
2228 2139 2406 2195 sancti
2446 2137 2585 2194 adeo
2625 2135 3017 2192 infallibiliter
3046 2135 3305 2208 promitti

1945 2220 2184 2283 duobuS,
2217 2221 2307 2274 vel
2351 2217 2533 2273 tribus
2561 2217 2624 2271 in
2652 2216 2773 2289 ejus
2800 2215 3038 2271 nomine
3065 2231 3309 2288 congre—

1945 2302 2092 2376 gatis
2121 2299 2190 2356 ad
2224 2296 2647 2358 decernendum
2678 2295 3095 2352 controversias
3123 2294 3302 2360 Fidei,

1950 2389 2011 2439 ut
2044 2387 2176 2439 ante
2215 2378 2709 2437 confirmationem
2739 2376 2961 2434 Summi
2992 2375 3305 2442 PontificiS,

1947 2463 2044 2535 qui
2092 2466 2177 2519 est
2221 2466 2387 2533 caput
2438 2459 2610 2515 totius
2660 2457 2952 2522 Ecclesiae,
3006 2462 3309 2522 teneamur

1949 2548 2170 2605 omnino
2190 2543 2397 2600 credere
2419 2542 2539 2596 illos
2554 2543 2613 2595 in
2640 2541 2789 2595 nullo
2809 2540 3055 2610 doymate
3074 2557 3304 2595 errasse.

1952 2630 2135 2683 Immo
2160 2629 2380 2682 constat
2406 2623 2756 2696 oppositum3
2804 2639 2939 2678 nam
2983 2622 3307 2678 Concilium
3346 2621 3487 2712 [Alter

1952 2705 2399 2780 Carthaginense
2437 2702 2542 2759 sub
2571 2706 2635 2759 D.
2666 2703 2953 2776 Cypriano
2991 2718 3308 2777 congrega-
3363 2682 3516 2723 '¹⁶⁰⁵’

1953 2792 2094 2860 turn.
2110 2792 2165 2842 et
2179 2785 2442 2844 omnium
2461 2782 2843 2846 nationalium
2867 2781 3312 2839 celeberrimum

1953 2869 2164 2940 (utpote
2200 2865 2291 2921 cui
2342 2861 2678 2933 assistebant
2716 2861 3037 2935 octuaginta
3062 2863 3318 2936 quinque

1956 2946 2234 3021 Episcopi,
2279 2961 2353 3002 ex
2392 2943 2598 3015 quibus
2643 2945 2835 3015 plures
2879 2942 3115 2999 fuerunt
3155 2945 3317 2999 Mar-

1954 3035 2128 3102 tyreS,
2161 3028 2252 3083 vel
2292 3026 2473 3080 sancti
2504 3023 2882 3088 ConfessoreS,
2927 3028 2988 3077 ut
3027 3022 3320 3095 colligitur

1954 3124 2027 3165 ex
2050 3107 2290 3179 epistola
2318 3107 2371 3160 S.
2415 3103 2689 3179 Cypriani
2728 3102 2799 3159 ad
2838 3102 3209 3174 Jubaianum)
3247 3101 3322 3159 de

1956 3189 2100 3246 facto
2138 3187 2377 3253 erravit,
2422 3185 2561 3240 dum
2597 3184 2866 3240 diffinivit
2905 3183 3220 3256 baptizatos
3246 3183 3322 3239 ab

1964 3269 2246 3326 haereticis
2288 3267 2409 3323 fore
2449 3266 2655 3321 iterum
2699 3263 3081 3336 baptizandos.
3130 3265 3200 3318 Et
3225 3264 3322 3320 hic

1960 3354 2048 3406 est
2076 3348 2423 3405 universalis
2462 3362 2586 3401 mos
2610 3344 2880 3401 'Ecclesiae
2908 3344 3225 3412 Catholicae,
3256 3349 3322 3400 ut

1956 3422 2182 3486 decreta
2206 3428 2595 3485 Conciliorum
2618 3424 2788 3482 fidem
2814 3441 2930 3481 non
2944 3428 3322 3496 extorqueant
3390 3464 3393 3467 1

1959 3508 2275 3583 usquedum
2305 3524 2337 3563 a
2358 3505 2498 3567 Sede
2521 3506 2841 3578 Apostolica
2869 3504 3085 3561 fuerint
3104 3520 3323 3576 appro-

1960 3589 2107 3645 bata.
2154 3591 2275 3652 Qua
2301 3585 2370 3643 de
2395 3602 2562 3642 causa
2604 3586 2735 3641 licet
2768 3584 3086 3642 Concilium
3128 3583 3324 3640 natio-

1961 3671 2093 3726 nale
2127 3672 2234 3725 217
2278 3669 2686 3741 Episcoporum
2735 3667 2992 3723 Ecclesiae
3037 3665 3326 3722 Africanae

1960 3749 2337 3806 damnaverat
2375 3747 2696 3804 doctrinam
2738 3746 2975 3829 Pelagii,
3016 3745 3324 3802 nihilomi-

1962 3847 2071 3888 nus
2091 3830 2478 3887 communiter
2501 3834 2560 3884 ut
2588 3829 2854 3885 haeretica
2880 3842 2995 3884 non
3026 3826 3327 3901 rejicieba-

1965 3918 2058 3968 tur
2085 3918 2390 3983 antequam
2412 3911 2671 3965 Zozimus
2699 3908 2964 3980 Pontifex
2991 3908 3150 3963 illius
3171 3909 3327 3963 Con-

1964 3993 2082 4050 cilii
2106 3992 2329 4049 decreta
2346 3990 2700 4063 approbavit,
2722 3995 2783 4045 ut
2804 3990 2978 4046 refert
2997 3991 3058 4044 D.
3082 3990 3327 4061 Prosper

1969 4073 2032 4128 in
2055 4071 2357 4127 Chronic0.
2384 4070 2702 4127 Videantur
2722 4085 2898 4142 supra
2919 4068 3066 4123 dicta
3091 4068 3247 4140 ἀίει).ι
3275 4068 3321 4133 l',

1965 4173 2027 4211 ca
2075 4192 2086 4203 ·
2118 4156 2173 4220 4,
2207 4156 2237 4222 ἓ
2266 4154 2320 4208 3.

2029 4173 2124 4288 1Ᾰά
2146 4239 2412 4306 quartam
2438 4231 2761 4298 dicendum,
2796 4231 3011 4286 mirum
3034 4244 3155 4285 esse
3174 4226 3327 4300 quod
3370 4238 3534 4332 qvam

1967 4315 2206 4371 Suarius
2237 4313 2591 4387 ignoraverit
2623 4312 2744 4384 J'am
2773 4310 2995 4383 pridem
3029 4308 3098 4366 de
3121 4287 3395 4367 autho-‘¹¹
3419 4300 3545 4333 ''¹⁴¹“

1970 4397 2137 4453 ritate
2178 4395 2337 4449 illius
2371 4394 2610 4450 Concilii
2638 4392 2960 4447 dubitatum
2990 4390 3185 4457 fuisse,
3210 4406 3332 4447 non

1968 4475 2313 4537 clanculum.
2357 4490 2473 4530 non
2522 4473 2586 4529 in
2628 4472 2855 4546 angulis
2895 4477 3081 4535 terrae,
3125 4469 3224 4527 sed
3266 4470 3334 4527 in

1970 4555 2127 4614 orbis
2185 4555 2426 4617 theatro,
2484 4553 2626 4610 urbe
2685 4555 2961 4613 Romana,
3020 4557 3073 4607 et
3137 4566 3335 4607 coram

1971 4638 2208 4692 Summo
2231 4632 2523 4691 Pontifice.
2539 4637 2685 4690 Nam
2709 4633 2772 4689 in
2788 4629 3222 4704 congregatione
3236 4631 3337 4696 41,

1972 4718 2035 4774 in
2076 4716 2377 4790 praesentia
2419 4716 2584 4771 Pauli
2622 4717 2687 4780 V,
2718 4720 2773 4770 et
2811 4712 3005 4770 decem
3052 4709 3343 4768 Cardina-

1975 4798 2121 4854 lium
2149 4795 2361 4863 habita,
2393 4813 2522 4853 cum
2548 4796 2781 4852 Jesuitae
2819 4791 3211 4871 opposuissem
3235 4806 3346 4846 su-

1975 4895 2077 4951 pra
2109 4878 2347 4934 relatam
2385 4878 2790 4934 authoritatem
2828 4873 3089 4940 Concilii,
3134 4872 3345 4928 Domi-

3140 4967 3343 5009 nicam
