3647 5753
1402 429 1605 492 ‘DISR
1648 436 1768 506 vn,
1813 438 1980 496 DUB.
2024 443 2146 500 vn.

293 605 441 661 Deus
464 619 636 677 agens
665 608 980 664 necessario
1009 614 1265 665 moveret
1295 610 1652 666 voluntatem

287 691 536 743 creatam
576 685 648 742 ad
675 686 913 755 bonum,
944 694 999 746 et
1027 690 1146 747 haec
1188 689 1333 746 illud
1362 688 1653 747 infallibi-

289 767 423 822 liter
450 768 920 840 amplecteretur;
946 769 1131 827 adhuc
1152 776 1346 828 tamen
1376 772 1655 829 retineret

289 846 611 904 libertatem
652 847 723 904 ad
754 850 1126 921 peccandum,
1158 856 1213 908 et
1239 857 1652 924 consequenter

288 931 651 1003 prosequutio
673 930 809 988 boni
830 937 976 989 esset
992 933 1314 990 formaliter
1332 933 1514 990 libera
1536 958 1549 999 ς
1577 935 1651 990 li-

288 1012 476 1069 bertas
501 1012 710 1085 quippe
744 1011 979 1070 actualis
1007 1015 1267 1071 consistit
1289 1015 1351 1070 in
1379 1017 1651 1072 exercitio

286 1095 496 1151 actuali
545 1095 857 1151 voluntatis
893 1111 1023 1151 cum
1059 1100 1331 1168 potestate
1372 1095 1442 1152 ad
1471 1112 1650 1170 oppo-

283 1176 484 1232 situm.

75 1253 260 1297 innuitur
363 1258 531 1321 Haec,
583 1256 821 1328 inquam
847 1300 860 1324 ,
913 1273 1029 1314 non
1071 1256 1369 1324 referunt3
1401 1273 1538 1313 nam
1580 1257 1651 1314 ad

99 1303 244 1355 prima.

88 2463 255 2506 D.·rho.

287 1336 540 1409 primam
568 1334 944 1407 obJ'ectionem
974 1336 1399 1409 respondemus,
1431 1336 1580 1409 quod
1600 1336 1650 1394 si

285 1417 593 1489 loquamur
613 1414 683 1471 de
703 1417 1091 1491 contingentia
1120 1417 1182 1472 in
1219 1418 1413 1489 ampla
1454 1432 1650 1489 accep-
1709 1432 1714 1437 ·

281 1499 466 1564 tione,
511 1513 684 1570 quam
725 1515 899 1570 supra
942 1499 1369 1571 praemisimus,
1418 1499 1648 1555 nullum

277 1578 697 1635 inconveniens
729 1585 815 1634 est
858 1578 1163 1636 concedere
1202 1594 1405 1635 omnes
1429 1594 1651 1635 ‚causas

274 1664 494 1716 creatas
516 1673 683 1731 agere
709 1659 1148 1734 contingenter,
1193 1658 1478 1731 siquidem
1519 1674 1650 1716 om-

277 1756 381 1796 nes
420 1744 555 1794 sunt
601 1737 672 1794 ab
722 1738 1036 1796 intrinseco
1082 1737 1452 1795 defectibiles,
1486 1737 1647 1801 Quod

277 1820 544 1890 exemplo
563 1818 881 1874 existentia·
901 1818 1243 1883 declaratur,
1276 1818 1412 1891 quia
1446 1833 1650 1874 omnes

278 1900 679 1971 contingenter
704 1898 958 1954 existunt
996 1915 1125 1955 cum
1161 1899 1285 1954 sola
1313 1898 1646 1954 necessitate

278 1977 727 2052 suppositionis,
772 1978 918 2050 quod
968 1978 1186 2035 fuerint
1238 1977 1562 2050 productaz,
1594 1982 1652 2033 et

277 2064 695 2116 conserventur
742 2074 775 2114 a
824 2062 952 2115 Dee.
1009 2062 1090 2115 lta
1135 2064 1324 2115 autem
1374 2074 1434 2114 se
1481 2056 1652 2113 habet

280 2139 728 2211 unumquodque
755 2140 824 2194 ad
847 2156 987 2207 esse,
1015 2142 1160 2196 sicut
1181 2137 1250 2195 ad
1279 2140 1526 2212 operari.
1554 2138 1651 2193 Ni-

279 2223 600 2278 hilominus
630 2222 905 2294 peculiari
927 2224 1095 2279 titulo
1122 2222 1392 2279 convenit
1418 2215 1664 2277 contin-*

280 2305 474 2378 gentia
499 2304 685 2360 causis
713 2303 1088 2361 inferioribus
1125 2303 1555 2370 sublunaribus‚
1587 2320 1651 2361 ac

285 2382 617 2455 corporibus
662 2382 985 2439 coelestibus
1011 2427 1024 2440 .
1091 2385 1262 2457 Cujus
1306 2381 1649 2440 differentias

291 2463 539 2520 radicem
579 2464 734 2520 docet
762 2466 826 2520 D.
858 2466 1063 2521 Thom.
1124 2466 1141 2520 l
1176 2463 1480 2521 Perilierm.
1528 2465 1644 2522 lect.

302 2545 386 2611 14,
413 2541 509 2598 ubi
535 2559 819 2616 exponens
843 2545 1208 2602 Aristotelem
1233 2545 1423 2617 inquit
1450 2566 1462 2599 ε
1488 2545 1651 2602 Assi-

290 2633 426 2696 9nat
454 2627 714 2681 rationem
741 2627 1146 2699 possibilitatis,
1171 2635 1220 2682 et
1242 2630 1614 2698 continqentiae
1634 2647 1652 2681 .·

289 2708 422 2761 etin
446 2707 533 2760 liis
559 2707 770 2782 quidem
789 2725 905 2783 quse
922 2715 1049 2763 sunt
1075 2726 1111 2763 a
1134 2709 1303 2774 nobis,
1333 2726 1405 2765 ex
1427 2727 1486 2764 eo
1506 2708 1648 2786 quod

286 2805 480 2844 sumus
533 2790 900 2852 consiliatioi,·
927 2791 986 2843 in
1044 2791 1177 2845 aliis
1233 2799 1418 2846 autem
1459 2809 1531 2845 eae
1568 2808 1646 2856 ee,

285 2869 432 2945 quod
451 2870 684 2925 materia
706 2876 781 2925 est
803 2871 862 2924 in
882 2873 1121 2942 potentia
1143 2871 1218 2926 ad
1242 2881 1533 2949 utrumque
1552 2888 1653 2944 op-

275 2952 607 3023 positorum.
656 2948 768 3007 Sed
804 2952 1020 3007 videtur
1062 2952 1168 3008 hec
1204 2956 1352 3009 ratio
1397 2970 1504 3009 non
1543 2969 1652 3007 esse

280 3032 563 3103 sufficiens
583 3049 602 3084 .·
619 3033 761 3087 sicut
786 3035 932 3087 enim
952 3034 1013 3088 in
1039 3034 1351 3105 corporibus
1374 3034 1653 3105 corrupti-

277 3111 487 3167 bilibus
511 3115 749 3167 materia
778 3114 1057 3168 invenitur
1090 3116 1148 3168 in
1172 3117 1414 3186 potentia
1453 3130 1506 3168 se
1544 3115 1651 3169 Ιια-

273 3194 409 3250 bens
426 3194 503 3248 ad
522 3210 650 3260 esse,
674 3201 723 3249 et
751 3210 858 3248 non
882 3211 991 3249 esse
1012 3212 1029 3252 ε
1057 3197 1136 3250 ila
1157 3197 1324 3251 etiam
1360 3198 1420 3250 in
1459 3213 1652 3268 corpo-

272 3276 435 3331 ribus
461 3274 762 3330 coelestibus
783 3277 1062 3329 invenitur
1081 3278 1326 3348 potentia
1341 3275 1416 3329 ad
1433 3275 1651 3331 diversa

272 3357 392 3423 ubi,
444 3363 498 3410 et
536 3356 682 3411 nibil
708 3357 769 3410 in
795 3358 873 3410 eis
896 3357 1073 3410 evenit
1101 3358 1471 3425 continyenter
1495 3399 1508 3423 ,
1560 3356 1651 3411 sed

270 3438 460 3493 solum
511 3454 584 3491 ex
633 3440 963 3493 necessitate.
1014 3436 1167 3492 Unde
1215 3437 1504 3493 dicendum
1548 3444 1645 3504 est,

271 3521 426 3597 quod
450 3518 789 3592 possibilitas
828 3520 1066 3575 materia!
1103 3520 1179 3574 ad
1216 3527 1509 3596 utrumque
1540 3562 1552 3585 ,
1601 3523 1652 3575 si

268 3602 645 3657 communiter·
678 3601 988 3679 loquamur,
1015 3617 1123 3654 non
1150 3607 1224 3655 est
1252 3601 1528 3674 sufficiens
1549 3617 1651 3655 ra-

268 3685 351 3736 tio
371 3682 774 3749 continqentiae,
806 3681 917 3734 nisi
942 3681 1107 3734 etiam
1134 3678 1378 3734 addatur
1402 3696 1473 3734 ecc
1491 3686 1652 3752 parte

262 3761 533 3836 potentia!
569 3762 786 3826 activa,
837 3758 979 3836 quod
1006 3776 1114 3814 non
1133 3761 1205 3814 sit
1226 3761 1448 3815 omnino
1473 3760 1651 3815 deter-

267 3845 505 3897 minata
525 3840 600 3894 ad
624 3858 798 3895 unum
815 3858 834 3906 ,·
858 3840 1110 3915 alioquin
1128 3842 1178 3895 si
1200 3841 1281 3895 ita
1301 3842 1374 3895 sit
1393 3840 1651 3895 determi-

269 3931 413 3980 nata
443 3922 528 3978 ad
550 3940 742 3986 urium,
791 3922 934 3999 quod
979 3922 1236 3994 impediri
1282 3938 1389 3976 non
1430 3929 1602 3994 potest
1633 3965 1646 3987 ,

271 4022 613 4083 consequens
639 4010 734 4069 est,
766 4004 908 4079 quod
926 4004 989 4058 de
1016 4006 1324 4059 necessitate
1343 4004 1568 4059 reducat
1592 4006 1652 4058 in

272 4095 470 4143 actum
489 4086 794 4159 potentiam
813 4087 1097 4157 passivam
1112 4085 1291 4140 eodem
1307 4085 1485 4140 mode.
1504 4084 1653 4149 Quia

272 4183 417 4242 ergo
447 4167 514 4223 in
554 4164 890 4237 corporibus
915 4164 1238 4221 coelestibus
1284 4165 1471 4221 forma
1520 4180 1651 4238 per-

272 4247 425 4305 fecte
451 4246 795 4304 dominatur
822 4246 1096 4312 materiae,
1119 4251 1176 4301 et
1208 4246 1329 4319 ejus
1370 4245 1652 4318 capacita-

273 4334 395 4385 tem
438 4325 731 4399 adaequat,
767 4332 1064 4399 propterea
1091 4325 1348 4382 excludit
1370 4325 1440 4382 ab
1465 4340 1532 4381 ea
1554 4325 1654 4380 in—

269 4406 681 4464 differentiam
726 4403 798 4460 ad
823 4420 962 4471 esse,
994 4411 1051 4461 et
1078 4420 1195 4461 non
1221 4412 1343 4461 esse
1369 4405 1501 4461 talis
1529 4404 1654 4461 for-

270 4503 406 4553 mae,
440 4491 503 4544 et
532 4491 946 4557 consequenter
983 4486 1162 4542 trahit
1204 4485 1274 4541 de
1320 4484 1653 4541 necessitate

271 4569 449 4625 illam
474 4563 554 4621 ad
575 4568 765 4621 actum
779 4563 1249 4631 determinatum,
1269 4570 1388 4621 tam
1401 4562 1646 4629 essendi,

269 4661 456 4721 quam
485 4642 792 4717 operandi.
825 4644 894 4698 Et
921 4644 1024 4701 hac
1077 4646 1301 4702 ratione
1342 4642 1654 4702 excludunt

268 4723 682 4785 communiter
733 4723 1066 4797 Philosophi
1115 4724 1566 4800 contingentiam
1620 4739 1653 4780 a

266 4804 629 4881 corporibus
661 4804 1002 4862 coelestibus.
1050 4810 1331 4866 Caeterum
1360 4808 1421 4862 in
1448 4804 1654 4862 sublu-

269 4884 529 4945 naribus
552 4883 748 4941 forma
768 4899 884 4940 non
905 4886 1148 4959 perfecte
1173 4886 1510 4945 dominatur
1534 4901 1654 4942 ma·

267 4969 457 5035 teriae,
486 4980 603 5022 nec
624 4964 750 5037 ejus
770 4967 1081 5039 appetitum
1103 4970 1301 5036 satiat;
1327 4985 1390 5026 ac
1410 4966 1654 5040 proinde

269 5046 397 5108 'non
423 5043 697 5106 excludit
723 5043 796 5101 ab
833 5060 899 5105 ea
933 5049 1300 5123 capacitatem
1345 5047 1416 5105 ad
1455 5063 1653 5106 essen-

3038 454 3146 507 255

1786 610 1925 666 dum
1964 614 2069 670 sub
2108 618 2361 673 carentia
2401 619 2581 691 ipsius
2622 620 2851 687 t'ormae,
2896 626 2953 676 et
3008 622 3144 678 reci-

1788 692 1981 764 piendi
2012 695 2416 767 impressiones
2432 699 2631 756 formae
2657 701 2994 764 contrarias,
3020 701 3144 773 quas

1786 773 1908 845 ejus
1963 775 2309 833 activitatem
2357 779 2661 845 retardent,
2705 786 2763 837 et
2801 780 3138 855 impediant.

1786 853 1952 911 Unde
1989 856 2174 912 oritur
2211 859 2598 933 contingentia
2640 860 2843 916 horum
2900 861 3144 917 inferio-

1788 950 1936 1002 rum,
1968 941 2085 992 tam
2115 937 2176 992 in
2202 938 2458 1002 essendo,
2513 956 2684 1012 quam
2715 941 2777 995 in
2808 940 3098 1012 operando
3126 963 3138 1005 ;

1783 1017 1917 1088 quia
1939 1017 2018 1074 ita
2044 1024 2193 1086 sunt,
2220 1026 2274 1076 et
2300 1025 2493 1095 agunt,
2527 1027 2586 1076 ut
2616 1021 2832 1094 possint
2860 1037 2975 1077 non
2997 1034 3136 1087 esse,

1782 1102 1840 1152 et
1867 1112 1983 1153 non
2010 1101 2256 1170 operari.
2284 1103 2421 1165 Quas
2457 1101 2600 1157 ratio
2638 1102 2814 1157 etiam
2844 1101 3057 1156 militat
3079 1100 3139 1155 in

1785 1177 2103 1251 hypothesi,
2148 1179 2296 1252 quod
2326 1183 2471 1236 Deus
2500 1187 2691 1256 ageret
2717 1198 2786 1237 ex
2809 1180 3142 1238 necessitate

1786 1266 2018 1326 naturas,
2053 1264 2112 1315 ut
2138 1260 2523 1317 consideranti
2566 1259 2867 1328 constabit,
2913 1264 2968 1317 et
3001 1275 3140 1316 con-

1782 1343 1892 1395 stat
1912 1355 1982 1395 ex
2002 1339 2183 1396 dictis.

1861 1421 2043 1476 Immo
2064 1436 2220 1484 vero,
2248 1421 2370 1492 ipsa
2391 1436 2633 1494 corpora
2656 1421 2922 1487 coelestia,
2943 1436 3142 1492 quam·

1784 1498 1872 1554 vis
1894 1498 2142 1556 habeant
2168 1501 2558 1558 necessitatem
2590 1499 2652 1557 in
2676 1501 2908 1574 propria
2936 1516 3142 1574 opera-

1785 1580 1938 1636 tione
1964 1580 2223 1646 seorsim,
2249 1586 2304 1636 et
2324 1581 2637 1637 secundum
2664 1597 2724 1638 se
2749 1581 3106 1639 considerata
3129 1606 3143 1646 ;

1784 1660 2167 1717 nihilominus
2190 1663 2356 1733 plura
2377 1663 2773 1736 contingenter
2804 1662 3140 1735 producunt,

1784 1741 1919 1812 quia
1939 1741 2100 1797 varie
2119 1758 2185 1821 se
2226 1743 2555 1815 respiciunt,
2588 1748 2643 1798 et
2685 1744 2976 1815 propriam
3006 1758 3145 1815 ope-

1786 1822 2087 1887 rationem,
2124 1827 2327 1892 praeter
2364 1822 2803 1896 uniuscujusque
2834 1822 3143 1894 particula-

1787 1917 1909 1958 rem
1939 1901 2406 1966 inclinationem,
2453 1901 2806 1977 refrangunt.
2843 1905 2914 1957 Ut
2940 1904 3138 1959 Satur-

1787 1999 1894 2038 nus
1914 1997 1982 2038 ex
2009 1996 2069 2037 se
2097 1982 2417 2038 necessario
2451 1982 2769 2056 infrigidat,
2794 1988 2850 2039 et
2871 1984 2961 2039 Sol
2984 1998 3054 2039 ex
3080 1998 3141 2038 se

1785 2061 2103 2119 necessario
2123 2062 2376 2118 calefacit
2411 2083 2423 2117 ε
2452 2060 2551 2118 sed
2579 2068 2816 2134 possunt
2838 2063 2914 2118 ita
2937 2063 2997 2117 in
3020 2062 3139 2116 suis

1784 2143 1990 2199 sitibus
2033 2143 2282 2215 disponi,
2333 2149 2392 2198 ut
2417 2159 2538 2200 sese
2580 2144 2915 2216 impediant,
2946 2150 3002 2200 et
3029 2144 3142 2199 ali-

1784 2222 1922 2295 quid
1986 2222 2381 2296 contingenter
2449 2222 2778 2295 producant.
2845 2222 3008 2279 Unde
3074 2226 3137 2279 D.

1785 2304 1987 2361 Thom.
2024 2304 2143 2360 loco
2170 2320 2341 2376 supra
2370 2304 2537 2360 citato
2565 2303 2722 2360 addit
2755 2326 2767 2359 :
2802 2327 2827 2357 α
2880 2305 3143 2362 Philoso-

1791 2406 1817 2437 α
1864 2384 2007 2456 phus
2057 2383 2192 2439 dicit
2238 2383 2301 2439 in
2342 2382 2445 2439 lib.
2488 2382 2558 2439 de
2608 2400 2811 2441 somno
2836 2389 2892 2439 et
2922 2383 3139 2458 vigilia,

1790 2487 1817 2516 α
1858 2463 2007 2536 quod
2036 2465 2216 2519 multa
2243 2505 2256 2529 ,
2311 2479 2557 2536 quorum
2585 2464 2749 2537 signa
2780 2464 3147 2536 praeexistunt

1791 2567 1816 2596 α
1860 2544 1923 2598 in
1949 2542 2283 2615 corporibus
2307 2542 2659 2609 coelestibus,
2687 2550 2818 2617 puta
2843 2545 2904 2599 in
2934 2542 3145 2600 imbri-

1792 2650 1816 2678 α
1862 2625 1984 2689 bus,
2010 2631 2066 2681 et
2086 2624 2531 2697 tempestatibus,
2553 2641 2668 2682 non
2690 2626 2988 2692 eveniunt3
3012 2625 3147 2698 quia

1792 2730 1817 2759 «
1860 2707 2070 2763 scilicet
2140 2705 2537 2783 impediuntur
2591 2722 2691 2779 per
2743 2706 3020 2764 accidens
3079 2708 3147 2762 Et

1792 2808 1817 2840 «
1859 2786 2123 2859 quamvis
2152 2784 2295 2842 illud
2323 2787 2497 2843 etiam
2547 2786 3024 2860 impedimentum
3055 2802 3147 2843 se-

1791 2888 1818 2920 «
1859 2864 2111 2923 cundum
2155 2882 2217 2923 se
2262 2865 2684 2924 consideratum
2734 2865 3036 2924 reducatur
3084 2867 3146 2922 in

1792 2968 1818 2998 «
1862 2946 2114 3018 aliquam
2142 2962 2369 3003 causam
2407 2948 2689 3004 coelestem
2723 2971 2737 3014 ;
2787 2953 2981 3003 tamen
3008 2962 3146 3003 con-

1793 3051 1819 3080 «
1861 3044 2059 3084 cursus
2081 3029 2307 3092 horum,
2334 3045 2464 3084 cum
2492 3029 2564 3084 sit
2590 3044 2688 3101 per
2717 3030 2993 3092 accidens,
3028 3046 3146 3086 non

1792 3130 1818 3160 c<
1863 3113 2043 3181 potest
2070 3107 2260 3165 reduci
2291 3109 2353 3165 in
2381 3109 2636 3182 aliquam
2657 3126 2884 3165 causam
2917 3117 3147 3167 natura-

1790 3211 1815 3241 α
1860 3190 1993 3245 liter
2022 3195 2300 3262 agentem.
2351 3210 2374 3240 υ
2419 3187 2579 3253 Quod
2604 3190 2869 3261 exemplo
2896 3189 3146 3247 declarat

1782 3268 1935 3325 idem
1953 3271 2010 3324 S.
2030 3271 2231 3326 Doctor
2258 3270 2276 3323 l
2301 3275 2452 3340 part.
2472 3276 2653 3345 quast.
2690 3271 2807 3337 115,
2838 3277 2947 3325 art.
2969 3271 3023 3334 6,
3046 3269 3144 3326 ubi

1784 3349 1866 3405 ait
1892 3370 1905 3405 :
1935 3371 1960 3401 α
2001 3348 2160 3413 Quod
2190 3347 2418 3419 aliquod
2446 3364 2649 3420 corpus
2672 3354 2944 3405 terrestre
2990 3349 3145 3424 igni-

1793 3450 1819 3481 α
1862 3434 1984 3484 tum
2009 3429 2070 3483 in
2091 3428 2376 3501 superiori
2401 3428 2550 3483 aeris
2575 3434 2731 3499 parte
2751 3435 3070 3501 generetur,
3090 3437 3147 3487 et

1793 3531 1818 3563 α
1860 3508 2127 3565 deorsum
2174 3507 2354 3574 cadat,
2406 3505 2579 3563 habet
2623 3523 2849 3563 causam
2891 3509 3144 3580 aliquam

1793 3613 1818 3645 α
1861 3591 2134 3646 virtutem
2174 3590 2459 3644 coelestem
2489 3631 2501 3644 .
2553 3591 2621 3643 Et
2646 3589 2920 3646 similiter
2945 3591 3143 3655 etiam,

1793 3693 1818 3723 α
1861 3668 2008 3742 quod
2032 3670 2093 3725 in
2119 3666 2420 3740 superficie
2447 3674 2618 3724 terrae
2643 3668 2718 3723 sit
2746 3670 2939 3742 aliqua
2962 3676 3147 3727 mate-

1793 3774 1818 3804 α
1862 3751 1950 3806 ria
1970 3748 2405 3813 combustibilis,
2428 3753 2606 3821 potest
2624 3748 2812 3806 reduci
2832 3751 2892 3805 in
2915 3751 3147 3824 aliquod

1793 3855 1818 3886 α
1860 3832 2084 3889 coeleste
2132 3829 2503 3902 principium.
2545 3828 2653 3885 Sed
2694 3829 2843 3902 quod
2873 3830 3024 3906 ignis
3051 3849 3148 3889 ca—

1792 3935 1817 3965 «
1860 3913 2001 3969 dens
2027 3910 2159 3966 huic
2178 3909 2439 3966 materias
2463 3916 2741 3973 occurrat,
2768 3917 2824 3967 et
2849 3911 3149 3968 comburat

1787 4004 1817 4049 ἀ
1859 4010 1986 4052 eam
2012 4036 2025 4057 ,
2078 4008 2194 4049 non
2240 3990 2408 4049 habet
2434 4008 2662 4049 causam
2692 3993 2920 4066 aliquod
2943 4010 3147 4067 corpus

1789 4099 1815 4130 α
1857 4077 2080 4134 coeleste
2105 4117 2118 4140 ,
2168 4074 2265 4132 sed
2293 4079 2374 4131 est
2405 4089 2503 4146 per
2529 4073 2805 4131 accidens.
2840 4077 2908 4130 Et
2934 4075 3016 4131 sic
3045 4091 3147 4147 pa-

1788 4180 1815 4212 «
1859 4164 1954 4224 tet,
1980 4157 2129 4231 quod
2167 4173 2285 4214 non
2324 4172 2525 4212 omnes
2563 4155 2791 4213 effectus
2828 4158 3145 4214 coelestium

1790 4261 1816 4292 α
1858 4252 2161 4311 corporum
2184 4242 2317 4292 sunt
2344 4252 2415 4293 ex
2439 4236 2789 4294 necessitate.
2823 4256 2848 4289 υ
2881 4239 2963 4292 lta
2984 4252 3141 4311 ergo,

1784 4322 1902 4376 Deo
1940 4323 2140 4392 agente
2165 4333 2239 4374 ex
2277 4317 2610 4375 necessitate
2650 4323 2908 4383 naturas,
2955 4317 3149 4389 plures

1784 4398 2016 4457 effectus
2041 4403 2227 4455 essent
2255 4397 2645 4463 accidentales,
2678 4405 2733 4455 et
2752 4399 3147 4474 contingentes

1786 4495 1888 4553 per
1916 4478 2313 4536 habitudinem
2360 4478 2431 4534 ad
2478 4495 2673 4536 causas
2718 4486 2973 4550 creatas,
3026 4487 3144 4538 tam

1783 4561 2053 4625 coelestes,
2096 4575 2269 4631 quam
2309 4558 2667 4624 sublunares,
2700 4560 2832 4617 lieet
2872 4561 3145 4635 frequen-

1786 4642 1901 4698 tius
1920 4641 2223 4698 evenirent
2245 4656 2343 4713 per
2368 4646 2681 4713 respectum
2705 4641 2775 4697 ad
2793 4642 2947 4711 istas,
2968 4659 3142 4716 quam

1787 4720 1857 4778 ad
1886 4721 2034 4788 illas,
2060 4722 2204 4778 sicut
2230 4721 2300 4778 de
2326 4721 2470 4778 facto
2496 4721 2793 4795 contingit.
2825 4722 3143 4780 videantur

3174 2317 3337 2364 nxrho.

3180 3278 3312 3323 Idem.

1786 4803 2071 4875 Complut.
2097 4801 2427 4858 Abbreviati
2456 4809 2617 4859 tract.
2642 4803 2706 4857 de
2734 4801 2900 4869 Coelo,
2932 4804 3138 4877 disp.4,
3157 4810 3361 4864 complui.

1785 4880 1968 4963 quasti
1991 4887 2044 4948 7,
2076 4881 2172 4939 ubi
2200 4881 2588 4939 difficultatem
2619 4882 2787 4957 hujus
2812 4882 3145 4958 objectionis

1784 4980 1859 5022 ex
1882 4960 2133 5036 professo
2158 4960 2493 5018 discutiunt.

1862 5046 1990 5102 355.
2033 5042 2120 5099 Ad
2140 5043 2447 5100 secundam
2469 5041 2846 5118 objectionem
2875 5044 3141 5114 dicimus,
