3647 5753
225 2151 365 2196 Prima

232 2201 375 2260 objec-

241 2256 321 2295 tio.

215 2971 365 3044 cunda.

366 3104 379 3111 ’
404 3099 798 3160 conditionem
824 3122 840 3166 3
865 3098 1001 3170 ipsae
1026 3097 1235 3169 quippe
1254 3112 1326 3153 ex
1347 3101 1545 3167 suapte
1565 3089 1789 3151 natura'

222 3688 379 3732 Tertia.

205 4439 378 4490 Quarta.

392 426 504 482 540

399 617 425 647 «
455 594 722 668 cujusque
736 615 751 658 ;
775 590 919 646 sicut
958 589 1023 646 in
1063 585 1427 644 naturalibus
1466 583 1748 651 videmuS,

402 698 428 732 α
456 674 606 749 quod
635 673 802 730 aliter
847 677 1156 728 moventur
1183 670 1254 727 ab
1301 670 1423 742 ipso
1448 668 1667 744 gravia,
1698 672 1755 722 et

400 781 428 812 «
458 756 627 814 aliter
656 755 826 820 levia,
874 759 1105 828 propter
1145 751 1436 808 diversam
1486 755 1754 806 naturam

400 862 426 892 «
458 838 777 910 utriusque.
828 838 1011 892 Homo
1052 839 1244 890 autem
1275 830 1590 889 secundum
1619 845 1756 902 pro-

399 944 425 974 «
459 922 649 994 priam
674 925 943 976 naturam
980 914 1167 984 habet,
1192 914 1341 988 quod
1366 915 1441 971 sit
1462 911 1632 969 liberi
1658 928 1755 967 ar-

402 1026 427 1056 «
458 1002 642 1059 bitrii.
700 1003 769 1056 Et
815 999 944 1056 ideo
983 998 1046 1054 in
1091 1013 1188 1063 eo,
1234 996 1332 1070 qui
1379 993 1549 1051 habet
1589 1008 1756 1049 usum

400 1106 425 1136 «
462 1083 631 1141 liberi
681 1080 931 1146 arbitrii,
977 1093 1095 1136 non
1136 1076 1201 1133 fit
1253 1077 1430 1133 motio
1471 1091 1504 1131 a
1534 1076 1646 1131 Deo
1687 1072 1758 1129 ad

402 1189 429 1218 «
447 1165 732 1241 iustitiam
756 1161 967 1235 absque
987 1164 1145 1215 motu
1170 1158 1339 1214 liberi
1360 1155 1589 1212 arbitrii
1618 1175 1631 1210 ε
1661 1152 1758 1210 sed

402 1271 427 1301 «
461 1248 542 1303 ita
582 1244 842 1303 infundit
874 1243 1091 1300 donum
1131 1242 1331 1317 gratiae
1372 1237 1753 1315 justificantiS,

402 1325 607 1400 «quod
634 1327 809 1383 etiam
835 1324 1013 1380 simul
1041 1338 1169 1378 cum
1222 1321 1328 1377 hoc
1373 1323 1566 1374 movet
1611 1316 1760 1373 libe-

402 1431 429 1462 «
462 1425 593 1464 rum
624 1405 932 1463 arbitrium
968 1402 1039 1460 ad
1072 1403 1289 1460 donum
1317 1399 1516 1474 gratiae
1564 1412 1761 1469 accep-

403 1511 430 1542 «
461 1487 701 1546 tandum
733 1486 794 1543 in
825 1485 934 1552 his,
959 1484 1058 1558 qui
1105 1486 1241 1538 sunt
1292 1480 1460 1554 hujus
1487 1476 1761 1535 motionis

404 1594 431 1625 α
460 1586 707 1643 capaces,
740 1589 765 1619 n
812 1565 1067 1624 Eandem
1096 1563 1399 1621 veritatem
1428 1561 1559 1617 aliis
1587 1576 1763 1634 argu-

401 1653 614 1711 mentis
661 1649 912 1710 ostendit
950 1651 1005 1704 S.
1054 1650 1257 1703 Doctor
1317 1647 1336 1701 l
1382 1651 1528 1717 part.
1576 1648 1758 1720 quaest.

398 1737 494 1801 67,
523 1740 632 1789 art.
664 1734 720 1798 2,
744 1738 795 1786 et
841 1733 901 1785 in
941 1728 1034 1784 lib.
1066 1729 1102 1783 2
1140 1725 1294 1785 Sent.
1327 1725 1455 1780 dist.
1487 1725 1542 1790 5,
1576 1730 1758 1801 quaest.

397 1817 454 1884 2,
478 1823 592 1872 art.
632 1817 678 1880 Ι,
709 1822 758 1869 ct
781 1816 840 1868 in
866 1815 922 1879 4,
947 1812 1075 1867 dist.
1114 1813 1198 1875 17,
1223 1816 1332 1865 art.
1366 1809 1419 1874 3,
1446 1808 1757 1885 quoestiunc.

398 1899 455 1964 2,
498 1897 638 1952 etde
682 1893 916 1954 Vct-itate
958 1897 1140 1971 quast.
1169 1891 1263 1956 28,
1309 1896 1421 1944 art.
1460 1889 1514 1953 3,
1539 1892 1595 1943 et
1622 1885 1763 1942 alibi

398 1993 565 2050 saepe.
612 1977 894 2048 Illamque
933 1970 1184 2044 amplius
1225 1966 1603 2026 illustrabunt
1641 1981 1765 2039 quae

403 2055 562 2111 infra
587 2054 863 2111 dicemus

477 2131 532 2185 3.
572 2132 686 2186 Nec
735 2129 929 2193 refert,
997 2125 1047 2180 si
1105 2128 1305 2181 cont-ra
1360 2121 1643 2178 rationem
1694 2121 1761 2177 D.

403 2213 608 2269 Thom.
662 2225 915 2284 opponas
940 2210 1164 2283 primo:
1202 2206 1338 2279 quia
1385 2207 1533 2261 Deus
1574 2206 1769 2258 movet

402 2292 703 2349 hominem
720 2291 887 2364 Juxta
906 2295 1175 2347 naturam
1197 2302 1380 2354 suam,
1409 2281 1768 2341 infundendo

403 2372 516 2445 ipsi
536 2372 788 2446 gratiam
816 2369 1181 2433 excitantem,
1212 2372 1268 2424 et
1290 2367 1489 2421 lumen
1518 2363 1769 2436 prophe-

403 2457 532 2517 tiae;
560 2459 615 2510 et
638 2460 830 2509 tamen
855 2450 922 2507 ad
947 2450 1062 2506 haec
1086 2447 1415 2521 recipienda
1443 2462 1559 2503 non
1584 2445 1775 2519 requi-

406 2538 559 2593 ritur
586 2551 658 2591 ex
685 2541 846 2606 parte
869 2531 1125 2589 hominis
1169 2530 1377 2602 aliquis
1405 2535 1559 2585 actus
1597 2526 1764 2592 liber,

405 2634 519 2691 quo
544 2633 604 2673 se
625 2615 893 2687 disponat
924 2634 937 2668 :
961 2629 1097 2688 ergo
1117 2628 1188 2669 ex
1214 2627 1300 2678 e0,
1327 2610 1474 2684 quod
1500 2607 1772 2684 justifica-

404 2699 486 2754 tio
508 2695 675 2768 impii
702 2696 776 2749 sit
799 2710 832 2749 a
862 2693 977 2750 Deo
998 2697 1266 2748 movente
1293 2690 1590 2746 hominem
1606 2689 1773 2762 juxta

404 2775 643 2834 modum
684 2789 799 2829 suae
847 2776 1085 2837 naturae,
1133 2785 1250 2826 non
1293 2769 1570 2842 sequitur,
1622 2766 1772 2841 quod

408 2858 630 2931 impius
675 2854 878 2912 debeat
902 2869 963 2910 se
1010 2866 1341 2926 praeparare
1379 2848 1453 2909 ad
1488 2849 1771 2924 justitiam

406 2954 509 3012 per
533 2938 783 3011 aliquem
809 2941 1016 2992 actum.
1043 2932 1454 3004 Secundo,quia
1484 2933 1634 2988 Deus
1654 2946 1774 2988 non

409 3024 605 3077 movet
655 3034 851 3076 causas
903 3016 1294 3089 contingentes
1361 3016 1525 3089 juxta
1570 3029 1772 3071 earum

411 3189 611 3259 petunt
642 3199 810 3257 agere
839 3178 1275 3253 impedibiliter,
1322 3184 1378 3236 et
1406 3177 1732 3234 fallibiliter
1757 3199 1771 3243 ;

408 3273 465 3325 et
492 3274 689 3324 tamen
708 3270 883 3340 -prout
913 3266 1222 3319 moventur
1243 3277 1276 3317 a
1318 3263 1453 3329 Deo,
1474 3258 1777 3331 ,infallibi-

408 3351 564 3418 liter,
615 3354 672 3405 et
712 3344 1198 3420 inimpedibiliter
1225 3349 1443 3419 agunt:
1493 3358 1629 3417 ergo
1657 3357 1777 3398 non

413 3435 568 3487 recte
593 3429 811 3503 colligit
838 3429 900 3483 D.
931 3428 1139 3484 Thom.
1170 3425 1420 3497 impium
1449 3421 1656 3479 debere
1682 3438 1778 3478 ac-

408 3517 637 3584 ceptare
659 3509 943 3586 justitiam
969 3505 1138 3563 modo
1154 3504 1266 3561 sibi
1291 3504 1544 3578 propri0,
1571 3517 1779 3575 nempe

413 3592 615 3657 libere,
682 3607 754 3647 ex
797 3606 864 3647 eo
915 3585 1064 3661 quod
1113 3588 1265 3643 Deus
1309 3583 1508 3641 omnia
1552 3586 1780 3640 moveat

414 3671 733 3732 secundum
778 3670 1013 3728 modum
1058 3669 1523 3743 uniuscujusque.
1574 3664 1774 3730 Tertia,

417 3755 691 3827 quoniam
715 3752 948 3824 impiuS,
978 3747 1464 3822 cumjustificatur
1503 3747 1658 3802 intra
1684 3761 1780 3801 sa-

418 3841 800 3900 cramentum,
834 3848 952 3891 non
999 3831 1162 3888 debet
1191 3830 1511 3887 necessario
1551 3825 1779 3899 disponi

420 3918 490 3976 ad
536 3918 821 3991 justitiam
854 3932 954 3988 per
1001 3920 1187 3971 actum
1232 3912 1569 3986 proprium;
1600 3913 1782 3982 potest

418 4000 577 4057 enim
618 3997 914 4055 dormiens
941 4011 996 4052 v.
1045 4010 1100 4068 g.
1147 3993 1429 4066 baptizari
1463 4006 1641 4065 :ergo
1685 3989 1779 4045 vel

418 4084 593 4139 homo
632 4097 702 4137 ex
740 4095 842 4135 sua
865 4082 1074 4134 natura
1102 4091 1221 4132 non
1260 4075 1511 4148 exposcit
1557 4071 1778 4131 moveri

420 4161 603 4219 libere
625 4160 694 4218 ad
718 4158 1022 4232 justitiam,
1054 4156 1148 4212 vel
1190 4158 1338 4212 Deus
1366 4155 1474 4228 ipsi
1519 4154 1783 4226 impertit

418 4244 666 4318 gratiam
715 4254 831 4295 non
885 4237 1102 4313 agendo
1142 4237 1304 4310 juxta
1362 4233 1599 4291 modum
1660 4234 1782 4307 ejus

423 4325 758 4399 proprium;
809 4325 864 4377 et
908 4321 1320 4392 consequenter
1372 4316 1662 4372 discursus
1710 4318 1775 4371 D.

420 4410 625 4465 Thom.
656 4410 740 4461 est
768 4401 1134 4459 insufficiens.
1158 4400 1391 4472 Quarto,
1417 4415 1553 4454 nam
1580 4399 1629 4454 si
1668 4398 1781 4455 ali-

419 4489 550 4562 quis
575 4492 730 4543 actus
759 4483 1147 4555 requireretur
1174 4496 1245 4536 ex
1292 4483 1452 4552 parte
1499 4478 1687 4552 impii,
1721 4485 1783 4535 ut

420 4571 862 4639 consequeretur
888 4562 1191 4638 justitiam,
1225 4559 1457 4618 deberet
1483 4576 1605 4618 esse
1647 4577 1781 4635 per-

418 4649 561 4707 fecte
582 4646 728 4703 liber
758 4644 1020 4700 libertate
1041 4641 1340 4698 sufficienti
1372 4640 1443 4697 ad
1472 4640 1782 4697 incurren-

416 4729 556 4785 dum
583 4732 795 4784 statum
821 4722 1116 4796 injustitiae
1135 4744 1148 4787 3
1166 4721 1591 4778 contrariorum
1620 4721 1779 4791 enim

414 4808 617 4866 eadem
637 4811 720 4863 est
749 4803 896 4859 ratio
924 4822 937 4857 ε
979 4800 1078 4859 sed
1106 4807 1169 4855 ut
1207 4801 1379 4857 homo
1400 4805 1782 4871 consequatur

409 4887 697 4962 iustitiam
718 4885 881 4958 juxta
902 4880 1137 4938 modum
1160 4897 1279 4937 suae
1302 4879 1618 4937 conditioni
1641 4895 1781 4936 con-

416 4983 645 5031 sonum,
686 4980 802 5022 non
847 4967 973 5037 eget
1025 4968 1149 5018 actu
1181 4961 1446 5034 perfectae
1492 4960 1782 5018 libertatis

409 5045 745 5104 sufficientis
760 5041 829 5099 ad
845 5040 1282 5115 peccandum,ut
1297 5046 1450 5115 patet
1473 5041 1538 5098 in
1560 5041 1782 5100 Adamo

378 5314 409 5333 1

1056 417 1151 471 DE
1190 412 1800 470 DISPOSITIONIBL'S
1839 412 1935 465 AD
1974 368 2634 463 jUSTIFICATIONEM.

1884 581 1983 654 qui
2007 581 2070 637 in
2098 578 2298 636 eodem
2329 574 2588 640 instanti,
2621 574 2686 629 in
2711 588 2822 645 quo
2869 563 2979 627 fuit
3003 573 3246 636 creatus,

1887 661 2102 735 accepit
2128 659 2375 734 gratiam
2418 673 2520 729 per
2569 653 2865 728 propriam
2918 650 3252 724 dispositio-

1888 761 2058 812 nem;
2088 749 2144 801 et
2191 749 2387 798 tamen
2423 741 2487 796 in
2514 755 2579 797 eo
2606 737 2851 795 instanti
2875 749 3104 808 peccare
3130 748 3251 790 non

1889 825 2112 899 potuit:
2141 838 2275 896 ergo
2322 826 2384 877 ut
2429 820 2643 892 impius
2675 814 3017 892 justificetur
3072 831 3105 870 a
3138 816 3252 870 Deo

1883 905 2049 979 juxta
2088 900 2324 959 modum
2372 899 2483 956 sibi
2536 913 2873 963 consonum,
2923 911 3040 952 non
3086 892 3253 950 debet
3351 889 3356 892 ’

1890 984 2210 1042 necessario
2235 981 2465 1053 disponi
2492 996 2593 1053 per
2615 978 2867 1051 aliquem
2893 984 3096 1042 actum,

1967 1067 2084 1131 Hae,
2125 1065 2382 1136 inquam,
2415 1061 2759 1135 obJectiones
2801 1074 2916 1115 non
2959 1056 3466 1161 referunt-¹223?

1890 1146 1976 1203 Ad
2005 1145 2257 1219 primam
2278 1140 2585 1199 dicendum
2598 1146 2701 1205 est,
2727 1138 2875 1213 quod
2903 1154 3033 1193 cum
3056 1135 3249 1193 omnis

1892 1227 2149 1284 hominis
2187 1224 2443 1298 operatio
2500 1220 2822 1284 conducens
2867 1219 2938 1275 ad
3003 1219 3246 1275 salutem

1891 1307 2093 1365 debeat
2129 1321 2250 1362 esse
2296 1321 2328 1361 a
2370 1307 2484 1360 Deo
2523 1318 2625 1376 per
2663 1303 2909 1377 gratiam
2956 1304 3244 1366 movente,

1894 1390 2090 1463 nequit
2142 1388 2315 1443 homo
2351 1401 2410 1442 se
2458 1384 2529 1441 ad
2569 1384 2854 1459 justitiam
2904 1395 3245 1454 praeparare,

1894 1473 2009 1529 nisi
2035 1472 2194 1545 prius
2205 1469 2489 1527 excitetur
2512 1483 2544 1523 a
2567 1468 2709 1524 Deo:
2737 1464 2889 1521 unde
2910 1461 2980 1519 ad
2998 1463 3252 1536 primum

1895 1555 2179 1613 auxilium
2233 1567 2351 1608 non
2395 1549 2711 1623 requiritur
2762 1546 2954 1620 aliqua
3000 1544 3255 1601 hominis

1896 1635 2256 1712 praeparatio,
2283 1634 2509 1690 ullusve
2527 1646 2835 1688 consensus
2876 1628 3213 1686 antecedens
3237 1650 3252 1693 3

1895 1719 1993 1776 sed
2022 1718 2208 1792 potius
2235 1716 2425 1788 ipsum
2453 1712 2740 1770 auxilium
2765 1711 2996 1767 inchoat
3020 1708 3256 1765 causali·

1896 1806 1983 1856 ter
2031 1812 2263 1856 omnem
2318 1801 2573 1852 nostram
2637 1791 3138 1865 praeparationem,
3197 1792 3258 1842 ut

1897 1881 2010 1942 late
2030 1875 2414 1950 explicuimus
2453 1878 2613 1929 tract.
2641 1871 2865 1945 praeced.
2896 1871 3040 1943 disp.
3083 1870 3137 1935 5,
3157 1884 3256 1940 per

1898 1967 2087 2016 totam.
2113 1962 2227 2015 Nec
2249 1959 2310 2013 D.
2344 1956 2547 2012 Thom.
2581 1953 2731 2010 hanc
2754 1951 3012 2008 hominis
3033 1963 3253 2022 praepa-

1900 2041 2182 2098 rationem
2212 2035 2462 2110 exposcit
2492 2050 2594 2107 pro
2640 2046 2994 2106 quacumque
3037 2028 3254 2102 perfec-

1899 2118 2056 2178 tione
2081 2136 2113 2176 a
2162 2120 2276 2176 Deo
2325 2112 2694 2188 recipienda;
2736 2111 2835 2168 sed
2875 2115 3099 2165 tantum
3153 2123 3258 2180 pro

1893 2200 2135 2277 justitia,
2163 2215 2286 2271 quae
2304 2202 2390 2254 est
2413 2197 2602 2254 forma
2628 2191 2971 2265 simpliciter
2995 2187 3256 2262 perfecta,

1899 2289 1953 2340 et
1982 2281 2230 2354 impium
2254 2277 2527 2334 transfert
2568 2274 2894 2331 formaliter
2934 2269 3003 2326 ad
3044 2273 3259 2324 statum

1895 2366 2152 2441 justitiae,
2192 2372 2254 2419 ut
2280 2377 2340 2418 se
2368 2359 2614 2432 explicat
2643 2358 2763 2430 ipse
2807 2356 2863 2411 S.
2896 2357 3044 2410 Doct.
3077 2366 3256 2424 supra

1902 2467 1952 2527 q.
1989 2449 2111 2516 109,
2142 2453 2252 2503 art.
2281 2447 2316 2499 7
2345 2442 2420 2498 ad
2458 2443 2511 2503 3.
2556 2441 2646 2496 his
2690 2436 2918 2494 verbis:
2980 2457 3004 2487 α
3051 2434 3262 2491 Dicen-

1907 2551 1932 2582 «
1964 2528 2123 2595 dum,
2153 2525 2302 2600 quod
2330 2524 2434 2579 illa
2461 2520 2699 2597 objectio
2739 2516 2992 2591 procedit
3033 2515 3101 2571 de
3127 2530 3265 2588 gra-

1907 2633 1933 2664 «
1959 2612 2042 2667 tia
2069 2606 2372 2672 habituali,
2408 2604 2478 2661 ad
2524 2618 2697 2677 quam
2726 2599 3046 2671 requiritur
3073 2598 3266 2670 aliqua

1909 2715 1935 2747 «
1968 2691 2345 2767 praeparatio;
2387 2685 2521 2759 quia
2547 2684 2739 2742 omnis
2791 2682 2980 2738 forma
3021 2679 3268 2753 requirit

1910 2795 1935 2825 «
1967 2770 2331 2844 susceptibile
2376 2766 2716 2838 dispositum
2751 2761 2894 2819 :sed
2935 2762 3059 2827 hoc,
3116 2758 3266 2833 quod

1909 2874 1936 2907 α
1968 2853 2141 2910 homo
2192 2853 2493 2909 moveatur
2540 2860 2572 2901 a
2622 2846 2754 2911 De0,
2799 2858 2920 2900 non
2970 2840 3268 2914 praeexigit

1910 2956 1936 2987 «
1966 2934 2222 3007 aliquam
2267 2929 2446 2987 aliam
2485 2924 2821 2989 motionem,
2865 2938 2998 2979 cum
3023 2924 3170 2977 Deus
3195 2919 3270 2975 sit

1913 3039 1939 3070 α
1969 3016 2229 3088 primum
2253 3026 2520 3075 movens;
2546 3004 2700 3065 unde
2720 3021 2838 3063 non
2861 3008 3088 3077 oportet
3107 3002 3269 3058 abire

1914 3118 1939 3150 α
1971 3097 2034 3152 in
2060 3093 2382 3151 infinitum.
2415 3112 2440 3142 n
2470 3092 2540 3144 Et
2561 3086 2631 3144 ad
2657 3088 2713 3153 4,
2739 3084 2969 3141 subdit:
3007 3106 3033 3137 α
3064 3085 3268 3141 Dicen-

1912 3199 1939 3230 «
1969 3176 2130 3243 dum,
2162 3173 2312 3249 quod
2351 3168 2610 3229 hominis
2660 3173 2745 3225 est
2785 3181 3116 3239 praeparare
3145 3163 3264 3221 ani-

1913 3281 1939 3313 «
1971 3275 2155 3326 mum,
2197 3258 2333 3331 quia
2360 3256 2463 3312 hoc
2509 3252 2642 3310 facit
2688 3267 2789 3324 per
2819 3248 3070 3305 liberum
3112 3246 3270 3303 arbi-

1916 3362 1941 3394 «
1971 3340 2150 3396 trium
2174 3364 2186 3406 ;
2225 3336 2324 3394 sed
2388 3343 2583 3392 tamen
2637 3331 2742 3388 hoc
2788 3345 2908 3386 non
2965 3328 3098 3384 facit
3147 3327 3273 3383 sine

1915 3442 1939 3475 α
1974 3420 2194 3478 auxilio
2216 3419 2318 3475 Dei
2340 3415 2710 3480 moventis,et
2736 3410 2807 3468 ad
2832 3427 2893 3468 se
2923 3408 3261 3465 trahentis.»

1911 3505 1980 3558 Et
2007 3503 2141 3559 hinc
2168 3501 2344 3558 etiam
2375 3504 2527 3572 patet
2570 3495 2639 3552 ad
2668 3493 2745 3562 id,
2778 3491 2926 3566 quod
2965 3491 3180 3547 dicitur
3207 3489 3276 3547 de

1912 3584 2137 3641 lumine
2164 3582 2476 3657 prophetiae
2502 3605 2517 3647 ;
2543 3594 2679 3636 nam
2722 3571 3052 3650 huJusmodi
3078 3574 3277 3628 lumen

1913 3683 2030 3725 non
2056 3672 2141 3724 est
2189 3666 2382 3738 aliqua
2409 3663 2596 3720 forma
2634 3659 2935 3730 completa,
2966 3659 3022 3712 et
3060 3653 3277 3711 consti-

1912 3757 2080 3806 tuens
2113 3754 2346 3816 statum,
2379 3745 2478 3803 sed
2523 3741 2983 3801 communicatur
3012 3752 3108 3810 per
3135 3750 3267 3791 mo·

1912 3834 2051 3889 dum
2074 3831 2281 3889 auxilii
2303 3826 2656 3886 transeuntis
2681 3847 2695 3883 z
2720 3821 2875 3880 unde
2904 3835 3020 3878 non
3059 3830 3275 3890 suppo-

1913 3917 2002 3971 nit
2023 3915 2274 3987 aliquem
2295 3927 2365 3967 ex
2388 3915 2548 3983 parte
2587 3905 2846 3964 hominis
2875 3909 3115 3968 motum,
3161 3914 3278 3971 quo

1912 4014 1973 4055 se
1993 3997 2256 4070 disponat
2284 3994 2354 4051 ad
2381 3991 2710 4067 praedictum
2739 3991 2937 4045 lumen
2959 3985 3106 4041 susci
3115 3984 3279 4056 pien-

1912 4079 2075 4135 dum.
2125 4077 2298 4134 Addit
2337 4083 2531 4132 tamen
2574 4075 2631 4128 S.
2681 4073 2744 4126 D.
2797 4072 2860 4125 in
2890 4066 3176 4141 praesenti,
3211 4065 3275 4121 in

1915 4179 2064 4234 resp.
2092 4161 2162 4217 ad
2189 4164 2226 4216 2
2252 4181 2264 4216 :
2299 4180 2325 4212 «
2372 4155 2677 4215 Sciendum
2700 4159 2802 4217 est,
2852 4149 3002 4223 quod
3031 4166 3152 4206 non
3190 4153 3278 4205 est

1920 4265 1946 4297 «
1975 4240 2174 4300 eadem
2200 4240 2346 4298 ratio
2361 4239 2431 4295 de
2453 4237 2603 4293 dono
2624 4233 2936 4306 sapientiae,
2962 4235 3018 4286 et
3038 4228 3110 4286 de
3126 4228 3279 4287 dono

1918 4345 1943 4378 α
1976 4323 2173 4397 gratiae
2184 4318 2587 4396 justificantis:
2632 4331 2769 4371 nam
2809 4311 3027 4369 donum
3067 4310 3272 4384 gratia}

1918 4426 1943 4457 «
1965 4401 2334 4477 justificantis
2347 4400 2632 4474 praecipue
2642 4394 2872 4454 ordinat
2885 4392 3187 4449 hominem
3205 4388 3278 4447 ad

1918 4504 1944 4536 «
1972 4483 2217 4550 bonum,
2243 4480 2392 4555 quod
2423 4486 2511 4538 est
2531 4476 2810 4550 obJectum
2833 4471 3150 4529 voluntatis
3175 4493 3191 4537 3
3221 4477 3281 4527 et

1920 4587 1946 4618 «
1975 4563 2104 4621 ideo
2127 4562 2198 4621 ad
2222 4564 2411 4637 ipsum
2433 4563 2698 4617 movetur
2720 4557 2893 4613 homo
2917 4569 3019 4626 per
3047 4556 3272 4608 motum

1918 4668 1943 4699 «
1975 4642 2409 4716 voluntatis,qui
2425 4646 2508 4697 est
2520 4645 2707 4696 motus
2722 4634 2890 4693 liberi
2908 4631 3280 4691 arbitrii.Sed

1919 4749 1943 4778 «
1975 4726 2258 4799 sapientia
2273 4722 2494 4798 perficit
2508 4716 2993 4789 intellectum,qui
3009 4712 3281 4788 praecedit

1918 4828 1943 4861 α
1975 4807 2331 4865 voluntatem
2367 4824 2379 4859 ε
2404 4802 2555 4859 unde
2582 4797 2790 4869 absque
2811 4794 3093 4865 completo
3115 4800 3279 4851 motu

1918 4909 1944 4940 «
1975 4886 2144 4943 liberi
2175 4884 2404 4943 arbitrii
2434 4885 2613 4957 potest
2634 4877 2960 4935 intellectus
2999 4875 3153 4931 dono
3179 4891 3279 4931 sa-

1921 4990 1947 5020 «
1977 4969 2206 5040 pientiae
2233 4964 2578 5022 illuminari.
2617 4982 2643 5013 »
2669 4956 2830 5025 Quod
2871 4955 3280 5028 proportiona-

1914 5049 2114 5121 biliter
2160 5045 2605 5122 intelligendum
2631 5048 2718 5102 est
2767 5040 2838 5099 de
2883 5038 3126 5167 lumine}1
3139 5052 3279 5167 ptri-o-

3048 5129 3084 5184 p
3129 5127 3160 5169 e
3212 5127 3280 5169 co

2601 5218 2630 5235 *-
