3647 5753
1434 421 1611 477 DISP.
1656 420 1755 487 VI,
1799 420 1965 478 DUB.
2010 422 2056 477 1.
2982 430 3096 486 795

847 601 880 669 9
922 599 991 653 II.

565 759 618 817 E
622 760 815 831 liyitur
830 776 971 832 pars
997 758 1276 828 nepotiva.

38 962 215 1006 ‘onelu-
314 925 371 979 7.
396 920 708 978 Dicendum
738 924 824 977 est
850 936 1190 996 repugnare,
1215 916 1366 993 quod
1408 916 1601 990 prima

47 1010 150 1054 sto.
236 1003 425 1077 gratia
454 1000 765 1058 habitualis
790 1001 1068 1059 cadatsub
1090 1001 1299 1058 merito
1318 997 1599 1073 condigno

40 1091 53 1102 '
81 1061 211 1107 πο·
239 1102 501 1160 operum,
553 1101 679 1159 quae
724 1084 795 1140 ad
841 1100 970 1141 eam
1016 1088 1461 1156 consequuntur.
1519 1084 1601 1137 Ita

240 1167 403 1225 docet
430 1170 492 1224 D.
520 1166 724 1223 Thom.
750 1168 811 1221 in
824 1168 1093 1238 prasenti,
1126 1172 1237 1221 art.
1269 1166 1324 1229 5,
1356 1162 1454 1219 ubi
1482 1162 1596 1218 ait:

246 1273 272 1303 α
310 1254 611 1323 Postquam
635 1254 825 1305 autem
850 1248 970 1321 jam
1003 1248 1212 1321 aliquis
1260 1245 1430 1303 habet
1460 1261 1600 1321 gra-

245 1354 271 1384 «
305 1332 467 1396 tiam,
495 1346 611 1387 non
640 1334 819 1403 potest
856 1331 1043 1404 gratia
1078 1329 1201 1403 J'am
1248 1326 1444 1383 habita
1491 1325 1600 1382 sub

244 1434 272 1465 α
305 1413 513 1470 merito
541 1410 773 1479 cadere;
806 1411 942 1484 quia
970 1425 1186 1467 merces
1205 1413 1292 1466 est
1312 1408 1600 1465 terminus

246 1518 272 1549 «
302 1494 511 1568 operis,
542 1494 728 1569 gratia
756 1508 891 1550 vero
916 1498 1004 1550 est
1036 1491 1390 1565 principium
1418 1491 1601 1564 cujus-

247 1600 273 1631 «
305 1577 444 1635 libet
473 1576 607 1634 boni
638 1576 829 1650 operis
867 1576 932 1631 in
974 1572 1158 1640 nobis,
1189 1579 1250 1630 ut
1277 1590 1451 1647 supra
1476 1572 1599 1629 dic-

244 1682 270 1714 α
304 1666 426 1716 tum
450 1668 552 1718 est.
578 1660 636 1715 Si
667 1674 803 1716 vero
830 1655 990 1715 aliud
1030 1655 1249 1713 donum
1282 1654 1598 1729 gratuitum

243 1762 271 1793 α
305 1741 514 1815 aliquis
556 1745 848 1797 mereatur
895 1739 1110 1794 virtute
1145 1738 1346 1812 gratiae
1390 1751 1602 1810 praece-

246 1844 273 1877 α
303 1823 510 1887 dentis,
533 1824 654 1896 jam
684 1838 803 1880 non
829 1822 943 1879 erit
965 1821 1172 1894 prima.
1211 1818 1377 1877 Unde
1406 1818 1601 1875 mani-

244 1929 270 1959 «
306 1907 511 1963 festum
533 1914 633 1973 est,
657 1903 805 1978 quod
828 1906 1028 1960 nullus
1046 1907 1226 1977 potest
1250 1901 1361 1958 sibi
1386 1902 1601 1959 mereri

247 2010 272 2042 α
305 1989 556 2061 primam
584 1987 852 2060 gratiam.
883 2006 909 2037 »
932 1984 1088 2041 Idem
1113 1984 1316 2057 repetit
1336 1986 1601 2040 S.Doctor

241 2069 375 2126 aliis
402 2068 667 2142 pluribus
692 2068 849 2131 locis,
879 2084 1005 2141 quae
1032 2071 1306 2123 notantur
1347 2066 1413 2121 in
1438 2081 1602 2122 mar-

241 2154 377 2227 gine
405 2152 572 2226 hujus
614 2150 860 2207 articuli.
896 2149 1060 2208 Unde
1098 2150 1178 2206 ita
1217 2148 1602 2206 communiter

37 2255 228 2306 :mmor
244 2232 502 2289 sentiunt
516 2232 844 2289 Thomistae.
870 2230 1179 2304 Capreolus
1201 2231 1261 2285 in
1279 2234 1335 2295 4,
1354 2229 1482 2285 dist.
1518 2230 1598 2294 14,

37 2304 214 2357 Πῑῧθῐ·
244 2322 426 2391 quaest.
453 2316 507 2380 2,
541 2321 651 2370 art.
702 2314 738 2369 3
789 2313 864 2367 ad
898 2329 1017 2382 ary.
1053 2310 1278 2369 Hearic.
1322 2316 1514 2366 contra
1567 2311 1603 2365 2

37 2354 216 2494 {zifgd'f
243 2397 414 2450 conc'l.
440 2395 744 2469 Viguerius
765 2396 825 2448 in
848 2392 1034 2450 Instit.
1059 2391 1292 2465 cap.}9,§
1314 2391 1367 2457 3,
1380 2408 1520 2446 verS.
1543 2392 1598 2456 2,

37 2462 114 2545 12⁶„
135 2462 204 2544 ῗῆ·
246 2478 419 2551 cajet.
448 2482 507 2532 et
533 2474 827 2533 Conradus
855 2473 915 2531 iu
953 2471 1243 2546 praesenti,
1288 2470 1386 2527 ubi
1426 2471 1602 2528 etiam

37 2559 213 2643 ffiunfffi
246 2562 481 2633 Gregor.
532 2557 811 2613 Martinez
854 2556 982 2611 dub.
1016 2558 1060 2621 1,
1092 2555 1262 2610 concl.
1306 2555 1360 2621 3,
1392 2553 1603 2627 Araujo

37 2641 372 2697 afrhomaub.
418 2642 568 2696 unic.
598 2640 771 2696 concl.
803 2641 848 2706 l,
874 2640 1038 2695 Joan.
1071 2654 1103 2694 a
1130 2638 1187 2693 S.
1217 2637 1437 2693 Thoma
1456 2637 1598 2710 disp.

37 2700 214 2791 {222²ss
246 2725 338 2789 31,
382 2731 491 2779 art.
534 2725 580 2788 ι,
632 2724 814 2779 oonet
851 2722 992 2794 disp.
1035 2723 1090 2786 2,
1116 2727 1224 2776 art.
1255 2722 1315 2787 7,
1344 2719 1515 2775 conci.
1553 2721 1599 2785 ι,

37 2800 205 2843 nom.
247 2803 424 2861 Labat
448 2805 577 2860 dub.
608 2804 660 2869 3,
687 2806 719 2872 ξ
754 2804 799 2867 1,
828 2803 1005 2858 Lorca
1028 2800 1169 2874 disp.
1203 2801 1294 2857 50.
1322 2799 1480 2865 Quod
1509 2815 1604 2857 re-

247 2891 445 2958 petunt
465 2903 594 2943 cum
617 2887 672 2941 S.
707 2885 942 2942 Doctore
976 2884 1011 2939 3
1036 2890 1185 2956 part.
1211 2899 1268 2960 q.
1306 2884 1352 2948 1,
1372 2888 1482 2938 art.
1515 2883 1597 2946 11,

40 2994 196 3039 radin.
245 2966 342 3023 ubi
391 2968 625 3024 Medina
667 2966 794 3022 dub.
835 2968 880 3030 1,
935 2968 1140 3022 Nazar.
1171 2970 1498 3020 controvers.
1552 2966 1598 3028 1,

39 3047 204 3137 {¹²²⁸-
242 3056 425 3126 quaest.
465 3049 519 3112 3,
564 3049 807 3103 Alvarez
856 3047 998 3118 disp.
1063 3048 1145 3113 16,
1178 3042 1411 3100 cabrer.
1454 3043 1600 3114 disp.

39 3102 227 3208 ᾧῖιῗὲῗέ
250 3132 295 3194 1,
321 3132 352 3199 ς
375 3130 428 3190 4,
457 3128 795 3185 Vincentius
839 3134 1021 3204 quast.
1073 3128 1127 3190 5,
1160 3131 1269 3180 art.
1301 3124 1355 3188 3,
1408 3122 1603 3194 Godoy

41 3194 379 3294 {ggggfaisp
411 3211 505 3274 50,
530 3214 560 3278 ξ
588 3211 642 3273 2,
668 3209 846 3265 etalii
877 3208 1087 3281 plures,
1121 3203 1275 3261 Idem
1312 3219 1382 3260 ex
1408 3207 1604 3258 extra-

41 3295 207 3334 D-Bon·
241 3291 364 3346 neis
412 3296 646 3347 tuentur
694 3290 756 3344 D.
788 3289 1103 3344 Bonavent.
1155 3286 1216 3338 in
1263 3285 1318 3347 2,
1349 3283 1476 3337 dist.
1504 3283 1598 3345 27,

41 3340 199 3434 {32³1}ss
240 3380 348 3427 art.
375 3373 431 3434 2,
456 3377 639 3448 quoest.
677 3372 722 3434 1,
764 3365 861 3423 ubi
896 3366 1073 3423 etiam
1098 3362 1375 3420 Ricardus
1401 3369 1512 3418 art.
1543 3363 1598 3427 2,

41 3443 224 3533 ῑῖιῐξῇἓξι
243 3458 425 3523 quaest.
462 3452 505 3514 1,
534 3448 782 3504 Gabriel.
809 3452 990 3524 quaest.
1017 3445 1202 3510 unica,
1223 3450 1332 3498 art.
1358 3445 1411 3506 2,
1432 3441 1597 3498 concl.

242 3533 297 3595 2,
330 3530 675 3604 Argentinas
696 3535 807 3584 art.
847 3528 897 3594 3,
930 3525 1097 3582 conol.
1139 3526 1186 3588 1,
1212 3524 1507 3580 Guillelm.
1535 3520 1604 3578 de

43 3635 207 3679 mem,
243 3609 507 3668 Rubione
552 3616 732 3685 quest.
770 3611 826 3675 2,
865 3605 1133 3663 Valentia
1184 3607 1246 3661 in
1295 3606 1399 3661 hac
1453 3608 1498 3670 1,
1542 3605 1598 3669 2,

43 3686 185 3777 {³⁵53
241 3692 385 3764 disp.
414 3692 469 3754 8,
501 3697 683 3768 quast.
733 3691 787 3755 5,
836 3689 1109 3762 punct.4,
1142 3690 1308 3760 Vasq.
1379 3688 1397 3742 l
1445 3692 1601 3758 part.

47 3745 205 3827 nfdi'in'.
239 3774 379 3847 disp.
406 3774 535 3837 229,
562 3791 683 3845 cap.
713 3773 749 3828 3
773 3780 822 3827 et
849 3772 885 3827 3
925 3777 1075 3843 part.
1118 3769 1260 3843 disp.
1296 3770 1389 3834 21,
1417 3786 1594 3840 cap.·..

45 3899 58 3916 .
91 3906 186 3941 m„
242 3852 510 3910 Arrubal.
568 3855 582 3907 1
634 3860 783 3925 part.
827 3852 970 3924 disp.
1001 3853 1093 3915 76,
1130 3868 1251 3923 cap.
1277 3851 1332 3915 2,
1358 3849 1598 3914 Molina,

45 3908 205 3999 'ffugosl
240 3937 467 3999 Torres,
519 3934 759 4006 Rugosa.
810 3936 1027 4004 Gaspar
1076 3928 1349 3996 Hurtado,
1401 3930 1604 3984 Petrus

45 3996 208 4090 ξξζξῗ]
246 4012 519 4077 Hurtado‚
572 4013 869 4076 MeratiuS,
934 4012 1257 4074 Tannerus,
1319 4010 1491 4081 Lug0,
1548 4011 1605 4064 et

47 4100 212 4188 gangr.
246 4096 365 4161 alii,
393 4111 532 4167 quos
570 4111 670 4166 pro
698 4094 801 4149 hac
828 4091 1105 4165 opinione
1148 4090 1325 4147 refert
1352 4087 1604 4161 Ripalda

88 4156 184 4198 ¹¹⁸·
243 4177 383 4250 disp.
416 4179 553 4246 aas
581 4180 635 4233 2.

47 4286 211 4331 pum.
316 4258 596 4317 Probatur
613 4257 801 4330 primo
822 4255 1167 4312 authoritate
1189 4253 1598 4320 conciliorum,

47 4341 210 4380 nenium
242 4345 295 4396 et
320 4341 655 4395 Sanctorum
686 4339 796 4393 PP.
826 4353 960 4392 nam
985 4335 1313 4407 frequenter
1336 4331 1598 4405 probant,

50 4385 228 4479 53¹3?
240 4420 487 4494 gratiam
512 4435 629 4475 non
657 4417 782 4474 dari
810 4434 881 4474 ex
909 4418 1116 4473 merito
1156 4415 1438 4472 bonorum
1467 4430 1607 4487 ope-

244 4519 394 4567 rum,
419 4502 555 4575 quia
581 4501 769 4566 datur,
804 4505 865 4556 ut
898 4499 1043 4556 bene
1071 4513 1395 4572 operemur,
1428 4501 1493 4551 ut
1518 4512 1607 4553 ar-

240 4586 364 4660 guit
406 4588 468 4642 D.
520 4588 754 4659 August.
799 4584 893 4639 lib.
935 4586 991 4651 2,
1037 4590 1228 4638 contra
1267 4581 1409 4636 duas
1445 4582 1600 4652 epist.

244 4666 533 4734 Pelayian.
581 4682 699 4736 cap.
744 4666 800 4729 7,
832 4669 889 4719 et
916 4662 1238 4718 Concilium
1264 4660 1601 4716 Arausican.

244 4750 311 4814 ΙΙ,
360 4765 481 4820 cap.
528 4748 620 4811 25,
668 4743 765 4801 ubi
813 4761 884 4801 ex
921 4743 1043 4799 illis
1090 4741 1282 4798 verbis
1310 4741 1605 4813 Apostoli:

244 4827 689 4888 Misericordiam
735 4832 1093 4903 consequutus
1138 4839 1279 4883 sum.
1330 4829 1390 4876 ut
1434 4821 1611 4892 fidelis

239 4929 423 4976 essem,
450 4909 667 4982 colligit
696 4930 709 4964 :
751 4908 901 4978 Eryo
927 4924 1035 4962 non
1082 4908 1215 4982 quia
1252 4906 1426 4977 fidelis
1453 4914 1604 4971 esset,

240 4995 330 5050 sed
357 5011 427 5048 eae
454 5009 604 5046 mera
633 4990 998 5046 liberalitate:
1028 4989 1183 5060 atqui
1224 4988 1407 5062 gratia
1438 4985 1610 5043 habi-

244 5074 412 5130 tulais
453 5071 641 5137 datur,
675 5076 735 5126 ut
778 5071 853 5127 sit
900 5070 1251 5144 principium
1296 5068 1496 5124 meriti
1540 5066 1610 5124 de

1732 592 2017 667 condigno
2044 592 2116 649 ab
2134 608 2203 651 ea
2222 593 2609 668 procedentis:
2631 610 2767 671 ergo
2790 604 3089 673 repugnat,

1734 675 1884 748 quod
1922 675 2089 734 detur
2128 681 2359 749 propter
2398 679 2588 751 ipsum
2642 682 2942 749 meritum,
2974 681 3097 739 sive

1734 760 1812 829 (et
1838 757 1991 815 idem
2014 757 2183 831 redit)
2202 758 2351 831 quod
2372 759 2532 817 cadat
2554 760 2659 817 sub
2675 762 2885 820 merito
2905 761 3094 835 operis

1733 855 1862 897 eam
1877 843 2291 914 consequentis.
2308 843 2508 919 MaJ‘or,
2527 848 2585 900 et
2599 844 2795 901 minor
2809 849 3089 902 constant.

1735 922 2149 995 Consequentia
2171 940 2308 981 vero
2337 923 2610 998 probatur
2631 948 2644 990 ;
2667 925 2802 996 quia
2832 941 2948 983 non
2978 924 3096 982 mi-

1736 1019 1847 1060 nus
1876 1011 2201 1080 repugnant
2239 1006 2393 1063 inter
2430 1022 2492 1063 se
2517 1006 2766 1081 gratiam
2805 1007 2931 1064 dari
2960 1007 3097 1080 quia

1735 1099 2049 1151 meremur,
2091 1090 2147 1143 et
2172 1087 2419 1161 gratiam
2459 1086 2585 1143 dari
2629 1093 2693 1142 ut
2731 1102 3094 1154 mereamur;

1733 1180 1907 1238 quam
1934 1167 2181 1240 gratiam
2207 1166 2334 1224 dari
2362 1168 2497 1241 quia
2517 1184 2846 1241 operamur,
2883 1174 2939 1225 et
2959 1184 3092 1241 gra-

1734 1246 1877 1302 tiam
1906 1246 2032 1304 dari
2062 1254 2121 1304 ut
2141 1264 2466 1322 operemur,
2502 1255 2565 1305 ut
2601 1265 2673 1306 ex
2712 1250 2983 1307 terminis
3028 1250 3096 1305 li-

1734 1333 1869 1402 quet
1890 1346 1903 1381 :
1936 1346 2071 1404 ergo
2091 1332 2139 1386 si
2156 1333 2318 1405 juxta
2339 1329 2662 1388 doctrinam
2681 1332 3090 1398 conciliorum,

1734 1416 1790 1469 et
1817 1414 2056 1469 Patrum
2084 1410 2350 1484 componi
2381 1427 2498 1468 non
2539 1417 2776 1485 possunt
2803 1411 2922 1469 haec
2960 1411 3092 1479 duo,

1736 1488 1938 1566 Gratia
1963 1490 2132 1546 datur
2155 1498 2215 1546 ut
2256 1508 2553 1564 operemur,
2603 1498 2653 1547 et
2689 1489 2891 1548 Gratia
2932 1493 3101 1547 datur

1735 1577 1868 1653 quia
1895 1591 2188 1647 operamur
2207 1592 2226 1641 ,·
2253 1574 2470 1647 pariter
2489 1574 2756 1645 componi
2783 1588 2900 1629 non
2941 1578 3102 1647 pote-

1737 1656 1833 1720 rit,
1890 1653 2041 1727 quod
2085 1656 2270 1729 gratia
2311 1654 2478 1712 detur
2524 1659 2587 1710 ut
2639 1652 2990 1719 mereamur,
3047 1658 3104 1710 et

1736 1735 1923 1811 gratia
1962 1734 2127 1791 detur
2173 1736 2308 1810 quia
2347 1749 2660 1793 meremur.
2707 1737 2892 1791 Immo
2939 1734 3101 1808 juxta

1737 1816 2041 1873 Concilior.
2085 1821 2143 1874 et
2171 1818 2280 1873 ΡΡ.
2316 1816 2556 1890 phrasin
2585 1816 2824 1873 nomine
2857 1830 3099 1888 operum

1738 1914 1854 1955 non
1908 1898 2086 1963 aliud,
2155 1915 2328 1972 quam
2382 1898 2657 1955 meritum
2726 1897 3096 1971 intelligitur,

1735 1978 1885 2053 quod
1915 1996 2149 2053 prorsus
2187 1978 2489 2037 excludere
2527 1977 2878 2052 satagebant,
2914 1983 2973 2033 ut
3002 1995 3100 2035 ra-

1737 2062 1954 2138 tionem
1997 2060 2137 2119 doni
2175 2061 2416 2119 omnino
2452 2061 2711 2135 gratiosi,
2744 2067 2800 2118 et
2841 2060 3101 2118 liberalis

1736 2143 2051 2200 salvarent.
2081 2146 2397 2202 Senserunt
2422 2144 2619 2218 igitur,
2661 2144 3104 2218 repugnantiam

1742 2225 1966 2282 involvi
2009 2225 2070 2281 in
2095 2241 2180 2284 ρο.
2214 2223 2362 2299 quod
2396 2224 2581 2299 gratia
2622 2241 2746 2299 quaa
2782 2229 2868 2283 est
2907 2224 3102 2281 meriti

1740 2309 2114 2381 principium,
2145 2313 2293 2364 esset
2320 2307 2516 2363 meriti
2548 2308 2871 2379 praemium.

1811 2390 1866 2446 8.
1911 2388 2106 2462 Godoy
2146 2404 2321 2459 supra
2367 2389 2600 2452 relatus,
2644 2387 2774 2444 licet
2826 2385 2991 2445 nobis
3037 2388 3286 2464 mansio.

1739 2468 2056 2526 assertione
2106 2468 2441 2536 consentiat,
2496 2474 2687 2525 censet
2735 2468 2839 2525 hoc
2890 2468 3102 2526 funda-

1738 2557 2001 2609 mentum
2046 2566 2168 2608 esse
2214 2548 2422 2617 debile,
2473 2556 2529 2608 et
2576 2548 2791 2622 duplici
2833 2553 3103 2609 evasione

1737 2634 1861 2707 ejus
1889 2632 2009 2688 vim
2036 2646 2313 2689 evacuare
2333 2637 2571 2689 conatur
2591 2650 2628 2691 a
2650 2651 2804 2688 num.
2821 2636 2877 2691 7.
2902 2635 3102 2692 Primo

1741 2712 2061 2786 respondet,
2118 2712 2392 2777 Concilia,
2449 2718 2505 2769 et
2551 2714 2664 2769 PP.
2715 2711 2853 2769 dum
2904 2718 3101 2771 contra

1739 2796 2102 2871 Pelagianos,
2121 2801 2175 2853 et
2190 2796 2678 2871 semipelagianos
2700 2802 2893 2871 agunt,
2914 2800 3102 2855 solum

1739 2876 2042 2936 intendere
2061 2878 2363 2936 excludere
2385 2878 2594 2935 merita
2617 2878 3011 2937 antecedentia
3032 2896 3104 2937 ex

1736 2959 1964 3017 viribus
1992 2965 2211 3017 naturae
2232 2967 2375 3025 orta,
2404 2976 2521 3017 non
2552 2966 2741 3016 autem
2771 2961 2979 3017 merita
3006 2961 3103 3016 fu-

1739 3046 1869 3097 tura
1914 3057 1988 3096 ex
2037 3042 2222 3114 gratia
2269 3039 2666 3114 procedentia;
2710 3055 2894 3113 neque
2944 3041 3101 3096 enim

1738 3121 1989 3177 haeretici
2021 3122 2125 3177 hoc
2147 3121 2429 3193 posterius
2462 3118 2807 3186 asserebant,
2837 3119 2933 3175 sed
2958 3119 3103 3175 illud

1740 3202 1918 3274 prius,
1965 3202 2288 3273 Respondet
2327 3202 2578 3265 secundo,
2612 3199 3018 3270 Conciliorum,
3049 3207 3116 3259 et¹

1740 3284 1854 3336 PP.
1883 3281 2206 3339 doctrinam
2237 3279 2540 3355 procedere
2559 3277 2631 3336 de
2660 3279 2826 3349 fact0,
2861 3288 2915 3338 et
2940 3284 3106 3358 juxta

1738 3377 2049 3419 consonam
2082 3363 2307 3418 naturis
2335 3377 2531 3419 rerum
2564 3362 3018 3435 providentiam;
3046 3370 3103 3422 et

1738 3443 1801 3499 in
1831 3443 1936 3499 hoc
1957 3458 2127 3498 sensu
2160 3446 2308 3499 recte
2336 3442 2507 3508 valet,
2541 3442 2687 3516 quod
2709 3445 2759 3499 si
2785 3445 2971 3519 gratia
2997 3445 3104 3501 da-

1740 3528 1852 3586 tur,
1893 3528 1953 3578 ut
1980 3538 2329 3589 mereamur,
2364 3538 2481 3580 non
2510 3523 2681 3580 datur
2716 3532 2946 3599 propter
2975 3542 3104 3583 me-

1740 3604 1870 3660 rita.
1898 3606 1979 3658 Ex
2001 3619 2114 3675 quo
2135 3620 2251 3668 non
2279 3608 2428 3660 recte
2454 3604 2724 3671 infertur,
2750 3606 2898 3680 quod
2926 3623 3105 3680 oppo-

1738 3685 1914 3742 situm
1938 3687 2215 3759 repugnet
2238 3702 2338 3759 per
2361 3693 2677 3758 respectum
2695 3688 2765 3744 ad
2790 3691 3102 3762 potentiam

1740 3767 1840 3823 Dei
1863 3765 2203 3833 absolutam,
2231 3765 2301 3823 ad
2328 3781 2500 3838 quam
2524 3769 2794 3836 Concilia,
2819 3775 2875 3826 et
2903 3772 3012 3827 PP.
3039 3786 3106 3828 eo

1739 3846 2258 3921 argumentationis
2279 3862 2488 3921 genere
2512 3865 2627 3906 non
2651 3850 3039 3908 attendebant.

1812 3930 1919 3985 Sed
1943 3935 2183 4001 utraque
2206 3929 2501 4000 responsio
2527 3935 2612 3986 est
2640 3930 3009 3989 insufficiens,
3031 3933 3101 3986 Et
3118 3973 3298 4016 Praecm‘

1741 4009 1929 4082 prima
1955 4008 2188 4082 quidem
2219 4008 2361 4064 falso
2389 4026 2624 4082 prorsus
2651 4012 2926 4069 innititur
2969 4013 3105 4067 fun-
3144 4023 3272 4065 duur.

1738 4090 2038 4148 damento:
2066 4090 2342 4163 quoniam
2365 4092 2813 4168 semipelagiani
2836 4096 3102 4167 (quorum

1737 4189 1966 4231 errores
1993 4171 2275 4230 damnare
2300 4172 2561 4231 studebat
2602 4176 2747 4232 illud
2783 4179 3103 4234 Concilium

1739 4253 2160 4310 Arausicanum
2211 4254 2277 4323 11)
2331 4270 2459 4310 cum
2502 4271 2535 4311 a
2581 4257 2886 4314 Catholicis
2934 4275 3107 4332 urge-

1743 4338 1963 4397 rentur,
2018 4338 2079 4389 ut
2118 4330 2487 4408 designarent
2530 4336 2590 4391 in
2635 4338 2893 4409 parvulis
2935 4354 3120 4411 opera,

1741 4414 2151 4472 antecedentia.
2193 4421 2424 4487 propter
2451 4433 2574 4488 quae
2617 4419 2864 4492 gratiam
2907 4436 3109 4478 conse·

1741 4502 2077 4568 querentur,
2125 4496 2338 4568 illaque
2366 4497 2614 4554 minime
2649 4500 2941 4573 assignare
2984 4517 3109 4573 pos·

1739 4583 1890 4638 sent.
1938 4577 2309 4634 recurrebant
2350 4579 2420 4635 ad
2462 4580 2673 4636 merita
2714 4581 2909 4637 futura
2937 4597 2968 4638 a
2997 4584 3112 4641 Deo

1746 4660 2026 4735 praescita,
2071 4675 2316 4734 quorum
2360 4661 2574 4718 intuitu
2618 4661 2900 4730 dicebant,
2931 4667 3109 4722 Deum

1742 4741 2085 4816 quibusdam
2125 4742 2373 4815 gratiam
2415 4744 2697 4807 conferre.
2740 4745 2873 4800 aliis
2919 4753 3110 4804 autem

1744 4825 2045 4897 denegare.
2081 4824 2281 4896 Liquet
2309 4825 2413 4881 hoc
2437 4825 2734 4883 evidenter
2754 4842 2825 4883 ex
2852 4828 3111 4901 epistolis

1747 4911 1809 4965 D.
1841 4905 2107 4976 prosperi
2131 4903 2200 4960 ad
2231 4907 2284 4962 S.
2313 4910 2547 4982 August.
2576 4908 2676 4965 ubi
2703 4907 2773 4964 de
2794 4911 3113 4984 Semipela-

1746 4990 1938 5065 gianis
1986 4988 2201 5043 refert:
2241 5009 2264 5037 α
2296 4989 2549 5061 Cumque
2591 4990 2744 5047 inter
2788 4993 2903 5047 haec
2945 4995 3116 5051 innu-

1752 5093 1777 5124 α
1808 5067 2187 5127 merabilium
2213 5069 2331 5124 illis
2359 5069 2669 5128 multitudo
2684 5073 2950 5147 objicitur
2982 5091 3112 5146 par-

3129 4960 3309 5003 D.Pros.
