3647 5753
483 371 595 425 456
1436 365 1528 419 DE
1566 366 1596 418 J
1603 364 2099 419 USTIFICATION
2106 365 2150 418 E
2190 364 2395 419 1M1211.

483 552 517 591 a
539 534 727 609 gratia
770 532 1182 591 sanctificante.
1226 533 1387 599 Quod
1426 534 1611 609 magis
1635 532 1852 591 confir-

482 621 603 751 {inat
630 620 887 671 nostram
932 614 1278 683 doctrinam,
1312 620 1372 670 ut
1411 616 1606 672 statim
1632 630 1851 687 expen-

522 712 703 753 emus.

278 790 453 885 {gisilano-
557 778 688 833 224.
737 774 989 834 Secundo
1036 776 1312 849 probatur
1368 775 1567 834 eadem
1613 776 1809 833 minor
1833 799 1848 843 3

164 860 167 863 ’
266 857 758 935 hemeffiquoniam
808 862 962 913 actus
1013 857 1133 925 ille,
1192 859 1414 915 ratione
1457 859 1617 933 cujus
1658 857 1849 914 caeteri

270 939 469 997 simplici·
486 943 641 994 actus
668 938 879 995 habent
918 953 1039 994 esse
1065 937 1408 1010 simpliciter
1433 939 1637 994 vitales
1664 937 1727 992 in
1753 953 1852 994 or-

272 994 452 1083 ῑῗὲζὲιῖ
483 1017 622 1096 dine
659 1018 1109 1090 supernaturali,
1142 1024 1198 1073 et
1238 1019 1467 1084 morali,
1502 1019 1698 1091 nequit
1734 1033 1852 1074 non

268 1090 469 1181 ῧξξξξηξξῧ
484 1114 606 1156 esse
646 1099 988 1171 simpliciter
1019 1098 1211 1154 vitalis
1240 1098 1301 1154 in
1330 1097 1596 1171 praedicto
1623 1097 1848 1165 ordine,

481 1183 644 1256 juxta
668 1180 812 1237 illud
834 1180 1096 1252 :Propter
1115 1182 1259 1259 quod
1284 1181 1699 1258 unumquodque
1719 1180 1847 1246 tale,

485 1271 535 1317 et
563 1262 705 1318 illud
734 1263 915 1331 mayis
950 1280 967 1314 .·
997 1262 1151 1333 atqui
1196 1278 1360 1319 amor
1400 1261 1854 1333 charitatiS,'quo

487 1341 785 1415 diligimus
811 1344 991 1396 Deum
1032 1357 1204 1413 super
1230 1342 1447 1408 omnia,
1480 1346 1565 1398 est
1592 1342 1758 1406 ratio,
1790 1344 1856 1396 ut

486 1423 678 1480 caeteri
707 1427 860 1478 actus
885 1422 1003 1477 sint
1047 1421 1249 1478 vitales
1289 1422 1633 1497 simpliciter
1661 1423 1724 1478 in
1753 1437 1854 1478 or-

487 1504 623 1560 dine
648 1502 1096 1576 supernaturali,
1131 1508 1186 1558 et
1227 1505 1434 1577 mmli
1472 1525 1485 1560 ε
1526 1520 1661 1578 ergo
1701 1518 1855 1575 prae-

488 1585 670 1641 dictus
707 1591 860 1640 actus
904 1587 989 1638 est
1031 1583 1371 1656 simpliciter
1410 1585 1607 1642 vitalis
1647 1584 1709 1639 in
1751 1582 1852 1638 tali

489 1663 693 1721 ordine
723 1685 736 1721 :
767 1678 903 1736 ergo
929 1663 1100 1719 homo
1127 1664 1225 1736 qui
1252 1663 1518 1740 diligeret
1544 1666 1724 1721 Deum
1753 1679 1855 1717 su-

491 1761 591 1819 per
618 1745 816 1801 omnia
862 1759 1058 1800 amore
1083 1744 1397 1812 charitatiS,
1442 1745 1663 1803 viveret
1707 1744 1854 1799 sim-

487 1827 717 1899 pliciter
764 1827 882 1882 vita
907 1827 1352 1897 supernaturali,
1383 1832 1437 1884 et
1466 1826 1695 1883 morali.
1726 1827 1856 1882 Ma-

480 1908 574 1981 jor
599 1949 613 1973 ,
676 1912 733 1963 et
801 1910 1041 1977 utraque
1103 1907 1508 1980 consequentia
1571 1910 1850 1963 constant.

484 1986 680 2041 Minor
721 1990 911 2041 autem
956 1984 1253 2053 suadetur,
1296 1986 1432 2059 quia
1470 1985 1656 2043 caeteri
1703 1990 1857 2042 actus

486 2066 702 2124 habent
747 2083 869 2124 esse
906 2068 1251 2140 simpliciter
1296 2070 1502 2126 vitales
1547 2070 1609 2125 in
1650 2067 1857 2126 ordine

486 2148 935 2222 supernaturali,
957 2154 1011 2205 et
1033 2150 1262 2218 morali,
1291 2156 1570 2223 quatenus
1591 2149 1859 2207 forman—-

492 2234 585 2286 tur
607 2246 707 2302 per
729 2228 993 2286 ordinem
1025 2229 1093 2286 ad
1122 2233 1304 2286 Deum
1333 2231 1606 2286 ultimum
1635 2229 1813 2287 finem
1841 2249 1855 2285 z

486 2313 604 2369 vita
630 2311 839 2384 quippe
860 2311 1110 2373 actualis,
1143 2314 1332 2384 qualis
1351 2315 1538 2370 solum
1563 2317 1742 2385 potest
1763 2329 1858 2368 ac·

434 2394 437 2399 ’
488 2392 638 2449 tibus
677 2393 1008 2457 convenire,
1052 2392 1313 2447 consistit
1351 2393 1642 2466 adaequate
1667 2394 1731 2449 in
1756 2407 1860 2448 eo-

490 2487 619 2526 rum
666 2470 960 2526 tendentia
1012 2470 1081 2526 ad
1127 2488 1296 2527 suum
1342 2473 1644 2546 objectum,
1693 2476 1751 2529 et
1795 2472 1858 2526 in

491 2552 769 2617 relatione
816 2550 888 2607 ad
939 2552 1213 2608 ultimum
1266 2552 1476 2621 finem3
1528 2572 1645 2612 non
1696 2553 1857 2610 enim

490 2639 739 2707 apparet,
768 2633 906 2706 quid
950 2633 1107 2689 aliud
1149 2633 1218 2689 ad
1247 2635 1429 2690 vitam
1458 2638 1757 2703 actualem,
1804 2641 1861 2693 et

492 2713 785 2786 propriam
808 2713 1159 2785 operationis
1185 2714 1375 2769 valeat
1401 2712 1693 2786 pertinere
1724 2736 1737 2771 ε
1768 2719 1858 2771 at-

489 2794 587 2866 qui
616 2810 780 2849 amor
807 2792 1105 2849 charitatis
1132 2793 1380 2858 ordinat,
1407 2801 1462 2849 et
1489 2795 1662 2852 refert
1690 2801 1859 2852 caete-

493 2890 585 2931 ros
635 2880 790 2930 actus
832 2872 901 2929 ad
948 2874 1126 2930 Deum
1171 2872 1442 2930 ultimum
1486 2873 1660 2932 finem
1687 2893 1859 2949 super

490 2957 687 3014 omnia
737 2956 1010 3013 dilectum
1032 3000 1045 3023 ,
1102 2962 1376 3029 tanquam
1431 2958 1501 3014 ad
1555 2960 1858 3031 proprium

489 3054 658 3093 suum
687 3037 969 3112 objectum
1004 3059 1016 3094 :
1047 3054 1182 3112 ergo
1212 3037 1420 3110 reliqui
1466 3045 1618 3095 actus
1646 3040 1860 3096 habent

382 3117 385 3118 ⁷
490 3135 611 3175 esse
649 3117 995 3191 simpliciter
1024 3119 1226 3175 vitales
1254 3118 1315 3174 in
1344 3118 1549 3176 ordine
1573 3137 1858 3193 superna-

492 3200 688 3278 turali,
727 3205 782 3256 et
830 3199 1059 3267 morali,
1093 3199 1315 3256 ratione
1341 3205 1496 3256 actus
1539 3201 1855 3258 charitatis

278 3279 453 3346 numm,
491 3284 670 3346 Quem
707 3281 1029 3337 discursum
1070 3280 1229 3338 docet
1264 3285 1327 3338 D.
1358 3282 1561 3340 Thom.
1598 3283 1860 3356 pluribus

491 3364 553 3419 in
577 3362 733 3429 lociS,
764 3369 819 3419 et
850 3360 1128 3435 p'raecipue
1153 3365 1208 3429 2,
1242 3365 1297 3430 2,
1330 3372 1516 3440 quast.
1538 3366 1630 3430 23,
1663 3365 1854 3435 ανι.8,

492 3444 589 3500 ubi
615 3443 841 3512 inquit:
869 3465 893 3496 «
920 3442 1255 3509 Dicendum,
1280 3443 1429 3516 quod
1459 3445 1519 3500 in
1542 3444 1859 3501 moralibus

495 3547 521 3577 «
555 3525 741 3580 [orma
781 3521 1096 3580 attenditur
1143 3525 1546 3598 principaliter
1584 3541 1655 3581 ex
1699 3531 1882 3597 partc‘

495 3627 520 3656 «
554 3603 705 3659 finis.
758 3603 930 3677 Cujus
979 3604 1125 3661 ratio
1171 3610 1273 3671 est,
1323 3607 1459 3679 quia
1508 3606 1860 3678 principium

495 3707 520 3736 «
553 3684 865 3741 moralium
895 3690 1123 3741 actuum
1151 3690 1235 3741 est
1262 3687 1551 3751 voluntas,
1578 3687 1734 3760 cujus
1754 3686 1862 3742 ob-

498 3786 524 3817 «
549 3765 780 3837 jectum,
812 3770 867 3820 et
895 3765 1056 3837 quasi
1086 3764 1273 3821 forma
1314 3770 1399 3821 est
1440 3764 1593 3823 finis,
1624 3768 1862 3839 Semper

498 3866 523 3897 «
554 3849 743 3900 autem
792 3844 980 3900 forma
1007 3849 1160 3901 actus
1199 3846 1565 3919 consequitur
1612 3846 1861 3903 formam

499 3948 524 3980 «
554 3926 792 3999 agentis.
821 3924 985 3982 Unde
1001 3932 1236 3999 oportet,
1261 3926 1408 3998 quod
1434 3927 1495 3982 in
1519 3927 1857 3993 moralibus,

499 4006 702 4079 «quod
729 4005 825 4062 dat
853 4006 1001 4061 actui
1039 4005 1303 4062 ordinari
1330 4006 1402 4063 ad
1432 4005 1629 4073 finem,
1673 4007 1770 4064 dat
1807 4008 1862 4064 ei

500 4109 525 4140 «
554 4092 609 4142 et
631 4085 898 4143 formam.
933 4087 1305 4143 Manifestum
1328 4093 1414 4144 est
1441 4094 1630 4144 autem
1657 4105 1862 4146 secun-

501 4188 526 4220 «
555 4166 695 4222 dum
722 4166 1006 4238 praedicta‚
1034 4168 1183 4240 quod
1212 4184 1312 4240 per
1334 4168 1672 4225 charitatem
1702 4169 1865 4226 ordi-

501 4269 526 4299 «
558 4252 774 4303 nantur
814 4256 967 4303 actus
994 4247 1260 4303 omnium
1303 4248 1550 4303 aliarum
1584 4250 1864 4306 virtutum

502 4351 527 4380 «
558 4327 630 4384 ad
660 4329 931 4385 ultimum
956 4328 1151 4386 finem.
1180 4331 1248 4384 Et
1273 4328 1589 4386 secundum
1617 4331 1721 4388 hoc
1742 4332 1866 4406 ipsa

500 4429 526 4460 «
558 4407 655 4464 dat
676 4408 925 4466 formam
950 4409 1166 4465 actibus
1187 4409 1453 4465 omnium
1479 4411 1728 4468 aliarum
1750 4412 1866 4468 vir-

501 4509 528 4542 «
558 4492 742 4543 tutum
760 4513 773 4555 ;
791 4495 847 4545 et
867 4506 969 4562 pro
986 4494 1145 4546 tanto
1167 4489 1377 4546 dicitur
1398 4506 1520 4548 esse
1544 4491 1732 4549 forma
1752 4493 1868 4549 vir·

501 4592 529 4625 ct
554 4574 815 4627 tutum.N
822 4588 913 4627 am
929 4576 984 4628 et
998 4571 1133 4645 ipsae
1150 4572 1394 4629 virtutes
1407 4572 1678 4631 dicuntur
1700 4576 1761 4631 in
1778 4591 1869 4632 or-

501 4673 527 4706 «
556 4651 693 4709 dine
722 4650 791 4707 ad
827 4656 982 4707 actus
1009 4652 1308 4710 formatos,
1345 4675 1370 4704 n
1399 4655 1466 4709 Et
1487 4662 1669 4732 quast.
1700 4658 1868 4711 unica

494 4734 558 4787 de
580 4731 799 4790 Charic.
832 4740 941 4788 art.
962 4733 1016 4797 3,
1044 4733 1259 4806 inquit:
1292 4755 1317 4786 «
1342 4735 1407 4790 In
1428 4735 1699 4791 omnibus
1725 4736 1870 4793 acti-

500 4834 525 4864 «
558 4813 664 4869 bus
685 4813 1032 4870 voluntariis
1060 4812 1140 4879 id,
1159 4813 1309 4886 quod
1327 4818 1412 4870 est
1433 4831 1505 4872 ex
1528 4822 1687 4889 parte
1709 4816 1865 4884 finis,

503 4916 528 4946 «
556 4900 643 4952 est
663 4894 929 4953 formale.
949 4894 1109 4960 Quod
1131 4895 1258 4953 ideo
1272 4901 1374 4964 est,
1399 4898 1535 4970 quia
1559 4899 1871 4971 unusquis>-

505 4997 531 5027 «
559 4993 669 5049 que
695 4979 851 5033 actus
882 4976 1152 5047 formam,
1178 4982 1235 5034 et
1266 4977 1512 5050 speciem
1542 4979 1742 5052 recipit
1776 4996 1872 5037 se-

1987 553 2013 584 «
2043 531 2295 588 cundum
2351 530 2601 588 formam
2656 528 2895 603 agentis,
2946 532 3008 582 ut
3058 526 3371 583 calefactio

1990 634 2015 666 «
2042 611 2356 669 secundum
2382 612 2656 668 calorem.
2687 613 2897 665 Forma
2920 613 3110 665 autem
3131 608 3363 664 volun-

1987 714 2013 746 «
2046 692 2176 749 tatis
2201 696 2287 749 est
2311 691 2590 765 objectum
2612 690 2812 763 ipsiuS,
2837 688 2987 761 quod
3007 693 3093 745 est
3111 687 3361 755 bonum,

1989 796 2016 828 «
2043 778 2099 831 et
2125 773 2263 829 finis
2309 794 2322 830 ε
2353 772 2506 830 unde
2532 778 2769 845 oportet,
2803 770 2951 844 quod
2979 770 3060 836 id,
3088 769 3245 843 quod
3270 775 3363 826 est

1989 876 2016 908 α
2043 870 2115 911 ex
2142 860 2302 927 parte
2335 853 2488 919 finis,
2521 855 2595 909 sit
2623 853 2867 909 formale
2895 853 2956 907 in
2985 855 3109 907 actu
3137 852 3364 919 volun-5

1988 958 2014 988 α
2045 936 2196 992 tatis,
2229 936 2604 993 Manifestum
2644 940 2728 991 est
2769 940 2978 999 autem,
3009 932 3160 1005 quod
3199 939 3370 990 actus

1988 1039 2015 1070 «
2046 1018 2314 1074 omnium
2338 1018 2588 1075 aliarum
2618 1019 2900 1073 virtutum
2923 1015 3276 1083 ordinantur
3291 1015 3368 1072 ad

1991 1120 2017 1152 «
2048 1096 2223 1155 finem
2266 1099 2566 1171 proprium
2595 1099 2911 1164 charitatis,
2945 1096 3096 1170 quod
3122 1101 3208 1154 est
3234 1096 3368 1169 ejus

1989 1200 2015 1230 «
2046 1178 2350 1254 objectum,
2375 1179 2590 1236 scilicet
2610 1195 2903 1234 summum
2931 1177 3168 1235 bonum.
3195 1174 3374 1233 Unde

1950 1272 1962 1283 ·
1991 1281 2017 1312 «
2048 1260 2422 1316 manifestum
2449 1264 2555 1324 est,
2586 1258 2737 1331 quod
2760 1260 2823 1313 in
2846 1257 3064 1315 actibus
3090 1257 3363 1316 omnium

1992 1360 2017 1391 α
2046 1338 2329 1396 virtutum
2351 1345 2435 1397 est
2456 1339 2703 1396 formale
2723 1336 2803 1407 id,
2829 1337 2977 1410 quod
2999 1342 3086 1394 est
3104 1353 3176 1395 ex
3197 1341 3368 1411 parte

1990 1441 2015 1472 α
2044 1420 2363 1477 charitatis.
2411 1423 2480 1475 Et
2536 1436 2638 1494 pro
2698 1425 2858 1476 tanto
2907 1419 3125 1476 dicitur
3169 1418 3362 1475 forma

1991 1524 2018 1555 «
2046 1502 2313 1559 omnium
2359 1503 2665 1569 virtutum,
2714 1503 2778 1559 in
2820 1508 3103 1575 quantum
3145 1501 3372 1558 scilicet

1989 1603 2015 1633 «
2048 1597 2246 1638 omnes
2283 1587 2440 1639 actus
2466 1583 2733 1640 omnium
2764 1584 3047 1639 virtutum
3076 1581 3358 1639 ordinan-

1993 1684 2018 1715 «
2047 1667 2142 1716 tur
2168 1661 2238 1717 ad
2260 1679 2556 1719 summum
2579 1663 2792 1720 bonum
2824 1669 3103 1720 amatum.
3136 1665 3204 1718 Et
3231 1663 3376 1734 quia

1993 1763 2019 1794 «
2050 1747 2328 1815 praecepta
2354 1743 2495 1817 legis
2520 1748 2655 1799 sunt
2682 1743 2751 1801 de
2789 1743 3006 1800 actibus
3046 1742 3362 1808 virtutum,

1992 1843 2017 1873 «
2049 1819 2185 1878 inde
2201 1826 2303 1889 est,
2324 1823 2474 1895 quod
2491 1827 2685 1896 Apost.
2709 1824 2847 1880 dicit
2878 1826 2894 1878 l
2926 1822 2997 1879 ad
3020 1823 3276 1879 Timoth.
3306 1824 3366 1878 1:

1992 1926 2018 1958 «
2051 1905 2212 1961 Finis
2238 1907 2502 1978 praecepti
2542 1913 2627 1963 est
2670 1907 2936 1963 charitas
2973 1926 2999 1958 ι)
3052 1907 3123 1960 Et
3162 1905 3227 1960 in
3256 1903 3371 1960 hac

1997 1991 2042 2055 1,
2066 1990 2122 2054 2,
2147 1994 2326 2065 quast.
2353 1990 2447 2054 62,
2472 1997 2582 2047 art.
2614 1991 2648 2044 4
2671 1990 2752 2046 ait
2784 2010 2796 2044 :
2833 2011 2857 2041 «
2888 1987 3106 2044 Ordine
3135 1985 3367 2059 perfec-

1995 2091 2021 2124 «
2051 2069 2225 2125 tionis
2270 2070 2519 2125 charitas
2561 2069 2828 2143 praecedit
2865 2068 3059 2134 fidem,
3089 2075 3148 2126 et
3170 2083 3363 2141 spem,

1993 2171 2019 2203 «
2047 2165 2115 2206 eo
2153 2149 2301 2222 quod
2330 2155 2448 2206 tam
2477 2149 2635 2218 fides,
2680 2154 2854 2223 qu'am
2884 2166 3011 2222 spes
3040 2165 3140 2222 per
3163 2148 3368 2205 chari-

1995 2254 2022 2284 «
2052 2236 2226 2288 tatem
2257 2230 2563 2297 formatur,
2609 2238 2666 2289 et
2695 2231 3101 2304 perfectionem
3128 2229 3374 2288 virtutis

1996 2335 2022 2367 «
2052 2312 2326 2384 acquirit;
2350 2314 2432 2370 sic
2451 2315 2612 2370 enim
2640 2314 2891 2370 charitas
2911 2319 2997 2370 est
3020 2313 3207 2387 maJ'or
3234 2327 3373 2369 om-

1997 2415 2023 2446 «
2053 2393 2219 2449 nium
2247 2393 2550 2461 virtutum,
2583 2398 2641 2450 et
2663 2393 2848 2461 radix,
2884 2393 2948 2450 in
2973 2397 3258 2466 quantum
3285 2395 3378 2448 est.

1997 2496 2022 2526 α
2052 2473 2318 2529 omnium
2341 2471 2547 2540 forma,
2579 2479 2639 2529 ut
2661 2474 2818 2530 infra
2839 2474 3078 2539 dicetur,
3103 2494 3131 2525 ι»
3157 2487 3377 2545 nempe

1990 2563 2170 2632 quast.
2202 2556 2292 2610 65.
2323 2561 2432 2611 art.
2466 2557 2520 2622 4,
2549 2556 2646 2612 ubi
2676 2556 2735 2611 id
2768 2553 3034 2622 ostendit,
3062 2559 3119 2611 et
3140 2556 3201 2609 in
3219 2570 3370 2627 resp.

1989 2638 2063 2693 ad
2092 2640 2138 2704 l,
2165 2638 2282 2694 haec
2304 2637 2511 2694 habet:
2545 2659 2571 2690 «
2593 2636 2927 2703 Dicendum,
2953 2636 3101 2710 quod
3123 2636 3376 2693 virtutes

1997 2740 2023 2771 «
2052 2719 2303 2775 morales
2317 2717 2641 2791 dependent
2657 2735 2689 2774 a
2705 2717 3009 2790 prudentia
3024 2741 3039 2785 ;
3061 2715 3374 2790 prudentia

1995 2822 2021 2853 «
2053 2805 2244 2857 autem
2268 2800 2460 2856 infusa
2484 2815 2586 2856 nec
2609 2800 2891 2857 rationem
2917 2798 3241 2872 prudentiae
3263 2798 3373 2854 ha-

1997 2904 2023 2935 «
2054 2881 2188 2939 bere
2217 2886 2396 2954 potest
2442 2881 2651 2954 absque
2678 2882 2971 2947 charitate,
3005 2885 3196 2953 utpote
3224 2876 3373 2935 defi-

1997 2983 2023 3016 «
2052 2963 2237 3019 ciente
2255 2961 2447 3018 debita
2470 2960 2809 3019 habitudine
2832 2962 2899 3017 ad
2926 2963 3183 3034 primum
3207 2960 3371 3033 prin·

1997 3066 2024 3097 «
2050 3044 2287 3116 cipium,
2319 3042 2470 3116 quod
2496 3047 2581 3099 est
2609 3043 2849 3098 ultimus
2877 3041 3033 3099 finis.
3069 3040 3236 3097 Fides
3263 3056 3371 3096 au-

1997 3146 2022 3178 «
2053 3129 2188 3190 tem,
2232 3128 2289 3179 et
2314 3138 2443 3195 spes
2477 3122 2791 3179 secundum
2820 3123 3084 3196 proprias
3114 3122 3372 3178 rationes

1998 3225 2024 3257 «
2053 3219 2157 3260 nec
2170 3219 2203 3258 a
2220 3201 2546 3276 prudentia,
2564 3219 2667 3260 nec
2681 3219 2713 3259 a
2728 3203 3006 3259 charitate
3020 3201 3364 3276 dependent.

1998 3307 2024 3339 «
2054 3286 2123 3339 Et
2149 3283 2277 3340 ideo
2302 3284 2430 3341 sine
2470 3285 2747 3342 charitate
2772 3300 2893 3341 esse
2937 3289 3191 3356 possunt,
3239 3283 3370 3340 licet

1996 3385 2022 3417 «
2054 3380 2171 3421 non
2204 3365 2321 3420 sint
2355 3363 2598 3422 virtutes
2637 3365 2765 3422 sine
2810 3366 3111 3422 charitate.
3139 3385 3171 3418 w
3207 3363 3365 3420 Idem

1993 3447 2196 3519 repetit
2216 3449 2276 3503 in
2302 3447 2356 3513 3,
2389 3447 2531 3519 disp.
2562 3448 2654 3513 27,
2684 3455 2868 3524 quaest.
2887 3450 2941 3517 2,
2967 3455 3079 3504 art.
3104 3449 3159 3514 4,
3191 3464 3364 3524 quais-

1992 3529 2164 3584 tiunc.
2196 3528 2249 3593 3,
2288 3532 2346 3584 et
2370 3527 2509 3584 alibi
2535 3544 2703 3600 saepe.

2066 3609 2197 3664 225.
2241 3610 2325 3663 Ex
2358 3607 2566 3680 quibus
2589 3609 2926 3681 explicatur,
2957 3613 3013 3665 et
3055 3607 3542 3669 roboraturouodqlii

1994 3689 2246 3761 amplius
2273 3689 2533 3762 probatio
2589 3690 2853 3764 proxime
2892 3689 3124 3747 inducta
3155 3710 3170 3745 ε
3214 3666 3545 3762 quo-²25³&

1994 3768 2156 3824 niam
2185 3768 2464 3841 implicat,
2498 3774 2685 3825 actum
2718 3770 2968 3842 aliquem
3008 3785 3131 3826 esse
3171 3774 3356 3858 actum
3387 3759 3526 3857 ggffig.

3463 3860 3522 3902 det

1997 3929 2262 4003 procedat
2307 3945 2340 3985 a
2379 3937 2587 3988 natura
2625 3930 2880 4005 ejusdem
2909 3930 3178 3997 ordinis;
3222 3944 3356 3987 nam
3377 3912 3539 4006 affl

3452 4010 3490 4064 et
3502 4013 3521 4046 ι

3455 4061 3514 4099 ua.

1993 3849 2246 3915 virtutiS,
2298 3852 2360 3904 ut
2403 3850 2650 3921 explicat
2694 3855 2905 3907 statum
2949 3850 3199 3918 virtutiS,
3248 3849 3459 3957 nisinssen

1995 4010 2200 4077 virtuS,
2227 4016 2290 4067 ut
2329 4009 2535 4067 definit
2562 4011 2961 4084 Philosophus,
2988 4016 3072 4068 est
3111 4010 3359 4085 disposi-
3380 4012 3443 4058 tis.

1999 4178 2290 4239 naturam,
2339 4177 2402 4227 ut
2445 4172 2736 4245 explicant
2760 4174 3151 4231 communiter
3178 4176 3361 4230 Inter-

1999 4260 2184 4327 pretes
2211 4276 2223 4311 :
2247 4254 2346 4312 sed
2367 4261 2522 4311 actus
2542 4257 3027 4328 supernaturaleS,
3049 4255 3365 4313 attenden-

2000 4340 2082 4391 tes
2111 4335 2174 4391 in
2214 4335 2489 4390 ultimum
2520 4334 2718 4404 finem,
2751 4341 2885 4393 sunt
2927 4341 3085 4393 actus
3114 4336 3360 4398 virtutis,

1998 4419 2283 4487 quatenus
2315 4415 2564 4487 explicat
2603 4416 2836 4473 virtutis
2855 4422 3089 4478 statum.
3124 4422 3184 4472 ut
3204 4431 3366 4473 cons-

2000 4499 2082 4551 tat
2108 4512 2180 4553 ex
2200 4496 2550 4553 testimoniis
2579 4499 2644 4553 D.
2675 4499 2880 4554 Thom.
2915 4513 3100 4571 nuper
3124 4497 3318 4554 relatis
3348 4514 3362 4550 ε

1999 4590 2134 4649 ergo
2156 4574 2364 4633 debent
2387 4575 2689 4648 procedere
2704 4593 2736 4633 a
2751 4577 2937 4652 gratia
2958 4575 3358 4641 sanctificante,

2000 4673 2126 4730 quae
2152 4659 2275 4714 sola
2297 4658 2361 4714 in
2388 4658 2594 4715 ordine
2619 4659 3048 4731 supernaturali
3070 4658 3244 4716 habet
3270 4674 3363 4714 ra-

2002 4737 2220 4794 tionem
2250 4742 2489 4795 naturae.
2523 4741 2666 4794 Cum
2693 4755 2830 4813 ergo
2857 4754 3022 4796 amor
3070 4737 3363 4796 charitatis

1999 4817 2316 4896 secundum
2327 4834 2493 4874 suam
2514 4819 2825 4876 essentiam
2846 4819 2921 4876 sit
2941 4817 3083 4877 ordo
3105 4820 3167 4876 in
3190 4817 3361 4875 finem

2002 4899 2277 4955 ultimum
2298 4902 2821 4973 supernaturalem,
2848 4906 2905 4958 et
2918 4901 2993 4957 sit
3012 4901 3189 4957 simul
3205 4899 3360 4964 ratic,

2004 4982 2067 5034 ut
2092 4980 2279 5038 caeteri
2320 4985 2477 5038 actus
2515 4984 2987 5055 supernaturales
3026 4980 3363 5039 ordinentur

3070 5063 3366 5120 actualiter

1996 4092 2077 4148 tio
2098 4091 2351 4164 perfecti,
2383 4090 2443 4146 id
2464 4096 2548 4148 est
2577 4098 2725 4149 recte
2751 4091 3012 4165 dispositi
3048 4092 3357 4149 secundum
3370 4068 3512 4155 ὖηιεωι
