3647 5753
1413 441 1589 496 DISP.
1637 440 1732 505 111,
1777 439 1943 494 DUB.
1989 438 2080 493 lV.
3025 441 3133 495 597

259 613 357 685 qui
387 612 643 669 Concilio
688 612 990 680 interfuit;
1040 616 1096 669 et
1136 618 1330 669 tamen
1367 612 1459 668 lib.
1489 613 1544 677 6,
1567 611 1631 665 in

267 694 409 750 idem
461 694 674 753 Concil.
720 711 844 767 cap.
886 696 979 761 28,
1022 695 1227 750 asserit
1269 697 1466 751 Patres
1491 706 1631 748 con-

260 776 411 832 sulto
439 774 783 832 abstinuisse
814 773 882 831 ab
925 789 1189 847 expressa
1221 774 1519 832 mentione
1548 772 1634 828 di-

262 855 526 914 lectionis
571 856 670 912 Dei
719 872 893 929 super
940 856 1160 925 omnia,
1194 857 1457 913 nolentes
1500 851 1635 909 defi-

264 938 395 995 nire
421 953 548 995 earn
592 938 972 995 necessariam
1018 953 1141 994 esse
1168 935 1238 993 ad
1281 934 1636 1011 justificatio-

266 1034 420 1075 nem.
475 1017 639 1075 Unde
689 1034 758 1075 ex
789 1018 1076 1091 praedictis
1103 1017 1454 1075 testimoniis
1482 1015 1634 1072 nihil

267 1106 447 1174 potest
474 1101 747 1159 adversus
774 1107 1034 1159 nostram
1056 1100 1436 1157 assertionem
1458 1097 1637 1154 effica-

267 1183 409 1239 citer
429 1181 665 1251 deduci;
699 1184 1198 1257 fatemurquippe
1231 1180 1639 1255 dispositiones

271 1270 521 1322 remotas
543 1264 613 1321 ad
632 1264 1103 1339 justificationem
1125 1270 1290 1322 extra
1316 1277 1639 1322 sacramen-

273 1354 420 1413 tum,
452 1352 509 1402 et
532 1346 871 1405 sufficientes
893 1348 1048 1404 intra
1071 1347 1217 1403 illud
1245 1348 1481 1419 (quales
1505 1349 1641 1400 sunt

229 1438 238 1441 Ἴ
276 1443 479 1485 omnes
505 1433 659 1484 actus
682 1428 943 1501 proxime
971 1430 1159 1500 relati)
1189 1444 1308 1486 non
1335 1425 1642 1501 procedere

277 1524 311 1564 a
336 1507 522 1583 gratia
537 1508 942 1573 sanctificante,
974 1508 1073 1567 sed
1097 1508 1167 1565 ab
1191 1509 1307 1566 alio
1329 1507 1638 1582 principio,

277 1591 348 1644 Et
373 1589 479 1645 hoc
516 1592 655 1647 satis
692 1596 834 1658 erat,
868 1596 930 1645 ut
951 1605 1380 1649 occurreremus
1418 1589 1644 1646 Adver-

275 1669 468 1737 sariiS,
512 1669 596 1726 eis
641 1672 941 1744 praecipue,
979 1670 1076 1742 qui
1128 1671 1276 1727 hanc
1319 1669 1643 1727 doctrinam

278 1748 536 1816 tradunt,
569 1754 631 1805 ut
670 1750 1084 1816 Bellarminus,
1111 1755 1167 1806 et
1189 1752 1340 1824 Vega
1367 1770 1379 1804 :
1409 1747 1507 1805 sed
1528 1748 1646 1803 sin-

279 1833 415 1908 gula
444 1832 777 1890 testimonia
801 1831 1160 1905 exponendo,
1191 1832 1376 1906 magis
1402 1846 1646 1905 appare-

281 1912 384 1979 bit,
417 1929 589 1985 quam
614 1930 818 1986 parum
843 1917 1103 1986 urgeant.

1763 623 1978 665 munus
2019 624 2136 667 non
2187 608 2405 683 requiri
2454 609 2631 666 aliam
2676 611 3015 683 qualitatem
3066 610 3137 667 ab

1763 691 1889 765 ipsa
1913 691 2100 765 gratia
2129 689 2478 748 distinctam.
2525 695 2748 751 Contra
2792 695 2941 767 quod
2976 693 3129 750 nihil

1763 774 2053 832 evincitur
2073 790 2145 830 ex
2173 773 2456 848 praedictis
2482 775 2856 835 testimoniis,

1841 856 1935 912 94.
1978 853 2066 910 Ad
2095 855 2348 927 primam
2375 856 2878 913 confirmationem
2906 873 3136 931 respon·
3151 869 3341 974 Dssssfflssff

1768 1021 1916 1076 lium
1956 1039 2015 1076 eo
2036 1037 2156 1093 cap.
2187 1024 2243 1085 7,
2278 1021 2533 1093 loquitur
2560 1020 2631 1077 de
2666 1019 3042 1093 dispositione
3069 1021 3139 1080 ad
3178 970 3323 1064 335·

1765 937 1988 1002 demus,
2020 936 2170 1010 quod
2211 939 2375 1012 juxta
2417 939 2682 1010 proxime
2733 938 2883 995 dicta
2933 940 3138 997 Conci·-

1767 1101 2015 1174 gratiam
2040 1101 2198 1157 intra
2223 1105 2665 1168 sacramentum,
2699 1108 2756 1158 et
2782 1103 2985 1158 asserit
3004 1118 3143 1177 gra-

1768 1184 1914 1239 tiam
1956 1183 2207 1240 cont'erri
2242 1182 2559 1239 secundum
2605 1200 2941 1241 mensuram
2990 1201 3144 1258 prae—

1770 1266 1933 1322 dictas
1954 1264 2349 1339 dispositionis
2370 1290 2385 1333 ;
2404 1266 2540 1339 quia
2563 1266 2693 1324 licet
2713 1282 2785 1324 ex
2811 1274 3021 1323 natura
3041 1283 3147 1325 sua

1773 1350 1996 1403 remota
2022 1345 2115 1411 sit,
2162 1348 2219 1402 et
2257 1347 2604 1413 tantitatem,
2652 1353 2715 1402 ut
2740 1346 2823 1403 sic
2863 1345 3141 1413 dicamuS,

1770 1428 1972 1502 gratiae
2018 1444 2138 1485 non
2178 1428 2426 1495 inferat3
2456 1431 2605 1485 Deus
2646 1434 2843 1485 tamen
2870 1428 3143 1495 decrevit,

1773 1517 1830 1568 et
1879 1509 2030 1584 quod
2052 1511 2226 1568 ¹intra
2264 1518 2695 1569 sacramentum
2748 1512 3048 1579 sufficeret,
3094 1516 3151 1567 et

1774 1592 1923 1665 quod
1940 1593 2105 1665 juxta
2130 1595 2252 1668 ejus
2283 1609 2620 1652 mensuram
2646 1597 2834 1670 gratia
2863 1596 2926 1653 in
2954 1610 3148 1652 sacra-

1775 1679 1973 1731 mento
1998 1675 2379 1732 conferretur.
2411 1677 2521 1746 Sed
2542 1677 2680 1732 hinc
2703 1676 2853 1732 nihil
2883 1674 3148 1742 habetur,

1776 1756 1927 1831 quod
1950 1762 2223 1830 punctum
2266 1759 2564 1831 praesentis
2589 1757 2939 1815 difficultatis
2967 1757 3151 1814 attin-

1777 1844 1891 1914 gat.
1921 1836 2187 1896 Admisso
2215 1842 2429 1906 tamen,
2454 1838 2708 1912 quodibi
2734 1855 2926 1896 sermo
2953 1837 3054 1895 fiat
3078 1839 3179 1915 de„

1780 1919 1998 1978 actibus
2037 1920 2423 1987 contritionis,
2455 1927 2514 1977 et
2560 1922 2875 1987 charitatis,
2925 1922 3023 1995 qui
3066 1921 3152 1977 ul-

63 2008 253 2102 ,rgfflffl
356 1994 444 2050 Ad
471 2001 875 2070 argumentum
900 1993 1296 2069 respondetur,
1324 1993 1649 2051 Concilium

69 2095 336 2150 niumm-³⁰
363 2094 484 2150 cap.
516 2081 570 2144 5,
602 2086 651 2134 et
689 2079 744 2144 6,
777 2094 893 2134 non
920 2077 1130 2146 dicere,
1169 2075 1321 2148 quod
1349 2074 1650 2149 dispositio

67 2156 267 2209 plicatur.
286 2161 490 2216 ultima
507 2158 574 2216 ad
592 2158 1060 2236 justificationem
1085 2157 1385 2231 proveniat
1412 2172 1445 2212 a
1464 2155 1651 2231 gratia

1779 2004 1924 2060 timo
1944 2001 2261 2074 disponunt
2282 2002 2351 2059 ad
2372 2005 2621 2077 gratiam
2643 2009 2805 2061 extra
2826 2018 3151 2060 sacramen-

1782 2089 1925 2149 tum,
1972 2081 2279 2147 dicendum
2306 2091 2409 2151 est,
2428 2085 2659 2156 optime
2686 2084 2974 2157 componi,
3000 2084 3152 2157 quod

1782 2168 1956 2224 homo
2002 2172 2378 2240 consequatur
2423 2167 2671 2242 gratiam
2712 2168 2876 2240 juxta
2911 2183 3153 2224 mensu-

284 2242 568 2299 excitante
589 2285 602 2310 ,
647 2243 739 2299 vel
792 2241 863 2298 ab
914 2241 1302 2313 inspiratione
1355 2238 1454 2295 Dei
1483 2261 1497 2304 ;
1550 2235 1651 2294 sed

284 2324 433 2399 quod
461 2323 763 2381 exordium
792 2329 1002 2381 nostrai
1026 2321 1452 2397 justificationis
1479 2318 1652 2376 desu-

289 2408 469 2463 mitur
507 2424 540 2463 a
581 2408 985 2481 praeveniente,
1028 2412 1087 2464 et
1129 2407 1414 2463 excitante
1441 2403 1647 2479 gratia.

291 2491 376 2544 Ex
402 2505 513 2562 quo
559 2489 708 2544 nihil
737 2490 1128 2557 concluditur;
1160 2504 1298 2545 nam
1324 2492 1435 2544 stat
1481 2486 1646 2551 bene,

290 2571 441 2643 quod
468 2570 538 2627 ad
567 2577 736 2640 actus,
763 2570 969 2644 quibus
996 2571 1260 2629 ordimur
1288 2568 1654 2645 justificatio-

294 2652 388 2708 nis
415 2667 759 2725 processum,
794 2652 1034 2709 sufficiat
1060 2652 1345 2708 auxilium
1372 2649 1648 2716 excitans,

291 2738 348 2790 et
394 2734 791 2806 praeveniens3
820 2737 876 2789 et
905 2739 1097 2789 tamen
1126 2732 1195 2789 ad
1222 2737 1396 2799 actus,
1445 2729 1654 2804 quibus

291 2815 501 2872 ultimo
535 2814 605 2871 ad
639 2812 1107 2890 justificationem
1137 2814 1526 2888 disponimur,
1559 2827 1655 2869 re-

288 2897 556 2972 quiratur
602 2896 906 2969 perfectius
954 2896 1326 2969 principium,
1359 2895 1509 2970 quod
1549 2910 1657 2952 nos

290 2978 600 3037 asserimus
619 2994 743 3035 esse
771 2980 1018 3054 gratiam
1047 2978 1515 3035 sanctificantem.
1544 2979 1657 3033 Nec

295 3061 487 3128 refert,
517 3059 667 3134 quod
698 3061 1017 3118 Concilium
1043 3059 1193 3115 dicat
1226 3081 1239 3116 ε
1276 3058 1441 3116 Hanc
1467 3060 1657 3133 dispo-

288 3147 540 3201 sitionem
580 3143 912 3216 justificatio
970 3145 1093 3217 ipsa
1137 3144 1503 3219 consequitur,
1552 3148 1654 3198 etc.

292 3232 413 3283 tum
439 3227 572 3300 quia
613 3242 732 3283 non
770 3224 925 3293 dicit,
968 3223 1118 3298 quod
1146 3225 1513 3297 consequitur
1541 3224 1658 3280 im-

291 3308 559 3373 mediate,
590 3308 713 3364 sive
754 3304 1213 3380 independenter
1253 3304 1324 3361 ab
1368 3305 1653 3370 ulteriori,

289 3396 344 3447 et
372 3387 698 3463 perfectiori
720 3385 1098 3459 dispositione
1132 3408 1145 3443 :
1177 3392 1300 3442 tum
1323 3385 1458 3457 quia
1480 3384 1660 3458 loqui-

241 3535 246 3540 ,
292 3475 387 3525 tur
432 3468 503 3525 de
544 3463 952 3541 justificatione
985 3466 1142 3524 intra
1189 3470 1657 3524 sacramentum:

293 3555 419 3605 tum
447 3548 601 3621 quia,
635 3550 696 3601 ut
718 3544 895 3602 refert
923 3550 1096 3623 Vega,
1124 3546 1403 3604 abstinuit
1430 3562 1464 3602 a
1492 3561 1661 3602 men-

294 3630 453 3686 tione
479 3627 834 3701 perfectioris
856 3627 1272 3702 dispositionis»,
1301 3632 1365 3683 ut
1384 3628 1533 3685 hanc
1553 3626 1663 3683 dif-

295 3711 610 3769 ficultatem
663 3708 965 3783 Theologis
1011 3707 1410 3773 ventilandam
1477 3708 1661 3765 relin-

296 3797 518 3868 queret.
560 3787 862 3856 Addimus,
887 3805 958 3846 ex
983 3789 1177 3848 verbis
1203 3789 1445 3846 Concilii
1473 3791 1663 3847 solum

298 3869 695 3945 haberi‚quod
734 3871 1032 3945 dispositio
1060 3871 1130 3928 ad
1169 3873 1420 3947 gratiam
1468 3887 1666 3944 prove·

300 3958 389 4013 nit
416 3955 487 4014 ab
534 3954 753 4012 auxilio
796 3953 1099 4022 excitante,
1149 3960 1205 4011 et
1249 3954 1636 4028 praeveniente
1650 3980 1664 4023 ;

301 4041 357 4094 et
403 4035 785 4101 admittimuS,
828 4033 978 4107 quod
1019 4036 1341 4092 Concilium
1401 4035 1666 4107 loquatur

300 4119 477 4175 etiam
504 4115 574 4173 de
610 4114 983 4189 dispositione
1026 4116 1230 4172 ultima
1269 4121 1434 4173 extra
1472 4131 1666 4172 sacra·-

300 4204 586 4264 mentum,
620 4199 711 4254 vel
739 4197 810 4255 de
837 4197 1211 4269 dispositione
1238 4196 1607 4254 abstrahente
1634 4211 1668 4251 a

184 4313 209 4365 ,Δ
301 4280 586 4355 proxima,
612 4284 668 4336 et
706 4279 934 4336 ultima.
974 4278 1082 4335 Sed
1110 4279 1247 4335 hinc
1271 4280 1461 4336 solum
1488 4277 1667 4335 habe-
1701 4281 1706 4284 ’

299 4369 415 4431 tur,
440 4361 588 4435 quod
618 4361 883 4435 praedicta
902 4363 1089 4436 gratia
1108 4363 1384 4428 excitans,
1409 4366 1466 4419 et
1490 4361 1666 4417 etiam

304 4445 590 4502 auxilium
621 4457 993 4515 praemovens,
1026 4443 1149 4499 sive
1182 4444 1495 4516 applicans,
1528 4457 1668 4499 con-

305 4530 543 4585 currant
590 4523 659 4579 ad
707 4539 941 4581 omnem
988 4522 1444 4596 dispositionem.
1496 4525 1669 4580 Caete-

305 4626 437 4668 rum
466 4612 674 4682 praeter
713 4606 833 4663 haec
877 4606 1096 4663 auxilia
1138 4606 1455 4680 requiritur
1501 4606 1670 4662 auxi-

306 4692 454 4748 lium
497 4689 803 4754 sufficiens,
842 4692 898 4743 et
926 4695 1200 4761 praestans
1227 4689 1385 4746 vires
1420 4687 1491 4744 ad
1532 4703 1670 4762 ope-

308 4774 562 4832 rationes
587 4774 1076 4846 supernaturales,
1103 4777 1165 4828 ut
1186 4778 1380 4845 aperte
1400 4772 1673 4844 supponit

307 4855 636 4913 Concilium
658 4852 895 4918 ibidem,
924 4858 980 4917 et
1001 4853 1177 4910 tradit
1201 4853 1363 4910 infra
1382 4870 1505 4909 can.
1536 4855 1588 4916 2,
1617 4857 1674 4908 et

308 4934 637 5010 hujusmodi
667 4933 953 4990 auxilium
1003 4939 1257 5006 respectu
1304 4939 1533 4991 actuum
1581 4933 1676 4989 ul-

308 5019 454 5076 timo
486 5015 921 5091 disponentium
967 5015 1036 5070 ad
1064 5016 1314 5090 gratiam
1355 5014 1678 5089 justifican-

313 5107 429 5157 tem
457 5098 768 5156 asserimus
788 5112 910 5153 csse
937 5097 1123 5171 ipsam
1149 5097 1418 5171 gratiam,
1450 5102 1507 5154 et
1525 5096 1595 5154 ad
1618 5096 1677 5153 id

1784 2262 1911 2303 ram
1958 2251 2185 2303 actuum
2233 2246 2548 2313 charitatiS,
2581 2252 2637 2304 et
2678 2246 3045 2304 contritionis
3081 2245 3155 2303 ab

1782 2344 1850 2385 ea
1876 2327 2366 2402 provenientium,
2397 2335 2453 2386 et
2492 2327 2641 2401 quod
2688 2329 2866 2385 simul
2897 2328 2957 2384 hi
2999 2334 3155 2385 actus

1782 2411 2101 2468 sortiantur
2128 2426 2294 2467 suam
2321 2412 2713 2468 intensionem
2732 2412 2898 2485 juxta
2924 2425 3157 2467 mensu-

1786 2507 1911 2547 ram
1933 2492 2132 2566 gratias
2151 2490 2563 2548 sanctificantis
2591 2508 2624 2548 a
2649 2494 2760 2547 Deo
2785 2491 3013 2548 infusae.
3041 2494 3157 2548 Pro

1784 2574 1876 2630 his
1904 2574 2061 2631 enim
2107 2573 2521 2647 componendis
2571 2573 2777 2631 sufficit
2809 2580 3014 2631 mutua
3061 2572 3156 2630 de-

1786 2655 2098 2729 pendentia
2124 2657 2279 2713 inter
2303 2658 2581 2732 gratiam,
2597 2662 2655 2713 et
2675 2655 2972 2729 praedictos
3000 2660 3161 2712 actus

1787 2739 1851 2794 in
1892 2736 2120 2794 diverso
2155 2753 2366 2813 genere
2396 2753 2609 2805 causae;
2652 2739 2799 2794 sicut
2844 2736 3068 2803 sufficit,
3096 2742 3161 2792 ut

1784 2817 2117 2878 verificetur
2138 2820 2291 2895 ignis
2312 2819 2562 2876 sormam
2593 2819 2881 2878 introduci
2899 2820 2961 2875 in
2978 2834 3161 2894 quan-

1785 2904 1949 2960 titate
1975 2904 2224 2978 palmari
2253 2902 2419 2977 ligni,
2445 2903 2581 2976 quia
2610 2903 2673 2958 in
2702 2909 2817 2960 tota
2845 2905 2949 2959 illa
2971 2919 3162 2976 quan-

1788 2985 1949 3042 titate
1974 2990 2060 3041 est
2098 2985 2254 3042 calor
2283 2988 2345 3039 ut
2387 2989 2540 3051 octo;
2588 2988 2645 3040 et
2670 2985 2920 3041 calorem
2948 2990 3013 3039 ut
3037 2989 3164 3041 octo

1786 3081 1910 3123 esse
1935 3066 2000 3121 in
2045 3082 2111 3123 ea
2137 3065 2474 3139 quantitate,
2517 3065 2651 3138 quia
2688 3065 2752 3120 in
2801 3071 2917 3121 tota
2944 3065 3048 3119 illa
3073 3069 3161 3120 est

1789 3147 1980 3204 forma
2006 3147 2178 3220 ignis.
2205 3143 2370 3203 Unde
2389 3146 2440 3201 si
2467 3145 2738 3219 gratiam,
2765 3151 2820 3201 et
2847 3146 2980 3201 illos
3007 3150 3163 3200 actus

1789 3225 2218 3284 consideremus
2264 3225 2329 3281 in
2354 3241 2566 3300 genere
2613 3240 2795 3281 causae
2838 3223 3158 3291 efficientis,

1790 3307 2217 3367 concedendum
2246 3311 2350 3373 est,
2384 3313 2540 3364 actus
2581 3306 2794 3363 habere
2816 3311 3038 3361 tantam
3067 3304 3165 3360 in-

1791 3385 2136 3457 tensionem,
2175 3389 2311 3464 quia
2337 3391 2487 3447 Deus
2512 3389 2900 3446 communicat
2941 3392 3164 3443 tantam

1791 3474 2042 3550 gratiam
2096 3493 2111 3529 ε
2158 3472 2208 3527 si
2248 3486 2388 3528 vero
2441 3470 2805 3527 attendamus
2856 3468 2926 3525 ad
2983 3483 3167 3543 genus

1792 3572 1974 3613 causae
2032 3552 2354 3610 materialis
2418 3550 2793 3624 dispositivae,
2856 3549 3163 3608 concedere

1794 3643 2036 3713 oportet,
2067 3635 2219 3711 quod
2257 3635 2447 3709 gratia
2475 3634 2680 3707 major,
2712 3638 2810 3689 aut
2836 3633 3033 3690 minor
3069 3647 3164 3690 re-

1794 3720 2025 3793 cipitur,
2057 3717 2194 3790 quia
2240 3717 2414 3772 homo
2459 3732 2521 3772 se
2566 3714 2823 3786 disponit
2854 3711 2964 3787 'per
3012 3718 3166 3771 actus

1794 3799 2183 3867 contritionis,
2215 3803 2272 3855 et
2289 3796 2587 3853 charitatis
2614 3794 2817 3869 magis,
2846 3801 2944 3850 aut
2968 3796 3167 3851 minus

1797 3886 2073 3942 intensos.
2105 3879 2266 3948 Quod
2306 3894 2424 3936 non
2444 3878 2681 3936 obscure
2709 3876 2990 3935 indicavit
3016 3879 3167 3934 Con-

1796 3966 2036 4025 cilium;
2069 3979 2187 4020 non
2215 3961 2374 4018 enim
2403 3958 2623 4026 asserit,
2657 3957 2806 4031 quod
2855 3961 3002 4015 Deus
3031 3972 3168 4030 pro-

1797 4045 1955 4101 ducit
1979 4045 2228 4119 gratiam
2273 4038 2727 4097 sanctificantem
2750 4039 2915 4113 juxta
2962 4038 3169 4094 unius-

1797 4127 2070 4199 cujusque
2136 4121 2586 4194 dispositionem,
2655 4121 2792 4193 quia
2857 4118 3171 4192 producere

1800 4206 2053 4279 pertinet
2103 4202 2174 4260 ad
2218 4217 2398 4278 genus
2451 4218 2633 4259 causae
2680 4200 3009 4261 efficientis,
3069 4198 3169 4256 sed

1799 4286 1958 4353 dicit,
1991 4284 2140 4360 quod
2163 4284 2556 4358 unusquisque
2580 4281 2780 4356 recipit
2805 4281 3056 4355 gratiam
3078 4297 3171 4338 se·

1799 4367 2054 4425 cundum
2082 4383 2247 4424 suam
2277 4359 2732 4439 dispositionem,
2754 4363 2891 4434 quia
2920 4363 3175 4437 recipere

1803 4449 1874 4506 ad
1919 4466 2103 4524 genus
2141 4465 2322 4506 causae
2364 4445 2684 4504 materialis
2737 4451 2968 4517 spectat.
3009 4442 3173 4501 «Sed

1806 4555 1833 4586 «
1865 4548 2024 4598 vero,
2051 4533 2249 4605 inquit,
2275 4529 2416 4605 justi
2442 4527 2836 4593 nominamur,
2870 4532 2925 4583 et
2950 4543 3170 4592 sumus,

1808 4638 1836 4669 α
1860 4615 2148 4690 justitiam
2171 4613 2235 4669 in
2264 4611 2432 4668 nobis
2468 4609 2827 4682 recipientes,
2863 4610 3175 4683 unusquis-

1808 4719 1835 4752 «
1867 4712 1976 4771 que
2020 4711 2204 4761 suam,
2254 4691 2572 4751 secundum
2614 4706 2967 4758 mensuram,
3001 4705 3172 4763 quam

1809 4795 1836 4832 ι(
1868 4778 2115 4853 Spiritus
2149 4782 2379 4834 sanctus
2409 4775 2656 4846 partitur
2694 4772 2961 4848 singuliS,
3008 4779 3176 4845 prout

1812 4884 1839 4917 α
1869 4861 2014 4927 vult,
2079 4862 2135 4916 et
2192 4856 2508 4915 secundum
2559 4855 2854 4928 propriam
2906 4855 3176 4927 cujusque

1812 4965 1840 4996 α
1870 4939 2330 5014 dispositionem,
2382 4941 2440 4994 et
2488 4936 2968 5009 cooperationem.
3022 4954 3048 4985 »
3107 4935 3179 4988 Et

1808 5024 1945 5082 hinc
1973 5025 2123 5095 patet
2150 5018 2224 5075 ad
2247 5017 2598 5075 difficultatis
2619 5021 2991 5092 augmentum
3010 5057 3023 5081 ,
3052 5015 3179 5070 nul-

1811 5105 1929 5161 lam
1958 5101 2174 5176 quippe
2201 5099 2643 5174 repugnantiam
2672 5098 2935 5156 videmus
2978 5096 3042 5152 in
3087 5111 3175 5162 ρο,
