3647 5753
1258 305 1432 361 DISP.
1478 305 1598 371 vll,
1643 306 1806 364 DUB.
1854 309 1948 366 lv,

156 485 436 556 cujuslibet
497 484 737 537 actionis
785 490 968 537 creatoe
1026 489 1262 558 quatuor
1313 479 1504 536 modis·

155 566 308 624 Hanc
319 567 486 638 ponit
503 562 570 620 S.
591 563 827 620 Thomas
849 565 911 618 de
929 568 1173 636 potentia
1205 566 1305 620 ltei
1323 571 1504 641 quast.

159 652 212 716 3,
256 657 368 704 art.
412 650 470 703 7.
524 645 607 702 lbi
656 652 846 702 autem
891 662 1154 719 expresse
1205 647 1402 702 statuit
1443 649 1505 703 D.

159 731 358 787 Thom.
406 726 687 783 efficacem
718 728 1166 799 praemotionem,
1200 732 1262 781 ut
1301 726 1511 783 fatetur

161 814 385 873 Suarez,
417 814 473 864 et
508 808 621 862 late
658 806 1013 863 ostendimus
1046 808 1188 880 disp.
1220 810 1273 872 5,
1300 807 1427 863 dub.
1451 808 1506 872 6,

162 893 263 959 §⁴3-
291 887 510 945 Deinde
554 888 621 942 in
647 886 845 943 eodem
876 887 1044 952 libro,
1075 889 1203 944 dist.
1229 889 1513 964 28,quaest.

169 975 212 1035 l,
236 977 345 1024 art.
378 968 500 1022 3ad
531 970 614 1034 12,
646 970 883 1041 Gregor.
914 968 1137 1039 inquit:
1170 990 1196 1019 α
1220 969 1369 1023 Deus
1397 983 1515 1023 non

169 1076 191 1103 α
233 1054 420 1108 solum
465 1051 631 1123 juvat
657 1048 726 1104 ad
779 1050 994 1106 bonum
1025 1050 1173 1107 velle
1196 1050 1518 1122 partialiter

171 1158 197 1187 κ
233 1131 615 1198 coefficiendo,
665 1132 763 1203 qui
812 1138 896 1187 est
943 1132 1147 1189 modus
1169 1131 1515 1197 communia,

173 1238 196 1267 a
234 1229 349 1286 quo
375 1212 669 1269 concurrit
693 1211 763 1267 ad
780 1212 1083 1285 qu'uslibet
1104 1213 1324 1286 agentis
1344 1210 1519 1268 creati

174 1322 197 1349 α
236 1299 502 1355 effectum
523 1294 856 1369 quemlibet,
890 1299 952 1349 ut
974 1295 1035 1352 in
1062 1300 1402 1369 argumento
1429 1293 1521 1349 di-

174 1403 197 1430 «
239 1379 516 1443 cebatur3
556 1375 656 1431 sed
681 1376 859 1431 etiam
911 1374 1157 1447 quodam
1197 1374 1367 1431 modo
1392 1389 1523 1446 spe-

174 1485 197 1514 «
238 1462 392 1523 ciali,
411 1457 679 1514 videlicet
699 1457 840 1512 facie
848 1455 957 1512 ndo
972 1456 987 1510 i
997 1472 1155 1528 psam
1170 1457 1524 1513 voluntatem

175 1566 200 1593 a
243 1538 570 1613 partialiter
589 1551 934 1594 concurrere
960 1557 972 1591 ε
1004 1536 1082 1591 ita
1103 1536 1254 1609 quod
1285 1537 1407 1608 ipsa
1433 1550 1528 1591 vo·

176 1649 200 1677 ι
243 1624 435 1679 luntas
463 1620 787 1693 partialiter
827 1625 1124 1676 concausat
1152 1620 1449 1692 applicata,
1475 1622 1529 1673 et

178 1728 203 1757 «
242 1703 403 1777 quasi
448 1699 973 1757 instrumentaliter
1020 1705 1176 1756 mota
1214 1716 1246 1756 a
1300 1701 1414 1755 Deo
1460 1696 1530 1753 ad

179 1809 203 1837 α
243 1785 324 1840 sic
352 1781 680 1855 partialiter
706 1777 1284 1836 concausandum..1n
1305 1795 1416 1851 qua
1441 1783 1534 1833 ta-

181 1890 206 1917 «
247 1879 384 1920 men
415 1861 674 1917 motione
701 1860 822 1931 ipsa
849 1875 966 1915 non
1015 1860 1404 1931 necessitatur,
1436 1856 1534 1914 sed

187 1973 210 2001 ι
253 1949 713 2003 instrumentum
736 1941 981 1998 liberum
1003 1943 1272 2019 existens,
1296 1943 1355 1998 in
1378 1943 1464 2015 cuj
1474 1956 1537 1995 us

184 2054 208 2081 a
252 2031 529 2101 potestate
556 2030 636 2080 est
658 2023 816 2096 sequi
846 2024 1161 2079 motionem
1185 2024 1421 2096 agentis,
1441 2024 1539 2095 ju-

187 2134 210 2161 α
251 2114 424 2165 vatur
449 2131 464 2174 ς
497 2106 577 2161 ita
607 2109 668 2160 ut
701 2110 828 2178 agat
851 2119 919 2159 ea
943 2119 1068 2176 quae
1104 2119 1221 2160 non
1242 2105 1322 2160 sic
1348 2103 1541 2176 adjuta

188 2215 212 2242 «ι
252 2201 621 2262 nequaquam
673 2189 883 2258 ageret.
915 2202 942 2234 n
1000 2186 1113 2240 Nec
1139 2185 1242 2241 hoc
1281 2184 1542 2241 testimo—

179 2272 343 2326 nium
368 2267 675 2324 labefactat
718 2264 908 2321 suarii
935 2265 1246 2336 responsio,
1272 2264 1420 2337 quod
1450 2265 1543 2322 vi·

177 2350 380 2410 delicet
428 2345 741 2419 Capreolus
767 2360 885 2401 non
905 2349 1114 2400 statuat
1134 2346 1544 2403 universaliter

181 2431 582 2487 necessitatem
623 2425 793 2497 hujus
845 2424 1117 2480 motionis
1160 2426 1404 2495 praeviae,
1448 2423 1545 2481 sed

180 2514 370 2570 solum
417 2511 483 2565 in
534 2505 827 2564 effectibus
870 2506 1109 2578 gratiae:
1158 2512 1282 2562 turn
1331 2509 1465 2580 quia
1489 2506 1547 2563 id

182 2593 386 2649 sufficit
414 2588 489 2646 ad
517 2602 745 2644 causam
771 2593 1129 2656 praesentem,
1163 2587 1225 2643 in
1249 2604 1360 2659 qua
1379 2587 1551 2644 effec-

181 2681 272 2729 tus
285 2672 493 2747 gratiae
517 2667 975 2725 consideramus:
1009 2672 1130 2723 tum
1151 2669 1285 2739 quia
1300 2669 1349 2723 si
1373 2670 1551 2725 semel

186 2769 285 2827 per
321 2751 633 2814 efficacem,
681 2753 739 2803 et
783 2746 1059 2819 praeviam
1097 2748 1410 2805 motionem
1435 2764 1552 2806 non

185 2834 415 2892 tollitur
442 2830 680 2888 libertas
708 2828 772 2884 in
811 2827 1099 2885 effectibus
1123 2829 1341 2903 gratiae‚
1369 2834 1429 2886 ut
1450 2829 1556 2887 do-

185 2924 268 2974 cet
296 2913 635 2988 capreolae,
669 2924 772 2966 nec
797 2909 1123 2968 destruetur
1145 2911 1206 2967 in
1229 2912 1361 2967 aliis
1387 2912 1557 2969 effec-

187 2998 340 3054 tibus
368 3019 380 3052 :
434 3000 606 3067 atque
646 2992 775 3048 ideo
794 2992 1011 3048 corruit
1042 2993 1388 3066 praecipuum
1421 2994 1559 3050 fun-

189 3078 556 3137 damentum,
600 3087 716 3144 quo
765 3069 1099 3127 Adversarii
1130 3079 1341 3147 negant
1363 3089 1559 3130 neces-

191 3161 420 3215 sitatem
489 3153 694 3211 auxilii
755 3152 827 3207 ab
898 3152 1212 3210 intrinseco
1277 3153 1516 3210 efficacis
1541 3198 1554 3212 .

195 3241 525 3297 Videantur
569 3253 696 3309 quae
746 3251 816 3290 ex
861 3235 1149 3308 Gregorio,
1194 3240 1248 3291 et
1287 3237 1562 3309 Capreolo

193 3322 459 3379 diximus
481 3319 625 3389 disp.
649 3318 704 3387 2,
736 3315 867 3369 dub.
895 3318 948 3383 2,
975 3333 1011 3369 a
1035 3333 1186 3372 num.
1218 3318 1310 3371 67.

119 3426 160 3456 2-
273 3403 400 3457 199.
449 3398 756 3473 cajetanus
782 3395 976 3462 etiam,
1008 3410 1177 3467 quem
1209 3412 1310 3468 pro
1336 3413 1397 3456 se
1418 3397 1565 3453 alle-

118 3465 330 3558 ?f‘ssgant
356 3476 721 3540 Adversarii,
746 3476 885 3532 satis
912 3481 1107 3546 aperte
1127 3475 1284 3532 docet
1307 3483 1564 3533 nostram

118 3564 167 3606 sa·
195 3563 595 3622 sententiam:
650 3563 774 3612 tum
819 3557 955 3629 quia
999 3573 1115 3613 non
1154 3559 1333 3615 semel
1359 3560 1568 3615 evertit

199 3644 496 3717 principia
523 3640 775 3697 scientiae
803 3637 1025 3702 mediae,
1055 3643 1114 3693 ut
1151 3640 1196 3704 l,
1224 3631 1561 3716 par't.quaest.

209 3727 270 3779 14
303 3766 316 3789 ,
367 3730 472 3777 art
497 3764 509 3776 .
549 3721 631 3783 13.
657 3722 689 3788 ξ
718 3717 809 3774 Ad
851 3716 1172 3787 objectiones
1201 3761 1215 3785 ,
1272 3717 1370 3773 ubi
1424 3720 1508 3775 ait
1552 3742 1566 3776 ι

207 3828 228 3852 «ι
273 3806 505 3857 Futura
528 3796 935 3870 contingentia,
972 3801 1030 3850 ut
1067 3796 1260 3853 futura
1295 3796 1364 3852 'in
1386 3799 1572 3855 causis

207 3908 231 3938 ιι
273 3881 773 3946 indeterminatiS,
831 3893 949 3935 non
988 3882 1125 3933 sunt
1151 3878 1396 3947 scibilia,
1426 3882 1571 3937 utin

210 3991 234 4015 a
277 3967 454 4020 litera
479 3961 710 4028 dicitur,
740 3975 842 4015 nec
881 3974 912 4014 a
954 3960 1085 4026 Deo,
1115 3974 1216 4015 nec
1242 3977 1274 4016 a
1295 3977 1573 4033 quocum-

211 4068 236 4094 «
276 4059 390 4116 que
415 4067 434 4110 3
464 4042 603 4113 quia
650 4055 769 4096 non
795 4043 928 4093 sunt
954 4038 1132 4103 entia,
1163 4053 1266 4094 nec
1292 4046 1437 4107 actu,
1473 4057 1576 4097 nec

213 4151 236 4173 ιι
281 4124 547 4198 potentia
574 4120 760 4194 magis
801 4119 940 4191 ipsa,
970 4134 1143 4189 quam
1189 4120 1463 4192 opposita.
1490 4123 1576 4177 Ex

213 4230 236 4256 «ι
280 4205 474 4261 causis
503 4208 694 4258 autem
741 4199 1139 4268 determinatis
1192 4204 1326 4255 sunt
1352 4201 1578 4258 scibilia

212 4312 238 4336 κ
275 4287 447 4360 juxta
488 4281 1036 4340 determinationem
1082 4297 1405 4338 causarum.
1438 4304 1464 4335 »
1509 4285 1580 4339 Et

210 4384 372 4441 super
418 4367 584 4438 epist.
616 4362 693 4417 ad
719 4361 873 4418 Rom.
922 4378 1044 4433 cap.
1073 4362 1126 4425 8,
1160 4360 1229 4416 ad
1247 4362 1349 4418 illa
1379 4361 1574 4432 verba,

210 4448 362 4504 Nam
380 4462 524 4525 quos
537 4443 832 4517 prescivit,
862 4440 1021 4498 docet
1042 4441 1456 4513 praescientiam
1478 4443 1580 4500 Dei

211 4528 282 4587 de
326 4524 553 4584 tuturis
596 4521 896 4580 eventibus
934 4537 1255 4595 supponere
1282 4523 1461 4594 ipsius
1481 4523 1581 4580 Dei

216 4604 780 4681 praediffinitionem,
811 4602 971 4675 juxta
1010 4601 1156 4657 illud
1188 4601 1337 4675 quod
1372 4603 1584 4659 Paulus

215 4687 374 4745 addit
406 4709 423 4743 ε
463 4707 494 4737 α
523 4685 628 4739 His
654 4682 757 4755 qui
777 4681 1086 4738 secundum
1115 4682 1468 4755 propositum
1489 4699 1587 4740 vo·

119 4763 175 4853 21
220 4791 246 4818 «
285 4768 401 4824 cati
425 4770 572 4821 sunt
591 4761 799 4819 sancti.
832 4781 858 4814 n
884 4761 973 4817 Sic
992 4762 1149 4818 enim
1172 4761 1341 4819 habet
1365 4783 1378 4817 ε
1424 4784 1449 4815 «
1484 4762 1587 4818 HIs

121 4871 197 4906 me
222 4871 248 4901 a
291 4845 634 4922 praelibatis
658 4843 801 4900 scito
825 4858 894 4898 ex
916 4843 1223 4917 Theologia
1241 4843 1591 4915 speculativa
1615 4895 1620 4900 .

119 4924 159 4954 ⁸·
228 4954 255 4980 «
295 4926 712 4986 differentiam
743 4924 893 4980 inter
918 4923 1212 4980 scientiam
1240 4924 1360 4992 Dei,
1387 4928 1589 4996 quate-

2892 312 2994 364 133

1647 499 1673 529 α
1717 494 1826 534 nus
1871 486 1955 536 est
1984 497 2179 537 rerum
2209 480 2482 548 absolute,
2526 488 2582 539 et
2605 488 2885 555 quatenus
2912 488 2994 538 est

1649 582 1675 613 «
1720 576 1914 617 rerum
1941 569 2274 620 eventuum.
2295 567 2439 620 Nam
2466 565 2731 636 quamvis
2756 568 2996 636 utraque

1649 664 1675 696 α
1716 644 1793 698 sit
1817 649 2048 713 aeterna,
2077 647 2266 718 prima
2302 652 2495 702 tamen
2525 661 2640 703 non
2671 658 2998 720 praesuppo-

1650 746 1677 777 α
1720 724 1808 780 nit
1835 727 2010 781 Deum
2041 728 2188 783 velle
2232 743 2427 784 creare
2468 744 2557 784 res
2582 753 2596 784 ι
2625 727 2872 784 secunda
2893 745 2998 785 au-

1653 826 1679 857 «
1720 810 1837 861 tem
1863 808 2259 879 praesupponit·
2275 810 2455 864 Deum
2496 809 2643 864 velle
2663 824 2859 865 creare
2886 825 2997 865 reS.

1654 910 1679 939 «
1723 888 1790 941 Et
1817 887 1954 943 hinc
1972 887 2403 962 sequitur,quod
2422 890 2776 961 praescIentia
2791 890 2999 946 horum

1654 989 1680 1019 α
1720 972 2031 1023 eventuum
2079 984 2194 1025 non
2248 969 2510 1041 praecedit
2553 968 2814 1027 divinam
2856 989 3004 1045 prae—

1657 1068 1681 1100 «
1723 1044 2136 1116 definitionem,
2167 1048 2264 1105 sed
2300 1049 2556 1121 sequitur
2584 1051 2748 1106 illam
2780 1076 2794 1119 3
2846 1052 3006 1124 prius

1659 1148 1685 1179 α
1725 1127 1885 1183 enim
1932 1142 2050 1184 non
2079 1132 2352 1201 tempore,
2404 1129 2501 1186 sed
2541 1132 2781 1188 rationis
2803 1132 3007 1189 ordine

1659 1228 1686 1261 α
1728 1207 1876 1263 Deus
1902 1207 2145 1263 volendo
2170 1206 2371 1265 definit
2398 1209 2500 1266 hos
2531 1227 2723 1267 rerum
2746 1218 3006 1280 eventus,

1662 1311 1686 1343 α
1728 1304 1902 1361 quam
1929 1290 2068 1345 sciat
2107 1289 2238 1346 illos
2283 1290 2446 1347 iore:
2491 1293 2609 1350 imo
2662 1295 2828 1362 ratio,
2859 1294 3010 1367 quod

1662 1392 1689 1423 α
1728 1370 1869 1427 sciat
1910 1371 2040 1428 illos
2067 1371 2207 1438 fore,
2233 1378 2317 1428 est
2340 1373 2475 1444 quia
2517 1374 2765 1432 volendo
2797 1375 3009 1433 defini-

1665 1474 1691 1503 «
1733 1451 1816 1507 vit
1844 1451 1992 1508 illos.
2022 1472 2047 1503 ι)
2080 1454 2201 1516 Quo
2230 1452 2380 1508 nihil
2408 1456 2735 1527 expressius
2763 1456 2872 1513 dici
2905 1474 3007 1530 po-

1659 1532 1770 1587 tuit
1790 1532 1860 1587 ad
1907 1531 2348 1606 expugnandam
2389 1534 2687 1592 scientiam
2738 1537 3012 1594 mediam.

1660 1616 1809 1668 Tum
1856 1611 2049 1677 etiam,
2100 1612 2235 1684 quia
2275 1614 2411 1670 satis
2463 1616 2758 1689 perspicue
2790 1619 3011 1683 asserit,

1665 1697 1845 1751 Deum
1869 1708 2101 1749 movere
2118 1693 2330 1765 praevie
2344 1694 2641 1752 efficaciter
2663 1700 3016 1758 voluntatem

1664 1779 1934 1837 creatam,
1965 1777 2021 1828 et
2053 1772 2370 1845 quamlibet
2395 1781 2717 1833 creaturam
2746 1779 2816 1835 ad
2843 1796 3020 1855 agen-

1667 1856 1805 1912 dum
1837 1876 1850 1910 z
1882 1860 1943 1909 ut
2003 1856 2020 1909 l
2069 1861 2221 1926 part.
2245 1864 2425 1932 quast.
2456 1860 2509 1923 2,
2536 1867 2647 1915 art.
2671 1862 2724 1925 3,
2750 1866 2781 1931 θ
2807 1861 2901 1919 Ad
2924 1865 3023 1919 Ιιοο

1668 1939 1917 2004 breviter,
1972 1952 2263 2007 exponens
2291 1937 2454 1993 illam
2486 1941 2930 2012 propositionem
2952 1947 3019 2001 D.

1670 2017 1940 2073 Thomae:
1968 2014 2250 2072 Moe-entia
2276 2017 2510 2072 secunda
2545 2034 2655 2073 non
2675 2030 2887 2078 movent
2914 2025 3026 2079 nisi

1668 2116 1765 2172 per
1785 2098 1901 2160 hoc,
1928 2096 2070 2173 quod
2087 2098 2206 2158 sint
2220 2105 2367 2152 mota
2388 2115 2424 2152 α
2441 2101 2621 2169 primo
2642 2101 3027 2168 motare,docet

1675 2176 1744 2234 ad
1798 2176 2081 2232 rationem
2122 2192 2302 2232 causae
2329 2179 2453 2232 actu
2493 2181 2777 2236 causantis
2808 2183 3025 2255 requiri

1676 2259 2000 2323 efficaciam,
2045 2265 2092 2312 et
2120 2259 2263 2315 hanc
2302 2262 2361 2313 in
2401 2261 2518 2330 ejus
2543 2263 2871 2320 causalitate
2897 2282 3028 2321 con—

1676 2343 1864 2397 sistere
1889 2356 1906 2393 :
1927 2338 2069 2393 uncle
2088 2340 2201 2394 nisi
2220 2339 2523 2395 causalitas
2555 2343 2901 2415 compleatur,
2932 2362 3029 2399 ne·-

1681 2501 2123 2574 complementum
2174 2507 2355 2555 autem
2381 2519 2554 2557 causae
2578 2504 2761 2561 medie
2794 2508 3033 2563 nullate-

1682 2600 1787 2639 nus
1836 2598 1945 2637 esse
1967 2587 2136 2654 potest
2174 2583 2290 2636 sine
2337 2582 2689 2655 dependentia
2734 2577 2770 2642 a
2807 2591 3035 2659 prima:

1683 2680 1805 2733 erqo
1826 2680 1994 2719 causa
2021 2663 2221 2729 media,
2246 2670 2305 2717 ut
2320 2671 2396 2718 est
2424 2683 2591 2720 causa
2619 2669 2817 2735 media,
2849 2671 3039 2742 depen-

1685 2745 1769 2800 det
1790 2762 1827 2800 a
1851 2746 2053 2817 prima.
2088 2745 2156 2797 Et
2177 2744 2323 2800 hanc
2343 2747 2672 2815 motionem,
2701 2750 2893 2823 utique
2921 2767 3037 2809 non

1688 2825 2045 2900 objectivam,
2075 2823 2173 2881 sed
2212 2824 2604 2898 subjectivum,
2649 2834 2705 2886 et
2736 2830 3036 2899 efficacem,

1689 2906 1848 2964 docet
1868 2920 1989 2960 esse
2011 2904 2189 2960 solius
2207 2905 2325 2971 Dei,
2346 2912 2402 2962 et
2426 2908 2575 2963 nulli
2599 2916 2870 2968 creaturae
2885 2927 3046 2985 posse

1691 2985 2125 3050 communicari,
2166 2988 2183 3040 l
2212 2996 2361 3059 part.
2389 2997 2571 3066 quoest.
2605 2992 2724 3057 105,
2756 3001 2865 3050 art.
2912 2996 2966 3051 4.

1765 3071 1934 3124 Juxta
1949 3082 2120 3140 quam
2148 3065 2467 3126 doctrinam
2496 3073 2555 3126 in
2575 3073 2629 3137 2,
2650 3074 2704 3136 2,
2723 3081 2905 3150 quaest.
2922 3076 3042 3141 172,

1692 3155 1802 3204 art.
1834 3150 1889 3213 2,
1939 3144 2090 3216 §Ad
2132 3148 2449 3214 secundum,
2504 3151 2783 3209 resolvit:
2838 3174 2863 3205 α
2907 3157 2979 3209 At
2999 3153 3048 3208 si

1702 3254 1728 3285 α
1768 3228 1839 3286 de
1860 3229 2237 3301 inspiratione
2257 3229 2464 3286 efficaci
2481 3230 2920 3306 intelligendum
2943 3240 3046 3301 est,

1703 3333 1729 3364 «
1763 3326 1899 3367 <cum
1923 3307 2248 3381 prophetica
2268 3308 2479 3366 dicitur
2502 3311 3055 3384 inspiratio,constat

1704 3416 1730 3447 ιι
1769 3390 1919 3465 quod
1940 3407 2068 3448 cum
2095 3391 2273 3447 solius
2291 3391 2389 3447 Dei
2405 3392 2478 3446 sit
2502 3392 2798 3452 efficaciter
2820 3413 3055 3454 movere

1705 3497 1732 3528 α
1775 3474 2146 3536 voluntatem,
2195 3476 2250 3528 et
2275 3486 2345 3527 ex
2374 3478 2532 3543 parte
2578 3474 2757 3546 ipsius
2784 3479 3055 3534 volunta-

1707 3579 1732 3610 «
1775 3555 1868 3623 tis,
1917 3559 1981 3609 ut
2034 3554 2218 3626 ipsum
2248 3568 2460 3608 nomen
2494 3561 2659 3611 sonat
2683 3581 2698 3624 ;
2747 3557 3052 3615 dicendum

1708 3659 1734 3689 «
1773 3639 1940 3699 esset,
1996 3631 2143 3705 quod
2192 3647 2309 3687 non
2342 3637 2426 3687 est
2470 3636 2706 3708 Angelo,
2738 3637 2837 3694 sed
2884 3655 2917 3694 a
2944 3640 3058 3698 Deo

1710 3738 1735 3769 «
1779 3712 2129 3776 immediate,
2176 3727 2291 3767 non
2333 3727 2432 3783 per
2480 3713 2917 3786 impressionem
2945 3720 3059 3775 ali-

1712 3819 1737 3850 «
1778 3795 1937 3869 cujus
1982 3793 2182 3850 formae
2209 3791 2495 3863 (videlicet
2541 3800 2955 3871 permanentis)
2996 3802 3060 3857 in

1712 3901 1735 3931 α
1779 3877 2093 3942 voluntate,
2124 3874 2222 3932 sed
2265 3890 2365 3946 per
2393 3878 2671 3933 actualem
2719 3880 3055 3949 motionem,

1714 3983 1739 4014 «
1780 3975 1892 4032 qua
1913 3958 2069 4013 solus
2091 3957 2211 4029 ipse
2232 3959 2465 4015 Creator
2481 3964 2659 4031 potest
2698 3960 2901 4033 ipsam,
2933 3956 3063 4020 cum

1715 4063 1740 4093 «
1781 4039 1925 4105 vult,
1957 4045 2013 4094 et
2056 4053 2167 4109 quo
2213 4038 2355 4105 vult,
2406 4055 2657 4107 movere,
2704 4042 2866 4115 juxta
2892 4043 3061 4111 illud,

1716 4143 1742 4174 α
1784 4121 1892 4174 Cor
1915 4116 2063 4191 regis
2089 4116 2152 4172 in
2168 4132 2344 4173 manu
2374 4119 2696 4186 Domini,et
2717 4122 3066 4179 volvetillud

1717 4223 1742 4254 «
1783 4213 2136 4272 quocumque
2151 4199 2454 4256 voluerit.»
2484 4200 2758 4257 Proverb.
2784 4204 3064 4268 2l.Quem

1712 4283 1901 4339 locum
1930 4280 1993 4335 in
2020 4278 2139 4334 suis
2164 4280 2596 4337 commentariis
2623 4282 3062 4351 illustrans,ait:

1720 4385 1745 4416 α
1787 4360 2106 4417 Efficaciam
2146 4360 2342 4428 simul,
2374 4365 2429 4416 et
2474 4361 2806 4420 facilitatem
2848 4363 3067 4423 divinae

1721 4464 1746 4495 «
1788 4439 2140 4513 operationis
2161 4438 2231 4495 ad
2260 4439 2662 4496 inclinandum
2690 4457 2785 4499 cor
2811 4442 3071 4501 hominis

1675 4564 1682 4570 .
1722 4544 1747 4575 «
1787 4535 2142 4594 quocumque
2170 4521 2284 4576 Deo
2326 4521 2619 4593 placuerit,
2669 4520 2940 4580 describit
2965 4526 3071 4582 Sa-

1724 4627 1748 4659 «
1792 4605 1989 4660 lomon
2019 4602 2203 4658 instar
2229 4600 2541 4658 dividentis
2569 4620 2741 4675 aquas
2768 4605 2832 4661 in
2862 4608 3075 4666 multos

1724 4708 1749 4739 α
1793 4685 1968 4741 rivos,
1994 4681 2295 4740 Facillime
2315 4683 2473 4739 enim
2496 4689 2578 4740 est
2599 4683 2808 4742 divisio
2837 4689 3073 4759 aquaein

1726 4787 1751 4819 «
1791 4765 2008 4821 multos
2055 4763 2227 4830 rivos,
2267 4778 2335 4819 eo
2361 4762 2509 4835 quod
2538 4779 2682 4836 aqua
2717 4781 2832 4822 non
2864 4767 3074 4825 resistit

1727 4868 1753 4899 a
1795 4843 2092 4901 divisioni.
2123 4841 2615 4906 Quemadmodum
2662 4845 2850 4917 itaque
2869 4862 3074 4919 opera-

1728 4948 1753 4978 «
1797 4925 1879 4982 tio
1906 4923 2161 4981 hominis
2184 4922 2475 4982 facillimae
2492 4929 2577 4982 est
2594 4923 2849 4983 eilicaciae
2874 4926 2946 4984 ad
2980 4927 3074 4983 di-

1680 2439 1778 2501 que
1798 2437 1967 2476 causa
1996 2422 2056 2475 in
2089 2428 2235 2486 actu,
2269 2437 2433 2498 neque
2458 2423 2704 2495 efficacia
2730 2427 2983 2483 salvatur
3012 2449 3026 2493 3
3068 2436 3222 2482 Docuit

3076 2485 3222 2531 motio·

3100 2546 3197 2581 nem

3078 2595 3202 2680 32³5.
