3647 5753
468 411 578 467 538
1395 400 1486 453 DE
1524 391 2105 451 JUSTIFICATIONE
2145 390 2347 445 IMPII.

467 578 634 623 tandum
653 580 876 630 peccatum.
895 579 936 618 et
955 573 1009 616 ad
1028 570 1306 617 accedendum
1325 569 1377 613 ad
1396 571 1554 613 Deum:
1574 564 1830 620 quiquidem

465 643 692 677 consensus
708 629 847 674 subito
865 631 930 672 tlt.
943 627 1157 681 Contingit
1172 633 1307 670 antem
1325 623 1585 679 quandoque.
1600 621 1708 674 quod
1727 630 1828 673 prae-

464 688 577 733 cedit
594 688 729 740 aliqua
750 684 1012 730 deliberatio.
1028 694 1118 736 quae
1139 693 1217 725 non
1231 686 1296 725 est
1313 681 1365 725 de
1383 677 1614 722 substantia
1628 675 1831 730 justitlea·

464 744 607 792 tionis,
622 741 696 785 sed
716 741 781 783 via
803 739 844 782 in
860 739 1197 793 justificationem
1210 758 1224 787 ,·
1242 735 1349 780 sieut
1368 740 1500 778 motus
1515 733 1664 776 localis
1679 736 1745 777 est
1759 731 1829 773 ria

465 801 519 843 ad
540 795 899 845 illuminationem,
919 801 962 838 ct
979 794 1171 838 alteratio
1189 792 1241 836 ad
1260 792 1586 842 generationem.

500 857 580 921 Ad
599 854 822 899 secundum
840 854 1076 900 dicendum.
1097 852 1205 907 quod
1222 851 1328 894 sicut
1347 850 1390 893 in
1411 847 1543 901 primo
1569 847 1722 889 dictum
1747 848 1829 894 εει,

468 913 573 956 nihil
601 911 791 964 prohibet
821 909 902 952 dno
932 909 1053 952 siznul
1088 908 1322 961 intelligere
1351 912 1459 954 actu,
1477 903 1700 947 secundum
1719 899 1831 954 quod

465 966 871 1031 suntquodammodo
883 976 1004 1008 unum
1017 984 1027 1008 ι
1042 965 1147 1008 sicut¹
1162 963 1284 1007 simul
1299 960 1573 1010 intelligimus
1583 957 1828 1010 subjectum.

467 1031 512 1068 et
528 1024 811 1090 praedicatum,
833 1022 875 1064 in
895 1026 1088 1073 quantum
1109 1020 1304 1064 uniuntur
1322 1019 1365 1062 in
1381 1015 1530 1060 ordine
1548 1014 1832 1058 affirmationis

467 1092 605 1126 ιιιιιιιε.
628 1083 679 1123 Ει
708 1091 778 1133 per
809 1081 985 1123 eundem
1007 1078 1166 1120 modum
1196 1076 1371 1119 lberuzn
1390 1073 1606 1117 arbitrium
1635 1075 1767 1124 potest
1787 1071 1830 1113 ιιι

470 1139 552 1180 duo
569 1138 692 1180 simul
714 1135 883 1184 moveri.
897 1133 1121 1179 secundum
1137 1132 1244 1185 quod
1260 1142 1386 1175 unum
1407 1130 1623 1174 ordinatur
1641 1126 1829 1171 inaliud:

470 1203 604 1241 motus
615 1201 748 1238 autem
768 1194 890 1238 liberi
905 1192 1069 1236 arbitrii
1093 1191 1134 1234 in
1155 1195 1360 1243 peccatum
1377 1189 1593 1231 ordinatur
1608 1186 1662 1229 ad
1679 1190 1831 1228 motum

473 1254 594 1298 liberi
625 1251 787 1295 arbitrii
809 1251 850 1294 in
882 1253 1040 1300 neuun
1062 1252 1227 1301 propter
1246 1247 1320 1290 hoc
1337 1245 1448 1289 enim
1469 1245 1588 1288 bomo
1605 1243 1833 1286 detestatur

470 1317 698 1364 peccatum.
718 1311 810 1363 quta
829 1312 893 1351 est
913 1311 1052 1349 contra
1073 1307 1219 1352 Deum.
1240 1304 1304 1347 cui
1325 1304 1410 1346 vult
1427 1303 1641 1346 adhaerere
1670 1299 1833 1342 Etideo

470 1368 646 1411 liberum
677 1364 893 1408 arbitrium
924 1362 967 1405 in
993 1359 1293 1414 justificatione
1328 1358 1441 1411 impii
1462 1357 1585 1400 simul
1604 1355 1833 1398 detestatur

469 1429 694 1477 peccatum,
707 1427 748 1466 et
761 1419 966 1464 convertit
985 1429 1030 1462 sc
1043 1418 1096 1459 ad
1109 1419 1239 1460 Deum
1256 1434 1265 1466 ;
1286 1416 1393 1459 sicut
1411 1415 1536 1459 etiam
1550 1421 1698 1464 corpus
1709 1410 1832 1454 simul

467 1481 704 1527 recedendo
724 1480 777 1523 ab
797 1490 879 1523 uno
899 1478 990 1521 loco
1006 1475 1169 1518 aceedit
1186 1473 1239 1517 ad
1266 1473 1407 1516 alium.

515 1539 583 1583 Ad
619 1538 783 1583 tertium
817 1534 1053 1582 dicendum.
1075 1531 1184 1585 quod
1215 1541 1297 1574 non
1327 1535 1392 1573 est
1409 1528 1532 1577 ratio,
1551 1536 1676 1579 quare
1705 1527 1833 1569 forma

462 1599 605 1642 subito
618 1597 660 1640 in
682 1595 851 1639 materia
868 1603 948 1635 non
970 1591 1205 1643 recipiatur.
1219 1588 1314 1643 quia
1330 1586 1473 1640 magis,
1492 1591 1535 1630 et
1551 1586 1686 1628 minus
1701 1589 1837 1636 potest

466 1657 604 1700 inesse
623 1673 634 1706 ;
654 1654 716 1697 sie
733 1652 845 1697 enim
863 1651 998 1693 tumen
1021 1659 1100 1691 non
1129 1645 1267 1690 subito
1288 1644 1542 1698 reciperetur
1570 1642 1612 1685 in
1629 1651 1742 1686 aere.
1762 1639 1835 1694 qui

466 1718 599 1767 potest
620 1712 764 1764 magis.
784 1715 825 1753 et
845 1707 981 1751 minus
999 1703 1225 1749 illuminari
1248 1722 1259 1746 ι
1285 1703 1359 1747 sed
1382 1701 1489 1745 ratio
1511 1705 1575 1745 est
1592 1698 1835 1752 accipienda
1872 1725 1878 1732 .

464 1782 518 1817 ex
553 1773 667 1824 parte
703 1764 994 1819 dispositionis
1029 1761 1228 1812 malerixe,
1265 1759 1330 1804 vel
1366 1756 1565 1811 subjecti.
1598 1760 1639 1799 ut
1681 1755 1836 1798 dictum

465 1833 545 1874 est.
1434 1817 1441 1820 “

518 1883 585 1927 Ad
616 1886 803 1935 quartum
830 1876 1066 1927 dicendum,
1103 1873 1212 1929 quod
1243 1872 1287 1915 in
1313 1871 1459 1917 eodem
1480 1867 1668 1918 instanti.
1694 1867 1737 1909 in
1757 1875 1836 1919 quc

470 1941 599 1984 forma
618 1936 863 1990 acquiritur,
882 1932 1031 1986 incipit
1050 1941 1117 1975 res
1135 1928 1297 1984 operari
1318 1926 1545 1971 secundum
1565 1924 1759 1967 formam:
1778 1920 1839 1964 si-

470 2004 538 2041 cut
568 1996 680 2050 ignis
706 1994 845 2038 statim
878 2003 968 2035 cum
985 1993 1051 2034 est
1068 1994 1302 2041 generatus,
1322 1989 1507 2029 movetur
1525 1993 1711 2031 sursum;
1740 1977 1837 2022 etsi

472 2059 607 2097 motus
624 2050 715 2104 ejus
731 2053 844 2094 esset
859 2047 1157 2093 instantaneus,
1188 2043 1229 2086 in
1247 2042 1394 2086 codem
1417 2037 1586 2084 instanti
1605 2035 1838 2088 complere·

473 2115 552 2153 tur.
584 2110 722 2150 Motus
737 2111 872 2148 autem
892 2102 1014 2146 liberi
1033 2098 1214 2148 arbitrii.
1234 2096 1303 2150 qui
1337 2101 1400 2139 est
1419 2095 1543 2144 velle.
1564 2103 1646 2136 nou
1664 2095 1728 2135 cst
1746 2099 1841 2133 suc-

472 2164 675 2214 cessivus,
699 2161 773 2205 sed
797 2160 1107 2207 instantaneus;
1140 2163 1183 2199 ει
1202 2154 1298 2197 ιιιεο
1316 2162 1398 2196 ιιοιι
1415 2155 1576 2204 oportet
1594 2148 1703 2203 quod
1718 2144 1842 2199 justi·

473 2220 613 2264 ficatio
631 2218 748 2270 impii
767 2217 823 2260 sit
848 2213 1098 2258 successiva.

524 2278 591 2321 Ad
610 2276 798 2331 quintum
818 2271 1055 2320 dicendum,
1079 2267 1189 2324 quod
1206 2266 1416 2310 successio
1448 2263 1619 2306 duorum
1638 2259 1842 2314 opposito-

476 2347 566 2381 rum
587 2336 631 2378 in
650 2334 796 2380 eodem
816 2329 1007 2383 subjecto
1024 2328 1149 2371 aliter
1173 2331 1240 2370 est
1256 2321 1557 2367 consideranda
1577 2320 1621 2366 in
1650 2317 1731 2367 ιιιε,
1751 2326 1844 2370 quat

474 2392 693 2445 subiacent
714 2389 903 2441 tempori.
922 2392 963 2430 ει
983 2385 1107 2429 aliter
1128 2384 1171 2434 in
1190 2382 1270 2433 bis,
1291 2391 1381 2435 qua:
1400 2384 1497 2422 sunt
1521 2388 1643 2430 supra
1670 2382 1843 2427 tempus.

475 2452 526 2493 In
559 2448 625 2491 his
656 2446 767 2490 enim
788 2455 878 2498 quae
897 2443 1114 2494 subjacent
1137 2437 1327 2487 tempori.
1348 2446 1431 2478 non
1456 2440 1521 2479 est
1539 2433 1637 2477 dare
1658 2431 1847 2475 ultimum

474 2508 651 2552 instans.
684 2504 727 2545 in
758 2512 840 2554 quo
871 2501 997 2543 forma
1018 2497 1132 2552 prior
1149 2495 1337 2547 subjecto
1358 2493 1491 2541 inest;
1511 2495 1575 2533 est
1591 2494 1727 2533 autem
1746 2487 1848 2530 dare

476 2563 664 2606 ultimum
677 2567 850 2612 tempus,
863 2564 904 2601 et
922 2556 1096 2611 primum
1111 2553 1287 2601 instans,
1301 2551 1343 2593 in
1355 2559 1434 2604 quo
1451 2549 1577 2592 forma
1590 2546 1849 2598 subsequens

476 2620 586 2663 inest
605 2615 801 2664 materia».
822 2615 889 2657 vel
908 2611 1096 2665 subjecto
1126 2608 1255 2660 Cujus
1273 2608 1379 2650 ratio
1395 2609 1475 2654 est,
1491 2603 1587 2657 quia
1603 2603 1645 2644 in
1664 2606 1849 2652 tempore

476 2683 558 2717 non
578 2674 713 2724 potest
726 2668 857 2721 accipi
877 2672 972 2710 ante
991 2676 1115 2710 unum
1131 2663 1289 2706 instans
1301 2660 1414 2704 aliud
1430 2661 1587 2702 instans
1606 2654 1850 2708 praecedens

478 2725 733 2775 immediate.
757 2734 810 2768 eo
828 2722 937 2776 quod
969 2721 1168 2764 instantia
1189 2727 1269 2760 uon
1290 2717 1593 2766 consequenter
1609 2721 1655 2755 se
1673 2710 1852 2753 babeant

480 2786 524 2828 in
543 2789 743 2835 tempore,
756 2781 864 2824 sieut
881 2789 957 2822 nec
975 2781 1123 2830 puncta
1139 2774 1180 2817 in
1194 2773 1303 2817 linea
1319 2775 1379 2824 (ut
1395 2771 1589 2824 probatur
1604 2769 1648 2811 in
1667 2771 1692 2810 6
1707 2767 1850 2820 Phys.)

479 2842 556 2887 sed
587 2847 744 2893 tempus
763 2836 1006 2883 terminatur
1035 2834 1089 2878 ad
1120 2833 1293 2882 instans,
1313 2835 1357 2874 et
1372 2829 1471 2873 ideo
1492 2829 1535 2870 in
1555 2830 1641 2869 toto
1668 2829 1851 2878 tempere

481 2896 750 2954 praecedenti.
783 2905 863 2951 quo
888 2892 1048 2948 aliquid
1082 2895 1267 2934 movetur
1291 2888 1344 2930 ad
1364 2897 1484 2931 unam
1505 2887 1690 2932 formam.
1711 2884 1855 2926 subest

485 2960 626 3002 forata}
646 2953 843 3008 oppositae
858 2971 869 3005 ς
887 2958 931 2996 ει
951 2951 1097 2995 ιιιιιιιιο
1117 2945 1290 2992 instanti
1305 2945 1420 2988 illius
1440 2941 1649 2997 temporis
1663 2939 1772 2994 quod
1790 2944 1854 2983 est

485 3016 662 3068 primum
684 3013 843 3055 instans
867 3008 1082 3062 sequentis
1099 3004 1312 3057 temporis.
1330 3002 1453 3045 babet
1472 2999 1661 3049 formam,
1680 3008 1772 3051 quae
1789 2999 1856 3040 est

485 3073 686 3117 terminus
706 3074 851 3114 motus.
876 3066 960 3110 Sed
981 3067 1023 3108 in
1042 3063 1108 3107 his
1126 3072 1216 3116 quae
1233 3064 1329 3104 suut
1345 3069 1467 3112 supra
1495 3062 1652 3109 tempus
1669 3055 1793 3099 aliter
1808 3062 1856 3096 se

486 3130 635 3181 liabet;
655 3128 692 3172 si
713 3138 792 3182 qua
809 3126 922 3169 enlm
939 3121 1148 3167 successio
1166 3117 1220 3161 sit
1241 3118 1299 3162 ibi
1320 3118 1550 3166 affectuum,
1574 3113 1636 3158 vel
1670 3112 1857 3158 intellec-

488 3187 659 3232 tualium
677 3183 992 3237 conceptionum
1022 3181 1134 3233 (puta
1153 3178 1197 3221 in
1215 3173 1408 3229 Angelis)
1422 3172 1520 3216 talis
1536 3170 1744 3215 successio
1772 3179 1857 3212 non

489 3248 750 3289 mensuratur
761 3247 947 3293 tempore
964 3236 1177 3287 continuo,
1189 3233 1267 3278 sed
1281 3238 1464 3285 tempore
1479 3230 1681 3279 discreto;
1697 3227 1801 3270 sicut
1813 3231 1860 3271 et

492 3302 581 3356 ipsa
601 3311 690 3353 qum
711 3301 1011 3345 mensurantur.
1034 3304 1114 3337 non
1133 3295 1229 3335 sunt
1247 3289 1457 3336 continua,
1477 3291 1520 3330 ιιι
1536 3285 1577 3328 ιιι
1595 3285 1726 3338 primo
1743 3283 1860 3328 habi·

493 3367 580 3404 tum
609 3362 687 3403 est.
710 3355 831 3399 Unde
860 3357 905 3397 in
933 3352 1085 3396 tatibus
1110 3356 1175 3395 est
1210 3347 1390 3392 dandum
1418 3342 1603 3390 ultimum
1621 3341 1795 3393 instans,
1815 3341 1860 3385 in

493 3429 575 3473 quo
595 3417 770 3471 primum
790 3413 888 3462 fuit:
908 3416 949 3455 et
969 3410 1143 3463 primum
1163 3407 1338 3457 instanS,
1359 3406 1401 3448 in
1421 3413 1500 3457 quo
1517 3406 1583 3446 est
1602 3400 1645 3443 id
1663 3398 1771 3453 quod
1798 3407 1862 3441 se-

493 3474 645 3528 quitur.
679 3473 767 3514 Nec
793 3472 953 3522 oportet
977 3476 1070 3511 esse
1100 3470 1257 3516 tempus
1289 3461 1484 3510 medium.
1505 3468 1597 3511 qma
1618 3465 1699 3499 non
1717 3459 1782 3498 est
1799 3454 1861 3497 ibi

495 3526 746 3576 continuitas
776 3523 987 3577 temporis.
1018 3533 1109 3575 quae
1138 3521 1214 3563 boc
1232 3516 1482 3573 requirebat.
1503 3516 1623 3557 Mens
1638 3518 1773 3555 autem
1792 3511 1863 3555 hu·

496 3597 616 3632 mana
642 3595 731 3637 quae
755 3581 1018 3635 justificatur.
1038 3578 1262 3622 secundum
1284 3584 1329 3619 se
1348 3572 1512 3627 quidem
1540 3575 1607 3614 est
1623 3579 1745 3622 supra
1764 3574 1864 3611 tem-

497 3655 587 3697 pus,
609 3640 684 3685 sed
704 3649 777 3694 per
793 3636 989 3682 accidens
1004 3634 1200 3678 subditur
1217 3630 1406 3685 tempori,
1426 3630 1470 3672 in
1489 3632 1684 3682 quantum
1701 3624 1865 3669 scilicet

498 3697 700 3750 intelligit
723 3707 812 3741 cum
832 3695 1041 3741 continuo.
1061 3695 1102 3733 et
1120 3695 1304 3742 tempore
1321 3684 1547 3730 secundum
1567 3683 1864 3736 phantasmata.

500 3756 714 3810 inquibus
729 3751 890 3806 species
908 3747 1199 3801 intelligibiles
1217 3743 1469 3793 considerat,
1490 3746 1534 3786 ut
1552 3740 1596 3782 in
1616 3740 1750 3793 primo
1779 3739 1865 3781 dlc-

500 3821 589 3861 tum
604 3819 683 3858 εει.
704 3815 754 3855 Ει
782 3810 879 3854 idco
894 3806 1163 3860 judicandum
1182 3809 1244 3847 est
1262 3801 1486 3846 secundum
1508 3799 1584 3842 boc
1603 3797 1655 3841 de
1673 3796 1766 3850 ejus
1782 3806 1867 3840 mu·

500 3876 657 3919 tatione
675 3869 900 3915 secundum
918 3863 1199 3908 conditionem
1219 3866 1397 3904 motuum
1417 3857 1714 3910 temporalium.
1735 3860 1779 3898 ut
1788 3854 1867 3898 sci-

502 3934 602 3977 lieet
631 3930 829 3976 dicamus.
859 3922 968 3978 quod
1000 3932 1081 3965 non
1109 3925 1174 3964 est
1193 3919 1292 3963 dare
1311 3916 1498 3960 ultimum
1530 3916 1702 3964 instans,
1723 3913 1767 3955 in
1787 3922 1868 3965 quo

502 3990 621 4042 culpa
648 3984 788 4034 infuit,
820 3980 894 4025 scd
916 3979 1102 4024 ultimum
1121 3983 1309 4027 tempus:
1339 3978 1403 4022 est
1421 3978 1556 4016 antem
1577 3971 1677 4014 dare
1694 3969 1868 4023 primum

506 4046 680 4093 instans,
712 4041 753 4084 in
786 4048 869 4092 qua
887 4034 1017 4089 gratia
1036 4033 1169 4083 inest;
1190 4030 1339 4073 inloto
1354 4034 1491 4072 autem
1522 4033 1703 4080 tempore
1717 4034 1869 4079 praece·

506 4103 622 4149 denti
643 4102 775 4143 inerat
793 4095 925 4147 culpa.

579 4184 868 4247 Conclusio
895 4197 912 4232 :
938 4173 1274 4232 Justificatio
1313 4171 1482 4245 impii
1532 4169 1598 4226 fit
1640 4169 1704 4224 in
1743 4169 1870 4225 ins-

504 4262 675 4323 tanti.

578 4339 1004 4401 Difficultatem,
1031 4346 1205 4405 quam
1230 4332 1296 4385 D.
1315 4327 1519 4384 Thom.
1545 4325 1611 4381 in
1632 4323 1737 4381 hoc
1759 4330 1866 4383 art.

507 4415 795 4494 proponit,
829 4406 1201 4466 discutiemus
1222 4404 1367 4475 disp.
1395 4403 1452 4468 4,
1483 4399 1611 4455 dub.
1643 4400 1703 4455 2.

949 4550 1265 4597 ARTICULUS
1292 4549 1413 4592 vm.

512 4673 658 4715 Utrum
674 4666 824 4721 mulsae
841 4661 998 4716 infusio
1016 4661 1075 4703 sit
1086 4658 1230 4712 prima
1246 4654 1397 4699 ordine
1412 4656 1577 4697 naturae
1594 4653 1708 4696 inter
1724 4661 1774 4696 ca
1785 4660 1877 4706 qux

754 4722 1030 4777 requiruntur
1055 4717 1112 4759 ad
1123 4713 1473 4769 justificationem
1492 4711 1627 4765 impii.

558 4833 624 4877 Ad
643 4836 828 4876 octavum
846 4825 909 4871 sic
926 4820 1180 4877 proceditur.
1207 4815 1398 4867 Videtur.
1418 4814 1528 4870 quod
1547 4814 1691 4868 gratiae
1722 4811 1879 4856 infusio

506 4901 589 4935 non
608 4888 665 4931 sit
694 4886 827 4941 prima
844 4881 993 4927 ordine
1012 4883 1170 4923 naturae
1190 4875 1300 4920 inter
1324 4884 1388 4925 ea.
1409 4883 1500 4925 uuae
1532 4869 1802 4925 requiruntur
1823 4866 1880 4912 ad

505 4944 848 5002 justificationem
868 4939 1001 4992 impii.
1015 4936 1139 4980 Prius
1156 4932 1269 4978 enim
1282 4937 1346 4975 cst
1364 4930 1563 4975 recedere
1581 4941 1604 4974 a
1622 4929 1881 4980 malm-quam

505 5005 708 5050 accedere
736 4999 791 5044 ad
822 4998 988 5048 bonum,
1014 4992 1240 5038 secundum
1263 4988 1367 5033 illud
1385 4988 1538 5031 Psalm.
1558 4989 1634 5030 30:
1654 4984 1831 5028 Declina
1856 4993 1880 5025 a

510 5064 633 5114 malo,
660 5066 704 5107 et
734 5059 799 5105 fac
831 5056 997 5100 bouum.
1018 5051 1103 5098 Sed
1121 5047 1314 5096 remissio
1332 5046 1461 5101 cutpae
1478 5044 1657 5100 pertinet
1674 5042 1728 5087 ad
1748 5049 1882 5087 reces-

1960 574 2049 606 sum
2077 572 2099 606 a
2121 562 2254 613 malm
2277 559 2430 603 infusio
2446 561 2581 601 autem
2599 554 2744 608 gratiae
2770 551 2950 606 pertinet
2967 550 3020 594 ad
3038 546 3326 601 prosequutio-

1960 630 2054 665 nem
2074 617 2172 663 boni
2194 627 2324 670 :ergo
2342 613 2586 659 naturaliter
2615 610 2729 665 prius
2745 614 2809 654 est
2827 605 3019 652 remissio
3036 604 3183 657 culpae.
3201 613 3326 656 quam

1961 677 2117 723 infusio
2133 675 2291 731 gratiae.
2906 719 2911 723 .

2008 739 2048 779 2.
2080 738 2287 779 Praeterea
2304 751 2314 776 ε
2333 728 2566 784 Dispositio
2582 725 2780 781 praecedit
2798 722 3043 768 naturaliter
3058 722 3248 772 formam,
3268 718 3324 761 ad

1962 803 2081 847 quam
2102 789 2284 844 disponit
2305 787 2408 833 :sed
2423 791 2556 831 motus
2574 783 2696 827 liberi
2714 780 2879 826 arbitrii
2897 784 2962 823 est
2978 778 3165 832 qnaedam
3184 776 3325 829 dispo·

1962 851 2061 894 sitio
2078 850 2130 894 ad
2146 847 2449 900 susceptionem
2467 844 2611 898 gratiae
2631 860 2642 886 ε
2668 850 2769 895 ergo
2787 838 3029 883 naturaliter
3048 835 3244 890 praecedit
3262 835 3324 878 in-

1963 909 2168 953 fusionem
2185 907 2343 960 gratiae.

2012 970 2051 1009 3.
2070 967 2277 1008 Praeterea
2294 981 2303 1005 ε
2323 964 2541 1005 Peccatum
2560 955 2734 1010 impedit
2749 954 2942 1003 animam,
2963 962 3015 996 ne
3032 950 3168 994 libere
3179 949 3324 994 tendat

1965 1025 2008 1068 in
2026 1026 2157 1069 Deum
2179 1040 2190 1065 e
2209 1021 2285 1065 sed
2303 1019 2417 1073 prius
2432 1023 2500 1062 est
2517 1024 2729 1060 removere
2755 1013 2797 1057 id
2816 1011 2924 1067 quod
2945 1009 3134 1064 probibet
3154 1014 3320 1057 motum,

1963 1092 2083 1137 quam
2117 1083 2248 1123 motus
2272 1080 2467 1130 sequatur
2487 1091 2497 1116 ι
2530 1081 2630 1123 ergo
2647 1070 2762 1123 prior
2778 1074 2842 1112 est
2869 1066 3112 1111 naturaliter
3131 1064 3322 1109 remissio

1964 1140 2109 1191 culpae.
2128 1141 2171 1180 et
2188 1140 2322 1179 motus
2341 1133 2460 1176 liberi
2481 1128 2646 1174 arbitrii
2667 1127 2709 1171 in
2727 1129 2877 1176 Deum,
2903 1135 3022 1178 quam
3052 1121 3209 1166 infusio
3235 1133 3324 1176 gra·

1964 1198 2048 1241 tiae.

2014 1254 2098 1299 Sed
2115 1259 2284 1296 contra:
2304 1251 2434 1293 Causa
2465 1251 2529 1291 est
2558 1244 2672 1299 prior
2689 1241 2933 1285 naturaliter
2962 1250 3036 1284 suo
3053 1238 3202 1282 effectu
3219 1253 3231 1279 ε
3248 1235 3324 1280 sed

1964 1311 2110 1364 gratian
2140 1307 2296 1352 infusio
2322 1315 2441 1349 causa
2473 1307 2536 1346 est
2554 1299 2734 1344 omnium
2751 1298 2925 1341 alioruin
2946 1306 3037 1349 quae
3065 1292 3324 1346 requiruntur

1965 1368 2018 1411 ad
2033 1365 2373 1421 justificationem
2392 1358 2524 1413 impii,
2546 1363 2731 1410 utsupra
2759 1353 2913 1397 dictum
2930 1357 2995 1396 εει
3015 1368 3025 1394 ε
3051 1359 3152 1402 ergo
3168 1353 3233 1392 est
3257 1357 3325 1391 m·

1965 1423 2156 1471 turaliter
2172 1423 2298 1477 prior.
2760 1425 2764 1429 >

2016 1480 2266 1534 Respondeo
2285 1475 2520 1522 dicendum.
2540 1471 2647 1526 quod
2667 1467 2865 1523 praedicta
2879 1468 3065 1519 quatuor,
3085 1473 3178 1517 quae
3196 1461 3328 1514 requi·

1968 1543 2112 1583 runtur
2129 1537 2181 1581 ad
2193 1533 2531 1587 justificationem
2547 1528 2680 1582 impii.
2694 1533 2876 1579 tempore
2889 1521 3056 1577 quidem
3069 1524 3165 1563 sunt
3180 1517 3329 1563 simul:

1967 1596 2062 1652 quia
2075 1594 2321 1650 justificatio
2338 1590 2453 1644 impii
2476 1599 2556 1631 non
2575 1583 2898 1633 estsuccessiva,
2914 1589 2958 1624 ut
2976 1579 3130 1622 dietum
3148 1581 3239 1620 est:
3256 1574 3329 1618 sed

1967 1654 2116 1698 ordine
2134 1657 2290 1695 natum·
2308 1658 2431 1693 unum
2448 1656 2591 1690 eorum
2608 1647 2672 1687 est
2690 1642 2806 1694 prius
2821 1640 2970 1688 attero,
2990 1641 3031 1679 et
3052 1634 3162 1677 inter
3190 1641 3238 1676 ea
3265 1641 3332 1673 na-

1970 1710 2092 1753 turali
2124 1708 2272 1752 ordine
2301 1704 2474 1758 primum
2505 1706 2570 1744 est
2588 1698 2732 1751 gratim
2763 1696 2933 1742 infusio.
2953 1692 3182 1736 secundum
3200 1692 3332 1732 molus

1969 1766 2094 1810 liberi
2111 1761 2277 1809 arbitrii
2298 1761 2340 1804 in
2355 1763 2502 1806 Deum,
2521 1756 2687 1800 tertium
2707 1757 2841 1796 motus
2859 1750 2981 1794 liberi
2995 1747 3160 1792 arbitrii
3182 1746 3225 1789 in
3244 1753 3332 1796 pec·

1969 1832 2118 1874 catum.
2145 1827 2332 1876 quartum
2361 1828 2462 1862 vero
2495 1819 2560 1859 cst
2594 1811 2786 1858 remissio
2818 1810 2961 1861 culpae.
2982 1806 3111 1858 Cujus
3130 1804 3236 1848 ratio
3252 1808 3330 1852 εει.

1970 1881 2064 1935 quia
2087 1879 2128 1923 in
2147 1876 2332 1932 quolibet
2349 1880 2460 1918 motu
2481 1871 2725 1915 naturaliter
2750 1867 2922 1920 primum
2949 1870 3011 1908 est
3043 1859 3170 1905 motio
3204 1858 3333 1912 ipsius

1971 1935 2198 1985 moventis;
2218 1931 2439 1976 sec-undum
2459 1935 2597 1972 autem
2611 1933 2674 1971 est
2688 1922 2908 1976 dispositio
2926 1918 3126 1966 materiae,
3146 1915 3236 1960 sive
3252 1924 3332 1958 mo·

1971 1998 2038 2038 tus
2053 1992 2184 2046 ipsius
2205 1989 2371 2033 mobilis
2386 2005 2397 2036 ς
2417 1986 2605 2030 ultimum
2625 1992 2723 2027 vcro
2740 1985 2805 2025 est
2825 1978 2933 2027 fluis.
2955 1975 3018 2020 vel
3032 1973 3232 2018 terminus
3248 1980 3334 2014 mo·

1973 2056 2054 2098 tus.
2076 2047 2129 2092 ad
2145 2057 2270 2102 quem
2302 2043 2546 2087 terminatur
2576 2038 2704 2083 motio
2722 2032 2941 2080 moventis.
2972 2034 3068 2084 Ipsa
3099 2028 3223 2083 igitur
3250 2026 3333 2071 Dei

1974 2106 2178 2151 moventis
2194 2102 2321 2148 motio
2336 2105 2400 2144 est
2417 2099 2560 2153 gratiae
2578 2095 2748 2145 infusio.
2761 2097 2808 2137 ιιι
2828 2092 2978 2135 dietum
2995 2094 3059 2133 est
3075 2097 3195 2140 supra
3213 2104 3225 2136 ς
3252 2094 3337 2128 mo·

1974 2171 2038 2208 tus
2054 2169 2204 2211 autem.
2225 2160 2288 2205 vel
2311 2155 2531 2211 dispositio
2552 2150 2719 2197 mobilis
2735 2155 2799 2194 est
2817 2149 2966 2201 duplex
2980 2150 3114 2190 motus
3131 2143 3256 2187 liberi
3274 2152 3339 2185 ιιι·-

1974 2220 2119 2270 ιιίιιίις
2146 2216 2348 2261 terminus
2365 2218 2515 2263 autern.
2536 2211 2602 2255 vel
2637 2208 2732 2251 linis
2751 2211 2884 2249 motus
2900 2209 2962 2248 est
2981 2201 3173 2246 remissio
3190 2199 3337 2252 cutpae.

1976 2280 2021 2321 ιιι
2035 2285 2087 2320 ex
2106 2283 2226 2326 supra
2246 2270 2371 2314 dictis
2389 2273 2513 2322 patet.
2532 2268 2582 2308 Et
2607 2263 2706 2307 ideo
2739 2258 2915 2304 naturali
2934 2256 3080 2300 ordine
3098 2255 3274 2309 primum
3294 2252 3339 2295 ιιι

1973 2328 2270 2385 justificatione
2289 2324 2407 2378 impii
2425 2328 2491 2367 est
2509 2320 2652 2376 gratiae
2670 2317 2827 2361 infusio
2848 2334 2858 2359 t
2877 2312 3096 2358 secundum
3115 2315 3182 2354 est
3202 2313 3340 2354 motus

1979 2388 2103 2434 liberi
2121 2384 2288 2431 arbitrii
2310 2384 2352 2428 in
2371 2384 2531 2426 Deum:
2551 2377 2718 2423 tertium
2736 2384 2837 2418 vero
2856 2379 2916 2416 est
2936 2376 3065 2414 motus
3082 2368 3208 2413 liberi
3225 2367 3341 2412 arbi·

1979 2448 2048 2492 trii
2077 2447 2120 2490 in
2140 2447 2374 2496 peccatumg
2397 2443 2559 2493 propter
2577 2435 2655 2480 hoe
2668 2433 2780 2477 enim
2810 2430 2882 2473 ille
2901 2429 2968 2485 qui
2986 2427 3251 2481 justificatur,
3269 2425 3345 2469 de·

1979 2508 2153 2549 testatur
2170 2503 2394 2554 peccatum,
2409 2494 2504 2549 quia
2517 2497 2581 2536 est
2597 2495 2738 2533 contra
2758 2490 2889 2531 Deum
2906 2505 2917 2537 ς
2939 2484 3047 2529 unde
3064 2487 3197 2527 motus
3214 2480 3344 2528 liberi

1979 2558 2147 2604 arbitrii
2167 2559 2210 2600 ιιι
2227 2558 2361 2599 Deum
2381 2550 2576 2604 praecedit
2596 2545 2838 2591 naturaliter
2858 2548 3010 2586 motum
3030 2540 3152 2584 liberi
3179 2539 3348 2583 arbitrii

1982 2616 2025 2659 in
2044 2617 2269 2668 peccatum,
2288 2620 2378 2653 eum
2398 2608 2454 2650 sit
2473 2615 2607 2654 causa,
2627 2608 2671 2648 ει
2688 2602 2793 2646 ratio
2820 2600 2913 2652 ejus
2934 2617 2945 2642 :
2965 2601 3152 2650 quartum
3173 2604 3289 2645 vero,
3307 2599 3352 2638 et

1980 2671 2169 2716 ultimum
2187 2672 2251 2710 est
2270 2662 2462 2710 remissio
2478 2660 2623 2712 culpae,
2641 2659 2693 2702 ad
2713 2668 2832 2712 qutun
2851 2657 2936 2699 tota
2957 2653 3039 2697 ista
3062 2650 3354 2697 transmutatio

1983 2727 2198 2772 ordinatur
2217 2722 2324 2766 sicut
2339 2719 2392 2764 ad
2412 2720 2550 2765 tinem.
2572 2721 2616 2759 ut
2633 2714 2786 2758 dictum
2805 2716 2883 2755 est.

2032 2784 2097 2827 Ad
2128 2783 2302 2836 primum
2321 2788 2422 2829 ergo
2453 2772 2691 2821 dicendum.
2719 2769 2826 2824 quod
2848 2777 3037 2812 recessus
3052 2777 3076 2810 a
3103 2764 3293 2814 termino.
3310 2767 3354 2807 ει

1985 2850 2176 2889 accessus
2198 2837 2250 2882 ad
2280 2834 2500 2881 terminum
2528 2828 2749 2886 dupliciter
2766 2823 3022 2871 considerari
3056 2826 3238 2876 possunt
3259 2823 3354 2864 Uno

1986 2899 2109 2945 modo
2122 2908 2173 2942 ex
2193 2900 2306 2949 parte
2322 2891 2505 2941 mobilis,
2523 2895 2565 2934 et
2587 2889 2650 2931 sic
2667 2885 2907 2930 naturaliter
2927 2892 3115 2927 recessus
3133 2892 3155 2924 a
3176 2879 3350 2924 termino

1985 2956 2185 3014 praecedit
2200 2962 2408 2997 accessum
2427 2949 2479 2993 ad
2498 2945 2739 2995 terminum
2761 2942 2874 2996 prius
2890 2941 3002 2985 enim
3020 2944 3084 2984 est
3102 2939 3146 2982 ιιι
3163 2936 3354 2989 subjecto

1988 3012 2133 3059 mobili
2153 3007 2383 3063 oppositum
2398 3004 2505 3059 quod
2525 3002 2736 3056 abjicitur.
2754 3004 2796 3043 et
2813 2996 3074 3051 postmodum
3091 2999 3158 3039 est
3174 2994 3234 3041 id.
3248 2990 3357 3045 quod

1987 3082 2063 3127 per
2089 3074 2241 3113 motum
2272 3062 2507 3118 assequitur
2542 3058 2708 3104 mobile.
2730 3055 2813 3100 Sed
2843 3066 2896 3099 ex
2925 3060 3042 3108 parte
3071 3050 3234 3104 agentis
3251 3055 3316 3093 εει
3330 3058 3356 3093 ε

1989 3138 2189 3175 converso
2220 3144 2230 3169 ε
2258 3132 2387 3178 agens
2418 3120 2531 3166 enim
2561 3127 2633 3172 per
2661 3117 2832 3159 formam
2862 3124 2954 3168 quae
2984 3112 3025 3154 ιιι
3043 3121 3096 3155 eo
3113 3107 3358 3164 praeexistlt.

1988 3189 2077 3243 agit
2092 3185 2145 3229 ad
2165 3178 2459 3227 removendum
2477 3174 2727 3220 contrarium
2750 3192 2761 3223 ς
2788 3173 2895 3215 sicut
2912 3171 2981 3213 Sol
3003 3179 3078 3222 per
3092 3178 3208 3211 suam
3229 3166 3361 3223 lucem

1989 3247 2075 3300 agit
2092 3244 2144 3289 ad
2166 3236 2459 3286 removendum
2479 3233 2686 3278 tenebras.
2709 3233 2760 3274 Et
2782 3229 2877 3272 ideo
2893 3238 2946 3272 ex
2965 3232 3080 3281 parte
3110 3224 3221 3268 Solis
3249 3221 3363 3276 prius

1991 3310 2055 3350 est
2074 3300 2327 3347 illuminare.
2376 3305 2467 3338 uam
2501 3289 2694 3336 tenebras
2719 3297 2934 3331 removere
2952 3303 2964 3336 ς
2996 3295 3048 3329 ex
3078 3286 3194 3336 parte
3222 3284 3358 3324 autem

1991 3360 2104 3407 aeris
2122 3306 2385 3402 illuminangi
2406 3350 2521 3403 prius
2537 3352 2602 3391 est
2620 3344 2786 3410 purgari
2806 3354 2830 3387 a
2850 3341 3052 3391 tenebris,
3072 3349 3191 3392 quam
3220 3345 3363 3381 conse·

1993 3415 2063 3473 qui
2082 3416 2219 3459 tumen
2238 3408 2388 3454 ordine
2407 3410 2578 3453 naturae,
2601 3401 2700 3445 licet
2719 3404 2935 3452 utrumque
2949 3396 3006 3439 sit
3023 3394 3148 3439 simul
3167 3397 3361 3445 tempore.

1994 3476 2048 3516 Et
2066 3471 2160 3528 quia
2178 3464 2334 3511 infusio
2352 3459 2511 3515 gratim,
2530 3463 2573 3503 et
2591 3455 2783 3502 remissio
2800 3455 2930 3507 cutpae
2956 3452 3151 3495 dicuntur
3167 3460 3221 3494 ex
3247 3452 3362 3501 parte

1995 3528 2075 3573 Dei
2090 3522 2372 3581 justificantis,
2391 3519 2488 3562 ideo
2505 3515 2653 3559 ordine
2666 3519 2822 3557 naturae
2836 3511 2950 3566 prior
2960 3514 3025 3554 est
3036 3508 3179 3562 gratim
3193 3506 3364 3553 infusio.

1996 3596 2115 3639 quam
2134 3582 2264 3634 cutpae
2286 3575 2491 3622 remissio.
2512 3572 2596 3617 Sed
2614 3571 2649 3615 si
2665 3573 2876 3613 sumantur
2892 3576 2940 3611 ea
2960 3576 3050 3631 quae
3068 3571 3163 3608 sunt
3180 3574 3232 3607 ex
3250 3567 3367 3617 parte

1996 3636 2176 3683 bominis
2191 3632 2421 3688 justificati.
2440 3634 2504 3674 est
2521 3637 2545 3671 e
2565 3635 2765 3671 converso
2780 3642 2791 3675 ς
2811 3635 2904 3667 nam
2918 3633 3032 3675 prius
3049 3625 3115 3666 est
3132 3618 3280 3663 ordine
3295 3627 3366 3661 na·

1997 3702 2100 3740 turae
2118 3690 2312 3737 liberatio
2324 3699 2348 3732 a
2360 3686 2492 3739 culpa,
2507 3695 2627 3739 quam
2640 3684 2910 3734 consequuuo
2923 3680 3068 3731 gratiae
3082 3673 3365 3729 justificantis.

1998 3751 2076 3796 Vel
2107 3752 2240 3803 potest
2283 3744 2382 3794 diei.
2418 3740 2527 3796 quod
2565 3737 2729 3783 termini
2764 3733 3073 3789 justificationis
3105 3735 3198 3774 sunt
3240 3729 3366 3781 culpa

1997 3810 2107 3853 sicut
2121 3819 2144 3850 a
2163 3813 2260 3859 que,
2279 3806 2322 3846 et
2336 3800 2498 3854 justitia
2515 3797 2622 3840 sicut
2638 3794 2692 3838 ad
2712 3804 2856 3848 (ιιιειιις
2876 3791 3006 3847 gratia
3024 3798 3120 3833 vcro
3143 3791 3209 3831 est
3232 3795 3361 3830 eausa

2000 3863 2262 3912 remissionis
2279 3859 2426 3912 culpae,
2445 3859 2488 3900 et
2505 3853 2743 3907 adeptionis
2757 3850 2947 3905 justitian.

2048 3924 2114 3968 Ad
2143 3918 2367 3966 secundum
2386 3913 2622 3963 dicendum.
2643 3910 2751 3964 quod
2782 3908 3002 3962 dispositio
3016 3903 3190 3957 subjecti
3211 3906 3367 3956 praece·

2002 3981 2065 4024 dit
2091 3975 2393 4030 susceptionem
2419 3970 2560 4014 formae
2588 3966 2736 4011 ordine
2755 3962 3127 4016 naturae,sequitur
3145 3966 3282 4003 tamen
3299 3968 3368 4001 ae·
3425 3970 3436 3981 ·

2001 4038 2160 4082 tionem¹
2184 4031 2361 4087 agentis,
2393 4036 2465 4081 per
2492 4035 2609 4078 quam
2640 4026 2765 4068 ettam
2784 4022 2916 4076 ipsum
2934 4019 3164 4072 subiectum
3183 4014 3370 4068 disponi·

2003 4099 2100 4143 tur;
2128 4095 2171 4136 et
2203 4089 2299 4133 ideo
2327 4090 2461 4128 motus
2489 4080 2613 4125 liberi
2641 4079 2805 4123 arbitrii
2827 4083 2984 4121 naturae
3002 4074 3151 4119 ordine
3168 4070 3372 4124 praecedit

2002 4143 2368 4200 consequutionem
2386 4137 2546 4193 gratiae,
2564 4141 2607 4181 et
2624 4135 2811 4187 sequitur
2834 4131 2979 4186 gratiae
2997 4128 3264 4173 infusionem.

2052 4203 2118 4248 Ad
2147 4200 2315 4245 tertium
2345 4194 2581 4243 dicendum,
2605 4191 2714 4246 quod
2745 4190 2853 4233 sicut
2869 4186 3144 4238 Philosophus
3162 4182 3267 4226 dicit
3281 4181 3329 4226 ιιι
3346 4182 3373 4224 2

2003 4263 2167 4318 Physic.
2189 4260 2232 4302 in
2251 4255 2430 4301 motibus
2445 4250 2571 4297 animi
2594 4249 2759 4294 omnino
2789 4245 2988 4300 praeeedit
3003 4248 3140 4287 motus
3157 4242 3202 4285 in
3219 4239 3374 4293 priuci-

2033 4332 2115 4364 mm
2132 4313 2442 4371 speculationis,
2470 4308 2536 4352 vel
2556 4308 2599 4351 in
2625 4307 2748 4350 tinem
2764 4301 2970 4351 actionis:
2999 4299 3073 4344 sed
3094 4300 3138 4342 in
3155 4295 3377 4342 exteriori·

2003 4333 2085 4422 ssus
2118 4372 2299 4417 motibus
2329 4364 2507 4412 remotio
2537 4359 2820 4415 impedimenti
2853 4355 3051 4412 praecedit
3069 4352 3374 4398 assecutionem

2006 4434 2127 4480 flnis:
2157 4438 2200 4475 et
2229 4428 2326 4481 quia
2352 4429 2488 4468 motus
2506 4420 2631 4466 liberi
2658 4418 2824 4464 arbitrii
2845 4421 2910 4461 est
2929 4418 3063 4458 motus
3087 4411 3233 4462 animi,
3260 4409 3377 4463 prius

2007 4496 2163 4536 naturae
2181 4485 2329 4529 ordine
2348 4486 2533 4525 movetur
2550 4479 2592 4521 in
2613 4479 2743 4520 Deum
2760 4475 2868 4519 sicut
2882 4472 2926 4516 in
2944 4470 3082 4521 finem,
3102 4477 3224 4522 quam
3240 4465 3296 4510 ad
3309 4474 3378 4510 re·

2007 4543 2253 4592 movendum
2281 4536 2621 4592 impedimentum
2643 4529 2816 4585 peccati.

2085 4632 2281 4690 Prima
2302 4625 2614 4683 conclusio:
2637 4622 2891 4684 Quatuor
2911 4615 3089 4671 simul
3114 4618 3376 4684 tempore

2010 4709 2073 4766 in
2110 4701 2517 4781 justificatione
2545 4695 2712 4768 impii
2742 4693 3112 4753 concurrunt,
3157 4686 3378 4742 scilicet

2009 4781 2209 4858 gratiae
2249 4775 2484 4840 infusio,
2528 4775 2715 4827 motus
2757 4768 2820 4822 in
2856 4768 3058 4831 Deum,
3091 4765 3281 4819 motus
3309 4758 3377 4815 in

2012 4859 2323 4933 peecatum,
2355 4854 2411 4906 et
2437 4848 2615 4919 culpas
2638 4840 2925 4919 remissio.

2086 4936 2340 4997 Secunda
2361 4931 2638 4989 conlusio:
2664 4927 2821 4982 Inter
2843 4919 3110 4996 praedicta
3130 4921 3379 4991 quatuor

2013 5013 2228 5070 infusio
2248 5005 2447 5085 grati'ae
2467 5010 2549 5063 est
2572 5001 2733 5078 prior
2748 4998 2882 5057 aliis
2903 4994 3375 5133 orditffiggtuffiz.
