3647 5753
534 486 646 541 758
1464 492 1558 546 DE
1597 491 1922 547 INFLUXU
1964 488 2418 546 CHARITATIS.

536 658 601 714 D.
627 658 831 715 Thom.
863 661 959 716 cit.
982 668 1092 717 art.
1133 664 1216 728 11,
1246 681 1318 719 σω
1361 670 1543 741 quaest.
1589 665 1641 733 2,
1668 662 1739 719 de
1766 662 1894 719 vir-

531 740 795 797 tutibus:
830 739 973 799 Cum
1031 744 1239 820 aliquis
1283 748 1523 819 seipsum
1563 747 1785 802 ordinat
1834 748 1895 801 in

532 822 711 879 Deum
729 827 870 882 sicut
894 828 953 880 in
973 828 1154 897 finem,
1181 831 1242 883 in
1270 831 1521 886 omnibus
1546 848 1661 909 quar
1672 836 1894 903 propter

531 907 767 977 seipsum
807 908 965 979 facit,
1012 918 1192 965 manet
1219 911 1422 965 virtute
1456 913 1685 968 intentio
1705 913 1895 967 ultimi

530 976 678 1059 fi'nis,
709 992 806 1068 qui
825 998 900 1045 est
924 989 1093 1048 Deus.
1118 995 1299 1065 Atque
1320 994 1399 1050 ita
1415 993 1691 1068 quidquid
1716 995 1895 1052 refert

532 1069 603 1127 ad
629 1086 708 1138 se,
738 1073 911 1128 refert
965 1074 1294 1133 virtualiter
1337 1077 1407 1134 ad
1452 1079 1642 1151 ipsum
1684 1080 1883 1134 Deum.

531 1154 674 1207 Cum
713 1168 850 1227 ergo
877 1158 1094 1223 omnia,
1140 1175 1264 1232 quae
1286 1160 1458 1217 homo
1486 1161 1718 1217 honeste
1742 1153 1893 1233 ope-

531 1240 710 1301 ratur,
739 1238 851 1293 nisi
882 1236 1025 1295 fiant
1051 1231 1283 1313 praecise
1307 1247 1536 1316 propter
1566 1246 1764 1307 Deum,
1792 1260 1893 1302 or-

526 1316 687 1373 dinet
706 1318 1042 1376 immediate
1064 1321 1126 1378 in
1141 1324 1411 1396 seipsum,
1432 1324 1564 1381 etin
1590 1325 1892 1398 proprium

527 1395 744 1454 bonum
775 1399 1098 1467 honestum,
1129 1419 1481 1477 consequens
1514 1410 1616 1468 est,
1649 1412 1711 1461 ut
1757 1422 1889 1462 om-

531 1492 632 1535 nes
658 1479 781 1552 ejus
814 1479 1066 1538 honestae
1104 1485 1487 1556 operationes,
1521 1491 1619 1542 aut
1659 1486 1892 1559 praecise

533 1565 764 1632 propter
791 1563 970 1618 Deum
990 1571 1384 1631 exerceantur,
1414 1571 1509 1622 aut
1536 1569 1883 1636 virtualiter,

531 1648 588 1699 et
614 1642 893 1716 implicite
914 1645 977 1700 in
999 1645 1187 1718 ipsum
1211 1647 1471 1706 tendant.

314 1736 519 1783 secundo.
608 1723 994 1781 confirmatur
1016 1726 1262 1784 secundo
1287 1749 1300 1785 :
1329 1745 1466 1786 nam
1500 1731 1884 1804 potissimum,

530 1804 679 1880 quod
703 1824 804 1879 per
839 1814 1026 1863 actum
1053 1809 1350 1867 charitatis
1392 1812 1563 1871 homo
1589 1813 1772 1882 offert,
1805 1819 1891 1871 est

527 1886 778 1945 liberum
808 1887 1138 1959 arbitrium,
1171 1895 1226 1947 et
1248 1891 1369 1965 ipsa
1397 1895 1649 1965 potentia
1676 1895 1889 1951 volun-

522 1968 675 2035 tatis,
722 1985 823 2040 per
862 1985 1032 2042 quam
1062 1968 1232 2028 habet
1258 1971 1591 2030 dominium
1617 1975 1885 2031 omnium

517 2063 760 2105 suorum
790 2051 1180 2109 humanorum
1209 2059 1471 2116 actuum;
1498 2056 1601 2112 hoc
1622 2059 1708 2112 est
1726 2055 1886 2111 enim

524 2134 704 2188 Deum
746 2132 1064 2201 efficaciter,
1097 2139 1153 2191 et
1177 2150 1248 2190 ex
1270 2140 1386 2193 toto
1426 2136 1593 2194 corde
1619 2137 1880 2211 diligere,

523 2212 836 2284 ipsummet
881 2230 992 2280 cor,
1025 2220 1082 2272 et
1107 2213 1290 2286 ipsam
1334 2218 1689 2275 voluntatem
1712 2218 1765 2274 ei
1795 2221 1887 2274 to-

518 2297 716 2353 taliter
757 2312 1090 2354 consecrare
1118 2318 1130 2353 :
1160 2313 1295 2371 ergo
1324 2299 1502 2357 refert
1526 2317 1593 2358 eo
1621 2300 1745 2372 ipso
1772 2298 1887 2356 effi-

516 2381 726 2437 caciter
773 2396 975 2436 omnes
1016 2386 1171 2437 actus
1198 2381 1485 2448 honestoS,
1517 2385 1616 2456 qui
1647 2389 1886 2457 possunt

516 2476 591 2517 ex
636 2461 739 2517 tali
765 2462 1077 2528 voluntate,
1110 2467 1166 2519 et
1193 2461 1378 2519 libero
1406 2463 1653 2523 arbitrio
1683 2480 1884 2538 proce-

515 2539 680 2602 dere;
723 2541 802 2597 ita
846 2548 907 2597 ut
952 2542 1427 2617 quandocumque
1454 2546 1517 2601 in
1548 2562 1745 2603 rerum
1774 2563 1885 2603 na—

517 2628 648 2679 tura
678 2627 990 2694 ponantur,
1016 2640 1243 2698 semper
1271 2624 1414 2682 fiant
1456 2634 1687 2700 propter
1726 2628 1886 2686 obse-

515 2705 718 2779 quium
767 2705 896 2772 Dei,
956 2706 1396 2781 referanturque
1454 2709 1518 2763 in
1579 2709 1767 2781 ipsum
1811 2711 1882 2767 ad

515 2784 713 2840 minus
739 2784 1086 2840 virtualiter.
1133 2788 1294 2842 Patet
1318 2789 1426 2845 ista
1453 2790 1877 2862 consequentia;

517 2881 655 2922 nam
703 2865 849 2923 sicut
896 2866 1014 2932 ille,
1060 2865 1158 2939 qui
1208 2866 1557 2926 fructuosam
1611 2869 1879 2929 arborem

514 2946 734 3013 vendit,
767 2953 866 3003 ant
890 2946 1066 3004 donat
1095 2949 1298 3017 amico,
1332 2949 1525 3017 donat,
1559 2957 1655 3006 aut
1684 2952 1882 3008 vendit

512 3044 581 3086 eo
628 3029 770 3102 ipso,
827 3030 989 3103 quasi
1016 3030 1081 3086 in
1109 3030 1317 3098 radice,
1344 3035 1400 3089 et
1422 3033 1637 3090 virtute
1678 3051 1880 3093 omnes

515 3112 678 3169 illius
706 3114 943 3180 fructuS,
964 3119 1020 3170 et
1040 3114 1168 3172 ideo
1194 3115 1472 3190 quidquid
1498 3122 1686 3190 postea
1706 3119 1881 3177 arbor

514 3195 616 3252 illa
666 3194 987 3262 fructificat,
1032 3198 1218 3255 amico
1264 3198 1587 3266 fructificat,
1620 3200 1880 3275 ceditque

513 3279 663 3333 totus
709 3276 925 3333 fructus
971 3277 1035 3334 in
1081 3278 1419 3353 obsequium
1461 3284 1519 3338 et
1562 3280 1876 3339 utilitatem

514 3357 686 3413 amici
714 3378 727 3413 ε
755 3358 834 3414 ita
860 3358 959 3430 qui
982 3357 1248 3419 arborem
1275 3378 1390 3419 suaa
1415 3361 1737 3419 voluntatis
1764 3363 1879 3420 effi-

511 3437 716 3494 caciter
743 3439 856 3495 Deo
890 3438 1147 3509 donavit,
1180 3440 1389 3499 obtulit
1403 3442 1621 3516 pariter
1645 3448 1877 3500 cunctos

510 3517 690 3591 ipsius
731 3517 909 3576 bonos
953 3519 1189 3584 fructus,
1235 3537 1442 3597 nempe
1479 3528 1633 3580 actus
1674 3540 1876 3581 omnes

510 3600 889 3668 voluntarios»,
922 3605 976 3657 et
997 3601 1295 3672 honestos;
1326 3606 1407 3662 ita
1442 3610 1502 3661 ut
1529 3622 1600 3663 ex
1628 3606 1687 3662 vi
1711 3607 1875 3663 illius

510 3677 875 3747 donationis»,
925 3681 1389 3758 quotiescumque
1441 3686 1708 3759 praedicta
1768 3703 1876 3744 vo-

511 3762 703 3818 luntas
724 3760 869 3818 bene
897 3763 1197 3820 moraliter
1233 3763 1551 3830 fructificet,
1585 3768 1699 3823 Deo
1727 3765 1875 3823 fruc-

509 3842 703 3912 tificet,
748 3848 804 3900 et
838 3843 1115 3917 quidquid
1155 3847 1412 3905 virtuose
1444 3847 1655 3918 eliciat,
1689 3853 1871 3905 totum

511 3925 575 3984 fit
601 3927 724 3984 Dei.

1105 4115 1137 4184 g
1178 4114 1272 4169 1v.

506 4257 876 4317 Praecluditur
931 4261 1206 4400 resporltsio
1270 4256 1546 4317 Gabi-ielis
1606 4262 1767 4341 Vasq.
1820 4271 1872 4320 et

1058 4364 1092 4400 a
1121 4361 1319 4399 torum.

386 4552 397 4563 ,
581 4499 674 4554 78.
718 4497 804 4554 Ad
845 4499 963 4558 haec
1000 4503 1170 4573 Vasq.
1203 4503 1259 4556 et
1286 4497 1390 4555 alii
1411 4514 1484 4555 ex
1519 4498 1871 4557 adversariis

311 4553 482 4655 ἓξὲξ.
509 4576 666 4633 infra
725 4580 1014 4638 referendi
1068 4585 1282 4655 negant
1323 4581 1653 4655 generalem
1701 4581 1868 4639 illam

310 4651 475 4746 ⁸22?ss
507 4657 933 4718 ordinationem
963 4663 1169 4720 factam
1222 4677 1323 4735 per
1362 4660 1701 4719 charitatem
1746 4678 1872 4719 esse

294 4749 463 4795 norum.
506 4740 805 4811 efficacem,
832 4746 968 4818 quia
992 4745 1308 4818 (inquiunt)
1337 4758 1520 4816 neque
1552 4743 1867 4801 secundum

504 4840 583 4892 se,
621 4841 723 4882 nec
751 4826 958 4884 mediis
1002 4829 1135 4885 aliis
1175 4826 1390 4885 actibus
1418 4823 1487 4881 ab
1515 4841 1583 4883 ea
1611 4827 1868 4899 impera-

504 4906 579 4963 tis
623 4909 994 4968 continuatur
1047 4927 1177 4969 cum
1231 4907 1501 4967 omnibus
1548 4907 1868 4965 actionibus

501 4988 981 5067 subsequentibus
1000 5014 1012 5055 ;
1042 4990 1190 5066 quod
1228 4996 1421 5047 tamen
1454 4995 1577 5047 erat
1605 5005 1868 5047 necessa-

505 5069 689 5138 rium,
739 5077 798 5127 ut
824 5078 970 5130 esset
988 5072 1199 5138 efficax,
1224 5075 1282 5127 et
1308 5071 1371 5128 in
1399 5072 1531 5129 illas
1558 5087 1760 5129 omnes
1780 5071 1869 5128 in·

503 5149 727 5208 flueret.
773 5156 958 5226 Atque
997 5154 1076 5210 ita
1116 5159 1347 5229 negant,
1378 5168 1542 5228 posse
1567 5153 1868 5227 praedictos

2001 2310 2126 2369 que
2148 2295 2387 2369 proinde
2412 2295 2716 2353 efficaciam
2745 2301 2802 2352 et
2828 2296 3241 2368 perfectionem
3284 2294 3388 2352 di-

1971 2630 1975 2634 “
2015 2624 2264 2682 cundum
2287 2623 2434 2698 quod
2457 2624 2903 2699 unumquodque
2944 2623 3237 2682 referibile
3275 2629 3386 2696 est)

2027 667 2182 719 actus
2213 660 2519 734 procedere
2553 677 2625 718 ex
2655 661 2756 717 illa
2780 659 3166 721 ordinatione,
3200 662 3304 715 aut
3330 656 3397 713 in

2025 742 2147 816 ejus
2174 743 2389 798 virtute
2436 741 2506 798 ad
2538 742 2718 799 finem
2746 740 3250 814 supernaturalem
3295 754 3398 795 re-

2024 823 2191 880 ferri.

2099 906 2206 964 Sed
2233 913 2431 965 contra
2449 909 2597 965 hanc
2619 906 3052 980 responsionem
3082 908 3248 977 urget
3266 908 3394 958 tum
3443 912 3565 964 [npu-

2027 991 2173 1047 ratio
2219 990 2382 1057 facta,
2427 991 2562 1064 quia
2609 1007 2774 1048 amor
2820 989 2921 1045 ille
2960 985 3262 1043 charitatis
3306 990 3397 1041 est
3423 966 3574 1014 Μ·

2026 1086 2188 1127 amor
2230 1071 2539 1137 absolutus,
2570 1078 2627 1128 et
2654 1072 2848 1128 efficax
2893 1069 2993 1124 Dei
3022 1065 3157 1122 finis
3192 1067 3390 1123 ultimi

2023 1155 2482 1225 supernaturalis
2533 1170 2704 1228 super
2756 1151 2955 1210 omnia
3019 1148 3386 1221 simpliciter,

2021 1241 2108 1291 est
2136 1253 2244 1309 que
2272 1237 2513 1310 proinde
2545 1236 2833 1309 proprius,
2858 1241 2914 1290 et
2939 1231 3393 1306 perfectissimus

2024 1318 2379 1385 amor(inter
2407 1320 2661 1388 caeteros)
2682 1317 2779 1389 qui
2815 1315 3055 1372 debetur
3081 1314 3214 1370 huic
3236 1312 3342 1368 fini
3375 1335 3390 1368 ι

2025 1397 2176 1455 unde
2195 1400 2343 1456 sicut
2363 1399 2496 1456 finis
2524 1402 2662 1473 ipse,
2703 1399 2839 1473 quia
2867 1398 3016 1460 talis,
3042 1396 3242 1453 omnia
3259 1412 3393 1469 quae

2024 1489 2259 1553 possunt
2291 1498 2412 1539 esse
2433 1483 2538 1539 sub
2586 1483 2727 1555 ipso,
2777 1488 3057 1555 quantum
3104 1485 3189 1535 est
3227 1495 3299 1535 ex
3327 1494 3393 1535 ee

2021 1563 2408 1622 efficacissime
2435 1566 2632 1631 trahit,
2666 1572 2722 1621 et
2760 1565 2831 1621 ad
2871 1580 2932 1620 se
2951 1563 3238 1620 convertit
3258 1586 3272 1628 ;
3302 1563 3392 1618 ita

2021 1644 2196 1699 etiam
2250 1645 2552 1717 praedictus
2591 1662 2772 1710 amor,
2822 1644 2957 1718 quia
2984 1649 3068 1701 est
3115 1642 3395 1716 proprius

2020 1732 2078 1783 et
2105 1727 2549 1799 perfectissimus
2599 1744 2794 1793 amor,
2839 1727 2935 1799 qui
2995 1725 3234 1783 debetur
3279 1728 3392 1782 tali

2021 1806 2147 1873 fini,
2180 1808 2362 1876 debet,
2395 1815 2673 1883 quantum
2701 1815 2785 1866 est
2832 1825 2902 1865 ex
2937 1825 3016 1874 se,
3062 1808 3265 1867 omnia
3290 1808 3394 1864 illi

2019 1890 2318 1948 efficaciter
2367 1891 2785 1957 subordinare,
2835 1897 2893 1947 et
2937 1890 3005 1947 ad
3047 1891 3238 1962 ipsum
3289 1907 3394 1947 re-

2021 1976 2193 2032 ferre.
2239 1974 2559 2032 Videantur
2587 1990 2710 2047 quae
2734 1973 2992 2030 diximus
3036 1981 3196 2030 tract.
3236 1991 3394 2046 prat·

2018 2056 2131 2111 ced.
2172 2056 2313 2129 disp.
2340 2057 2395 2122 2,
2428 2074 2462 2110 a
2489 2073 2641 2111 num.
2676 2055 2806 2110 221.
2840 2054 2988 2109 Tum
3015 2055 3212 2117 etiam,
3245 2054 3390 2125 quia

2020 2151 2183 2192 amor
2224 2135 2330 2192 iste
2378 2143 2462 2193 est
2514 2135 2816 2199 formalis,
2862 2141 2919 2190 et
2964 2133 3391 2206 perfectissima

2019 2217 2379 2290 participatio
2422 2216 2733 2273 voluntatis
2762 2214 2995 2279 divinae,
3043 2215 3390 2288 participat·

2016 2380 2169 2435 vinae
2219 2379 2551 2446 voluntatis,
2602 2378 2905 2451 divinique
2958 2378 3388 2452 amoristergo

2014 2461 2160 2517 sicut
2203 2461 2488 2527 voluntas,
2520 2466 2575 2518 et
2605 2478 2768 2518 amor
2810 2460 3046 2517 divinus
3075 2459 3147 2516 ad
3173 2462 3388 2518 omnia

2014 2557 2075 2598 se
2101 2541 2393 2610 extendit,
2445 2557 2622 2614 eaque
2650 2542 2826 2598 refert
2850 2541 3239 2598 efficacissime
3263 2545 3387 2611 (se-

2016 2709 2078 2765 in
2102 2707 2433 2781 praedictum
2456 2706 2651 2774 finem,
2686 2709 2765 2764 ita
2787 2710 2960 2765 etiam
2990 2723 3154 2764 amor
3179 2707 3384 2764 chari-

2014 2791 2147 2848 tatis
2191 2790 2296 2847 hoc
2336 2791 2525 2863 ipsum
2566 2807 2695 2846 cum
2746 2789 3131 2863 proportione,
3163 2794 3220 2845 et
3242 2805 3386 2862 par-

2013 2870 2306 2943 ticipative
2364 2870 2622 2939 habebit;
2667 2879 2834 2945 atque
2892 2870 3031 2928 adeo
3089 2871 3382 2946 pertinget

2010 2953 2174 3009 illius
2202 2951 2445 3009 efficacia
2475 2953 2544 3009 ad
2573 2954 2791 3019 omnia,
2817 2969 2945 3026 quae
2965 2969 3036 3010 ex
3063 2959 3226 3025 parte
3266 2953 3378 3009 ho-

2012 3035 2209 3100 miniS,
2243 3033 2340 3090 ubi
2371 3034 2582 3091 residet
2607 3035 2740 3090 talis
2762 3050 2946 3101 amor,
3003 3038 3239 3107 possunt
3275 3049 3374 3090 ca·-

2012 3115 2148 3173 dere
2174 3113 2281 3171 sub
2309 3115 2417 3172 isto
2442 3114 2578 3172 fine.

2082 3199 2178 3254 79.
2223 3194 2440 3253 Deinde
2487 3197 2860 3270 impugnatur
2902 3196 3170 3269 praedicta
3206 3197 3371 3253 solu·
3407 3208 3526 3256 12ssae

2009 3277 2195 3343 tio„et
2222 3278 2396 3333 simul
2423 3278 2743 3335 ostenditur
2769 3277 3014 3335 efficacia
3037 3277 3280 3334 rationis
3297 3264 3542 3333 Dfm'

2009 3360 2215 3418 Thom.
2242 3360 2525 3425 Quoniam
2553 3360 2766 3428 efficax,
2798 3366 2854 3417 et
2876 3360 3144 3416 virtualis
3167 3360 3373 3417 relatio

2008 3441 2119 3506 sui,
2151 3446 2206 3497 et
2234 3441 2496 3498 omnium
2518 3457 2756 3497 suorum
2779 3441 2841 3496 in
2865 3443 3044 3497 Deum
3068 3438 3246 3496 finem
3274 3442 3373 3496 ul-

2007 3523 2218 3579 timum
2246 3524 2746 3595 supernaturalem
2775 3522 2926 3580 cadit
2963 3521 3069 3578 sub
3092 3528 3373 3595 praecepto

2006 3603 2303 3661 charitatis
2336 3618 2513 3676 :ergo
2557 3602 2655 3675 qui
2696 3602 2976 3676 adimplet
3033 3602 3364 3676 hujusmodi

2008 3689 2371 3758 praeceptum,
2403 3683 2700 3741 efficaciter
2755 3685 2932 3743 refert
2956 3700 3035 3752 se,
3067 3692 3124 3741 et
3168 3700 3370 3742 omnes

2006 3782 2136 3823 suos
2163 3771 2318 3822 actus
2346 3765 2409 3821 in
2433 3764 2768 3837 praedictum
2792 3763 2969 3823 finem
3003 3786 3016 3820 ε
3049 3765 3152 3821 hoc
3174 3771 3368 3823 autem

2005 3846 2141 3902 facit
2187 3846 2359 3902 homo
2404 3844 2657 3917 quolibet
2703 3846 3156 3917 actulcharitatis
3187 3861 3366 3919 :ergo

2004 3927 2237 3984 ordinat
2274 3925 2573 3983 efficaciter
2621 3942 2720 3998 per
2768 3927 2938 3982 illum
2987 3942 3189 3983 omnes
3234 3941 3366 3982 suos

2004 4015 2160 4065 actus
2189 4007 2383 4073 bonos,
2415 4014 2472 4064 et
2500 4008 2766 4064 honestos
2795 4008 2858 4063 in
2897 4005 3075 4064 finem
3126 4007 3367 4081 praedic-

2005 4094 2155 4152 tum:
2185 4095 2350 4161 atque
2371 4087 2508 4145 adeo
2527 4088 2782 4162 quandiu
2805 4094 2961 4144 actus
2983 4087 3091 4144 iste
3113 4105 3214 4160 per
3236 4103 3365 4160 pec·

2004 4174 2192 4226 catum
2222 4171 2466 4226 mortale
2494 4186 2611 4226 non
2635 4169 3054 4233 retractabitur,
3086 4168 3365 4242 quidquid

2003 4257 2267 4323 operatus
2311 4251 2488 4307 fuerit
2524 4252 2697 4310 homo
2720 4251 2866 4308 bene
2906 4250 3210 4307 moraliter
3235 4292 3248 4317 ,
3289 4251 3359 4306 in

2003 4334 2182 4390 Deum
2223 4333 2543 4409 dirigetur,
2593 4349 2902 4406 omnesque
2942 4335 3064 4407 ejus
3109 4332 3360 4391 honestae

2002 4414 2361 4486 operationes
2408 4414 2711 4486 procedent
2757 4415 3084 4472 virtualiter
3122 4429 3193 4469 ex
3234 4420 3359 4470 actu

2002 4496 2106 4551 illo
2133 4495 2447 4560 charitatis,
2474 4501 2529 4552 et
2555 4512 2685 4552 cum
2714 4496 2950 4552 virtuali
2985 4495 3263 4551 relatione
3286 4493 3361 4551 ad

2002 4578 2122 4651 ejus
2149 4576 2345 4634 finem.
2379 4578 2507 4633 Haec
2544 4578 2793 4635 secunda
2836 4579 3242 4650 consequentia
3267 4594 3355 4635 se-

2000 4657 2253 4714 cundum
2282 4673 2483 4715 omnes
2515 4675 2647 4715 suas
2675 4665 2864 4732 partes
2890 4657 3188 4715 deducitur
3231 4675 3360 4716 ma·

2003 4741 2208 4798 nifeste
2234 4757 2306 4798 ex
2333 4742 2448 4798 alia
2473 4742 2680 4813 priori;
2707 4746 2764 4797 et
2790 4740 2985 4798 minor
3022 4739 3362 4812 subsumpta

2000 4827 2087 4879 est
2115 4838 2214 4895 per
2245 4838 2306 4880 se
2347 4828 2499 4880 nota.
2533 4823 2732 4879 Prima
2773 4837 2911 4877 vero
2955 4822 3364 4894 consequentia

2000 4907 2256 4979 sequitur
2277 4921 2346 4964 ex
2369 4906 2743 4963 antecedenti.
2767 4906 2914 4961 Tum
2956 4906 3091 4978 quia
3120 4905 3272 4961 inter
3288 4920 3365 4961 ea

1998 5003 2124 5061 quae
2150 4993 2283 5043 sunt
2305 4988 2576 5055 hominis„
2603 4986 2896 5060 potissime
2917 4984 3129 5042 debent
3147 4999 3367 5042 connu-

2000 5071 2218 5128 merari
2268 5075 2423 5127 actus
2468 5071 2734 5135 moraleS,
2770 5074 2961 5140 utpote
3002 5069 3102 5139 qui
3151 5067 3363 5124 cadunt

2001 5151 2106 5209 suh
2140 5152 2264 5228 ejus
2304 5157 2593 5225 potestate,
2625 5157 2681 5209 et
2706 5166 2949 5224 quorum
2982 5151 3105 5224 ipse
3135 5150 3362 5224 rigoro-

3227 5244 3362 5286 sum
