3647 5753
481 440 594 496 606
1159 436 1253 491 DE
1292 429 1900 492 DISPOSITIONIBUS
1938 429 2034 483 AD
2071 382 2731 482 JUSTIFICATIONEbs.

481 613 691 670 ultimo
716 612 1083 685 disponentes
1106 611 1175 669 ad
1190 595 1438 686 gratiam
1456 613 1661 664 neutro
1681 601 1852 661 modo

479 702 717 754 movent
738 698 937 760 Deum,
972 694 1070 750 sed
1094 699 1319 749 tantum
1350 706 1451 764 per
1474 687 1710 746 modum
1740 686 1854 742 dis-

481 776 782 849 positionis
811 774 1076 849 physicae,
1121 774 1268 830 sicut
1295 773 1449 829 calor
1478 775 1542 826 ut
1570 774 1692 827 octo
1720 783 1849 824 mo-

478 862 575 913 vet
613 856 682 914 ad
731 854 1212 913 introductionem
1255 854 1455 910 formas
1484 851 1653 925 igniS.
1686 846 1853 904 Unde

478 935 623 993 sicut
651 952 768 993 non
797 939 1035 1008 oportet,
1068 933 1219 1009 quod
1248 936 1393 990 Deus
1418 928 1726 1005 praevideat
1752 943 1852 984 ca-

478 1017 664 1073 lorem
707 1021 770 1071 ut
796 1021 917 1073 octo
944 1015 1286 1072 existentem
1326 1010 1669 1084 simpliciter
1716 1012 1851 1064 ante

476 1096 725 1154 formam
744 1116 757 1160 ;
779 1096 876 1154 sed
924 1101 1149 1153 tantum
1176 1094 1352 1159 videt,
1385 1091 1537 1167 quod
1564 1092 1718 1148 calor
1746 1088 1851 1145 ille

476 1177 727 1236 formam
778 1176 1042 1251 praecedit
1080 1176 1202 1234 solo
1249 1174 1456 1232 ordine
1500 1178 1741 1238 naturae,
1792 1174 1851 1227 et

474 1259 774 1334 prioritate
801 1258 1115 1316 secundum
1156 1257 1294 1331 quid
1328 1278 1341 1313 ε
1369 1257 1450 1313 ita
1480 1271 1598 1313 non
1648 1253 1848 1326 requi-

477 1342 650 1407 ritur,
681 1341 831 1415 quod
880 1344 1026 1398 Deus
1053 1339 1385 1413 praeviderit
1430 1337 1701 1392 ultimam
1730 1333 1846 1390 dis·

476 1423 822 1497 positionem
851 1421 921 1479 ad
949 1422 1197 1497 gratiam
1227 1427 1288 1477 ut
1313 1420 1655 1477 existentem
1695 1417 1847 1473 sim-

474 1501 702 1574 pliciter
747 1506 880 1558 ante
924 1502 1107 1573 ipsam
1154 1500 1448 1576 gratiam;
1497 1497 1595 1555 sed
1641 1497 1847 1554 sufficit

474 1583 690 1648 videre,
716 1582 866 1657 quod
901 1582 1167 1656 praecedit
1194 1583 1359 1639 illam
1388 1580 1592 1640 ordine
1620 1573 1845 1636 naturae

472 1665 538 1721 in
575 1680 785 1739 genere
833 1681 1013 1721 causae
1040 1665 1359 1722 materialis
1386 1660 1756 1736 dispositivae,
1789 1665 1846 1717 et

471 1745 595 1803 sola
624 1745 923 1817 prioritate
945 1745 1261 1802 secundum
1282 1744 1438 1818 quid.
1470 1747 1585 1800 Nec
1608 1740 1845 1815 opposi-

473 1829 596 1881 tum
612 1825 900 1881 evincitur
914 1841 983 1881 ex
1000 1825 1307 1898 Scripturas
1324 1823 1654 1883 testimonio
1670 1847 1684 1890 3
1704 1836 1842 1878 nam

474 1907 536 1981 ly
576 1909 728 1985 quia,
759 1907 899 1962 satis
943 1906 1277 1964 verificatur
1317 1907 1389 1965 ob
1416 1908 1600 1964 solam
1629 1919 1842 1979 praece-

476 1987 732 2044 dentiam
775 1989 1035 2061 proxime
1067 1989 1428 2062 explicatam,
1455 1993 1518 2044 ut
1556 2001 1729 2060 supra
1753 1986 1842 2042 la·-

478 2070 592 2127 tius
617 2071 990 2142 exposuimus
1012 2089 1165 2127 num.
1184 2073 1277 2128 98.

264 2173 465 2216 octavum
560 2151 681 2207 104.
714 2154 992 2226 Arguitur
1018 2158 1233 2218 octaVO,
1263 2152 1398 2226 quia
1440 2156 1595 2208 actus
1620 2150 1840 2207 contri-

265 2232 448 2318 „gfffin
479 2232 653 2289 tionis
679 2234 917 2306 expellit
956 2233 1233 2302 effective,
1263 2236 1469 2292 saltem
1511 2232 1835 2300 moraliter,

452 2305 769 2389 ’peccatum
800 2338 813 2372 ε
842 2332 979 2391 ergo
1028 2316 1295 2389 praecedit
1322 2318 1385 2374 in
1423 2331 1632 2392 genere
1658 2330 1841 2372 causae

475 2397 773 2456 efficientis
817 2399 1216 2471 expulsionem
1267 2399 1477 2473 peccati
1511 2420 1524 2455 ε
1555 2413 1691 2472 ergo
1720 2412 1839 2454 non

477 2480 743 2551 provenit
758 2479 1014 2537 effective
1030 2496 1063 2537 a
1082 2481 1286 2556 gratia.
1306 2483 1436 2538 Haec
1448 2478 1696 2537 secunda
1710 2494 1841 2535 con-

473 2561 769 2633 sequentia
820 2566 969 2633 patet
1013 2578 1084 2619 ex
1130 2563 1353 2634 prima3
1412 2578 1547 2618 nam
1576 2577 1644 2619 eo
1689 2562 1833 2634 ipso,

474 2641 625 2714 qnod
666 2642 936 2698 contritio
977 2642 1258 2715 praecedat
1288 2644 1351 2700 in
1399 2659 1610 2717 genere
1657 2658 1839 2699 causae

473 2720 769 2779 efficientis
790 2723 1190 2795 expulsionem
1216 2725 1442 2796 peccati,
1475 2722 1641 2781 debet
1663 2723 1726 2779 in
1748 2713 1839 2780 οῗ)-

473 2801 606 2859 dem
634 2815 845 2875 genere
892 2804 1208 2875 praecedere
1257 2803 1506 2860 formam
1535 2805 1704 2859 illum
1731 2818 1839 2859 ex-

475 2883 807 2956 pellentem,
841 2899 1049 2957 nempe
1068 2884 1315 2959 gratiam
1344 2884 1832 2953 sanctificantem;

475 2981 606 3022 cum
629 2981 739 3037 quo
762 2981 879 3023 non
901 2967 1161 3038 cohaeret,
1181 2967 1329 3040 quod
1352 2968 1658 3041 proveniat
1676 2966 1837 3025 effec-

476 3047 595 3104 tive
641 3046 712 3104 ab
759 3047 882 3121 ipsa
915 3049 1120 3124 gratia,
1154 3050 1368 3122 alioqui
1394 3055 1541 3107 esset
1568 3049 1748 3123 prior,
1780 3055 1836 3107 et

473 3129 774 3202 posterior,
791 3147 962 3203 quam
981 3133 1084 3189 illa
1107 3132 1169 3187 in
1188 3131 1387 3189 eodem
1403 3148 1614 3208 genere
1627 3149 1830 3192 causae.

474 3210 674 3267 Prima
701 3227 838 3268 vero
865 3213 1269 3286 consequentia
1298 3219 1446 3270 recte
1481 3213 1834 3272 inferturex

473 3291 848 3350 antecedenti.
892 3294 1245 3352 Antecedens
1286 3301 1476 3352 autem
1503 3298 1834 3353 communi-

471 3376 560 3428 ter
600 3374 875 3430 asseritur
904 3391 935 3431 a
960 3375 1292 3443 Thomistis,
1323 3380 1379 3433 et
1407 3375 1656 3433 traditur
1693 3378 1835 3435 satis

262 3470 317 3511 1).
336 3469 440 3515 Tho.
472 3459 667 3526 aperte
699 3470 732 3510 a
766 3457 829 3512 D.
870 3458 1073 3514 Thom.
1120 3458 1155 3512 3
1189 3475 1248 3530 p.
1292 3466 1474 3535 quaest.
1519 3460 1609 3528 85,
1654 3467 1765 3515 art.
1797 3461 1833 3515 2

472 3534 547 3589 ad
572 3535 626 3601 3,
660 3533 758 3590 ubi
790 3535 870 3591 ait
905 3557 919 3593 ε
950 3559 976 3590 «
1004 3536 1339 3605 Dicendum,
1384 3538 1533 3612 quod
1563 3538 1833 3613 quaslibet

478 3636 505 3667 α
531 3615 734 3671 Δνίτίιιιεν,
761 3618 1026 3689 specialis
1054 3618 1377 3676 formaliter
1403 3622 1643 3694 expellit
1672 3620 1833 3677 habi·

476 3716 502 3748 α
539 3701 662 3753 tum
707 3698 837 3753 vitii
884 3699 1149 3773 oppositi,
1182 3700 1328 3756 sicut
1354 3701 1557 3760 albedo
1590 3702 1834 3776 expellit

477 3798 504 3830 α
545 3776 910 3851 nigredinem
940 3778 1010 3836 ab
1038 3779 1238 3847 eodem
1266 3780 1534 3855 subjectO.
1566 3783 1676 3841 Sed
1705 3800 1831 3855 poe-

475 3878 501 3910 «
543 3858 788 3915 nitentia
803 3861 1041 3932 expellit
1056 3876 1228 3917 omne
1244 3868 1533 3933 peccatum
1549 3863 1823 3932 effective,

476 3957 502 3990 α
545 3937 609 3994 in
653 3946 932 4012 quantum
973 3946 1241 4012 operatur
1282 3940 1351 3997 ad
1380 3942 1827 4002 destructionem

475 4038 502 4071 α
545 4018 773 4090 peccati,
807 4024 974 4091 prout
1012 4026 1096 4076 est
1142 4019 1488 4080 remissibile
1526 4039 1598 4081 ex
1626 4023 1829 4082 divina

475 4121 502 4153 α
540 4101 744 4174 gratia,
772 4101 1009 4157 homine
1029 4109 1387 4175 cooperante.
1416 4104 1580 4163 Unde
1602 4121 1721 4163 non
1742 4122 1830 4164 se-

474 4200 501 4233 α
541 4179 755 4252 quitur,
787 4179 935 4253 quod
962 4181 1038 4235 sit
1058 4182 1244 4238 virtus
1263 4185 1574 4258 generalis,
1610 4207 1636 4238 »

251 4284 437 4378 Bw·
466 4261 1548 4419 01,fft'sssssgssunssffnn‘tsssssstssffffssffgoitssf
1551 4264 1828 4419 53¹30⁶3¹r¹³01

463 4420 623 4478 xime
650 4422 839 4488 citato,
870 4426 926 4478 et
953 4422 1017 4477 in
1044 4422 1130 4498 cuj
1141 4438 1203 4478 us
1228 4422 1516 4483 decisione
1543 4424 1823 4483 dividun-

464 4502 643 4558 turin
660 4503 850 4560 varios
873 4502 1099 4561 dicendi
1115 4503 1330 4571 modos,
1351 4522 1595 4578 quorum
1619 4507 1817 4581 aliqui,

460 4582 511 4640 si
555 4585 681 4641 veri
729 4590 882 4653 sunt,
930 4602 1162 4658 prorsus
1205 4585 1438 4644 diluunt
1476 4589 1598 4646 vim
1647 4606 1822 4665 argu-

248 4678 419 4725 snarex.
461 4667 663 4724 menti.
690 4667 927 4724 Suarius
947 4668 1107 4725 enim
1128 4670 1270 4743 disp.
1302 4671 1356 4738 8,
1381 4672 1446 4726 de
1464 4674 1658 4745 poenit.
1689 4681 1818 4730 sect.

459 4749 514 4816 3,
546 4754 603 4806 et
630 4749 889 4823 plerique
915 4765 986 4806 ex
1014 4749 1152 4820 illis,
1184 4768 1324 4826 quos
1353 4769 1508 4810 nunc
1532 4754 1821 4812 Adversa-

459 4831 577 4912 rios
605 4830 902 4898 habemus,
950 4831 1149 4890 dicunt
1189 4836 1599 4895 contritionem
1626 4839 1816 4895 solum

454 4912 793 4987 dispositive
843 4915 1132 4987 expellere
1178 4923 1490 4990 peccatum.
1541 4918 1649 4976 Sed
1700 4920 1817 4978 haec

236 4987 295 5029 ¹²-
315 4988 419 5034 rho.
452 4996 653 5069 opinio
714 4994 1051 5053 adversatur
1117 4998 1422 5057 manifeste
1482 5004 1546 5058 D.
1604 5001 1810 5059 Thom.

452 5075 565 5132 loco
592 5077 760 5131 citato
801 5093 818 5126 .·
861 5074 1012 5133 unde
1056 5078 1363 5137 concedere
1388 5086 1629 5154 oportet,
1662 5081 1812 5154 quod

1986 606 2140 658 actus
2186 598 2539 674 poenitentiae
2565 595 2769 654 habeat
2797 595 3053 668 aliquam
3094 593 3365 651 efficiet»—

1984 683 2126 739 tiam
2182 684 2246 739 in
2303 680 2641 755 expellendo
2695 683 3003 752 peccatum.
3061 680 3198 742 Quae
3253 682 3346 733 ta-

1985 780 2120 820 men
2160 765 2357 837 nequit
2395 779 2516 820 esse
2563 762 2815 836 physica,
2851 766 2910 815 ut
2956 759 3352 817 communiter

1983 844 2185 902 docent
2224 845 2536 901 Thomistae
2563 849 2761 900 contra
2782 844 3009 898 Scotum
3039 844 3100 896 in
3126 843 3182 907 4,
3210 840 3346 896 dist.
3385 848 3544 894 Souis.

1991 928 2074 992 14,
2103 933 2285 1004 quast.
2322 928 2376 992 2,
2404 932 2513 982 art.
2550 927 2594 992 1,
2621 925 2759 997 quia
2782 922 2852 980 ad
2877 924 2983 980 hoc
3005 921 3352 994 requireba-

1982 1012 2096 1073 tur,
2128 1006 2279 1080 quod
2305 1006 2575 1064 contritio
2602 1005 2834 1080 physice
2861 1003 3198 1076 produceret
3223 1002 3350 1059 sor-

1981 1104 2140 1145 mam
2168 1088 2555 1161 expellentem
2585 1089 2872 1159 peccatum
2909 1106 2922 1140 :
2953 1082 3104 1156 quod
3130 1083 3349 1140 falsum

1980 1176 2064 1227 est
2112 1170 2395 1243 loquendo
2441 1168 2512 1226 de
2550 1167 2897 1227 contritione
2942 1172 3107 1224 extra
3152 1181 3351 1222 sacra-

1981 1257 2264 1309 mentum.
2297 1253 2653 1325 Quapropter
2683 1250 3051 1322 relinquitur,
3080 1248 3228 1322 quod
3249 1264 3350 1307 so-

1980 1333 2103 1388 lum
2151 1333 2400 1405 expellat
2447 1335 2734 1404 peccatum
2774 1329 3080 1387 efficientia
3107 1330 3342 1388 morali.

1979 1413 2050 1467 Et
2088 1412 2320 1485 quidem
2346 1414 2396 1469 si
2438 1414 2743 1486 loquamur
2791 1409 2860 1467 de
2907 1417 3132 1483 peccato
3158 1411 3355 1484 quoad-

1979 1493 2239 1552 effectum
2269 1512 2453 1569 poenas
2499 1494 2854 1568 temporalis,
2885 1494 2975 1550 cui
3023 1509 3128 1550 nos
3155 1491 3346 1551 obno-

1977 1575 2102 1633 xios
2128 1577 2303 1633 etiam
2335 1583 2457 1651 post
2488 1575 2957 1651 justificationem
2986 1575 3130 1631 solet
3161 1575 3346 1631 relin-

1977 1673 2171 1731 quere,
2217 1658 2384 1716 facile
2431 1658 2802 1732 intelligitur,
2844 1655 3126 1728 quomodo
3154 1657 3356 1728 poeni-

1979 1738 2159 1796 tentia
2181 1739 2437 1797 destruat
2458 1740 2712 1797 effective
2729 1742 3039 1811 peccatum3
3064 1753 3198 1794 nam
3212 1756 3352 1812 sup—

1979 1821 2157 1894 posita
2194 1821 2620 1896 justificatione,
2653 1822 2839 1878 virtus
2870 1819 3220 1892 poenitentiae
3268 1836 3342 1878 ex

1977 1904 2211 1977 proprio
2238 1905 2456 1963 motivo
2484 1904 2716 1963 ordinat
2741 1918 2910 1959 suum
2935 1909 3141 1968 actum,
3167 1909 3223 1960 et
3245 1920 3356 1960 ac·-

1977 1992 2067 2042 tus
2113 1985 2363 2043 aliarum
2410 1988 2694 2043 virtutum
2736 1985 2806 2041 ad
2846 1985 3336 2052 satisfaciendum,

1975 2073 2030 2125 et
2073 2070 2154 2125 sic
2179 2068 2465 2144 extInguit
2510 2068 2767 2126 debitum
2795 2066 3080 2124 subeundi
3111 2067 3350 2141 poenatr}

1974 2152 2372 2222 temporalem.
2419 2151 2566 2207 Hinc
2595 2166 2732 2208 vero
2781 2150 3032 2206 minime
3055 2150 3337 2222 sequitur,

1973 2232 2123 2305 quod
2167 2232 2424 2290 destruat
2449 2233 2705 2291 effective
2731 2234 2979 2305 culpam,
3011 2248 3108 2288 seu
3139 2248 3354 2288 macu-

1975 2314 2108 2376 lam.
2139 2313 2203 2369 in
2229 2316 2433 2387 seipsa,
2482 2321 2544 2370 ut
2587 2314 2979 2373 consideranti
3027 2312 3327 2370 constabit.

1975 2396 2044 2450 Et
2083 2395 2174 2452 hic
2199 2394 2427 2452 dicendi
2456 2395 2658 2453 modus
2686 2395 2856 2453 habet
2884 2409 3161 2469 magnum
3194 2392 3333 2449 fun-

1972 2475 2306 2532 damentum
2337 2476 2399 2532 in
2428 2480 2489 2533 D.
2522 2477 2727 2534 Thom.
2763 2493 2900 2533 nam
2930 2482 3115 2555 quast.
3153 2476 3242 2539 28,
3272 2475 3348 2532 de

1985 2557 2215 2617 Veritat.
2260 2566 2370 2615 art.
2398 2560 2432 2614 8
2478 2560 2553 2615 ad
2592 2561 2646 2626 2,
2697 2559 2857 2616 docet
2900 2558 3334 2624 contritionem,

1973 2647 2141 2713 prout
2159 2642 2417 2698 continet
2448 2642 2508 2697 in
2537 2647 2668 2699 voto
2693 2647 3121 2698 sacramentum
3147 2643 3350 2713 poeni-

1973 2723 2200 2790 tentiae,
2257 2728 2312 2779 et
2362 2723 2636 2779 virtutem
2688 2723 2940 2780 clavium
2969 2768 2980 2788 ,
3038 2723 3348 2780 destruere-

1970 2803 2224 2861 effective
2270 2810 2605 2876 peccatum;
2652 2804 2752 2863 sed
2790 2808 2986 2862 statim
3036 2804 3336 2881 subjungit

1971 2886 2146 2943 aliam
2172 2887 2621 2961 responsionem,
2655 2905 2827 2962 quam
2852 2882 3344 2963 magis'praeferre

1970 2967 2215 3037 videtur,
2251 2970 2340 3025 his
2369 2968 2559 3025 verbis
2585 2991 2598 3026 :
2630 2992 2655 3024 «
2688 2972 2789 3028 Vel
2821 2976 3000 3044 potest
3020 2969 3154 3036 dici,
3182 2970 3340 3044 quod

1977 3072 2003 3103 α
2032 3051 2300 3109 contritio
2345 3051 2416 3109 ad
2465 3052 2869 3111 remissionem
2915 3054 3095 3125 culpae
3134 3047 3328 3124 ‘quoad

1947 3154 1999 3184 -«
2032 3139 2253 3189 reatum
2297 3151 2477 3207 poenae
2524 3135 2859 3207 temporalis
2907 3151 2967 3192 se
3014 3134 3184 3191 habet
3233 3151 3342 3207 per

1973 3236 1999 3267 α
2031 3213 2267 3272 modum
2312 3232 2495 3273 causas
2532 3217 2826 3274 efficientis
2871 3239 2884 3273 ε
2914 3217 3013 3275 sed
3049 3224 3330 3290 quantum

1975 3320 2001 3351 α
2030 3297 2100 3354 ad
2144 3297 2391 3371 culpam,
2422 3304 2478 3356 et
2525 3304 2747 3356 reatum
2798 3316 2979 3372 poenae
3019 3307 3247 3357 aeternae
3272 3315 3340 3357 se

1975 3400 2000 3433 α
2031 3378 2199 3436 habet
2224 3381 2410 3437 solum
2442 3397 2541 3453 per
2571 3379 2806 3437 modum
2835 3380 3248 3453 dispositionis.
3298 3402 3323 3433 n

1968 3462 2103 3525 Quae
2127 3460 2177 3516 si
2204 3460 2283 3517 ita
2311 3477 2371 3517 se
2403 3461 2635 3529 habent,
2668 3462 2954 3519 evanescit
2985 3479 3218 3534 prorsus
3239 3461 3334 3518 vis

1967 3543 2310 3617 argumenti.
2355 3542 2637 3599 Addimus
2681 3550 2875 3601 tamen
2919 3549 3109 3601 actum
3140 3544 3326 3618 poeni-

1967 3625 2160 3681 tentiae
2187 3623 2482 3681 destruere
2509 3625 2768 3682 effective
2795 3626 3101 3682 moraliter·
3134 3641 3325 3698 pecca-

1967 3707 2088 3759 tum
2113 3704 2176 3759 in
2196 3704 2382 3777 seipso
2396 3728 2410 3773 ;
2430 3720 2547 3761 non
2568 3705 2799 3777 quidem
2825 3712 2885 3760 ut
2908 3712 3189 3778 peccatum
3207 3705 3332 3761 im-

1967 3790 2151 3857 portat
2192 3787 2476 3844 maculam
2507 3788 2834 3859 peccatoris,
2866 3788 2964 3844 sed
3008 3793 3168 3861 prout
3200 3787 3318 3842 im-

1967 3872 2152 3940 portat
2198 3867 2492 3936 offensam,
2537 3875 2593 3926 et
2633 3869 2913 3944 injuriam
2959 3870 3056 3927 Dei
3093 3870 3151 3925 in
3195 3870 3330 3942 ipso

1965 3951 2187 4022 passive
2214 3958 2516 4025 receptam.
2550 3956 2696 4010 Nam
2735 3955 2989 4027 primum
3020 3955 3163 4012 illud
3193 3970 3321 4011 ma—

1965 4032 2087 4089 lum
2135 4035 2358 4093 tollitur
2415 4034 2671 4095 effective
2719 4054 2751 4094 a
2812 4040 2926 4095 Deo
2979 4038 3332 4096 infundente

1961 4115 2241 4188 gratiam,
2293 4117 2383 4173 cui
2431 4118 2655 4175 macula
2705 4118 3038 4176 immediate
3075 4120 3332 4193 opponi-

1962 4200 2055 4251 tur
2081 4219 2095 4262 ;
2126 4201 2180 4252 et
2207 4202 2617 4270 consequenter
2657 4204 2810 4255 actus
2837 4200 3200 4256 contritionis
3238 4201 3325 4256 si-

1959 4281 2054 4332 cut
2086 4277 2360 4349 supponit
2391 4277 2735 4351 simpliciter
2760 4281 3028 4352 granam,
3061 4282 3142 4337 ita
3175 4296 3316 4353 sup·

1961 4358 2123 4431 ponit
2167 4359 2510 4433 simpliciter
2555 4359 3000 4418 destructionem
3031 4364 3274 4420 maculae
3309 4385 3325 4420 ε

1958 4454 2130 4510 quam
2183 4439 2425 4513 proinde
2470 4439 2919 4499 destructionem
2978 4445 3178 4516 nequit
3229 4445 3325 4502 vel

1960 4519 2209 4594 physice,
2261 4521 2351 4578 vel
2398 4522 2700 4580 moraliter
2745 4523 2985 4580 efficere.
3036 4526 3333 4581 Caeterum

1958 4602 2239 4673 posterius
2281 4604 2523 4672 malum,
2558 4620 2764 4679 nempe
2793 4606 3027 4671 offensa,
3063 4606 3196 4662 licet
3223 4622 3324 4663 re-

1955 4682 2220 4739 mittatur
2247 4698 2280 4739 a
2320 4685 2432 4742 Deo
2469 4687 2665 4760 gratis,
2700 4692 2869 4759 prout
2915 4688 2975 4761 ly
3010 4690 3190 4758 qratis
3215 4704 3326 4746 ex-

1956 4762 2138 4818 cludit
2159 4764 2434 4821 meritum
2462 4783 2534 4824 ex
2561 4773 2723 4841 parte
2749 4768 3025 4836 hominis,
3061 4769 3152 4825 vel
3179 4784 3323 4826 con-

1955 4841 2191 4918 dignam
2211 4844 2660 4905 satisfactionem
2669 4873 2683 4916 ;
2704 4853 2885 4922 potest
2907 4855 3103 4905 tamen
3125 4849 3330 4922 aliquo

1954 4923 2126 4982 modo
2162 4925 2381 4983 remitti
2413 4945 2515 5002 per
2555 4935 2743 4987 actum
2773 4929 3142 4986 contritionis
3183 4948 3324 5004 pro-

1952 5003 2245 5063 cedentem
2273 5022 2305 5063 a
2331 5009 2536 5082 gratia.
2563 5010 2709 5066 Tum
2734 5010 2868 5083 quia
2896 5009 3196 5083 praedictus
3223 5029 3323 5070 ac-

1952 5091 2044 5144 tus
2074 5089 2326 5145 restituit
2355 5092 2465 5148 Deo
2506 5091 2764 5150 affective
2795 5093 3080 5151 rationem
3123 5094 3322 5223 uilim'ni

3202 5184 3319 5233 ms,
3383 5186 3500 5201 “-
3553 5192 3556 5193 ⁷
