3647 5753
487 399 596 454 8-26
1522 391 1617 447 DE
1665 389 1969 446 PRAEMIO
2018 389 2296 445 MERITI.

274 581 460 624 'tertium
561 570 655 625 52.
686 569 882 626 Tertio
912 564 1345 642 arguitur,quia
1370 564 1555 638 gratia
1576 560 1848 618 habitua-

275 640 561 724 mssffi‘ffilis
606 651 866 709 hominis
906 649 1037 724 puri
1079 649 1275 722 nequit
1302 649 1424 722 ejus
1464 662 1635 718 opera
1661 643 1843 718 digni·

483 733 658 792 ficare
681 736 742 792 in
766 733 971 793 ordine
988 732 1057 789 ad
1082 731 1386 805 praemium
1411 728 1541 784 aliis
1556 726 1841 791 dandum;

484 831 621 889 ergo
668 815 817 888 quod
866 817 1014 871 Deus
1060 811 1365 886 praemium
1390 808 1522 865 aliis
1565 807 1839 873 conferat,

481 905 566 954 est
586 915 761 970 supra
789 896 1128 971 dignitatem
1151 890 1556 966 praedictorum
1577 904 1841 965 operum:

481 995 619 1055 ergo
648 977 975 1053 hujusmodi
1005 990 1179 1048 opera
1224 988 1343 1029 non
1386 976 1522 1027 sunt
1566 972 1842 1028 meritum

477 1063 548 1120 de
569 1061 852 1133 condigno
882 1063 1134 1131 respectu
1160 1054 1383 1129 praemii
1405 1060 1468 1108 ut
1496 1054 1625 1111 aliis
1646 1052 1843 1110 confe-

481 1142 669 1203 rendi.
704 1144 831 1198 Haec
873 1138 1123 1197 secunda
1159 1138 1565 1209 consequentia
1593 1140 1744 1208 patet
1771 1150 1843 1190 ex

482 1227 701 1301 prima:
732 1239 866 1280 nam
891 1223 1166 1280 meritum
1192 1218 1262 1276 de
1287 1218 1573 1292 condigno
1626 1218 1843 1289 impor-

479 1314 563 1364 tat
607 1305 978 1362 intrinsecam
1019 1302 1379 1377 dignitatem,
1431 1305 1487 1355 et
1558 1298 1840 1371 aequalem

482 1391 740 1446 valorem
795 1392 1048 1459 respectu
1104 1383 1346 1458 praemii,
1403 1388 1464 1437 ut
1507 1385 1724 1438 constat
1769 1396 1841 1437 ex

484 1485 662 1543 supra
707 1467 873 1523 dictis
926 1467 1068 1539 disp.
1118 1468 1174 1531 2,
1225 1463 1352 1520 dub.
1405 1466 1586 1519 unico.
1636 1461 1844 1517 Prima

484 1567 623 1607 vero
644 1549 1046 1621 consequentia
1075 1547 1329 1620 legitime
1356 1544 1606 1601 infertur
1632 1559 1704 1599 ex
1731 1558 1840 1598 an-

483 1632 810 1698 tecedenti,
862 1632 997 1703 quia
1044 1629 1294 1704 dignitas
1362 1643 1603 1702 operum
1675 1623 1841 1682 debet

483 1712 818 1789 participari
861 1728 896 1768 a
938 1712 1163 1786 gratia:
1214 1716 1380 1783 atque
1426 1707 1553 1766 ideo
1580 1707 1627 1763 si
1654 1704 1840 1780 gratia

482 1815 602 1856 non
651 1794 945 1869 dignificat
1006 1809 1177 1866 opera
1226 1794 1295 1849 in'
1334 1790 1539 1849 ordine
1584 1788 1655 1846 ad
1690 1803 1840 1862 prae-

482 1881 669 1935 mium
718 1876 850 1933 aliis
877 1874 1152 1940 dandum,
1211 1874 1468 1947 sequitur
1506 1870 1655 1944 quod
1700 1886 1840 1942 ope-

482 1978 548 2018 ra
609 1976 724 2017 non
785 1956 1034 2014 habeant
1101 1953 1549 2029 condignitatem
1602 1951 1673 2008 ad
1725 1951 1839 2007 tale

483 2041 810 2114 praemium.
866 2034 1219 2093 Antecedens
1286 2041 1477 2091 autem
1523 2032 1835 2090 suadetur:

481 2129 606 2179 tum
628 2122 762 2196 quia
790 2118 976 2195 gratia
1010 2116 1303 2192 dignificat
1339 2131 1513 2190 opera
1541 2116 1602 2171 in
1628 2129 1839 2190 genere

446 2220 662 2274 ‚causae
685 2200 986 2259 formalis:
1034 2199 1131 2256 sed
1172 2198 1370 2271 nequit
1417 2213 1631 2254 munus
1657 2210 1840 2252 causae

480 2284 744 2342 formalis
764 2295 1047 2345 exercere,
1083 2280 1194 2335 nisi
1238 2280 1302 2335 in
1341 2279 1549 2336 ordine
1595 2275 1665 2334 ad
1701 2292 1839 2348 pro-

481 2365 676 2439 prium
698 2363 1052 2437 subJ‘ectum:
1100 2377 1235 2436 ergo
1280 2361 1477 2433 nequit
1504 2356 1838 2433 dignificare

480 2461 672 2518 opera,
706 2444 820 2500 nisi
845 2444 905 2499 in
928 2441 1133 2500 ordine
1169 2441 1238 2499 ad
1262 2441 1565 2515 praemium
1589 2437 1839 2510 subjecto

477 2525 754 2591 dandum,
775 2539 892 2581 non
920 2529 1112 2579 autem
1129 2522 1191 2579 in
1212 2521 1417 2579 ordine
1446 2520 1515 2578 ad
1532 2520 1836 2592 praemium

476 2608 608 2662 aliis
628 2604 1064 2663 conferendum.
1095 2605 1242 2659 Tum
1271 2603 1467 2668 etiam,
1511 2602 1648 2675 quia
1708 2617 1839 2658 om-

474 2690 567 2745 nis
580 2689 765 2762 gratia
785 2686 1143 2744 sanctificans
1167 2685 1457 2758 possibilis
1473 2690 1558 2740 est
1579 2683 1836 2758 ejusdem

474 2770 755 2828 rationis:
797 2772 894 2825 sed
940 2769 1126 2843 gratia
1173 2765 1555 2830 sanctificans,
1614 2782 1739 2839 quae
1766 2766 1837 2823 de

472 2850 619 2909 facto
646 2849 834 2917 datur,
867 2865 984 2906 non
1006 2845 1301 2923 dignificat
1321 2863 1495 2921 opera
1524 2846 1588 2903 in
1629 2846 1838 2905 ordine

473 2931 544 2988 ad
567 2931 873 3004 praemium
904 2930 1035 2986 aliis
1061 2927 1336 2994 dandum,
1364 2929 1580 3002 alioqui
1610 2929 1672 2986 B.
1697 2928 1837 2985 Vir-

469 3028 561 3087 go,
587 3011 861 3084 Apostoli,
914 3015 971 3067 et
1009 3008 1112 3066 alii
1159 3007 1275 3065 viri
1315 3009 1666 3064 sanctissimi
1710 3025 1836 3067 me-

474 3094 725 3150 ruissent
747 3092 877 3148 aliis
914 3091 1208 3166 gratiam:
1256 3105 1392 3165 ergo
1440 3090 1605 3146 nulla
1647 3091 1836 3165 gratia

474 3173 762 3247 possibilis
786 3178 967 3247 potest
1006 3170 1335 3245 praedictam
1382 3171 1834 3246 condignitatem

472 3262 760 3329 praestare.
807 3257 953 3311 Tum
1009 3258 1304 3327 praeterea,
1361 3254 1495 3326 quia
1529 3254 1714 3329 gratia
1740 3253 1834 3310 di-

469 3335 705 3412 gnificat
731 3352 902 3410 opera
946 3350 1048 3409 per
1097 3335 1333 3393 modum
1379 3336 1621 3392 seminis
1646 3337 1833 3393 conti-

474 3419 666 3475 nentis
703 3419 1035 3474 virtualiter
1084 3417 1437 3491 praemium:
1484 3416 1582 3474 sed
1644 3419 1833 3493 gratia

476 3499 649 3555 unius
691 3500 827 3575 justi
876 3499 1072 3572 nequit
1091 3499 1443 3566 virtualiter,
1499 3506 1553 3556 et
1575 3516 1676 3573 per
1703 3516 1834 3557 mo-

475 3582 613 3638 dum
659 3581 900 3639 seminis
944 3581 1240 3640 continere
1265 3583 1571 3656 praemium
1617 3583 1681 3639 in
1716 3584 1833 3642 alio

380 3719 387 3725 ,
471 3664 723 3737 subjecto
792 3660 1233 3735 recipiendum:
1304 3679 1439 3738 ergo
1480 3662 1633 3720 idem
1680 3663 1829 3735 quod

469 3746 650 3818 prius.
682 3745 828 3799 Tum
853 3742 1119 3815 denique,
1140 3743 1274 3815 quia
1293 3744 1479 3818 gratia
1500 3745 1673 3800 unius
1689 3745 1829 3819 justi

470 3827 666 3900 nequit
689 3841 790 3881 sua
816 3825 1025 3881 merita
1058 3823 1129 3881 de
1149 3824 1431 3900 condigno
1478 3825 1548 3882 ad
1576 3828 1829 3885 aliorum

467 3911 708 3965 salutem
740 3905 1032 3971 ordinare,
1066 3904 1179 3960 nisi
1214 3921 1344 3961 cum
1382 3907 1623 3981 J'actura,
1652 3914 1708 3965 et
1727 3907 1831 3966 de-

468 3992 745 4047 trimento
806 3987 1055 4060 proprian
1096 3987 1460 4060 perfectionis
1505 3991 1830 4063 spiritualis

466 4073 724 4147 subjecti,
750 4072 813 4127 in
840 4086 951 4143 quo
978 4074 1080 4137 est;
1113 4069 1398 4143 siquidem
1428 4073 1703 4129 meritum
1733 4090 1830 4130 ne-

464 4155 587 4228 quit
637 4153 707 4210 ad
754 4153 1005 4209 aliorum
1057 4152 1367 4208 utilitatem
1413 4153 1664 4221 extendi,
1711 4156 1827 4212 nisi

466 4235 746 4292 merentis
792 4234 885 4308 jus
932 4234 1083 4290 circa
1130 4234 1432 4307 proprium
1460 4235 1826 4293 commodum

467 4319 854 4375 imminuatur
883 4338 895 4372 :
942 4316 1041 4373 sed
1080 4332 1147 4373 eo
1194 4316 1317 4388 ipso
1345 4316 1650 4389 praedictus
1672 4325 1828 4376 actus

465 4402 579 4458 erit
619 4405 818 4457 contra
870 4399 1258 4472 prudentiam,
1317 4405 1482 4473 atque
1528 4399 1657 4457 ideo
1707 4418 1827 4459 non

467 4481 851 4539 meritorius:
900 4497 1035 4556 ergo
1077 4485 1370 4554 repugnat,
1424 4480 1573 4554 quod
1637 4483 1825 4556 gratia

468 4562 727 4619 hominis
758 4560 889 4633 puri
911 4560 1201 4637 dignificet
1228 4561 1349 4634 ejus
1375 4578 1549 4634 opera
1572 4562 1634 4618 in
1663 4563 1827 4621 ordi-

469 4661 542 4700 ne
571 4641 637 4699 ad
666 4643 970 4715 praemium
1001 4641 1132 4698 aliis
1156 4640 1551 4699 tribuendum.

421 4777 435 4787 ,
542 4723 938 4796 Respondetur
981 4721 1241 4797 negando
1292 4724 1675 4781 antecedens:
1722 4741 1826 4781 cu-

462 4807 555 4880 jus
584 4804 949 4877 probationes
989 4820 1106 4860 non
1156 4809 1381 4877 urgent,
1425 4809 1481 4861 et
1519 4805 1724 4879 majori
1753 4819 1825 4861 ex

467 4894 629 4961 parte
656 4888 919 4960 superius
945 4886 1232 4943 convulsae
1270 4892 1405 4943 sunt
1450 4903 1483 4943 a
1522 4904 1675 4943 num.
1726 4887 1819 4944 33.

465 4970 572 5027 Sed
622 4968 889 5025 addimus
947 4967 1415 5043 condignitatem,
1460 4974 1516 5023 et
1561 4969 1821 5026 valorem

464 5066 704 5124 operum
727 5048 1034 5124 dupliciter
1046 5049 1398 5108 considerari
1417 5064 1597 5123 posse,
1613 5066 1822 5125 nempe

1977 560 2070 616 vel
2095 558 2158 615 in
2185 564 2308 615 actu
2340 556 2551 632 primo,
2600 562 2659 614 et
2694 554 2878 631 quoad
2899 554 3326 620 sufficientiam:

1976 641 2070 698 vel
2095 641 2159 697 in
2189 646 2313 696 actu
2353 639 2623 706 secundo,
2671 645 2727 696 et
2774 636 2960 710 quoad
3006 636 3325 694 efficaciam.

1978 722 2047 778 Et
2071 722 2305 795 quidem
2333 720 2650 778 secundum
2706 721 2959 794 priorem
3006 716 3332 776 considera-

1976 801 2196 863 tionem
2222 803 2543 875 important
2563 802 3076 860 aestimabilitatem
3104 798 3333 857 absolu-

1974 886 2093 938 tam
2147 881 2510 955 desumptam
2551 898 2622 940 ex
2673 880 2929 940 bonitate
2980 881 3214 944 morali,
3264 895 3335 937 ex

1972 962 2179 1038 gratia,
2211 969 2267 1020 et
2287 965 2586 1031 charitate,
2632 963 2877 1036 aliisque
2918 961 3224 1037 principiis
3244 959 3334 1017 di-

1972 1045 2385 1120 gnificantibus
2463 1051 2691 1105 nostras
2740 1047 3136 1119 operationes:
3213 1060 3336 1117 qum

1972 1126 2390 1185 aestimabilitas
2419 1144 2537 1186 non
2566 1128 2990 1186 determinatur
3037 1125 3108 1183 ad
3161 1125 3330 1189 istud,

1974 1208 2238 1266 aut‘illud
2262 1211 2566 1283 praemium
2608 1211 2672 1267 in
2702 1210 3069 1284 particulari;
3110 1208 3212 1265 sed
3238 1209 3334 1264 in-

1972 1290 2244 1348 differens
2271 1298 2373 1359 est,
2419 1299 2479 1349 ut
2507 1291 2577 1349 ad
2600 1292 2838 1365 praemia
2875 1308 3002 1366 quae
3021 1291 3146 1364 ejus
3171 1290 3334 1347 valo-

1974 1388 2095 1430 rem
2163 1389 2280 1430 non
2338 1380 2631 1448 superant,
2682 1374 3007 1431 ordinetur.
3050 1376 3332 1429 Caeterum
3581 1428 3582 1445 ,

1970 1454 2285 1512 secundum
2368 1456 2742 1530 posteriorem
2806 1454 3328 1513 considerationem
3555 1382 3583 1565 ί

1970 1551 2144 1608 supra
2168 1536 2495 1611 praedictam
2537 1536 3068 1603 aestimabilitatem,
3093 1541 3151 1593 et
3173 1536 3333 1592 suffi-

1970 1609 2244 1673 cien’tiam
2297 1617 2528 1675 additur
2568 1620 2660 1693 jus
2699 1618 2914 1685 efficax,
2960 1625 3019 1675 et
3042 1617 3334 1676 ordinatio

1972 1697 2041 1754 ad
2068 1699 2526 1757 determinatum
2559 1701 2863 1774 praemium
2887 1726 2901 1767 ;
2929 1700 3081 1774 quod
3123 1715 3332 1773 prove·

1972 1780 2058 1837 nit
2081 1785 2205 1837 tum
2246 1797 2318 1838 ex
2360 1782 2642 1840 relatione
2681 1783 2960 1839 merentis
2999 1781 3070 1838 ad
3110 1786 3329 1838 certum

1970 1862 2310 1929 terminum,
2340 1869 2458 1918 tum
2489 1879 2560 1919 ex
2588 1862 2978 1935 dispositione,
3006 1868 3175 1935 atque
3198 1878 3331 1935 pro-

1970 1942 2247 2000 missione
2295 1944 2671 2017 praemiantis.
2718 1946 2864 2000 Nam
2907 1941 3331 2017 quantumlibet

1970 2022 2227 2080 valorem
2254 2040 2429 2098 opera
2453 2025 2785 2095 importent,
2832 2023 3083 2079 minime
3134 2028 3331 2079 tamen

1969 2103 2273 2161 conferunt
2294 2103 2490 2161 efficax
2512 2105 2605 2178 jus
2627 2102 2696 2159 ad
2718 2104 3030 2177 praemium
3051 2102 3330 2158 determi-

1971 2193 2193 2254 natum,
2222 2187 2336 2243 nisi
2359 2184 2583 2242 accedat
2605 2191 2850 2259 pactum,
2889 2200 2989 2242 seu
3025 2186 3332 2243 conventio

1968 2269 2124 2326 inter
2178 2267 2598 2342 praemiantem,
2651 2273 2706 2325 et
2761 2273 3082 2326 merentem
3129 2266 3202 2324 de
3227 2269 3329 2323 tali

1971 2351 2207 2422 praemio
2234 2371 2247 2407 ε
2277 2366 2345 2407 eo
2365 2354 2557 2405 autem
2587 2348 2786 2421 posito,
2821 2349 2928 2415 viS,
2957 2353 3015 2405 et
3040 2349 3332 2407 sufficien-

1969 2430 2050 2486 tia
2078 2431 2291 2497 meriti,
2317 2446 2442 2503 quae
2469 2427 2867 2502 praeexistebat
2912 2430 3158 2486 velutin
3206 2434 3331 2486 actu

1971 2511 2179 2585 primo,
2207 2513 2418 2569 transit
2437 2511 2508 2568 ad
2536 2511 2660 2568 vim
2685 2510 2986 2576 efficacem,
3012 2511 3155 2568 etin
3205 2516 3331 2567 actu

1968 2594 2243 2660 secundm
2294 2595 2375 2650 ita
2416 2599 2477 2649 ut
2544 2594 2729 2649 virtus
2793 2594 3096 2651 meritoria
3140 2593 3335 2666 operis

1969 2675 2069 2734 fiat
2110 2683 2232 2733 actu
2263 2692 2512 2742 merenS,
2538 2682 2600 2731 ut
2630 2676 2802 2732 latius
2840 2691 3016 2748 supra
3059 2675 3334 2748 exposui-

1969 2775 2098 2816 mus
2122 2760 2264 2833 disp.
2304 2761 2350 2828 1,
2382 2758 2509 2815 dub.
2553 2760 2607 2814 6.
2661 2758 2777 2813 Hac
2803 2756 3171 2814 distinctione
3192 2773 3334 2830 sup-

2009 2843 2152 2901 osita

1969 2859 2005 2917 p
2043 2929 2133 2982 53.
2165 2925 2249 2981 Ad
2291 2926 2543 2998 primam
2599 2923 2985 2982 antecedentis
3032 2924 3297 2997 probatio
3322 2925 3488 3020 033

1968 3025 2102 3066 nem
2125 3008 2430 3066 dicendum
2452 3008 2808 3082 est,gratiam
2833 3008 2897 3063 in
2916 3023 3127 3082 genere
3147 3024 3330 3066 causae
3378 3026 3466 3078 gun
3561 3023 3574 3044 ·

1968 3091 2231 3148 formalis
2274 3091 2464 3147 solum
2517 3088 2852 3164 dignificare
2895 3089 3240 3166 subjectum,
3275 3075 3484 3171 etffi

1966 3173 2088 3247 ejus
2125 3171 2505 3245 operationes,
2560 3187 2679 3228 non
2725 3177 2914 3229 autern
2962 3174 3329 3245 operationes

1966 3255 2203 3311 alterius
2247 3255 2546 3328 suppositi.
2605 3257 2888 3311 Caeterum
2935 3255 3326 3330 dignificando

1964 3354 2138 3411 opera
2164 3339 2386 3411 proprii
2413 3337 2649 3413 subjecti
2678 3338 2900 3395 confert
2932 3339 3019 3395 eis
3059 3341 3324 3397 valorem

1963 3420 2247 3477 moralem
2269 3417 2510 3493 dignum
2541 3419 2795 3492 praemio,
2839 3419 2965 3477 sive
3011 3420 3077 3476 in
3124 3420 3327 3477 eodem

1963 3501 2210 3577 subJ’ecto
2250 3501 2600 3575 recipiendo,
2668 3503 2791 3561 sive
2837 3502 2970 3559 aliis
3009 3504 3326 3575 suppositis

1962 3584 2185 3652 dando;
2217 3584 2491 3641 meritum
2519 3584 2678 3642 enim
2723 3587 2902 3642 semel
2947 3587 3326 3642 constitutum

1964 3665 2239 3740 applicari
2270 3664 2672 3722 indifferenter
2698 3667 2850 3723 valet
2879 3683 2985 3741 pro
3022 3666 3326 3740 quibusvis

1964 3747 2219 3819 praemiis
2247 3748 2505 3804 valorem
2533 3746 2729 3803 meriti
2752 3764 2869 3805 non
2889 3746 3315 3805 excedentibus.

1964 3830 2031 3883 Et
2056 3835 2168 3886 tota
2189 3829 2279 3884 vis
2300 3828 2469 3902 hujus
2494 3828 2848 3901 probationis
2889 3829 3200 3887 manifeste
3225 3831 3324 3887 in-

1962 3907 2240 3983 fringitur
2285 3914 2408 3964 tum
2460 3910 2725 3982 exemplo
2795 3910 3225 3974 satisfactionis,
3268 3915 3321 3968 et

1962 3990 2159 4046 meriti
2188 3989 2257 4047 de
2283 4004 2555 4063 congruO,
2607 4007 2731 4063 quae
2775 3990 2965 4064 gratia
2993 3990 3323 4048 formaliter

1960 4070 2275 4146 dignificat,
2302 4075 2357 4126 et
2376 4075 2572 4126 tamen
2600 4078 2837 4144 possunt
2861 4070 3139 4144 proficere
3157 4072 3318 4129 aliis:

1960 4157 2082 4207 tum
2134 4150 2399 4222 exemplo
2438 4151 2638 4224 gratiae
2678 4151 2912 4209 unionis
2958 4152 3023 4209 in
3070 4153 3322 4220 Christo,

1958 4249 2083 4308 quae
2111 4231 2466 4308 dignificavit
2512 4231 2838 4290 formaliter
2883 4234 3007 4307 ejus
3045 4248 3242 4306 opera,
3268 4242 3322 4292 et

1960 4315 2346 4371 nihilominus
2398 4315 2507 4371 ista
2553 4314 2623 4371 de
2662 4315 2945 4391 condigno
2973 4323 3320 4375 meruerunt

1959 4396 2209 4452 aliorum
2231 4395 2476 4453 salutem
2507 4416 2519 4451 :
2551 4401 2674 4453 tum
2702 4399 2966 4470 exemplo
2995 4397 3193 4454 meriti
3217 4398 3320 4454 hu·
3527 4447 3538 4476 Ι

1958 4477 2138 4542 mani,
2166 4475 2468 4549 quodlicet
2508 4476 2872 4552 dignificetur
2900 4494 3003 4552 per
3044 4485 3317 4536 naturam

1956 4558 2253 4633 suppositi,
2305 4564 2484 4632 potest
2547 4563 2743 4617 tamen
2815 4560 2950 4616 aliis
3008 4562 3316 4634 suppositis

1958 4639 2198 4715 praemia
2236 4640 2470 4697 mereri.

2029 4721 2115 4777 Ad
2141 4722 2450 4779 secundam
2482 4722 2878 4797 probationem
2908 4723 3314 4799 distinguenda

1955 4813 2040 4863 est
2060 4805 2274 4871 minor,
2300 4811 2355 4862 et
2381 4805 2739 4864 concedenda
2776 4807 2826 4862 si
2856 4806 3219 4882 intelligatur
3245 4808 3314 4866 de

1955 4887 2342 4963 condignitate
2388 4888 2614 4955 efficaci,
2646 4896 2702 4945 et
2743 4889 2806 4945 in
2851 4895 2976 4946 actu
3004 4889 3251 4948 secundo
3295 4913 3308 4945 t

1955 4970 2153 5044 negari
2183 4974 2372 5027 autem
2402 4969 2585 5038 debet,
2617 4970 2665 5025 si
2690 4970 3056 5045 intelligatur
3075 4971 3145 5029 de
3169 4988 3307 5029 con-
3553 4997 3560 5010 ·

1955 5049 2235 5126 dignitate
2260 5049 2582 5120 sufficienti,
2612 5050 2752 5108 etin
2774 5055 2898 5109 actu
2922 5052 3136 5124 primo.
3160 5055 3303 5110 Nam
3499 4969 3563 5213 Ι

3102 5134 3257 5196 meri
