3647 5753
1407 457 1583 512 DISP.
1630 458 1698 524 11,
1742 458 1909 515 DUB.
1955 460 2099 515 VIII.
3070 468 3179 523 515

323 618 445 673 lum
471 627 654 692 posset
671 620 859 696 adjici,
878 623 1029 696 quod
1053 630 1336 697 peccatum
1364 628 1589 685 veniale
1603 632 1687 684 est
1738 648 1741 651 ’

319 700 654 773 imperfecte
688 707 1111 775 voluntarium,
1143 709 1422 781 praecipue
1458 709 1686 783 quando

316 796 447 835 cum
474 783 793 856 semiplena
822 784 1239 843 deliberatione
1262 790 1642 846 committitur
1666 807 1679 842 ε

320 860 472 919 unde
494 879 612 919 non
636 872 870 938 apparet
888 865 1028 923 adeo
1047 865 1515 941 indispensabile,
1537 870 1686 943 quod

316 942 387 1000 ad
408 946 457 1018 ej
468 961 530 999 us
558 945 1009 1005 destructionem
1036 951 1364 1022 requiratur
1386 952 1578 1023 aliqua
1600 967 1687 1009 re-

318 1026 595 1094 tractatio,
649 1029 740 1084 vel
788 1027 1034 1095 directa,
1088 1034 1179 1087 vel
1227 1031 1526 1089 indirecta.
1578 1031 1685 1088 Sed

317 1119 420 1160 nec
466 1105 571 1163 hoc
621 1108 899 1184 effugium
951 1115 1036 1166 est
1082 1112 1321 1185 alicujus
1370 1113 1679 1180 mome11ti;

314 1187 588 1257 quoniam
617 1190 709 1245 vel
733 1196 1023 1262 peccatum
1048 1192 1278 1249 veniale
1301 1209 1418 1249 non
1438 1198 1522 1249 est
1551 1210 1683 1266 pec-

314 1274 524 1335 catum,
550 1274 605 1326 et
632 1272 712 1327 sic
739 1273 962 1329 tollitur
983 1278 1164 1330 status
1189 1276 1518 1347 quaestionis
1542 1300 1557 1343 ;
1590 1277 1681 1333 vel

314 1348 480 1407 debet
501 1368 621 1408 esse
645 1355 1041 1412 voluntarium
1065 1357 1358 1429 :implicat
1377 1359 1536 1414 enim
1560 1374 1682 1415 esse

317 1436 627 1502 peccatum,
651 1434 799 1506 quod
822 1437 1217 1493 voluntarium
1245 1454 1360 1495 non
1386 1445 1488 1494 est.
1515 1437 1680 1495 Unde

320 1513 662 1578 retractatio,
690 1530 814 1585 quae
838 1515 906 1571 ad
929 1516 1247 1574 tollendum
1284 1518 1678 1575 voluntarium

320 1593 644 1664 praecedens
665 1597 999 1668 requiritur,
1019 1600 1192 1656 etiam
1213 1600 1282 1656 ad
1297 1600 1677 1657 auferendum

320 1681 611 1746 peccatum
640 1678 866 1736 veniale
893 1680 1267 1739 desideratur.

94 1769 293 1812 secunda
393 1756 522 1810 306.
556 1756 869 1814 Dicendum
896 1767 978 1815 est
1005 1761 1267 1824 secundo,
1298 1762 1677 1818 mutationem

98 1818 272 1911 ‘⁰32⁰‘
316 1832 725 1891 instrinsecam
742 1842 1117 1895 necessariam
1142 1840 1210 1896 ad
1233 1841 1676 1898 destructionem

313 1914 525 1984 peccati
572 1918 814 1973 venialis
860 1917 1065 1976 debere
1104 1920 1229 1977 fieri
1278 1938 1377 1993 per
1425 1922 1671 1993 aliquid,

310 1993 459 2064 quod
486 2011 557 2051 ex
588 2003 792 2053 natura
832 2016 932 2056 sua
980 2002 1069 2057 illi
1120 2009 1339 2074 peccato
1377 2010 1670 2077 repugnet,

86 2079 151 2118 D·
177 2078 279 2120 Tho·
313 2080 368 2131 et
388 2076 608 2132 sitcum
634 2079 755 2151 ipso
779 2081 1262 2156 incompossibile.
1287 2088 1365 2141 lta
1384 2088 1445 2141 D.
1466 2087 1672 2142 Thom.

134 2128 261 2180 vasq.
317 2158 451 2215 locis
469 2160 623 2216 inira
644 2162 976 2227 referendis,
999 2183 1167 2238 quem
1185 2174 1502 2240 sequuntur
1516 2184 1676 2224 com-

315 2240 572 2297 muniter
599 2243 720 2316 ejus
746 2244 1031 2317 discipuli.
1058 2252 1114 2303 et
1148 2252 1318 2321 Vasq.
1354 2251 1388 2303 3
1408 2266 1461 2321 p.
1488 2256 1669 2326 quast.

314 2324 403 2391 87,
438 2331 546 2379 art.
590 2326 633 2391 1,
664 2326 793 2381 dub.
841 2329 881 2391 1,
917 2329 1013 2384 ubi
1058 2332 1250 2401 plures
1291 2331 1434 2387 alios
1478 2330 1669 2396 refert,

317 2403 599 2459 Probatur
641 2404 893 2463 breviter
939 2424 1009 2465 ex
1039 2409 1129 2468 iis,
1160 2427 1287 2482 quae
1314 2428 1488 2482 supra
1516 2410 1673 2467 dixi-

0 2507 2 2532 ;
96 2490 272 2533 Foudn-
314 2497 441 2537 mus
469 2484 595 2539 dub.
629 2488 686 2540 4.
717 2488 1001 2549 Quoniam
1028 2488 1075 2543 si
1108 2489 1251 2544 illud
1294 2491 1670 2548 intrinsecum

81 2544 289 2583 neutum.
315 2579 431 2618 non
460 2566 772 2637 expelleret
793 2583 864 2623 ex
894 2574 1097 2625 natura
1125 2588 1227 2627 sua
1256 2578 1541 2643 peccatum
1571 2590 1672 2629 ve-

315 2643 489 2709 niale,
523 2644 618 2701 sed
650 2653 834 2719 posset
880 2664 951 2704 ex
981 2655 1186 2706 natura
1230 2668 1332 2707 sua
1378 2669 1506 2708 cum
1550 2653 1673 2724 ipso

308 2726 594 2797 componi,
630 2728 811 2786 adhuc
837 2746 904 2788 eo
927 2732 1108 2803 posito
1137 2741 1502 2805 permaneret
1524 2751 1670 2808 prae-

307 2806 525 2863 dictum
583 2818 869 2882 peccatum
896 2837 910 2881 3
942 2808 1108 2886 atque
1158 2814 1284 2872 ideo
1326 2817 1495 2892 hujus
1541 2817 1670 2874 des-

305 2891 514 2947 tructio
545 2907 657 2948 non
688 2893 850 2952 fieret
879 2913 980 2968 per
1004 2897 1259 2969 aliquam
1290 2901 1668 2957 mutationem

305 2971 701 3040 intrinsecam,
753 2976 852 3032 sed
898 2978 1087 3033 solum
1138 2996 1238 3051 per
1284 2982 1668 3038 extrinsecam

304 3053 405 3109 Dei
454 3054 957 3124 condonationem,
1002 3063 1058 3115 et
1104 3059 1362 3118 savorem
1410 3084 1422 3117 :
1467 3080 1670 3120 conse-

300 3151 483 3208 quens
527 3144 611 3192 est
640 3137 867 3207 falsum,
918 3147 980 3196 ut
1019 3148 1236 3199 constat
1262 3159 1330 3199 ex
1359 3143 1524 3200 dictis
1566 3163 1669 3219 pro

302 3217 495 3289 prima
515 3221 877 3280 conclusione
901 3241 912 3274 :
937 3239 1071 3298 ergo
1094 3228 1336 3283 mutatio
1352 3227 1670 3284 intrinseca

303 3302 626 3357 necessaria
674 3303 743 3358 ad
789 3303 1202 3363 destruendum
1232 3315 1520 3381 peccatum
1565 3328 1668 3368 ve-

305 3381 481 3445 niale,
514 3380 678 3439 debet
706 3383 832 3442 fieri
872 3401 973 3458 per
1013 3388 1250 3461 aliquid,
1283 3389 1432 3462 quod
1461 3390 1571 3463 ipsi
1598 3407 1669 3448 ex

306 3468 515 3519 natura
556 3481 657 3521 sua
700 3475 993 3542 repugnet,
1040 3476 1095 3526 et
1123 3477 1362 3543 nequeat
1388 3489 1516 3529 cum
1545 3473 1668 3545 ipso

304 3546 597 3619 conjungi.

98 3650 264 3693 counr-
384 3626 767 3686 confirmatur
782 3635 985 3704 primo,
1012 3635 1148 3707 quia
1168 3636 1214 3690 si
1244 3636 1430 3708 gratia
1452 3637 1669 3693 sancti-

103 3705 263 3802 ffihssg
304 3706 482 3764 ficans
505 3724 619 3764 non
642 3717 786 3767 esset
806 3728 877 3769 ex
902 3720 1107 3771 natura
1130 3717 1433 3773 suaforma
1455 3719 1669 3773 incom-

306 3787 597 3860 possibilis
622 3807 750 3846 cum
800 3800 1021 3864 peccato
1049 3796 1305 3861 mortali,
1339 3797 1509 3870 hujus
1536 3796 1669 3854 des-

305 3869 511 3924 tructio
553 3885 669 3926 non
697 3870 857 3928 fleret
886 3889 985 3944 per
1010 3875 1258 3947 gratiam
1300 3876 1668 3933 sanctifican-

302 3953 441 4013 tem,
480 3948 576 4006 sed
604 3966 704 4022 per
731 3954 1118 4009 extrinsecum
1149 3957 1249 4012 Dei
1295 3958 1575 4025 favorem,
1607 3962 1667 4013 ut

301 4034 503 4085 contra
529 4031 811 4095 Scotistas.
845 4038 900 4089 et
926 4035 1261 4093 Nominales
1310 4037 1667 4095 ostendimus

300 4107 477 4165 dubio
503 4109 688 4175 citato,
726 4115 757 4181 ξ
784 4113 852 4177 2;
894 4128 1029 4187 ergo
1057 4115 1273 4187 pariter
1316 4116 1365 4172 si
1396 4116 1542 4172 illud
1571 4118 1667 4174 in-

302 4188 634 4256 trinsecum,
665 4190 814 4262 quod
856 4192 1092 4264 ponitur
1138 4210 1239 4266 pro
1285 4195 1669 4255 destructione

302 4269 513 4342 peccati
544 4270 802 4339 venialiS,
840 4287 955 4329 non
987 4281 1267 4348 repugnat
1294 4276 1406 4348 ipsi
1439 4284 1665 4350 peccato

299 4365 371 4406 ex
394 4354 603 4405 natura
628 4351 728 4418 rei,
754 4352 852 4409 sed
874 4358 1056 4424 potest
1076 4371 1205 4410 cum
1230 4355 1351 4427 ipso
1376 4359 1660 4430 componi,

298 4430 559 4502 sequitur
582 4429 1024 4489 destructionem
1048 4436 1256 4507 peccati
1282 4438 1526 4494 venialis
1549 4453 1667 4495 non

300 4509 429 4566 fieri
461 4524 561 4581 per
599 4510 817 4584 aliquid
867 4512 1267 4581 intrinsecum,
1298 4516 1394 4573 sed
1423 4533 1524 4590 per
1562 4535 1666 4575 ex-

302 4590 614 4662 trinsecam
644 4591 743 4648 Dei
763 4591 1264 4652 condonationem.

135 4709 218 4751 Se,
378 4669 769 4728 confirmatur
788 4675 1037 4737 secundo,
1069 4675 1203 4747 quia
1234 4675 1327 4754 vel
1359 4676 1537 4747 posito
1564 4681 1665 4737 illo

103 4755 266 4801 eundo·
303 4751 637 4816 intrinse00‚
664 4757 845 4824 potest
874 4758 1158 4825 peccatum
1182 4756 1407 4813 veniale
1436 4774 1667 4830 perma-

303 4847 463 4896 nere,
508 4833 599 4887 vel
645 4834 807 4888 non?
846 4834 904 4888 Si
951 4833 1174 4892 dicatur
1219 4834 1324 4894 hoc
1368 4839 1660 4908 ultimum,

301 4909 583 4968 habemus
630 4911 941 4968 intentum.
975 4914 1034 4969 Si
1074 4930 1213 4972 vero
1257 4916 1503 4990 eligatur
1543 4921 1666 4991 pri-

301 5008 488 5060 mum,
517 4988 702 5047 adhuc
720 4991 834 5048 erit
856 4995 1173 5051 necessaria
1195 4996 1385 5068 aliqua
1403 4999 1661 5068 mutati0,

299 5091 428 5149 quae
476 5075 768 5145 peccatum
816 5074 1043 5131 veniale
1082 5075 1362 5132 excludat.
1414 5080 1667 5152 Cumque

1820 628 2147 703 hujusmodi
2177 634 2417 691 mutatio
2457 633 2657 692 debeat
2696 653 2817 692 esse
2844 635 3174 702 intrinseca,

1819 716 1877 765 et
1900 727 2025 783 quae
2050 712 2239 785 ipsum
2285 716 2584 772 hominem
2616 716 2678 772 in
2713 734 2774 773 se
2801 718 3085 781 immutet,
3119 723 3180 773 ut

1817 793 2126 849 statuimus
2171 797 2236 851 in
2283 798 2472 868 prima
2510 799 2890 865 conclusione,
2920 799 3179 871 sequitur

1818 873 1911 929 vel
1934 875 2356 946 procedendum
2378 895 2499 936 esse
2521 880 2583 935 in
2607 879 2903 935 infinitum
2922 905 2936 947 ;
2953 882 3044 937 vel
3066 881 3178 937 sis-

1818 958 2055 1013 tendum
2101 974 2223 1015 esse
2258 960 2321 1016 in
2369 962 2562 1033 aliqua
2602 962 2918 1018 mutatione
2960 963 3177 1019 intrin-

1815 1052 1960 1102 seca,
1979 1054 2103 1110 quae
2128 1048 2302 1112 ponat
2324 1039 2542 1114 aliquid
2568 1041 3033 1114 incompossibile
3045 1059 3175 1099 cum

1818 1123 2040 1188 peccato
2086 1120 2323 1187 veniali,
2355 1122 2576 1196 ipsique
2602 1138 2674 1179 ex
2720 1128 2926 1178 natura
2951 1139 3053 1179 sua
3081 1139 3176 1180 re-

1857 1214 1888 1252 u
1934 1214 2098 1256 nans.

1817 1213 1852 1268 p
1888 1214 2019 1329 1507.
2070 1273 2385 1331 Dicendum
2431 1280 2516 1332 est
2554 1276 2743 1343 tertio,
2796 1277 3171 1333 mutationem
3210 1288 3349 1332 Tertia

1814 1350 2190 1411 intrinsecam
2237 1354 2308 1411 ad
2353 1354 2798 1414 destructionem
2833 1358 3042 1430 peccati
3072 1372 3173 1413 ve-
3199 1338 3368 1431 ⁰}?3}⁰‘

1813 1431 1989 1488 nialis
2018 1449 2135 1491 non
2162 1435 2375 1492 salvari
2426 1437 2488 1494 in
2534 1438 3052 1494 communicatione
3077 1452 3174 1493 so-

1815 1511 1928 1567 lius
1952 1514 2151 1587 gratiae
2195 1514 2619 1585 sanctificantis,
2653 1518 2743 1572 vel
2771 1517 3174 1590 cujuscumque

1813 1595 2052 1651 alterius
2078 1596 2215 1653 doni
2238 1597 2583 1665 habitualis;
2613 1598 2710 1654 sed
2741 1598 3058 1655 necessario
3079 1613 3175 1655 ex-

1812 1691 2043 1746 poscere
2089 1678 2341 1750 aliquam
2391 1678 2785 1752 operationem
2821 1681 3074 1736 elicitam
3103 1677 3173 1735 ab

1812 1755 2068 1823 homine,
2094 1760 2159 1815 in
2187 1777 2297 1832 quo
2325 1768 2612 1833 peccatum
2641 1762 2869 1819 veniale
2898 1761 3173 1834 praeexis-

1813 1838 1899 1894 tit.
1929 1841 2088 1896 Hanc
2108 1843 2480 1900 assertionem
2496 1843 2654 1900 docet
2671 1850 2862 1916 aperte
2880 1847 2939 1899 D.
2961 1844 3164 1899 Thom.
3182 1877 3234 1918 D·
3259 1876 3363 1919 Tho.

1810 1919 1948 1975 locis
1969 1948 1972 1951 ·
1997 1921 2191 1976 statim
2241 1922 2584 1990 referendiS,
2638 1940 2807 1996 quem
2854 1926 3352 2027 sequunturcassjffi·n

1810 2002 2016 2055 Petrus
2056 2000 2125 2057 de
2152 2003 2282 2059 Soto
2311 2003 2431 2058 lect.
2472 2006 2553 2068 18,
2585 2005 2649 2058 de
2679 2004 3026 2069 Paenitentia,
3060 2005 3164 2059 Ca-
3186 2005 3367 2068 Ammo:

1803 2079 2033 2152 Jetanus
2061 2082 2095 2135 3
2116 2090 2265 2154 part.
2301 2091 2480 2160 quaest.
2507 2086 2598 2150 87,
2630 2093 2739 2141 art.
2772 2088 2826 2149 2,
2870 2083 2963 2145 ubi
2992 2083 3165 2139 etiam
3179 2075 3373 2165 {9333

1807 2162 2040 2217 Arauxo
2067 2162 2192 2218 dub.
2217 2164 2268 2228 1,
2301 2164 2534 2237 Sylvius
2562 2166 2799 2221 conclus.
2842 2167 2885 2229 1,
2917 2165 3167 2218 ,loannes
3201 2174 3352 2264 leugati.

1809 2255 1841 2295 a
1869 2242 1923 2297 S.
1956 2242 2161 2299 Thom.
2194 2243 2335 2315 disp.
2370 2245 2460 2310 35,
2505 2253 2613 2301 arc.
2645 2248 2700 2313 2,
2734 2249 2912 2302 oonet
2939 2245 3080 2315 disp.
3106 2244 3161 2308 4,
3239 2231 3262 2263 ³
3295 2231 3350 2263 ³·

1806 2323 1872 2376 de
1896 2323 2177 2379 Poenitent.
2210 2332 2320 2380 art.
2355 2328 2400 2389 l,
2427 2344 2548 2381 cum
2576 2344 2682 2404 seq.
2716 2325 2911 2383 Labat.
2939 2326 3080 2395 disp.
3115 2325 3160 2391 1,

1805 2402 1935 2458 dub.
1972 2406 2025 2468 ὃ,
2057 2407 2087 2472 g
2117 2406 2151 2458 3
2178 2409 2233 2460 et
2255 2405 2357 2460 alii
2387 2406 2717 2462 Thomistae.
2749 2406 2964 2471 Quibus
2990 2403 3165 2460 etiam

1805 2483 2194 2557 suffragantur
2258 2487 2645 2543 communiter
2699 2488 2800 2543 alii
2867 2484 3161 2556 Theologi.

1803 2565 2129 2623 Alexander
2153 2575 2304 2639 part.
2328 2570 2382 2634 2,
2410 2577 2590 2646 qutest.
2632 2572 2751 2636 106,
2786 2571 2972 2626 memb.
3001 2575 3054 2633 8,
3088 2570 3163 2635 §4

1802 2654 1853 2701 et
1900 2649 1954 2712 5,
2009 2646 2314 2705 Abulensis
2361 2651 2420 2703 in
2465 2667 2587 2721 cop.
2619 2652 2709 2715 25,
2744 2650 2947 2708 Manli.
2980 2661 3161 2729 quast.

1802 2730 1932 2795 718,
1964 2747 2088 2785 cum
2114 2738 2348 2803 sequent.
2379 2731 2709 2788 Paludanus
2738 2734 2796 2786 in
2824 2735 2876 2799 4,
2909 2734 3036 2791 dist.
3069 2737 3161 2801 21,

1804 2819 1984 2887 quaest.
2030 2815 2084 2882 2,
2128 2814 2477 2889 Argentinas
2519 2822 2625 2871 art.
2657 2818 2692 2871 2
2726 2821 2775 2869 et
2800 2817 2854 2882 4,
2891 2817 3162 2874 Itichard.

1802 2899 1913 2949 art.
1945 2895 1998 2960 3,
2025 2902 2211 2971 quaest.
2250 2898 2295 2960 l,
2323 2895 2627 2953 Durandus
2648 2906 2829 2973 quaest.
2853 2901 2907 2962 2,
2940 2902 3105 2972 Vasq.
3132 2901 3167 2956 3

1799 2980 1948 3045 part.
1981 2982 2162 3051 quast.
2189 2977 2280 3042 87,
2306 2984 2416 3034 art.
2453 2979 2497 3046 l,
2517 2977 2644 3033 dub.
2681 2980 2725 3043 1,
2751 2984 2807 3034 et
2834 2979 2935 3039 alii
2959 2996 3166 3052 quam-

1805 3055 2016 3125 plures,

1877 3136 2163 3192 Probatur
2211 3139 2400 3211 primo
2446 3139 2793 3196 authoritate
2838 3142 2902 3195 D.
2954 3140 3379 3197 Thom.1³robatur

1802 3231 1940 3271 nam
1971 3216 2314 3291 ubicumque
2335 3221 2388 3274 S.
2417 3222 2619 3276 Doctor
2643 3221 2757 3293 agit
2779 3219 2848 3276 de
2873 3220 3057 3276 forma
3081 3208 3228 3278 re-‘³x
3240 3202 3373 3245 ⁰³¹¹·

1803 3296 2041 3353 missiva
2071 3299 2281 3370 peccati
2322 3298 2587 3366 venialiS,
2624 3315 2740 3355 non
2780 3300 2928 3358 sistit
2955 3302 3016 3357 in
3043 3303 3166 3359 sola

1800 3377 2006 3451 gratia,
2041 3379 2131 3434 vel
2159 3378 2224 3433 in
2267 3379 2382 3435 alio
2428 3377 2579 3436 dono
2624 3378 2925 3446 habituali,
2956 3381 3055 3439 sed
3083 3384 3168 3438 ul·

1802 3459 1983 3515 terius
2010 3460 2263 3531 exposcit
2291 3460 2542 3532 aliquem
2572 3465 2758 3516 actum
2792 3482 2804 3517 :
2836 3478 2969 3535 ergo
2994 3464 3169 3521 sentit

1801 3537 2184 3594 mutationem
2227 3539 2582 3610 requisitam,
2615 3546 2671 3596 et
2697 3539 3068 3599 sufficientem
3098 3542 3168 3600 ad

1803 3618 2125 3676 venialium
2140 3616 2603 3687 destructionem,
2622 3621 2940 3677 necessario
2957 3622 3034 3677 im
3044 3639 3170 3695 por-

1801 3705 1924 3757 tare
1948 3699 2204 3772 aliquam
2236 3700 2491 3756 hominis
2513 3701 2923 3772 operationem.
2951 3703 3166 3760 Suade-

1800 3787 1897 3838 tur
1944 3779 2330 3848 antecedens}
2371 3798 2508 3837 nam
2557 3783 2593 3836 3
2635 3790 2783 3854 part.
2835 3792 3013 3857 quaest.
3069 3786 3161 3853 87,

1799 3872 1913 3920 art.
1935 3866 1971 3924 2
1992 3866 2066 3920 ad
2095 3866 2139 3930 1,
2160 3864 2274 3921 ait:
2297 3864 2562 3922 Remissio
2586 3866 2887 3922 venialium
2907 3874 2983 3922 est
3002 3868 3164 3940 effec-

1800 3952 1889 4000 tus
1911 3948 2119 4015 ,qratiam
2148 3963 2245 4019 per
2271 3951 2455 4001 actum
2480 3947 2703 4010 scilicet,
2737 3964 2894 4023 quem
2939 3949 3000 4003 de
3027 3965 3164 4004 novo

1798 4028 1966 4094 elicit,
2023 4046 2132 4083 non
2177 4034 2362 4084 autem
2393 4045 2495 4100 per
2534 4029 2753 4105 aliquid
2796 4029 3076 4085 habitualis
3102 4031 3165 4086 cle

1799 4123 1938 4162 novo
1966 4110 2164 4163 animai
2202 4110 2472 4181 infusum.
2520 4109 2589 4162 Et
2617 4106 2686 4163 ad
2726 4111 2780 4176 3,
2815 4109 3038 4182 inquit:
3073 4112 3166 4167 Ad

1799 4189 2096 4245 tollendam
2125 4191 2404 4246 maculam
2432 4191 2666 4246 venialis
2686 4194 2896 4263 peccati
2921 4193 3163 4268 requiri-

1797 4276 1890 4323 tur
1910 4270 2117 4347 aliquis
2141 4277 2300 4325 actus
2322 4271 2612 4343 procedens
2635 4288 2706 4325 ex
2715 4273 2922 4340 qratia.
2951 4272 3019 4325 Et
3045 4280 3154 4329 art.

1795 4351 1832 4403 4
1852 4351 1927 4405 ad
1952 4353 2005 4416 2,
2039 4351 2120 4406 ait
2147 4371 2160 4405 z
2185 4349 2278 4407 Ad
2297 4353 2668 4407 remissionem
2692 4353 2900 4423 peccati
2929 4355 3162 4410 venialis

1797 4450 1907 4487 non
1934 4435 2236 4510 requiritur
2280 4451 2423 4488 nova
2449 4434 2658 4503 infusio
2697 4434 2999 4492 habitualis
3019 4455 3159 4508 yra-

1798 4514 1902 4576 tie,
1932 4508 2236 4587 requiritur
2286 4519 2467 4569 tamen
2510 4514 2719 4590 aliquis
2745 4517 2937 4584 qratia!
2978 4525 3153 4576 actus,

1798 4593 1870 4646 Et
1896 4590 2050 4646 idem
2096 4591 2255 4648 docet
2281 4595 2340 4648 in
2377 4595 2432 4659 4,
2476 4594 2615 4666 disp.
2659 4595 2739 4662 16,
2773 4612 2824 4671 q.
2856 4597 2910 4659 2,
2955 4606 3062 4655 art.
3095 4600 3150 4665 3,

1798 4676 2111 4749 quoestiunc.
2152 4676 2171 4728 l
2216 4681 2266 4729 et
2293 4677 2347 4741 2,
2380 4679 2436 4730 et
2458 4682 2640 4752 quast.
2664 4675 2719 4740 7,
2754 4675 2822 4731 de
2844 4676 3014 4744 Malo,
3039 4687 3150 4736 art.

1806 4756 1865 4809 11
1898 4753 1972 4808 ad
1995 4755 2052 4817 4,
2086 4752 2184 4809 ubi
2211 4754 2292 4809 ait
2325 4775 2339 4809 ε
2373 4753 2694 4822 Dicendum,
2726 4757 2867 4828 quod
2891 4757 3156 4814 habitua-

1801 4833 1872 4889 lis
1910 4833 2258 4905 displicentia
2303 4850 2414 4889 non
2457 4837 2660 4908 sufficit
2685 4836 2760 4890 ad
2786 4840 3156 4896 remissionem

1796 4916 2054 4981 venialiS,
2103 4915 2539 4987 sed-requiritur
2582 4920 2839 4976 actualis.
2892 4922 2961 4975 Et
3004 4922 3154 4994 quod

1798 4996 1917 5052 haec
1942 4996 2016 5051 sit
2041 5010 2308 5068 expressa
2328 4997 2610 5054 sententia
2635 5001 2693 5054 S.
2723 5002 2995 5070 Doctoris,
3027 5004 3155 5060 evi-

1798 5076 2029 5134 dentius
2076 5076 2354 5134 constabit
2399 5092 2469 5133 ex
2505 5076 2763 5136 dicendis
2800 5085 2832 5151 §
2872 5085 3150 5155 sequenti.
