3647 5753
577 374 650 428 56
1605 374 1697 428 DE
1736 372 2009 429 GRATIA
2048 374 2389 432 EFFICACI.

574 563 931 617 consensum,
958 555 1014 605 et
1040 549 1361 606 dissensum
1392 551 1609 617 Petrus,
1635 555 1692 606 et
1719 551 1933 606 Paulus

573 631 710 681 sunt
735 642 968 699 prorsus
992 628 1237 700 aequales
1265 629 1327 684 in
1353 644 1438 697 eo,
1470 626 1620 702 quod
1647 645 1679 685 a
1701 629 1815 684 Deo
1839 643 1932 684 re-

569 713 837 777 ceperunt
863 729 877 773 ;
901 708 1320 781 omnipotentia
1343 708 1442 765 Dei
1484 724 1588 782 pro
1614 708 1719 765 illo
1747 707 1931 779 priori

573 799 690 840 non
717 785 899 859 magis
924 788 1241 859 explicatur
1264 787 1326 844 in
1350 789 1538 861 gratia
1564 786 1757 849 unius,
1783 787 1932 843 acin

569 865 755 938 gratia
782 866 1017 922 alterius
1048 891 1063 934 ;
1091 883 1222 923 cum
1251 871 1444 925 tamen
1473 869 1681 945 inuno
1704 866 1779 920 sit
1809 865 1934 922 effi-

568 962 691 1013 cax,
736 948 874 1004 etin
894 950 1076 1006 altero
1095 966 1239 1022 pure
1264 949 1569 1007 sufficiens

640 1029 757 1085 Nec
780 1028 993 1085 iterum
1015 1028 1244 1102 prodest
1265 1044 1527 1086 recursus
1548 1027 1618 1087 ad
1632 1028 1932 1102 majorita-

566 1112 683 1165 tem
703 1109 901 1182 gratiae
922 1109 985 1165 in
1011 1125 1131 1166 esse
1156 1111 1373 1184 gratiae,
1404 1110 1541 1183 quia
1565 1108 1717 1183 quod
1741 1109 1931 1184 gratia

568 1190 725 1246 Petri
751 1189 827 1244 sit
848 1190 1033 1264 major
1060 1192 1258 1248 inesse
1278 1190 1556 1258 beneficii,
1580 1209 1697 1250 nou
1718 1207 1928 1265 prove-

568 1270 656 1324 nit
680 1284 753 1326 ex
779 1285 862 1338 eo,
893 1268 1043 1343 quod
1094 1272 1240 1327 Deus
1266 1272 1515 1345 amplius
1539 1271 1678 1346 quid
1713 1270 1930 1345 produ-

568 1351 721 1407 xerit
763 1351 826 1407 in
849 1354 1032 1419 Petr0,
1062 1369 1234 1424 quam
1263 1354 1327 1409 in
1357 1355 1570 1422 Paulo;
1619 1353 1714 1412 sed
1743 1370 1816 1412 ex
1836 1369 1923 1420 e0,

566 1432 713 1504 quod
728 1433 1074 1505 praesciverit
1095 1434 1354 1491 futurum
1371 1437 1525 1493 Petri
1543 1451 1882 1493 consensum
1908 1458 1924 1501 ;

565 1512 828 1586 praescire
855 1519 1044 1571 autem
1074 1530 1191 1572 non
1216 1521 1300 1572 est
1327 1523 1481 1573 actus
1503 1517 1770 1589 proprius
1796 1531 1928 1573 om-

564 1593 911 1665 nipotentiae,
941 1592 1039 1651 sed
1053 1595 1305 1652 scientiae
1323 1617 1335 1652 :
1359 1611 1494 1670 ergo
1508 1597 1666 1653 omni
1673 1595 1927 1669 potentia

560 1672 661 1729 Dei
684 1687 800 1728 non
842 1672 1023 1747 magis
1053 1673 1315 1746 splendet
1334 1675 1396 1731 in
1440 1675 1626 1749 gratia
1647 1676 1825 1741 Petri,
1864 1691 1928 1732 ac

565 1753 629 1808 in
664 1752 849 1824 gratia
876 1752 1059 1823 Pauli,
1086 1752 1184 1810 sed
1221 1754 1517 1828 aequaliter
1557 1770 1618 1812 se
1644 1754 1814 1813 habet
1854 1754 1925 1812 ad

567 1838 892 1907 utrumque.
1923 1883 1927 1888 .

350 1918 533 2013 sciggtia
637 1917 729 1973 81.
774 1914 1179 1982 confirmatur,
1210 1916 1346 1989 quia
1392 1917 1472 1973 ita
1499 1915 1672 1984 abest,
1705 1922 1767 1973 ut
1786 1933 1926 1992 gra-

375 1979 532 2063 'ri'onssss-
564 1996 643 2053 tia
668 1995 862 2054 efficax
912 1993 1240 2068 dependens
1278 2012 1313 2052 a
1337 1995 1575 2053 scientia
1621 1996 1809 2053 media
1849 1996 1926 2053 sit

387 2068 516 2161 ’ζεῦξ’
560 2076 788 2135 effectus
831 2079 1091 2151 specialis
1118 2077 1331 2135 divinas
1367 2078 1813 2151 omnipotentiae,
1848 2079 1924 2135 il-

365 2176 519 2224 smuma
562 2159 789 2232 lamque
835 2158 999 2216 nobis
1034 2160 1378 2227 manifestet,
1403 2160 1552 2233 quod
1595 2162 1783 2233 potius
1820 2162 1922 2219 Dei

364 2217 529 2309 ἷζῇἰβῖ
560 2241 874 2313 potentiam
896 2240 1189 2314 deprimit,
1215 2241 1584 2298 etimminuit
1608 2263 1622 2298 ε
1646 2257 1780 2316 ergo
1804 2258 1922 2300 non

557 2325 641 2376 est
668 2319 1023 2376 admittenda
1059 2320 1247 2394 gratia
1272 2319 1499 2393 efficax„
1529 2337 1654 2392 quae
1681 2337 1714 2377 a
1732 2321 1923 2377 scien-

558 2397 638 2454 tia
655 2398 847 2455 media
872 2397 1203 2471 dependeat.
1231 2398 1513 2456 Probatur
1538 2398 1877 2456 antecedens
1903 2423 1918 2458 ε

557 2481 680 2533 tum
724 2478 858 2550 quia
882 2479 1046 2551 juxta
1089 2478 1377 2551 principia
1415 2478 1668 2535 scientiae
1689 2479 1915 2547 medies,

555 2573 675 2615 non
725 2563 905 2630 potest
933 2560 1078 2614 Deus
1103 2574 1340 2615 causare
1386 2573 1731 2615 consensum
1763 2561 1919 2617 Petri

553 2636 617 2692 in
644 2636 883 2692 instanti
905 2640 971 2703 A,
997 2636 1109 2693 nisi
1133 2636 1296 2709 prius
1318 2638 1666 2708 praenoverit
1683 2640 1918 2695 Petrum

550 2732 986 2782 consensurum,
1017 2716 1068 2771 si
1107 2716 1169 2771 in
1197 2716 1298 2772 tali
1327 2716 1572 2773 instanti
1603 2718 1919 2776 constitua-

551 2801 647 2852 tur
665 2820 679 2863 ;
710 2795 790 2852 ita
808 2795 958 2870 quod
980 2796 1305 2869 hujusmodi
1329 2796 1694 2868 praescientia
1715 2804 1800 2854 est
1822 2814 1919 2855 re-

550 2879 827 2952 quisitum
850 2895 921 2936 ex
964 2885 1125 2952 parte
1159 2880 1256 2937 Dei
1283 2895 1344 2936 se
1389 2886 1608 2948 tenenS,
1635 2887 1698 2938 ut
1741 2884 1919 2956 possit

549 2974 890 3016 consensum
919 2961 1076 3017 Petri
1103 2959 1427 3027 decernere,
1457 2966 1513 3018 et
1561 2960 1874 3034 producere
1899 2985 1913 3019 ε

547 3039 646 3096 sed
674 3043 851 3097 Deum
900 3042 1247 3114 praescivisse
1293 3041 1620 3116 hujusmodi
1650 3042 1914 3101 futurum

544 3121 1019 3190 conditionatum,
1048 3140 1165 3182 non
1186 3124 1334 3182 cadit
1353 3123 1459 3181 sub
1479 3130 1754 3197 potestate
1770 3126 1870 3183 Dei
1895 3151 1909 3194 ;

542 3200 826 3276 siquidem
877 3204 1114 3262 scientia
1153 3205 1342 3262 media
1411 3221 1530 3262 non
1591 3212 1675 3263 est
1727 3205 1912 3264 libera

543 3282 677 3347 Deo,
723 3297 827 3339 nec
854 3283 942 3340 illi
981 3301 1051 3342 ex
1076 3301 1142 3342 se
1192 3285 1480 3352 convenit,
1511 3283 1610 3341 sed
1649 3285 1904 3352 aliunde,

542 3376 748 3434 nempe
773 3379 845 3420 ex
871 3365 1260 3438 suppositione
1286 3381 1596 3422 consensus
1622 3364 1910 3423 conditio-

540 3447 675 3500 nate
701 3444 880 3501 futuri
915 3463 1084 3519 :ergo
1128 3447 1318 3521 gratia
1359 3446 1554 3503 efficax
1579 3446 1908 3520 dependens

539 3538 575 3578 a
599 3523 837 3581 scientia
863 3524 1051 3581 media
1073 3525 1369 3599 deprimit,
1402 3531 1458 3583 et
1484 3526 1785 3582 imminuit
1811 3527 1907 3583 di-

540 3602 743 3660 vinam
764 3606 1262 3678 omnipotentiam.
1289 3608 1449 3663 Patet
1476 3608 1899 3680 consequentia,

542 3683 676 3753 quia
697 3701 812 3742 non
839 3691 923 3742 est
963 3686 1215 3760 potentia
1240 3686 1622 3760 omnipotens,
1652 3703 1779 3759 quae
1805 3688 1904 3744 in-

541 3760 694 3837 diget
719 3765 909 3839 aliquo
938 3766 1210 3840 requisito
1245 3765 1315 3822 ad
1343 3766 1647 3839 agendum,
1672 3772 1730 3823 et
1754 3767 1902 3824 illud

538 3859 657 3901 non
684 3846 853 3905 habet
870 3863 943 3904 ex
966 3864 1045 3917 se,
1068 3847 1167 3905 sed
1193 3848 1429 3906 aliunde
1456 3869 1469 3904 ε
1499 3849 1631 3904 talis
1656 3853 1740 3904 est
1764 3865 1902 3923 gra-

535 3925 615 3983 tia
658 3943 783 3999 quas
831 3929 1100 4002 supponit
1142 3929 1441 3987 scientiam
1513 3927 1787 3994 mediam,
1838 3935 1901 3985 ut

532 4013 750 4063 constat
786 4023 858 4064 ex
904 4008 1134 4065 inducta
1179 4007 1515 4083 probatione
1546 4027 1559 4062 ε
1599 4022 1753 4081 ergO,
1787 4013 1891 4066 etc.

532 4087 680 4143 Tum
719 4086 915 4153 etiam,
939 4088 1074 4161 quia
1125 4085 1546 4160 omnipotentia
1590 4085 1756 4143 debet
1775 4103 1898 4145 esse

528 4167 714 4225 virtus
753 4167 982 4226 infinita
1028 4185 1145 4226 non
1183 4169 1371 4225 solum
1409 4167 1473 4224 in
1525 4168 1763 4242 agendo,
1794 4169 1895 4227 sed

529 4248 705 4306 etiam
729 4248 792 4305 in
820 4248 1187 4321 impediendo
1211 4273 1226 4317 ;
1258 4253 1423 4321 atque
1449 4248 1578 4306 ideo
1614 4248 1893 4325 quidquid

530 4333 617 4387 est
638 4328 975 4403 impedihile
1018 4346 1051 4386 a
1071 4335 1349 4399 creatura,
1375 4327 1543 4386 debet
1565 4330 1742 4386 etiam
1769 4346 1892 4388 esse

531 4409 867 4483 impedihile
910 4408 982 4467 ab
1020 4408 1436 4482 omnipotentia
1470 4410 1667 4482 :atqui
1708 4413 1889 4467 Deum

530 4490 793 4563 praescire
818 4505 1156 4547 consensum
1186 4491 1341 4547 Petri
1381 4490 1767 4548 conditionate
1792 4491 1890 4547 iu-

529 4575 747 4639 turum,
781 4576 866 4627 est
910 4569 1246 4644 impedihile
1276 4587 1308 4628 a
1335 4573 1522 4638 Petro,
1552 4577 1608 4629 et
1648 4586 1764 4629 non
1802 4577 1888 4629 est

529 4648 864 4723 impedihile
910 4667 944 4707 a
965 4653 1096 4718 Deo,
1120 4652 1169 4708 si
1210 4654 1387 4709 semel
1408 4653 1595 4727 gratia
1634 4652 1827 4710 efficax
1853 4669 1886 4708 a

524 4730 762 4787 scientia
804 4729 994 4790 media
1037 4731 1354 4806 dependet:
1389 4748 1524 4808 ergo
1557 4733 1882 4808 huJ‘usmodi

523 4809 711 4885 gratia
749 4812 1227 4885 omnipotentiam
1251 4812 1350 4869 Dei
1372 4811 1664 4887 deprimit,
1690 4819 1745 4870 et
1766 4814 1883 4869 im-

524 4893 761 4951 minuit.
811 4895 1093 4953 Probatur
1133 4896 1346 4966 minor,
1394 4896 1529 4970 quia
1586 4896 1635 4952 si
1700 4898 1881 4954 Deum

525 4974 790 5047 praescire
833 4991 1175 5033 consensum
1202 4976 1359 5034 Petri
1388 4975 1774 5035 conditionate
1798 4977 1882 5033 fu-

2065 552 2262 605 turum
2293 566 2410 607 non
2449 559 2595 609 esset
2633 554 2975 628 impedihile
3000 573 3034 613 a
3084 560 3274 627 Petro,
3306 561 3444 616 talis

2064 630 2425 700 praescientia
2467 639 2613 691 esset
2658 637 2973 708 suppositio
3003 640 3248 697 omnino
3274 647 3442 697 ante-

2063 709 2285 779 cedens,
2312 716 2369 767 et
2398 728 2523 785 quae
2544 717 2701 773 Petri
2725 716 3051 774 libertatem
3095 719 3436 787 destrueret,

2062 794 2123 845 ut
2151 790 2406 848 fatentur
2419 791 2752 853 Adversarii
2783 796 3023 855 :deinde
3055 800 3105 854 si
3132 800 3235 857 illa
3258 818 3442 875 praes-

2061 870 2271 926 cientia
2315 877 2461 929 esset
2511 876 2867 948 impedihilis
2932 898 2966 938 a
3012 883 3143 947 Deo,
3200 882 3443 939 scientia

2065 949 2256 1008 media
2301 960 2448 1011 esset
2474 956 2587 1014 Deo
2629 958 2829 1032 libera,
2863 970 2919 1021 et
2942 981 3059 1021 non
3113 964 3440 1019 necessario

2060 1033 2432 1100 conveniens,
2462 1037 2613 1109 quod
2653 1048 2864 1115 negant
2902 1045 3081 1101 iidem
3123 1043 3432 1109 Authorae,

2059 1116 2116 1168 et
2152 1114 2289 1168 satis
2328 1125 2756 1191 consequenter.
2790 1139 2918 1180 cum
2949 1128 3207 1181 asserant
3241 1126 3438 1180 scien·

2060 1194 2202 1250 tiam
2251 1195 2503 1255 mediam
2544 1204 2857 1263 convenire
2883 1209 2996 1263 Deo
3034 1205 3437 1263 antecedenter

2059 1272 2130 1330 ad
2181 1291 2356 1335 omne
2404 1279 2696 1341 decretum
2729 1301 2906 1362 :ergo
2954 1291 3133 1344 Deum
3164 1287 3438 1360 praescire

2057 1369 2401 1415 consensum
2444 1362 2598 1419 Petri
2626 1364 3013 1424 conditionate
3042 1368 3327 1430 futurum,
3354 1373 3441 1424 est

2057 1435 2395 1509 impedibile
2446 1459 2481 1499 a
2513 1452 2793 1515 creatura,
2838 1453 2895 1504 et
2921 1465 3039 1505 non
3078 1454 3162 1505 est
3189 1448 3438 1521 impedi-

2059 1516 2173 1575 bile
2205 1535 2239 1576 a
2283 1522 2417 1579 Deo.
2467 1525 2614 1581 Tum
2662 1526 2925 1601 denique,
2993 1537 3050 1588 et
3106 1531 3432 1605 urgentius.

2056 1599 2190 1671 quia
2214 1602 2395 1673 posita
2433 1606 2726 1665 voluntate
2765 1611 2828 1666 in
2878 1610 2981 1667 illa
3019 1612 3337 1678 occasione,
3373 1612 3436 1668 in

2054 1697 2164 1753 qua
2192 1684 2433 1754 praevisa
2467 1686 2578 1744 fuit
2597 1706 2962 1758 consensura,
2989 1693 3080 1748 vel
3107 1694 3252 1748 Deus
3279 1716 3295 1759 ;
3332 1708 3436 1766 po·-

2056 1767 2164 1820 test
2207 1782 2443 1825 causare
2486 1769 2831 1839 dissensum,
2882 1775 2974 1831 vel
3028 1791 3146 1831 non
3197 1778 3437 1848 potest?

2055 1846 2113 1902 Si
2163 1849 2464 1920 primum:
2518 1868 2653 1927 ergo
2721 1858 2869 1926 Deus
2915 1862 3094 1929 potest
3146 1858 3437 1930 impedire

2054 1929 2364 1986 veritatem
2405 1932 2743 2006 objectivam
2773 1936 2954 1992 futuri
2981 1953 3313 2004 consensuS,
3344 1944 3434 1995 at·

2053 2025 2161 2082 que
2179 2010 2307 2069 ideo
2328 2011 2629 2072 falsificare
2654 2018 3072 2088 praescientiam
3089 2042 3104 2085 ;
3123 2019 3271 2092 quod
3306 2020 3430 2076 Ad-

2055 2094 2302 2149 versarii
2335 2111 2452 2151 non
2479 2089 2809 2155 admittunt.
2832 2099 2892 2154 Si
2918 2100 3262 2158 secundum:
3290 2119 3436 2178 ergo

2055 2176 2182 2247 plus
2214 2181 2392 2248 potest
2411 2183 2691 2245 creatura,
2723 2197 2896 2253 quam
2919 2186 3065 2239 Deus
3093 2206 3107 2249 ;
3139 2183 3433 2256 siquidem

2054 2258 2115 2312 in
2162 2257 2266 2314 illo
2334 2260 2906 2319 circumstantiarum
2932 2280 3210 2327 concursu
3242 2266 3435 2324 adhuc

2052 2335 2361 2396 dissentire
2387 2341 2557 2406 valet,
2592 2342 2737 2399 alias
2778 2360 2896 2401 non
2926 2344 3108 2402 libere
3133 2349 3435 2404 consenti-

2054 2421 2157 2473 ret.
2195 2419 2401 2491 Nequit
2446 2426 2637 2477 autem
2664 2421 2912 2491 admitti,
2945 2424 3094 2497 quod
3141 2427 3272 2498 plus
3292 2443 3430 2499 pos-

2051 2499 2125 2554 sit
2151 2505 2428 2566 creatura,
2451 2517 2626 2573 quam
2669 2505 2834 2571 Deus,
2868 2507 2982 2562 nisi
3020 2505 3423 2579 deprimendo,

2049 2582 2106 2633 et
2148 2581 2561 2650 prosternendo
2602 2581 2866 2639 divinam
2895 2586 3425 2658 omnipotentiam:

2048 2675 2112 2715 er
2152 2676 2208 2727 0,
2240 2665 2344 2718 etc.

2114 2677 2211 2791 {2
2258 2738 2371 2791 Nec
2421 2737 2713 2803 satisfacit,
2765 2740 2815 2795 si
2868 2756 2997 2796 cum
3055 2741 3425 2801 Adversariis
3479 2757 3574 2814 aar

2050 2816 2415 2889 respondeas,
2462 2819 2739 2876 virtutem
2792 2837 2965 2894 quam
3016 2822 3184 2880 habet
3231 2833 3427 2884 creata
3461 2818 3574 2858 ΨΜ

2048 2896 2315 2955 voluntas
2336 2897 2406 2955 ad
2434 2899 2846 2968 inducendum,
2870 2904 2961 2959 vel
2979 2902 3424 2976 impediendum

2045 2975 2344 3034 scientiam
2391 2977 2666 3044 mediam,
2699 2996 2816 3037 non
2861 2985 3172 3041 convenire
3228 2984 3321 3040 illi
3351 3002 3422 3043 ex

2043 3070 2121 3123 se,
2149 3057 2253 3113 hoc
2283 3062 2366 3115 est
2397 3059 2852 3132 independenter
2898 3062 2969 3118 ab
2995 3064 3424 3136 omnipotentia

2045 3137 2165 3205 Dei,
2195 3138 2292 3195 sed
2333 3139 2723 3213 dependenter
2762 3141 2834 3198 ab
2883 3144 3002 3212 illa,
3035 3161 3068 3201 a
3093 3162 3206 3217 qua
3248 3146 3424 3207 habet

2042 3221 2225 3273 totum
2278 3235 2446 3276 suum
2505 3236 2646 3277 esse.
2693 3222 2857 3280 Unde
2897 3239 3013 3280 non
3072 3226 3417 3297 requiritur,

2039 3297 2191 3369 quod
2207 3298 2370 3371 juxta
2398 3300 2687 3374 principia
2713 3304 2966 3360 scientiae
2993 3304 3198 3362 mediae
3220 3307 3422 3364 immi·

2040 3382 2256 3433 nuatur
2283 3381 2703 3452 omnipotentia
2733 3382 2851 3448 Dei,
2882 3382 2982 3439 sed
3011 3385 3196 3457 magis
3223 3385 3419 3443 infer-

2037 3462 2134 3513 tur
2177 3461 2498 3533 oppositum
2532 3478 2709 3529 ;nam
2758 3464 2905 3519 Deus
2948 3471 3032 3521 est
3076 3468 3157 3522 ita
3185 3474 3412 3539 potens,

1985 3564 1989 3567 ⁴
2037 3543 2099 3594 ut
2145 3543 2332 3598 valeat
2361 3543 2670 3615 producere
2697 3543 2946 3601 liberum
2986 3545 3302 3604 arbitrium
3331 3550 3418 3606 ita

2035 3619 2395 3689 indifferens,
2423 3629 2484 3679 ut
2502 3630 2670 3696 queat
2689 3640 2750 3682 se
2771 3641 2875 3697 pro
2905 3625 3070 3684 libito
3094 3628 3165 3683 ad
3192 3635 3416 3686 utram-

2034 3697 2175 3755 libet
2214 3707 2433 3774 partem
2460 3703 2870 3771 determinare,
2900 3711 2958 3762 et
2995 3717 3413 3780 consequenter

2030 3781 2331 3839 scientiam
2381 3785 2633 3843 mediam
2681 3785 2971 3855 inducere,
3006 3790 3095 3846 vel
3149 3792 3405 3851 auferre.

2032 3863 2101 3917 Et
2118 3866 2384 3936 quamvis
2406 3868 2553 3923 Deus
2581 3867 2725 3924 facta
2745 3869 3136 3941 suppositione
3156 3889 3409 3932 consen-

2027 3960 2124 4000 sus
2167 3945 2557 4005 conditionate
2603 3948 2805 4017 futuri,
2853 3951 3021 4006 illum
3077 3958 3408 4015 necessario

2029 4027 2356 4096 praevideat,
2385 4028 2772 4084 nihilominus
2799 4029 2917 4085 haec
2940 4034 3244 4089 necessitas
3271 4038 3407 4092 nul·

2026 4106 2142 4162 lam
2197 4109 2309 4164 Deo
2372 4108 2589 4181 irrogat
2652 4108 3183 4181 imperfectionem;
3258 4132 3402 4173 nam

2023 4187 2733 4259 consequiturlibertatem
2762 4189 3108 4262 producendi
3140 4193 3400 4253 liberum

2024 4264 2354 4334 arbitrium,
2385 4272 2441 4323 et
2465 4268 2736 4325 servandi
2769 4269 2949 4326 illaesa
2973 4274 3094 4344 ejus
3118 4275 3270 4348 jura.

2095 4346 2242 4410 Haec,
2291 4345 2550 4419 inquam.
2605 4349 2899 4422 responsio
2947 4365 3062 4407 non
3089 4354 3391 4425 satisfacit,
3413 4385 3593 4430 mem.

2018 4424 2118 4482 sed
2146 4425 2314 4497 plura
2355 4427 2603 4485 involvit
2649 4429 2810 4495 falsa,
2836 4446 2963 4501 quaa
2992 4447 3094 4488 nec
3122 4432 3276 4492 inter
3303 4454 3388 4505 se,
3438 4435 3569 4481 ‘¹¹¹⁰‘-

2019 4520 2122 4562 nec
2139 4521 2268 4561 cum
2293 4508 2447 4563 veris
2467 4508 2770 4581 principiis
2795 4511 3092 4569 conciliari
3125 4525 3387 4586 possunt.

2015 4588 2161 4641 Nam
2202 4588 2263 4641 in
2301 4590 2503 4659 primis
2547 4589 2787 4646 scientia
2826 4589 3019 4649 media
3051 4610 3385 4667 consensus,

2015 4666 2107 4723 vel
2130 4665 2420 4725 dissensus
2439 4666 2826 4726 conditionate
2838 4671 3019 4728 futuri
3043 4689 3160 4730 non
3182 4691 3393 4737 conse-

2012 4747 2208 4819 quitur
2239 4748 2424 4804 ullum
2450 4750 2788 4807 exercitium
2833 4750 3113 4811 libertatis
3141 4753 3384 4827 divinae,

2010 4819 2109 4875 sed
2150 4821 2549 4880 antecedenter
2569 4822 2640 4879 ad
2679 4824 2833 4881 illud
2861 4826 3011 4884 inest
3060 4835 3389 4891 necessario

2010 4901 2142 4968 Deo,
2174 4906 2237 4956 ut
2286 4901 2456 4975 hujus
2480 4902 2735 4961 scientim
2761 4906 2992 4977 patroni
3039 4906 3335 4968 affirmant
3365 4936 3381 4972 z

2009 4994 2146 5054 ergo
2192 4981 2494 5039 necessitas
2531 4997 2656 5055 quae
2725 4984 2796 5042 ad
2849 4986 3024 5043 talem
3074 4989 3382 5050 scientiam

2987 5071 3377 5143 consequitur,
