3647 5753
383 739 503 782 .'rho.

530 408 642 464 254
1540 419 1634 472 DE
1673 418 1959 473 GRATIA‘·
1986 419 2332 478 EFFICACI.

531 577 803 648 deficere;
835 583 914 641 ita
951 585 1129 660 'habet
1170 602 1242 644 ex
1279 605 1341 646 se
1382 606 1498 647 non
1540 607 1744 666 agere,
1793 607 1894 649 seu

533 675 697 731 posse
721 661 961 721 deficere
988 666 1049 722 in
1076 668 1312 742 agendo,
1346 671 1505 735 Quod
1545 673 1806 729 insinuat
1826 675 1891 729 D.

534 743 738 799 Thom.
791 747 809 800 l
850 756 1003 819 part.
1052 759 1236 827 quast.
1285 753 1378 818 86,
1410 761 1519 811 art.
1551 756 1604 820 3,
1642 754 1739 811 ubi
1768 756 1893 813 ait:

532 821 637 878 Est
665 831 848 880 autem
867 832 1289 908 unumquodque
1314 836 1628 904 continyens
1647 853 1719 890 cx
1736 844 1897 908 parte

531 907 790 972 materia,
817 911 949 984 quia
970 914 1282 982 contingens
1294 922 1388 982 est,
1411 916 1555 990 quod
1569 923 1742 989 potest
1763 935 1891 986 esse,

532 993 585 1040 et
627 1004 734 1042 non
766 1006 892 1048 esse.
918 991 1173 1050 Potentia
1199 989 1383 1052 autem
1415 1000 1650 1070 pertinet
1671 1001 1746 1056 ad
1771 1019 1898 1056 ma·

534 1071 733 1124 teriam
757 1113 769 1138 ‚
812 1078 1099 1130 necessitas
1122 1084 1306 1134 autem
1333 1083 1678 1158 consequitur
1711 1085 1896 1139 ratio-

532 1165 656 1205 nem
699 1153 925 1225 formam
950 1158 1084 1226 quia
1122 1175 1205 1224 ea,
1240 1176 1353 1236 quai
1378 1170 1781 1236 consequuntur
1823 1164 1900 1220 ad

532 1233 794 1302 sormam,
819 1253 892 1291 ex
929 1240 1238 1294 necessitate
1266 1242 1473 1298 insunt.
1507 1242 1616 1299 Ubi
1641 1247 1901 1302 materiae

537 1312 776 1370 nomine
789 1314 1068 1392 intelligit
1090 1335 1206 1376 non
1226 1322 1409 1377 solam
1426 1325 1732 1381 materiam
1760 1327 1902 1402 phy·

535 1390 713 1448 sicam
738 1436 750 1459 ,
782 1396 880 1451 sed
918 1398 1091 1454 etiam
1121 1416 1353 1456 omnem
1382 1402 1901 1464 materiammeta-

539 1472 853 1547 physicam,
887 1479 1009 1536 sive
1035 1482 1256 1538 entium
1279 1488 1600 1541 creatorum
1627 1488 1902 1558 potentia·

538 1554 779 1623 litatem,
810 1559 954 1615 sicut
977 1561 1178 1619 formae
1217 1565 1456 1621 nomine
1494 1565 1768 1643 intelligit
1806 1587 1902 1627 ac—

539 1637 857 1697 tualitatem
883 1685 896 1698 .
956 1643 1119 1700 Unde
1171 1661 1300 1701 cum
1367 1649 1755 1719 potentialitas
1777 1696 1790 1719 ,
1846 1657 1903 1709 et

538 1719 816 1789 capacitas
843 1723 1246 1781 manendisub
1277 1728 1484 1796 nihilo,
1517 1736 1574 1809 et
1602 1746 1901 1805 nunquam

538 1800 817 1868 operandi
855 1804 1158 1862 conveniat
1197 1814 1473 1865 creaturae
1500 1825 1572 1865 ex
1590 1827 1669 1877 se,
1701 1818 1757 1868 et
1785 1828 1903 1868 non

536 1891 609 1932 ex
639 1879 770 1946 Deo,
803 1887 865 1937 ut
892 1883 1143 1941 diximus
1170 1894 1330 1944 tract.
1370 1890 1454 1955 13,
1479 1890 1621 1964 disp.
1657 1893 1739 1958 12,
1770 1892 1897 1949 dub.

547 1961 567 2013 1
615 1965 670 2016 et
695 1963 750 2028 2,
781 1966 1057 2037 sequitur,
1105 1968 1254 2040 quod
1294 1969 1498 2027 modus
1532 1973 1737 2047 agendi
1765 1990 1903 2031 con-

541 2039 832 2116 tingenter
870 2061 988 2103 non
1025 2051 1331 2106 conveniat
1356 2054 1635 2109 creaturis
1683 2054 1904 2113 forma-

542 2119 676 2178 liter
697 2140 798 2195 per
817 2126 1352 2187 subordinationem
1375 2131 1444 2188 ad
1467 2136 1647 2190 Deum
1668 2159 1681 2202 ;
1705 2151 1904 2207 quam-

538 2202 630 2259 vis
651 2202 797 2262 hanc
815 2207 1349 2267 subordinationem
1373 2212 1435 2267 in
1457 2215 1617 2270 omni
1641 2217 1899 2283 entitate,

537 2288 597 2339 et
623 2287 983 2356 actualitate,
1034 2296 1153 2346 tam
1194 2290 1434 2347 actionis
1458 2337 1471 2359 ,
1526 2310 1698 2366 quam
1747 2297 1903 2353 modi

541 2363 767 2437 agendi,
800 2373 855 2424 et
899 2368 1079 2442 ipsius
1123 2370 1527 2444 contingentiae
1574 2390 1904 2449 praesuppo-

541 2451 704 2502 nant.
755 2449 1139 2512 Quamobrem
1182 2451 1243 2506 in
1284 2451 1405 2520 hoc,
1433 2454 1599 2526 quod
1626 2461 1710 2512 est
1738 2474 1904 2532 agere

538 2524 970 2599 contingenter,
1006 2529 1066 2601 ly
1090 2531 1489 2600 continyenter,
1530 2548 1647 2591 non
1675 2534 1905 2592 denotat

542 2604 969 2675 perfectionem,
995 2607 1094 2663 sed
1114 2607 1501 2666 conditionem
1531 2614 1903 2684 potentialem

542 2683 813 2755 principii
838 2709 851 2751 ;
885 2687 944 2759 ly
972 2702 1108 2743 vero
1134 2704 1307 2756 aycre,
1339 2688 1572 2747 denotat
1601 2693 1906 2763 perfectio-

545 2779 677 2820 nem
722 2765 810 2821 illi
851 2768 1286 2825 convenientem
1333 2785 1404 2826 ex
1444 2772 1695 2839 emittite,
1723 2779 1781 2829 et
1809 2789 1904 2829 ac-

544 2845 804 2904 tualitate
845 2849 1178 2923 participata
1206 2867 1238 2908 a
1267 2852 1458 2924 primo
1498 2860 1719 2928 agente.
1750 2856 1905 2912 Sicut

452 2965 457 2969 -
546 2928 610 2984 in
636 2943 770 2985 ense
789 2946 971 2985 secare
995 2937 1078 2987 est
1108 2933 1377 3004 perfectio
1403 2935 1752 2992 conveniens
1793 2936 1903 3009 ipsi

345 3745 452 3787 Nota
468 3744 508 3786 2.

546 3009 771 3065 ratione
798 3009 1030 3078 formae3
1060 3011 1375 3069 contrahere
1413 3031 1537 3070 vero
1573 3015 1899 3088 rubiyinem,

542 3092 599 3144 et
623 3089 705 3144 sic
730 3089 1013 3162 impedire
1059 3093 1339 3150 actionem
1366 3137 1380 3160 ,
1415 3099 1502 3150 est
1548 3094 1905 3168 imperfectio

539 3170 888 3226 conveniens
916 3171 1137 3229 ratione
1163 3173 1439 3231 materiae.
1481 3176 1771 3232 Creaturae
1798 3191 1905 3231 au-

539 3253 655 3304 tem
704 3249 767 3304 in
811 3266 1165 3325 quacumque
1203 3253 1502 3328 hypothesi
1530 3261 1719 3312 essent
1746 3271 1817 3312 ex
1843 3272 1905 3314 se

541 3328 710 3397 nihil,
741 3345 869 3386 cum
897 3340 1296 3404 supponantur
1322 3350 1559 3391 manere
1585 3340 1860 3393 creaturae
1888 3358 1901 3392 ε

538 3412 595 3464 et
634 3407 683 3463 si
730 3410 1050 3482 oppositum
1093 3410 1382 3488 fingatur,
1427 3414 1541 3471 erit
1588 3416 1906 3489 suppositio

539 3489 989 3560 complicatoria.
1041 3492 1204 3550 Unde
1231 3494 1294 3549 in
1334 3509 1690 3567 quacumque
1715 3496 1902 3570 hypo-

538 3570 686 3626 thesi
712 3578 884 3628 erunt
908 3573 1259 3632 defectibiles
1282 3575 1344 3631 in
1373 3575 1590 3649 agendo
1616 3598 1628 3633 :
1654 3577 1820 3648 quod,
1850 3582 1906 3635 et

541 3651 695 3708 nihil
716 3655 983 3726 amplius,
1005 3657 1276 3728 importat
1291 3672 1459 3731 agere
1478 3659 1901 3733 contingenter.

617 3733 835 3790 Deinde
873 3741 1024 3803 nota,
1057 3735 1382 3794 libertatem
1424 3753 1542 3794 non
1586 3738 1905 3811 importare

539 3826 610 3868 ex
649 3828 752 3869 suo
788 3829 997 3888 genere
1026 3817 1540 3889 potentialitatem,
1590 3816 1689 3873 sed
1717 3818 1906 3890 potius

540 3896 943 3963 actualitatem,
974 3902 1032 3954 et
1069 3896 1396 3955 dominium
1422 3914 1593 3970 super
1620 3904 1898 3966 extrema,

542 3970 614 4028 ad
641 3991 765 4047 quae
786 3992 846 4032 se
878 3977 1153 4034 extendit.
1184 3978 1358 4033 Nulla
1404 3983 1594 4033 autem
1641 3984 1904 4035 creatura

540 4059 723 4125 potest
748 4056 1033 4128 explicare
1058 4057 1405 4113 activitatem
1447 4056 1659 4130 absque
1693 4058 1902 4116 subor-

539 4136 836 4194 dinatione
872 4137 944 4194 ad
972 4140 1188 4206 Deum,
1238 4143 1510 4209 tanquam
1554 4138 1625 4196 ad
1670 4154 1902 4196 causam

540 4219 732 4293 primo
753 4225 1034 4294 agentem.
1056 4219 1218 4276 Unde
1240 4224 1300 4275 ut
1315 4217 1536 4276 dicatur
1551 4236 1711 4294 posse
1734 4237 1903 4296 agere

541 4300 604 4356 in
631 4300 822 4373 aliquo
849 4301 1108 4369 instanti,
1140 4299 1306 4357 debet
1328 4305 1640 4357 connotare
1679 4302 1743 4358 in
1787 4305 1903 4362 Deo

538 4386 870 4455 potestatem
899 4381 969 4439 ad
1000 4380 1424 4455 producendum
1461 4382 1524 4438 in
1552 4380 1752 4440 eodem
1776 4385 1904 4441 ins-

538 4463 684 4518 tanti
712 4462 956 4520 eundem
984 4462 1244 4520 effectum
1272 4467 1364 4519 :et
1385 4462 1483 4519 ubi
1513 4464 1626 4520 Deo
1652 4461 1904 4521 defuerit

539 4542 866 4619 hujusmodi
895 4549 1153 4618 potestaS,
1187 4544 1383 4617 nequit
1407 4544 1722 4601 convenire
1746 4561 1902 4603 crea-

484 4695 488 4699 ,
537 4628 682 4682 turae
708 4644 726 4679 .·
751 4640 932 4698 neque
971 4624 1080 4680 ista
1110 4622 1394 4681 diceretur
1418 4624 1676 4682 absolute
1703 4630 1903 4697 potens

535 4706 609 4764 ad
655 4708 827 4764 talem
873 4705 1134 4763 effectum
1160 4748 1176 4774 ,
1206 4710 1268 4761 ut
1295 4706 1467 4763 latius
1492 4709 1524 4777 ξ
1551 4706 1899 4780 praecedenti

536 4790 941 4862 explicuimus.

605 4872 733 4927 353.
767 4872 851 4927 Ex
870 4870 962 4926 his
983 4869 1054 4927 ad
1078 4868 1348 4943 replicem
1366 4868 1749 4941 'respondetur
1771 4869 1897 4925 dis-

537 4948 850 5024 tinguendo
870 4949 1148 5023 majorem
1172 4970 1185 5005 ε
1201 4951 1362 5013 sicut,
1382 4954 1438 5007 et
1456 4948 1688 5007 diverso
1705 4947 1896 5019 mod0,

533 5028 928 5085 concedimus:
960 5032 1118 5098 sicut,
1163 5034 1219 5086 et
1256 5028 1456 5086 eodem
1485 5030 1675 5097 mod0,
1724 5045 1903 5104 nega-

2027 610 2175 652 muS.
2208 594 2424 652 Deinde
2451 595 2836 672 distinguatur
2862 597 3075 664 minor,
3124 614 3227 652 nou
3254 615 3371 670 pos-
3383 603 3541 648 solvitur

2026 683 2142 732 sent
2166 677 2236 731 ab
2262 680 2467 747 ayendo
2493 679 2768 752 impediri,
2799 684 3079 752 quantum
3101 684 3269 734 estex
3292 694 3367 747 se,
3385 663 3525 758 1‚.‘;¹3¹„⁸2¹}.‘¹

2029 771 2304 831 negamus
2330 778 2345 812 ε
2372 764 2644 835 quantum
2680 766 2758 814 est
2785 777 2859 815 ea:
2877 766 3036 831 parte
3074 758 3195 824 Dei,
3238 765 3284 812 et
3307 757 3549 845 wtffiffi‘fflg.

2023 837 2184 909 parte
2206 837 2549 909 efficacitatis
2574 857 2611 895 a
2639 838 2751 896 Deo
2788 839 3077 904 derivatae,
3122 836 3373 894 concedi·
3386 851 3555 894 reatuin-

2031 932 2177 973 mus.
2209 917 2279 971 Et
2307 933 2580 992 negamus
2618 920 3081 992 consequentiam
3111 908 3553 993 absoluteffssffiffi

2030 997 2196 1053 Ratio
2224 1003 2413 1055 autem
2440 998 2793 1071 disparitatis
2827 1000 3156 1055 insinuatur
3177 997 3239 1053 in
3266 998 3381 1070 ipsa
3412 1007 3543 1090 gggffn.

2032 1077 2265 1148 replica,
2314 1085 2369 1136 et
2413 1085 2632 1136 constat
2675 1096 2748 1137 ex
2790 1078 2958 1136 dictis
2985 1101 2997 1135 ε
3026 1081 3296 1151 quoniam
3322 1077 3380 1132 iu
3405 1102 3539 1150 genter.

2033 1172 2200 1231 agere
2223 1159 2642 1233 contingenter,
2676 1161 2736 1234 ly
2771 1162 3139 1230 continqenter
3163 1158 3383 1216 denotat

2034 1238 2527 1309 potentialitatem,
2560 1245 2617 1297 et
2642 1239 3129 1297 defectibilitatem
3174 1237 3384 1313 princi-

2035 1317 2114 1389 pii
2139 1319 2411 1391 proximi,
2430 1336 2555 1393 quae
2578 1319 2935 1393 imperfectio
2956 1320 3225 1377 convenit
3243 1332 3386 1375 crea·

2034 1403 2176 1455 turae
2195 1414 2265 1454 ex
2286 1415 2347 1456 se
2370 1421 2383 1455 ε
2406 1401 2783 1474 quamobrem
2805 1401 2970 1458 debet
2991 1417 3159 1476 agere
3180 1397 3389 1457 contin·

2033 1486 2250 1553 genter,
2285 1482 2417 1540 licet
2445 1486 2609 1549 Deus,
2639 1489 2696 1541 et
2721 1483 2920 1540 omnia
2955 1484 3071 1539 alia
3115 1480 3389 1555 principia

2034 1565 2098 1616 ut
2114 1559 2357 1617 subsunt
2376 1562 2589 1620 divinae
2608 1562 2881 1628 efficaciae,
2910 1560 3390 1635 inimpedibiliter

2035 1640 2303 1698 influant.
2352 1645 2630 1700 Caeterum
2672 1643 2734 1698 in
2782 1659 2949 1717 agere
2975 1643 3139 1698 libere
3169 1641 3390 1698 denotat

2037 1726 2365 1794 potestatem
2385 1725 2648 1790 activam,
2675 1730 2730 1781 et
2743 1723 3070 1781 dominium
3092 1742 3105 1776 ε
3127 1741 3249 1796 quae
3266 1738 3387 1796 per-

2036 1799 2203 1858 fectio
2256 1804 2527 1860 convenit
2576 1809 2851 1860 creaturas
2906 1809 2966 1858 ut
3014 1802 3392 1859 subordinatis

2036 1884 2151 1937 Deo
2191 1888 2324 1939 tunc
2357 1884 2573 1954 potenti
2598 1883 2668 1940 ad
2696 1883 2944 1940 eundem
2972 1882 3235 1939 effectum
3261 1897 3392 1938 con·-

2036 1977 2288 2019 currere.
2308 1963 2604 2031 Quocirca,
2627 1969 2686 2018 ut
2704 1968 2893 2020 creatu
2903 1979 2966 2019 ra
2985 1961 3209 2018 dicatur
3226 1961 3397 2018 libere

2036 2057 2223 2115 agere,
2256 2042 2422 2100 debet
2446 2059 2769 2116 supponere
2812 2044 2874 2099 in
2921 2045 3032 2099 Deo
3075 2042 3393 2116 praedictam

2038 2125 2391 2193 potestatem,
2423 2129 2479 2179 et
2516 2123 2667 2195 quod
2698 2125 2777 2180 ita
2817 2129 3124 2180 concurrat
3150 2122 3217 2179 ad
3248 2122 3395 2177 hunc

2038 2207 2245 2273 actum,
2291 2204 2440 2278 quod
2482 2206 2657 2277 possit
2699 2204 2770 2262 ad
2811 2205 3137 2281 oppositum
3164 2218 3393 2260 concur⁹

2039 2299 2185 2341 rere.
2232 2285 2365 2341 Haec
2404 2290 2596 2341 autem
2626 2289 2871 2358 potestas
2897 2289 3242 2358 repugnaret
3266 2286 3390 2347 Deo,

2037 2364 2086 2418 si
2128 2369 2320 2436 ageret
2364 2381 2435 2421 ex
2483 2366 2817 2422 necessitate
2858 2370 3098 2420 naturae.
3134 2361 3293 2419 Unde
3337 2361 3395 2416 in

2039 2443 2307 2516 praedicta
2328 2446 2629 2520 hypothesi
2676 2452 2951 2503 creaturae
2992 2451 3229 2519 agerent
3264 2459 3395 2502 con-

2039 2524 2346 2597 tingenter,
2376 2531 2433 2582 et
2457 2542 2574 2582 non
2597 2530 2829 2601 agerent
2866 2525 3065 2582 libere.

2110 2604 2286 2674 Adde,
2320 2608 2770 2682 contingentiam
2792 2623 2914 2664 esse
2927 2606 2996 2663 de
3010 2622 3222 2681 genere
3238 2605 3372 2662 mali
3379 2628 3394 2670 ;

2040 2685 2363 2744 libertatem
2409 2703 2546 2745 vero
2584 2687 2657 2745 de
2707 2703 2916 2762 genere
2963 2686 3146 2744 boni:
3187 2685 3394 2743 bonum

2037 2773 2229 2823 autem
2269 2767 2435 2825 debet
2462 2784 2583 2825 esse
2609 2785 2681 2825 ex
2708 2770 2935 2842 integra
2961 2783 3153 2834 causa,
3184 2767 3394 2822 malum

2039 2861 2176 2904 vero
2222 2853 2402 2920 potest
2448 2861 2570 2906 esse
2615 2864 2688 2906 ex
2732 2859 3088 2922 quocumque
3136 2846 3392 2904 defectu:

2037 2932 2385 3001 quapropter
2414 2928 2482 2985 ad
2504 2928 2959 3002 contingentiam
2985 2927 3192 2983 sufficit
3217 2925 3397 2983 defec-

2038 3006 2297 3074 nbilitas,
2332 3013 2387 3064 et
2416 3009 2803 3081 potentialitas
2825 3008 3100 3081 principii
3128 3005 3393 3080 proximi3

2038 3087 2108 3144 ad
2151 3087 2477 3146 libertatem
2505 3094 2698 3161 autem
2717 3089 3039 3168 requiritur
3062 3092 3305 3160 potestas
3330 3083 3396 3142 ad

2038 3168 2396 3236 utrumlibet,
2431 3176 2549 3227 tam
2591 3171 2654 3225 in
2683 3186 2851 3226 causa
2881 3170 3182 3242 proxima,
3233 3182 3398 3240 quam

2039 3252 2102 3306 in
2130 3257 2371 3308 remota.
2400 3252 2555 3308 Sicut
2593 3250 2666 3308 ob
2715 3251 2959 3309 eandem
2997 3250 3397 3322 proportiona-

2039 3333 2233 3390 biliter
2263 3334 2565 3413 rationem,
2597 3338 2659 3388 ut
2680 3333 2998 3389 substantia
3026 3330 3249 3387 dicatur
3277 3344 3398 3385 ma-

2039 3413 2277 3477 terialis,
2308 3411 2511 3468 sufficit
2534 3411 2683 3484 quod
2712 3412 2916 3469 habeat
2958 3427 3138 3468 unam
3185 3414 3397 3483 partem

2038 3494 2435 3562 materialem;
2479 3500 2539 3549 ut
2580 3500 2771 3552 autem
2810 3494 3032 3550 dicatur
3057 3490 3393 3565 spiritualis,

2040 3574 2372 3647 requiritur,
2404 3572 2555 3646 quod
2583 3581 2700 3631 tota
2724 3574 3048 3647 spiritualis
3079 3573 3177 3638 sit,
3203 3576 3256 3629 et
3279 3570 3399 3626 uul-

2038 3654 2155 3711 lam
2183 3654 2547 3711 materialem
2576 3660 2798 3727 partem
2828 3652 3104 3710 includat.

2109 3737 2240 3793 354.
2284 3738 2397 3792 Nec
2419 3735 2612 3802 refert,
2644 3736 2694 3792 si
2716 3734 2989 3793 adversus
3011 3735 3162 3790 hanc
3188 3731 3390 3790 doctri-
3408 3735 3566 3791 Berlioe·

2038 3832 2174 3873 nam
2214 3815 2447 3890 objicias
2482 3819 2711 3889 primo:
2739 3832 2876 3873 nam
2920 3832 2991 3872 ex
3019 3815 3126 3871 illa
3145 3814 3395 3886 sequitur

2037 3900 2238 3954 omnes
2258 3913 2452 3954 causas
2478 3899 2771 3955 naturales
2791 3912 2957 3971 agere
2976 3897 3391 3970 contingenter,

2035 3975 2320 4050 siquidem
2359 3980 2520 4035 nulla
2540 3983 2626 4035 est
2650 3994 2776 4051 quae
2804 3992 2922 4033 non
2961 3975 3168 4033 habeat
3197 3982 3394 4049 poten·

2036 4057 2358 4125 tialitatem,
2390 4058 2449 4115 et
2484 4059 2558 4114 sit
2583 4074 2652 4116 ex
2679 4074 2740 4115 se
2779 4056 3126 4114 defectibilis
3159 4078 3172 4112 ε
3199 4069 3393 4112 conse-

2035 4152 2217 4209 quens
2253 4143 2337 4193 est
2380 4143 2579 4195 contra
2610 4152 2977 4195 communem
3021 4134 3395 4207 Philosopho-

2038 4234 2169 4274 rum
2226 4220 2575 4277 sententiam
2600 4263 2614 4285 ,
2663 4219 2761 4292 qui
2823 4234 3018 4274 causas
3079 4216 3394 4274 necessario

2036 4306 2284 4376 agentes,
2315 4301 2634 4377 cujusmodi
2670 4305 2805 4358 sunt
2833 4300 2979 4365 eceli,
3012 4304 3067 4356 et
3107 4301 3239 4357 aliae
3263 4314 3388 4356 cau»

2035 4398 2111 4437 sas
2137 4386 2336 4438 creatae
2363 4383 2732 4449 universales,
2776 4380 3138 4454 distinguunt
3165 4378 3237 4436 ab
3263 4378 3393 4435 aliis

2035 4464 2221 4521 causis
2256 4465 2654 4540 contingenter
2678 4461 2998 4538 agentibuS,
3029 4462 3226 4535 quales
3265 4463 3394 4516 sunt

2039 4560 2129 4603 res
2148 4543 2491 4602 sublunares
2526 4561 2696 4620 :ergo
2725 4542 2994 4618 praedicta
3014 4543 3274 4601 doctrina
3299 4556 3391 4596 ne·

2033 4626 2160 4699 quit
2183 4626 2478 4684 sustineri.
2504 4626 2755 4685 Secundo
2793 4641 3066 4699 oppones,
3101 4625 3239 4696 quia
3268 4622 3391 4678 licet

2036 4707 2271 4765 libertas
2314 4709 2465 4766 circa
2511 4708 2726 4766 bonum
2770 4707 3017 4780 explicet
3063 4709 3388 4779 potestatem

2036 4788 2302 4855 activam,
2333 4794 2390 4846 et
2426 4788 2775 4856 dominium,
2807 4805 2932 4862 quae
2960 4787 3230 4862 perfectio
3256 4799 3389 4841 oon-

2036 4872 2488 4928 venitcreaturae
2519 4886 2590 4928 ex
2619 4874 2731 4929 Deo
2756 4896 2770 4938 ;
2800 4870 3188 4928 nihilominus
3215 4865 3389 4923 liber-

2036 4958 2120 5009 tas
2147 4952 2220 5008 ad
2247 4953 2591 5026 peccandum
2618 4953 2867 5026 explicat
2905 4948 3389 5008 defectibilitatem

2035 5032 2472 5090 convenientem
2494 5038 2767 5090 creaturae
2790 5049 2860 5089 ex
2879 5046 2941 5088 se
2968 5052 2980 5087 z
3004 5046 3137 5105 ergo
3163 5025 3387 5162 etigmsi

2268 5137 2273 5141 ·
3285 5120 3384 5162 eus
