3647 5753
1463 436 1641 493 DISP.
1683 435 1780 503 VI,
1823 435 1992 492 DUB.
2036 435 2106 493 11.
3094 438 3198 493 831

334 607 603 675 Somnio,
660 624 796 667 nam
849 611 1034 686 gratia
1081 608 1400 685 iustificans
1450 624 1570 667 non
1621 611 1705 665 est

334 688 552 747 donum
595 690 939 764 simpliciter
979 689 1297 759 infinitum,
1331 708 1461 749 cum
1487 691 1564 747 sit
1590 690 1704 747 ali-

334 766 473 843 quid
494 774 769 838 creatum,
794 776 850 830 et
869 778 1028 830 extra
1050 774 1230 829 Deum
1253 772 1505 830 existens
1532 791 1546 826 ε
1569 785 1704 844 ergo

336 864 457 907 non
502 849 779 924 importat
829 852 1124 910 infinitam
1170 850 1699 916 aestimabilitatem,

336 946 402 989 ac
439 933 682 1006 proinde
722 936 933 1010 poterit
967 951 1091 993 esse
1127 936 1432 1009 praemium
1480 947 1703 990 corres-

335 1013 596 1086 pondens
638 1017 849 1073 merito
888 1016 959 1073 de
994 1016 1295 1091 condigno.
1336 1014 1535 1080 Tertio,
1568 1012 1703 1087 quia

335 1098 398 1150 ut
439 1096 628 1170 gratia
679 1098 931 1171 expellat
969 1102 1258 1171 peccatum
1313 1112 1416 1170 per
1464 1093 1702 1152 modum

334 1174 537 1235 formae
557 1179 790 1254 physice
816 1178 1322 1252 incompossibilis,
1356 1190 1474 1235 non
1493 1192 1703 1249 expos-

333 1260 409 1317 cit
443 1261 564 1319 vim
605 1262 837 1336 physice
864 1260 1160 1318 infinitam
1188 1281 1202 1317 ε
1231 1276 1367 1335 ergo
1395 1274 1498 1316 nec
1535 1259 1702 1316 valo-

332 1356 460 1399 rem
512 1343 795 1400 moralem
848 1340 1147 1399 infinitum
1199 1339 1544 1413 simpliciter
1571 1360 1585 1406 3
1645 1342 1702 1396 et

332 1424 744 1496 consequenter
783 1429 846 1481 ut
891 1424 1075 1497 justus
1114 1427 1407 1480 mereatur
1450 1420 1520 1476 de
1558 1436 1699 1478 con-

332 1502 506 1579 digno
531 1506 780 1580 gratiam
806 1505 1190 1579 expellentem
1234 1508 1541 1578 peccatum,
1580 1517 1700 1559 non

332 1586 652 1659 requiritur
676 1585 825 1660 quod
855 1587 1059 1643 habeat
1098 1587 1374 1644 meritum
1412 1583 1699 1656 simplici-

331 1669 419 1722 ter
447 1664 765 1732 infinitum,
795 1665 895 1723 sed
920 1665 1125 1722 sufficit
1158 1665 1406 1724 inferior
1430 1664 1613 1732 valor,
1644 1668 1701 1721 et

330 1746 429 1819 qui
457 1746 669 1805 merito
697 1746 828 1820 puri
858 1747 1113 1804 hominis
1143 1763 1260 1805 non
1288 1749 1583 1820 repugnet.

406 1827 807 1900 Respondetur
862 1827 1198 1885 sustinendo
1264 1826 1697 1901 responsionem

333 1907 487 1964 inter
525 1908 886 1982 arguendum
927 1908 1140 1976 datam,
1171 1925 1296 1982 quae
1333 1907 1552 1981 optima
1579 1910 1694 1973 est;

330 2001 467 2044 nam
492 1989 699 2062 gratia,
727 1995 789 2045 ut
811 1990 1086 2062 peccatori
1114 1988 1320 2054 danda,
1349 1987 1505 2044 addit
1524 2002 1699 2059 supra

327 2066 574 2141 seipsam
610 2068 952 2128 beneficium
990 2069 1419 2127 emundationis
1448 2085 1481 2124 a
1507 2068 1692 2139 culpa,

326 2153 383 2204 et
424 2149 784 2206 remissionis
829 2149 1060 2208 offensas
1106 2174 1119 2209 :
1176 2166 1418 2222 cumque
1469 2146 1698 2205 offensae

330 2230 596 2288 remissio
616 2232 692 2288 sit
720 2230 1062 2289 beneficium
1086 2231 1314 2290 infinite
1334 2227 1691 2294 aestimabile,

329 2313 526 2383 nequit
577 2328 694 2369 non
744 2328 1003 2370 excessus
1048 2314 1264 2388 gratiae,
1316 2316 1379 2367 ut
1419 2308 1693 2384 peccatori

329 2390 548 2459 dandae,
571 2408 745 2465 supra
771 2395 1018 2467 seipsam
1046 2393 1467 2452 consideratam
1489 2406 1695 2447 secun-

326 2472 464 2529 dum
491 2488 571 2539 se,
596 2488 718 2530 esse
742 2473 1084 2545 simpliciter
1106 2473 1391 2541 infinitus,
1423 2477 1480 2529 et
1498 2476 1696 2529 extra-

323 2554 463 2612 here
487 2555 735 2629 gratiam
764 2555 842 2612 ita
883 2562 1168 2629 acceptam
1200 2555 1270 2612 ab
1291 2557 1517 2629 sphaera
1547 2570 1695 2628 prae-

321 2636 426 2693 mii
481 2637 982 2709 col-respondentis
1034 2639 1243 2695 merito
1293 2637 1364 2695 de
1408 2637 1694 2711 condigno

319 2735 476 2792 purae
501 2724 794 2777 creaturae.
829 2718 992 2777 Unde
1029 2722 1167 2776 satis
1203 2725 1422 2777 constat
1469 2718 1539 2775 ad
1574 2722 1693 2793 pri-

317 2818 467 2855 mam
508 2801 900 2872 responsionis
941 2802 1462 2878 impugnationem.
1494 2800 1576 2856 Ad
1605 2818 1692 2857 se-

316 2881 556 2937 cundam
582 2880 889 2939 dicendum
917 2889 1017 2949 est,
1050 2882 1199 2955 quod
1225 2885 1372 2940 sicut
1399 2890 1690 2957 peccatum

316 2969 402 3020 est
421 2963 654 3021 finitum
679 2965 742 3021 in
763 2966 968 3038 seipso,
997 2971 1053 3021 et
1092 2965 1407 3023 secundum
1437 2964 1513 3031 id,
1539 2964 1690 3038 quod

318 3048 479 3120 ponit
507 3047 831 3104 formaliter
861 3048 922 3104 in
957 3054 1253 3116 creatura;
1286 3054 1342 3105 et
1382 3049 1689 3104 nihilomi-

319 3143 427 3184 nus
446 3132 530 3185 est
550 3128 893 3200 simpliciter
915 3127 1215 3184 infinitum
1242 3127 1559 3184 secundum
1592 3143 1689 3183 ra-

315 3207 531 3266 tionem
578 3207 824 3272 offensae,
869 3223 1044 3279 quam
1087 3206 1251 3279 ponit
1297 3206 1359 3260 in
1407 3208 1566 3260 Deo:
1607 3205 1688 3261 ita

313 3290 501 3362 gratia
542 3289 844 3345 remittens
889 3292 1180 3358 peccatum
1221 3289 1306 3340 est
1335 3283 1682 3351 formaliter,

316 3372 373 3423 et
392 3369 458 3423 in
475 3367 662 3439 seipsa
688 3364 826 3439 quid
855 3363 1117 3432 finitum;
1147 3369 1202 3421 et
1241 3369 1436 3420 tamen
1468 3364 1689 3422 ratione

316 3445 719 3504 destructionis
740 3445 986 3511 offensae,
1011 3460 1185 3516 quam
1205 3459 1397 3501 secum
1422 3443 1605 3510 affert,
1632 3450 1688 3501 et

315 3543 386 3583 ex
426 3531 587 3600 parte
633 3526 918 3600 praedictae
959 3525 1316 3583 remissionis
1343 3530 1430 3581 est
1465 3524 1687 3582 benefi-

313 3610 467 3666 cium
512 3609 859 3681 simpliciter
898 3606 1221 3664 infinitum.
1261 3607 1425 3664 Unde
1470 3609 1684 3665 mereri

311 3689 557 3763 gratiam
582 3689 661 3744 itu
681 3687 1103 3746 consideratam
1124 3692 1271 3744 esset
1294 3688 1508 3744 mereri
1532 3704 1685 3759 prae-

313 3771 499 3827 mium
520 3769 864 3842 simpliciter
880 3769 1176 3825 infinitum
1197 3771 1258 3825 in
1278 3769 1501 3825 ratione
1521 3768 1679 3836 doni,

311 3857 369 3908 et
408 3851 653 3925 praemii.
686 3849 771 3905 Ad
799 3853 1020 3907 tertiam
1057 3849 1416 3907 concedendo
1456 3856 1683 3907 antece·

309 3933 470 4001 denS,
503 3939 559 3991 et
597 3932 1006 4008 distinguendo
1033 3933 1285 4006 primam
1327 3949 1684 4008 consequen-

312 4017 454 4072 tiam
501 4016 665 4089 juxta
712 4014 1036 4071 doctrinam
1078 4015 1343 4088 proxime
1384 4015 1678 4082 traditam,

310 4113 587 4173 negamus
621 4096 880 4154 absolute
917 4096 1246 4154 secundam.
1281 4100 1351 4154 Et
1377 4098 1684 4170 disparitas

312 4181 492 4254 liquet
531 4196 602 4236 ex
622 4179 822 4248 dictis;
856 4197 990 4237 nam
1021 4180 1090 4236 ad
1118 4181 1518 4253 expulsionem
1543 4182 1683 4255 phy-

308 4262 486 4318 sicam
534 4261 783 4320 minime
830 4263 1146 4336 requiritur
1186 4263 1482 4337 aequalitas
1530 4264 1682 4320 inter

308 4344 622 4416 expellens,
667 4349 725 4400 et
762 4345 1099 4416 expulsum;
1148 4342 1246 4400 sed
1286 4344 1586 4417 oppositio,
1626 4349 1683 4401 et

313 4425 855 4499 incompossibilitas
882 4428 946 4483 in
973 4426 1172 4483 eodem
1200 4426 1468 4501 subject0.
1502 4429 1681 4485 caete-

314 4523 445 4563 rum
467 4507 538 4564 ad
561 4509 836 4565 meritum
858 4507 928 4565 de
948 4506 1232 4583 condigno
1255 4512 1575 4568 necessaria
1596 4514 1681 4567 est

310 4590 604 4661 aequalitas
648 4591 802 4647 inter
850 4591 1145 4657 meritum,
1178 4597 1233 4648 et
1260 4593 1566 4665 praemium
1613 4592 1679 4650 in

311 4669 535 4727 ratione
554 4670 831 4743 obsequii,
851 4675 906 4727 et
928 4669 1192 4728 beneficii
1216 4696 1230 4739 ;
1254 4673 1539 4745 siquidem
1564 4673 1679 4730 haec

309 4751 623 4823 aequalitas,
657 4759 720 4807 ut
746 4750 916 4810 modo
959 4753 1354 4825 supponimus,
1387 4753 1680 4811 constituit

309 4832 605 4906 propriam
629 4833 913 4891 rationem
940 4835 1136 4892 meriti
1168 4833 1238 4892 de
1264 4835 1566 4911 condigno,
1600 4836 1679 4891 il-

309 4911 521 4986 ludque
569 4913 874 4988 distinguit
926 4932 960 4972 a
1013 4917 1222 4972 merito
1272 4915 1342 4973 de
1402 4932 1672 4992 congruo,

306 4993 474 5051 Unde
497 5010 627 5051 cum
653 4996 839 5070 gratia
865 5002 922 5052 ut
948 4997 1244 5068 expellens
1285 5004 1596 5070 peccatum,
1621 5003 1678 5055 et

306 5072 605 5135 destruens
643 5074 920 5134 offensam
963 5076 1039 5132 sit
1077 5075 1297 5151 aliquid
1334 5077 1678 5151 simpliciter

1836 605 2133 664 infinitum
2174 607 2238 664 in
2269 607 2492 665 ratione
2529 605 2687 673 doni,
2719 612 2774 664 et
2815 607 3062 680 praemii,
3097 623 3203 666 ne-

1834 688 1958 763 quit
1978 688 2164 762 justus
2191 691 2354 746 illam
2383 689 2464 745 ita
2503 693 2785 763 acceptam
2815 686 2886 745 de
2918 688 3202 763 condigno

1836 771 2071 838 mereri,
2107 772 2219 828 nisi
2249 788 2349 845 per
2370 771 2706 844 obsequium
2737 769 2951 827 valoris
2977 771 3203 844 simpli-

1836 850 1976 908 citer
1999 850 2240 908 infiniti.

1908 936 2001 992 59.
2031 933 2139 991 Sed
2169 933 2469 1009 replicabis
2502 955 2515 990 ε
2546 950 2681 991 nam
2711 933 2895 1009 gratia
2934 934 3110 991 etiam
3137 938 3200 991 ut
3225 951 3374 1007 Rapite

1836 1014 2094 1079 inferens
2141 1015 2539 1073 remissionem
2579 1014 2808 1074 offensae
2858 1015 3201 1088 simpliciter

1833 1093 2097 1163 infinitae,
2125 1112 2241 1154 non
2269 1102 2355 1154 est
2392 1095 2622 1153 infinita
2659 1096 3001 1169 simpliciter
3026 1113 3199 1171 :ergo

1833 1177 2049 1234 corruit
2095 1177 2420 1249 praecedens
2468 1176 2698 1242 solutio,
2741 1183 2797 1233 et
2846 1176 3199 1249 relinquitur

1833 1258 2007 1324 locus,
2034 1264 2095 1314 ut
2119 1258 2304 1333 gratia
2325 1259 2405 1315 ita
2428 1264 2650 1332 accepta
2678 1258 2853 1332 possit
2873 1258 3073 1316 cadere
3093 1258 3199 1316 sub

1833 1340 2042 1396 merito
2081 1338 2151 1396 de
2176 1338 2459 1413 condigno
2489 1355 2645 1412 purae
2667 1344 2956 1396 creaturae.
2983 1339 3202 1397 Suade-

1832 1425 1927 1476 tur
1949 1419 2289 1478 antecedens
2315 1441 2327 1475 ε
2352 1424 2474 1476 tum
2494 1419 2630 1493 quia
2650 1420 2835 1494 gratia
2858 1425 2919 1475 ut
2942 1419 3202 1477 inferens

1835 1500 2981 1573 remissionemol'fensae,estaliquidextra
2994 1502 3194 1565 Deum,

1832 1587 1888 1640 et
1912 1582 2396 1657 condistinguitur
2418 1579 2490 1636 ab
2512 1581 2636 1653 ipsa
2661 1581 3000 1638 remissione
3029 1597 3200 1655 :ergo

1833 1679 1950 1720 non
1990 1667 2075 1719 est
2119 1657 2462 1734 simpliciter
2504 1659 2755 1717 infinita.
2801 1663 2949 1716 Tum
2996 1662 3192 1727 etiam,

1832 1744 1967 1817 quia
2005 1742 2265 1800 inferens
2305 1743 2630 1800 formaliter
2670 1748 2732 1798 ut
2766 1742 3044 1807 inferens,
3078 1757 3197 1801 non

1832 1824 2001 1880 habet
2028 1824 2352 1880 formaliter
2393 1822 2693 1895 praedicata
2735 1823 2819 1879 rei
2864 1824 3057 1890 illatae,
3093 1839 3193 1880 seu

1831 1910 2217 1977 consequutae;
2265 1906 2419 1961 calor
2456 1904 2635 1970 enim,
2690 1909 2750 1960 ut
2796 1904 3054 1962 inferens
3096 1920 3198 1976 per

1830 1985 2067 2043 modum
2093 1986 2312 2042 ultimae
2333 1985 2727 2058 dispositionis
2755 1985 3002 2043 formam
3025 1985 3195 2041 subs-

1831 2068 2149 2133 tantialem,
2191 2082 2307 2124 non
2344 2073 2429 2122 est
2465 2065 2788 2123 formaliter
2833 2064 3194 2132 substantia3

1829 2155 1883 2206 et
1900 2148 2196 2206 materiale
2213 2147 2440 2221 peccati,
2462 2151 2523 2202 ut
2550 2147 2727 2204 infert
2747 2146 3056 2213 malitiam,
3078 2162 3200 2203 non

1830 2236 1915 2287 est
1954 2230 2278 2287 formaliter
2331 2230 2581 2285 malumz
2639 2234 2691 2286 et
2744 2227 2991 2301 denique
3045 2233 3202 2284 actus

1832 2311 2040 2385 peccati
2064 2316 2126 2366 ut
2147 2310 2408 2367 inferens
2436 2309 2712 2366 offensam
2739 2310 3082 2382 simpliciter
3103 2310 3201 2365 in-

1829 2391 2077 2458 finitam,
2104 2407 2223 2448 non
2248 2395 2335 2448 est
2360 2391 2707 2464 simpliciter
2729 2391 2994 2448 infinitus
3023 2413 3035 2447 :
3065 2407 3200 2465 ergo

1829 2489 1900 2530 ex
1929 2490 2015 2540 eo,
2049 2473 2197 2548 quod
2225 2472 2412 2547 gratia
2440 2473 2734 2544 expellens
2775 2481 3061 2545 peccatum
3102 2474 3200 2528 in-

1832 2557 1976 2614 ferat
2004 2556 2402 2614 remissionem
2429 2555 2659 2613 offensae
2688 2554 2917 2613 infinite
2943 2556 3197 2612 aestima-

1828 2639 2025 2706 bilem,
2056 2640 2304 2697 minime
2345 2639 2609 2704 infertur,
2640 2638 2788 2712 quod
2830 2644 2891 2695 ut
2918 2639 2996 2695 ita
3039 2639 3194 2696 infe-

1829 2737 1961 2777 rens
1986 2722 2061 2777 sit
2080 2721 2422 2794 simpliciter
2453 2719 2703 2778 infinita.

1899 2802 2294 2875 Respondetur
2358 2801 2764 2878 distinguendo
2828 2802 3398 2869 anteceden5,nilunur.

1822 2886 1973 2958 quod
2012 2887 2061 2942 si
2103 2888 2460 2961 intelligatur
2487 2885 2557 2943 de
2582 2887 2767 2960 gratia
2801 2889 2864 2941 ut
2904 2886 3191 2943 inferente

1823 2966 2178 3024 considerata
2202 2969 2263 3024 in
2283 2984 2404 3024 esse
2430 2967 2597 3032 entis,
2625 2966 3046 3024 concedendum
3070 2974 3153 3024 est
3173 2993 3188 3034 ;

1826 3049 2022 3120 negari
2055 3064 2193 3105 vero
2232 3047 2399 3104 debet
2427 3048 2781 3104 intellectum
2822 3046 2891 3102 de
2916 3048 3101 3120 gratia
3131 3055 3192 3104 ut

1822 3127 2110 3185 inferente
2147 3129 2500 3186 considerata
2532 3127 2594 3182 in
2622 3144 2745 3184 esse
2780 3129 3020 3184 termini
3063 3144 3190 3187 me-

1826 3210 1951 3272 riti;
1977 3226 2112 3265 nam
2142 3210 2221 3266 ita
2243 3214 2464 3282 accepta
2490 3210 2785 3266 constituit
2803 3210 3050 3267 eundem
3078 3217 3190 3270 ter·

1822 3290 2050 3345 minum
2096 3306 2225 3346 cum
2276 3291 2616 3347 remissione
2661 3291 2910 3357 offensae,
2943 3297 2999 3349 et
3045 3294 3188 3367 petit

1819 3370 2066 3429 eundem
2090 3371 2346 3428 valorem
2373 3387 2444 3428 ex
2485 3377 2644 3444 parte
2669 3372 2883 3437 meriti,
2918 3379 2977 3428 ut
3012 3390 3188 3447 supra

1819 3451 2221 3524 explicuimus;
2253 3451 2337 3507 Ad
2384 3453 2630 3526 primam
2672 3457 2862 3509 autem
2895 3453 3190 3526 probatio-

1820 3549 1954 3590 nem
1980 3534 2040 3589 in
2063 3534 2420 3591 contrarium
2446 3536 2824 3607 respondetur
2845 3535 3045 3593 eodem
3070 3554 3190 3596 mo·

1818 3613 1919 3676 do;
1948 3630 2083 3669 nam
2109 3613 2293 3688 gratia
2321 3618 2384 3669 ut
2422 3613 2682 3671 inferens
2721 3615 2949 3674 offensae
2978 3619 3187 3675 remis-

1817 3694 2039 3751 sionem
2062 3692 2199 3765 quid
2223 3691 2454 3749 finitum
2481 3699 2566 3749 est
2590 3694 2654 3752 in
2675 3696 2877 3767 seipsa,
2904 3703 2960 3754 et
2983 3698 3043 3755 in
3067 3714 3188 3756 esse

1816 3775 1967 3830 entis
1988 3795 2000 3828 :
2018 3778 2287 3830 caeterum
2312 3772 2376 3828 in
2401 3772 2624 3831 ratione
2646 3776 2887 3832 termini
2913 3776 3188 3849 importat

1817 3852 2166 3911 infinitatem
2217 3854 2576 3910 remissionis
2612 3856 2857 3922 offensae,
2888 3875 3060 3930 quam
3089 3859 3188 3915 in-

1816 3936 1989 4002 ducit,
2021 3941 2077 3992 et
2115 3935 2281 3993 debet
2317 3938 2762 4011 correspondere
2801 3940 2988 3998 eidem
3020 3942 3187 4014 prin-

1814 4018 1984 4090 cipi0‚
2035 4016 2126 4074 cui
2172 4018 2575 4091 correspondet
2619 4021 2883 4079 remissio
2934 4022 3181 4081 offensae.

1817 4099 1982 4157 Unde
2003 4100 2260 4172 sicutqui
2294 4101 2524 4175 physice
2566 4103 2966 4176 principaliter
2995 4112 3190 4163 causat

1814 4181 2061 4255 gratiam
2088 4182 2477 4238 remittentem
2502 4181 2801 4249 offensam,
2832 4185 3032 4242 eadem
3056 4204 3184 4244 cau-

1813 4263 2039 4319 salitate
2065 4269 2256 4320 causat
2276 4263 2507 4338 physice
2531 4265 2932 4338 principaliter
2954 4268 3185 4327 offensas

1815 4344 2219 4402 remissionem
2248 4365 2261 4399 :
2292 4345 2371 4400 ita
2396 4346 2494 4418 qui
2520 4348 2921 4420 principaliter
2950 4353 3186 4408 morali·

1813 4432 1902 4483 ter
1929 4433 2120 4484 causat
2158 4427 2404 4502 gratiam
2452 4430 2839 4486 remittentem
2882 4431 3181 4502 offensam,

1812 4508 2012 4568 eadem
2041 4508 2389 4566 indivisibili
2411 4511 2742 4569 causalitate
2761 4512 2928 4570 debet
2946 4531 3186 4575 causare

1813 4590 2213 4664 principaliter
2239 4590 2540 4647 moraliter
2570 4593 2974 4652 remissionem
2997 4595 3184 4654 offen-

1810 4689 1909 4730 sae.
1966 4674 2221 4745 Cumque
2259 4671 2329 4729 ad
2375 4672 2480 4729 hoc
2519 4674 2800 4745 posterius
2848 4678 3186 4750 requiratur

1810 4756 1976 4812 valor
2001 4754 2343 4827 simpliciter
2369 4754 2654 4824 infinitus,
2688 4756 2842 4814 idem
2871 4762 3035 4818 valor
3075 4764 3181 4820 de-

1811 4835 1903 4893 bet
1934 4836 2151 4911 requiri
2175 4837 2246 4894 ad
2268 4838 2414 4895 illud
2439 4840 2616 4913 prius.
2645 4841 2716 4895 Et
2737 4840 2814 4897 ita
2838 4842 2969 4899 licet
2995 4845 3194 4917 gratia

1810 4924 1873 4975 ut
1894 4919 2152 4977 inferens
2174 4921 2334 4978 sitin
2353 4938 2474 4979 esse
2494 4921 2646 4979 entis
2667 4919 2832 4980 finita
2847 4947 2861 4991 ;
2879 4930 2963 4981 est
2986 4931 3192 4984 tamen

1810 5000 1875 5056 in
1903 5001 2126 5059 ratione
2151 5005 2392 5060 termini
2422 5003 2618 5061 meriti
2642 5002 2877 5062 infinita
2903 5007 3190 5079 simplici·

1811 5087 1921 5140 ter.
1973 5081 2059 5138 Ad
2111 5085 2402 5142 secundam
2452 5084 2852 5158 probationem
2905 5092 3059 5160 patet
3107 5102 3180 5145 ex
