3647 5753
514 394 625 451 390
1460 396 1556 449 DE
1595 395 1626 448 J
1632 393 2177 449 USTIFICATIONE
2218 396 2422 450 IMPII.

323 576 476 619 secun-
599 564 717 618 133.
762 562 1039 635 Arguitur
1087 561 1356 629 secundo,
1399 561 1538 635 quia
1583 566 1644 618 ut
1689 561 1877 636 gratia

301 625 484 726 ‘¹3⁰0ssssss
518 641 721 699 habeat
749 640 1166 699 inevitabiliter
1216 641 1543 715 adjunctam
1581 641 1877 715 expulsio-

349 728 449 768 tum.
516 737 651 779 nem
694 724 921 795 peccati,
971 721 1136 780 debet
1179 722 1461 797 assignari
1504 722 1712 797 aliquis
1736 737 1877 780 con-

509 810 709 877 ceptus
749 803 1067 878 primarius
1090 804 1311 878 gratiae,
1340 805 1439 877 qui
1480 803 1645 861 illam
1670 804 1878 878 expul-

507 885 738 942 sionem
764 884 1149 941 essentialiter
1175 883 1429 945 inferat:
1458 882 1531 941 ab
1555 884 1692 941 aliis
1715 883 1876 941 enim

507 965 869 1023 secundariis
913 964 1278 1036 conceptibus
1315 964 1441 1039 quit
1464 963 1746 1021 divinitus
1782 978 1879 1020 se-

514 1047 750 1119 parari:
791 1046 947 1119 atqui
989 1045 1302 1118 primarius
1335 1051 1635 1120 conceptus
1679 1044 1879 1120 gratiae

514 1143 634 1185 non
663 1127 840 1184 infert
876 1125 1262 1183 essentialiter
1299 1125 1697 1198 expulsionem
1746 1140 1879 1198 pec-

507 1209 623 1264 cati
655 1224 832 1282 :ergo
870 1207 1057 1282 gratia
1096 1221 1214 1262 non
1254 1205 1421 1263 habet
1462 1204 1879 1263 inevitabiliter

511 1289 626 1345 sibi
649 1287 973 1362 adjunctam
997 1285 1206 1359 peccati
1226 1284 1643 1358 expulsionem.
1670 1283 1880 1343 Suade-

517 1376 611 1425 tur
633 1369 856 1432 minor;
888 1383 1024 1423 nam
1052 1366 1389 1440 primarius,
1407 1371 1464 1423 et
1489 1365 1720 1440 dignior
1745 1382 1878 1423 con-

512 1454 708 1523 ceptus
746 1447 945 1522 gratia:
970 1453 1072 1515 est,
1103 1444 1255 1518 quod
1280 1446 1355 1501 sit
1381 1445 1742 1519 participatio
1771 1462 1880 1503 na-

514 1538 659 1587 turae
686 1529 919 1597 divinae,
944 1545 1042 1585 seu
1066 1533 1273 1585 natura
1300 1525 1502 1583 divina
1528 1543 1630 1600 per
1652 1527 1881 1600 partici-

520 1612 842 1686 pationem:
889 1609 987 1667 sed
1049 1610 1141 1666 hic
1190 1614 1491 1681 conceptus
1536 1608 1880 1666 sufficienter

517 1695 774 1750 salvatur
814 1707 915 1764 per
945 1691 1066 1757 hoc,
1098 1688 1249 1763 quod
1268 1689 1458 1763 gratia
1482 1688 1557 1745 sit
1585 1689 1752 1746 radix
1773 1691 1881 1746 ha-

521 1775 746 1831 bituum
793 1771 1344 1845 supernaturalium,
1387 1775 1444 1826 et
1483 1770 1632 1844 quod
1676 1771 1882 1829 babeat

518 1854 822 1912 moraliter
871 1867 944 1908 ex
992 1851 1240 1926 quadam
1285 1850 1546 1907 decentia
1590 1866 1881 1910 annexam

518 1936 632 1993 sibi
675 1934 1077 2011 remissionem
1118 1932 1363 2005 peccati:
1389 1947 1520 1989 cum
1547 1948 1660 2005 quo
1684 1938 1881 1990 tamen

524 2022 672 2074 recte
696 2016 960 2081 cohaeret,
1009 2013 1158 2088 quod
1198 2014 1324 2089 ipsa
1364 2014 1629 2070 remissio
1671 2012 1881 2086 peccati

520 2099 803 2155 divinitus
833 2095 1200 2169 impediatur,
1238 2096 1385 2152 sicut
1403 2094 1679 2168 impediri
1701 2097 1883 2168 potest

524 2179 861 2238 resultantia
931 2179 1464 2251 supernaturalium
1536 2176 1879 2233 habituum:

521 2277 657 2336 ergo
682 2261 869 2336 gratia
907 2276 979 2316 ex
1016 2274 1118 2316 suo
1147 2258 1430 2331 primario
1462 2263 1734 2330 conceptu
1764 2273 1883 2314 non

522 2342 702 2398 infert
720 2339 1106 2397 essentialiter
1129 2338 1532 2396 remissionem
1554 2338 1786 2411 peccati.

321 2441 481 2498 conar-
596 2421 1001 2485 confirmatur,
1056 2418 1193 2491 quia
1256 2424 1464 2490 praeter
1530 2418 1883 2474 infusionem

336 2496 477 2534 ΜΗΘ·
519 2502 720 2575 gratiae
755 2500 1070 2572 requiritur
1098 2514 1248 2555 nova
1287 2499 1390 2555 Dei
1418 2498 1583 2564 acti0‚
1607 2514 1733 2570 quae
1754 2511 1884 2569 pec—

521 2586 710 2639 catum
738 2580 1010 2644 remittat,
1033 2583 1092 2634 et
1109 2577 1364 2634 destruat
1385 2599 1399 2634 :
1420 2578 1519 2634 sed
1540 2580 1686 2635 Deus
1703 2581 1885 2649 potest

520 2666 668 2721 hanc
695 2662 979 2718 actionem
1004 2658 1394 2731 suspendere:
1429 2674 1567 2732 ergo
1607 2658 1738 2716 fieri
1777 2673 1885 2729 po-

521 2746 647 2809 test,
677 2738 829 2813 quod
857 2745 981 2811 post
1005 2738 1360 2795 infusionem
1387 2738 1587 2812 gratiae
1615 2753 1734 2793 non
1762 2734 1886 2792 des·

521 2826 748 2879 truatur
777 2817 1188 2893 peccatum,sed
1209 2817 1392 2873 adhuc
1412 2834 1541 2873 cum
1559 2816 1664 2873 illa
1690 2830 1884 2890 perse-

519 2908 701 2960 veret.
743 2901 1158 2974 Consequentia
1222 2903 1393 2973 patet.
1447 2900 1643 2957 Minor
1706 2898 1885 2955 etiam

515 2984 789 3043 suadetur
810 3008 823 3052 ;
852 2999 986 3038 nam
1008 2981 1087 3048 id,
1114 2981 1266 3054 quod
1285 2986 1368 3039 est
1389 2980 1662 3039 bonitatis
1682 2979 1881 3047 finitae,

522 3068 719 3141 nequit
745 3066 1003 3139 obligare
1029 3068 1230 3131 Deum,
1263 3068 1325 3119 ut
1366 3062 1641 3129 remittat,
1671 3069 1728 3121 et
1752 3063 1886 3121 des-

521 3154 675 3205 truat
703 3146 782 3215 id,
826 3145 975 3219 quod
1004 3144 1174 3201 habet
1200 3143 1491 3201 infinitam
1518 3143 1882 3218 gravitatem,

519 3231 725 3287 saltem
764 3245 835 3285 ex
857 3231 1018 3301 parte
1043 3226 1305 3284 offensas:
1333 3225 1433 3283 sed
1459 3226 1645 3300 gratia
1670 3231 1755 3282 est
1782 3226 1888 3283 bo-

525 3313 726 3369 nitatis
766 3310 965 3376 finitae,
1012 3313 1300 3381 peccatum
1329 3323 1467 3365 vero
1494 3306 1665 3364 habet
1687 3306 1887 3383 gravi-

521 3401 698 3452 tatem
723 3393 1016 3450 infinitam
1039 3407 1112 3448 ex
1132 3396 1293 3464 parte
1312 3390 1543 3448 offensae
1568 3412 1582 3446 ε
1608 3407 1743 3465 ergo
1766 3395 1889 3464 post

522 3476 878 3534 infusionem
903 3473 1104 3549 gratia:
1141 3478 1325 3546 potest
1364 3476 1512 3530 Deus
1535 3471 1889 3546 suspendere

522 3560 807 3616 actionem
838 3557 1229 3613 remittentem
1259 3560 1567 3629 peccatum,
1612 3555 1661 3611 si
1709 3554 1890 3611 semel

523 3640 640 3695 haec
668 3639 813 3695 actio
838 3635 1084 3694 succedit
1125 3640 1252 3708 post
1282 3635 1484 3710 gratiae
1510 3635 1885 3693 infusionem.

523 3717 705 3791 Major
729 3721 920 3773 autem
951 3714 1224 3788 probatur
1251 3713 1516 3787 pluribus
1543 3713 1891 3771 testimoniis

523 3800 852 3872 scripturae,
900 3803 958 3855 et
1007 3798 1101 3854 SS.
1158 3799 1418 3863 Patrum,
1463 3812 1590 3869 quae
1635 3794 1893 3870 congerit

526 3880 769 3953 ltipalda
797 3879 894 3935 ubi
923 3895 1101 3952 supra
1122 3896 1278 3935 num.
1306 3880 1437 3947 226,
1469 3879 1533 3934 in
1559 3877 1767 3952 quibus
1787 3876 1891 3934 be-

528 3962 798 4020 neficium
839 3960 1203 4018 remissionis
1244 3965 1603 4032 peccatorum
1629 3975 1890 4018 recense-

525 4051 622 4102 tur
660 4051 933 4117 tanquam
958 4042 1294 4099 distinctum
1318 4060 1351 4098 a
1372 4040 1646 4099 beneficio
1673 4042 1892 4099 sancti-

527 4126 809 4184 ficationis
853 4140 958 4198 per
999 4123 1289 4197 gratiam:
1344 4139 1484 4180 nam
1529 4124 1604 4179 ad
1641 4124 1798 4182 Rom.
1831 4126 1887 4192 4,

330 4219 494 4260 Rom-4·
526 4208 736 4264 dicitur
763 4226 777 4262 :
813 4227 840 4258 α
867 4206 1129 4263 Mortuus
1154 4209 1240 4261 est
1266 4208 1496 4277 propter
1520 4203 1728 4261 delicta
1756 4221 1893 4261 nos-

420 4343 423 4348 .
531 4311 557 4340 «
589 4293 699 4354 tra,
744 4291 801 4345 et
828 4285 1145 4344 resurrexit
1172 4290 1406 4358 propter
1427 4283 1892 4359 justificationem

310 4363 513 4407 colossi.
535 4390 561 4420 α
591 4373 869 4425 nostram.
898 4385 924 4418 υ
955 4365 1042 4421 Ad
1063 4364 1276 4422 Coloss.
1308 4366 1357 4420 l:
1393 4386 1419 4419 α
1444 4363 1673 4436 Eripuit
1699 4381 1805 4422 nos
1823 4364 1895 4422 de

537 4470 563 4502 α
594 4451 864 4520 potestate
902 4443 1274 4501 tenebrarum
1302 4446 1359 4498 et
1386 4443 1680 4499 transtulit
1706 4442 1771 4499 in
1798 4459 1895 4501 re-

312 4542 513 4586 psamso.
537 4551 562 4581 α
592 4543 772 4602 gnum
795 4525 900 4582 filii
923 4524 1250 4582 dilectionis
1268 4539 1443 4581 suae.»
1471 4524 1542 4579 Et
1562 4522 1714 4581 Psal.
1749 4525 1851 4581 150
1877 4546 1890 4581 :

535 4635 563 4666 «
593 4615 803 4669 Averte
848 4609 1052 4666 faciem
1097 4612 1260 4664 tuam
1302 4623 1336 4663 a
1364 4606 1603 4680 peccatis
1643 4608 1809 4675 meis,
1840 4611 1896 4663 et

536 4715 564 4746 «
593 4707 794 4756 omnes
806 4689 1138 4763 iniquitates
1153 4702 1310 4744 meas
1325 4685 1470 4744 dele.
1488 4687 1595 4743 Cor
1609 4687 1895 4743 mundum

536 4798 563 4830 c<
591 4788 721 4833 crea
748 4773 812 4829 in
839 4788 933 4829 me
959 4773 1125 4837 Deus,
1169 4774 1226 4827 et
1250 4768 1523 4841 spiritum
1553 4774 1771 4825 rectum
1800 4769 1896 4825 in-

331 4855 497 4905 paug.
535 4877 563 4910 «
592 4870 745 4913 nova
783 4854 847 4909 in
875 4849 1191 4910 visceribus
1217 4848 1386 4906 meis.
1417 4869 1444 4900 n
1479 4848 1645 4906 Unde
1669 4852 1897 4924 Augus-

528 4939 692 4995 tinus
719 4936 813 4993 lib.
839 4935 901 4989 de
913 4935 1127 5000 heresi,
1159 4949 1279 5005 cap.
1310 4932 1404 4998 88,
1433 4931 1728 5004 explicans
1754 4931 1897 5004 qnid

528 5019 604 5073 sit
645 5019 850 5092 gratia,
895 5030 997 5088 per
1022 5028 1196 5088 quam
1230 5010 1634 5085 justificamur,
1669 5011 1751 5069 ait
1775 5028 1895 5069 esse

2005 562 2193 629 illam,
2224 582 2333 642 qua
2364 566 2613 621 eruimur
2637 565 2701 620 de
2719 571 2979 639 potestate
2996 563 3371 628 tenebrarum,

2004 647 2129 700 etin
2149 662 2373 715 reqnum
2385 644 2601 702 Christi
2621 646 3033 719 transferimur.
3058 645 3128 698 Et
3145 641 3377 699 similia

2006 723 2220 780 habent
2238 724 2341 780 alii
2369 726 2587 783 Patres.
2612 727 2762 801 Ergo
2784 729 2990 798 praeter
3011 723 3373 781 infusionem

2007 805 2204 879 gratim
2231 805 2546 878 requiritur
2573 821 2723 863 nova
2749 805 2849 862 Dei
2876 806 3041 873 actio,
3084 818 3209 878 quae
3235 818 3377 877 pec-

2007 892 2194 943 catum
2219 887 2491 953 remittat,
2521 891 2577 944 et
2603 886 2880 944 destruat.

2080 967 2475 1041 Respondetur
2509 974 2850 1042 argumento
2878 965 3137 1041 negando
3171 964 3373 1022 mino-
3389 962 3571 1054 Βφνξέ·

2009 1064 2156 1106 rem.
2196 1047 2284 1105 Ad
2331 1051 2492 1124 cujus
2538 1048 2933 1122 probationem
2977 1046 3239 1120 neganda
3286 1050 3376 1104 est
3411 1020 3534 1111 {¹:⁸3⁰

2008 1130 2224 1199 minor,
2267 1131 2402 1204 quia
2434 1135 2736 1203 conceptus
2765 1135 2983 1187 natura:
3023 1128 3238 1185 divinae
3269 1141 3375 1199 per
3392 1115 3583 1154 mmm·

2011 1210 2526 1284 participationem,
2574 1210 2635 1266 in
2681 1226 2792 1284 quo
2829 1209 3086 1267 consistit
3118 1205 3380 1263 essentia

2008 1293 2224 1366 gratias,
2254 1298 2340 1349 est
2360 1290 2500 1350 adeo
2521 1291 2820 1365 perfectus,
2846 1296 2907 1346 ut
2934 1307 3037 1347 nos
3063 1288 3381 1346 constituat

2008 1372 2349 1446 simpliciter
2374 1375 2486 1430 Deo
2509 1379 2717 1447 gratos
2749 1378 2804 1429 et
2832 1370 2982 1429 filios
3001 1372 3124 1445 ejus
3146 1367 3376 1442 adopti-

2010 1467 2141 1510 vos:
2162 1469 2293 1510 cum
2314 1469 2425 1526 quo
2448 1469 2551 1511 nec
2565 1453 2846 1510 divinitus
2860 1452 3144 1509 cohaerere
3166 1454 3378 1524 potest,

2009 1533 2159 1607 quod
2184 1535 2367 1591 simus
2393 1541 2723 1608 peccatoreS,
2757 1538 2870 1592 Deo
2912 1532 3145 1609 ingrati,
3176 1537 3233 1589 et
3260 1530 3378 1587 filii

2011 1613 2258 1677 diaboli:
2286 1632 2410 1689 quae
2459 1615 2758 1688 praedicata
2801 1616 3151 1671 comitantur
3192 1610 3382 1668 indis-

2013 1695 2384 1770 pensabiliter
2447 1702 2734 1769 peecatum
2755 1739 2768 1761 ,
2833 1700 2898 1751 ut
2951 1693 3386 1752 declaravimus

2011 1780 2043 1848 ξ
2062 1777 2287 1851 praeced.
2320 1778 2390 1831 Et
2416 1776 2544 1835 ideo
2571 1794 2670 1851 per
2695 1793 2864 1834 suum
2892 1780 3224 1847 conceptum
3249 1772 3386 1847 pri—

2012 1856 2267 1917 marium
2307 1856 2485 1913 infert
2510 1857 2892 1914 essentialiter
2926 1853 3385 1912 destructionem

2014 1937 2240 2010 peccati,
2271 1942 2390 1994 esto
2417 1936 2744 2011 hujusmodi
2772 1934 3078 1993 destructio
3104 1934 3179 1990 sit
3204 1932 3386 1990 effec-

2014 2024 2104 2075 tus
2127 2018 2505 2076 secundarius
2530 2020 2765 2093 gratiae:
2803 2019 2948 2075 sicut
2976 2018 3164 2074 forma
3201 2014 3385 2072 cada-

2014 2100 2208 2158 verica
2245 2099 2425 2156 infert
2448 2099 2846 2172 expulsionem
2871 2099 3071 2155 formae
3098 2096 3381 2159 viventis,

2014 2186 2072 2241 et
2096 2181 2197 2237 lux
2223 2178 2667 2237 destructionem
2698 2179 2936 2235 umbrae.
2969 2175 3133 2233 Unde
3155 2190 3388 2250 negan—

2016 2260 2153 2318 dum
2173 2265 2277 2325 est,
2306 2259 2457 2333 quod
2482 2258 2669 2334 gratia
2694 2259 2881 2317 solum
2908 2274 2980 2314 ex
3003 2255 3252 2330 quadam
3274 2255 3389 2313 de-

2014 2342 2201 2400 centia
2228 2341 2437 2399 morali
2466 2341 2682 2398 inferat
2710 2338 3036 2414 praedictam
3081 2336 3389 2409 expulsio-

2016 2440 2149 2481 nem
2171 2443 2186 2487 ;
2208 2423 2300 2479 vel
2319 2420 2470 2495 quod
2498 2420 2590 2478 hic
2608 2420 2837 2479 effectus
2863 2420 3051 2476 valeat
3077 2415 3382 2489 impediri,

2014 2506 2161 2561 sicut
2198 2503 2483 2560 divinitus
2524 2501 2796 2575 suspendi
2843 2501 2994 2558 valet
3040 2497 3389 2555 resultantia

2016 2583 2318 2641 habituum
2345 2581 2897 2659 supernaturalium.
2931 2580 3010 2636 Eo
3033 2577 3380 2653 praesertim,

2015 2662 2164 2736 quod
2183 2679 2257 2719 ex
2279 2678 2397 2719 non
2421 2660 2758 2718 resultantia
2774 2658 3102 2731 passionum
3127 2659 3291 2715 nulla
3316 2659 3387 2723 in

2016 2748 2130 2801 Deo
2167 2743 2427 2816 sequitur
2472 2742 2868 2815 imperfectio:
2916 2745 2971 2797 at
2997 2756 3069 2796 ex
3107 2756 3195 2806 e0,
3226 2739 3389 2812 quod

2015 2829 2201 2883 stante
2226 2824 2289 2881 in
2311 2825 2508 2882 anima
2533 2823 2737 2899 gratia,
2770 2839 2886 2880 non
2907 2821 3235 2878 destruatur
3256 2836 3391 2894 pec-

2015 2910 2225 2972 catum,
2257 2906 2519 2982 arguitur
2544 2904 2694 2978 quod
2719 2906 2863 2958 Deus
2884 2902 3029 2959 illud
3055 2901 3392 2975 specialiter

2017 2993 2330 3056 conservet,
2382 2987 2533 3062 quod
2579 2986 2778 3061 nequit
2815 2984 3063 3050 admitti,
3110 2989 3171 3040 ut
3204 2999 3391 3057 supra

2017 3071 2332 3142 vidimus§
2370 3072 2428 3126 2.
2469 3069 2647 3136 Adde,
2677 3068 2926 3143 gratiam
2963 3083 3029 3125 eo
3055 3067 3199 3140 ips0‚
3230 3066 3389 3140 quod

2017 3151 2092 3207 sit
2132 3156 2342 3208 natura
2380 3149 2581 3206 divina
2611 3165 2710 3222 per
2738 3148 3256 3221 participationem,
3284 3147 3387 3203 in-

2017 3232 2257 3298 clinare,
2301 3236 2358 3288 et
2381 3236 2712 3288 convertere
2741 3228 3038 3286 hominem
3066 3227 3135 3284 ad
3164 3226 3386 3283 bonum

2019 3312 2309 3379 divinum,
2362 3317 2656 3385 tamquam
2716 3309 2785 3372 ad
2833 3309 3107 3366 ultimum
3159 3305 3342 3370 finem
3370 3331 3385 3374 ;

2020 3409 2150 3451 cum
2171 3392 2277 3449 hac
2296 3397 2487 3450 autem
2510 3391 2908 3456 inclinatione,
2937 3395 2993 3447 et
3011 3389 3391 3448 conversione

2020 3472 2286 3545 componi
2315 3473 2515 3546 nequit
2543 3471 2768 3529 aversio
2795 3486 2828 3526 a
2866 3471 2980 3526 Deo
3007 3468 3215 3526 ultimo
3241 3466 3384 3532 fine,

2019 3569 2144 3627 quas
2169 3552 2553 3611 essentialiter
2574 3551 2844 3611 convenit
2865 3557 3105 3623 peccato.

2095 3633 2183 3689 Ad
2210 3631 2709 3691 confirmationem
2750 3648 3027 3706 negamus
3061 3629 3345 3703 majorem
3372 3647 3570 3694 minuitur

2022 3714 2148 3789 ipsa
2172 3714 2333 3772 enim
2361 3714 2524 3781 actio,
2553 3730 2666 3787 qua
2692 3714 2840 3769 Deus
2859 3712 3247 3769 communicat
3267 3725 3391 3783 pec-
3425 3697 3558 3793 2³2¹&

2022 3798 2199 3854 catori
2221 3797 2489 3872 gratiam,
2519 3802 2603 3852 est
2630 3795 2971 3860 formaliter,
3018 3799 3073 3851 et
3101 3792 3389 3849 intransi-

2023 3876 2140 3934 tive
2168 3877 2431 3934 remissio
2460 3877 2692 3950 peccati,
2723 3881 2780 3933 et
2804 3875 3113 3933 destructio
3132 3873 3388 3931 offensae:

2024 3958 2105 4013 ita
2149 3962 2365 4024 tamen,
2414 3955 2563 4030 quod
2606 3957 2729 4029 ipsa
2754 3957 2900 4013 actio
2940 3954 3294 4017 immediate,
3336 3958 3391 4010 et
3462 3970 3479 3987 ·

2024 4038 2349 4096 formaliter
2397 4055 2497 4111 per
2536 4038 2781 4110 seipsam
2820 4037 3083 4095 excludat
3109 4035 3390 4094 offensam

2024 4120 2090 4176 in
2137 4122 2252 4179 Deo
2298 4120 2598 4177 moraliter
2636 4119 2995 4186 existentem,
3046 4124 3104 4176 et
3145 4134 3218 4175 ex
3262 4122 3390 4174 actu

2027 4201 2420 4273 peccaminoso
2478 4201 2735 4258 relictam
2761 4225 2776 4269 t
2841 4199 3129 4256 terminus
3194 4202 3389 4255 autem

2026 4281 2313 4355 praedictas
2340 4283 2580 4340 actionis
2618 4281 2879 4339 excludat
2907 4280 3233 4338 formaliter
3260 4296 3392 4353 pec·

2024 4369 2213 4422 catum
2255 4364 2546 4421 habituale
2587 4364 2649 4420 in
2676 4364 2911 4420 homine
2937 4363 3209 4428 existens,
3239 4362 3391 4435 quod

2026 4451 2150 4502 erat
2177 4444 2457 4518 praedictae
2500 4446 2699 4520 gratiae
2739 4444 3006 4518 privatio,
3053 4442 3217 4500 Unde
3244 4444 3390 4500 actio

2025 4528 2129 4584 Dei
2151 4527 2515 4601 justificantis
2546 4543 2607 4584 se
2633 4525 2804 4583 habet
2832 4526 2901 4583 ad
2942 4524 3389 4590 destructionem

2026 4608 2256 4666 offensa:
2277 4608 2684 4673 formaliter,et
2704 4606 2774 4664 ad
2798 4606 3246 4664 destructionem
3270 4622 3392 4681 pec·

2025 4688 2134 4745 cati
2155 4687 2415 4745 effective
2436 4710 2448 4752 ;
2468 4693 2555 4744 est
2572 4688 2785 4761 quippe
2801 4688 2989 4743 forma
3011 4686 3392 4759 incompossi-

2026 4767 2165 4825 bilis
2188 4785 2320 4826 cum
2360 4768 2578 4827 offensa
2627 4768 2871 4841 passiva,
2916 4767 3039 4824 sive
3088 4783 3218 4825 cum
3265 4767 3388 4831 hoc,

2026 4848 2175 4923 quod
2204 4852 2351 4906 Deus
2393 4867 2456 4907 se
2495 4848 2701 4906 babeat
2730 4865 2832 4921 per
2860 4847 3098 4905 modum
3142 4846 3347 4904 offensi
3373 4870 3387 4911 ;

2026 4935 2083 4986 et
2124 4930 2303 4987 simul
2342 4936 2428 4988 est
2454 4928 2750 5003 productio
2777 4929 2981 4986 forma:
3011 4926 3389 5000 incompossi-

2027 5010 2163 5068 bilis
2206 5027 2336 5068 cum
2386 5016 2623 5084 peccato.
2669 5013 2743 5067 At
2779 5010 2966 5086 gratia
3009 5027 3071 5066 se
3111 5008 3281 5066 habet
3321 5006 3388 5064 ad

2943 5090 3389 5150 destructionem
