3647 5753
476 432 586 488 688
1519 429 1610 482 DE
1650 427 1952 484 NATURA
1991 427 2267 482 MERITI.

476 601 764 666 amittant,
797 598 926 656 fieri
956 615 1074 656 non
1118 604 1314 674 potest,
1346 606 1407 656 ut
1436 599 1661 657 ratione
1707 598 1841 654 talis

473 685 653 737 status
696 680 928 753 praecise
956 680 1225 737 amittant
1251 681 1529 747 valorem,
1561 686 1617 737 et
1645 678 1843 752 digni-

260 867 447 910 (χω-ῆι
477 768 943 895 ωιὲῗξῗὲεοαηᾱο
964 837 1268 911 respondet
1288 841 1516 903 Suarez,
1543 836 1645 894 hos
1672 851 1841 892 sanc-

258 917 442 960 suarius.
478 918 728 974 tissimus
777 919 932 975 viros
982 918 1053 975 de
1091 918 1236 976 facto
1276 935 1394 976 non
1440 919 1677 984 mereri,
1720 931 1841 973 non

474 1000 611 1072 quia
635 1015 837 1056 eorum
866 1000 1082 1057 actibus
1109 1000 1336 1058 deficiat
1362 1001 1545 1065 valor,
1572 1005 1627 1056 et
1653 998 1841 1073 digni-

475 1085 560 1135 tas
609 1083 884 1154 requisita
936 1082 1006 1139 ad
1048 1083 1344 1149 meritum,
1389 1080 1486 1137 sed
1531 1080 1665 1153 quia
1705 1084 1839 1135 sunt

473 1166 638 1218 extra
674 1168 887 1219 statum
935 1165 1067 1220 viae.
1098 1165 1246 1219 Nam
1274 1163 1379 1218 etsi
1416 1161 1599 1218 adhuc
1638 1161 1839 1218 vivant

475 1243 540 1297 in
563 1258 802 1314 corpore
838 1244 1087 1310 mortali,
1134 1260 1252 1301 non
1293 1250 1488 1300 tamen
1516 1242 1841 1312 mortaliter

471 1326 712 1392 vivunt3
755 1327 892 1400 quia
942 1342 1059 1385 non
1098 1333 1235 1384 sunt
1286 1326 1524 1402 subJecti
1578 1340 1682 1396 pro
1735 1324 1838 1381 illo

469 1413 618 1464 statu
640 1409 1045 1472 communibus
1067 1410 1286 1484 legibus
1314 1408 1713 1474 mortalitatis;
1737 1402 1838 1464 sed

472 1490 642 1549 liberi
668 1508 700 1548 a
724 1490 1039 1552 rebellione
1059 1493 1268 1560 carniS,
1297 1511 1328 1550 a
1352 1491 1626 1557 miseriiS,
1661 1489 1832 1556 fame,

469 1572 586 1636 siti,
617 1577 720 1628 ete.
747 1576 927 1629 status
955 1580 1144 1630 autem
1173 1575 1280 1630 viae
1303 1571 1639 1630 hominibus
1657 1588 1839 1644 praes-

472 1651 692 1716 titutus,
749 1653 935 1708 solum
965 1659 1048 1709 est
1076 1653 1214 1711 dum
1259 1654 1466 1709 vivunt
1495 1653 1558 1707 in
1600 1666 1839 1723 corpore

474 1732 706 1788 mortali
735 1733 1048 1789 secundum
1076 1750 1412 1792 communes
1437 1736 1588 1809 leges
1615 1738 1837 1791 morta-

473 1815 675 1871 litatis.

547 1891 764 1945 Verum
795 1906 978 1964 neque
997 1891 1114 1948 haec
1133 1893 1342 1950 solutio
1368 1892 1643 1949 satisfacit
1662 1918 1674 1959 ς
1698 1907 1837 1947 nam

475 1976 535 2025 ut
563 1970 683 2042 ipse
724 1973 933 2028 Suarez
960 1973 1170 2028 fatetur
1200 1978 1398 2029 contra
1424 1975 1692 2044 vasquez,
1718 1977 1839 2027 sta-

472 2056 562 2106 tus
591 2052 700 2107 viae
730 2068 847 2108 non
887 2052 1073 2108 solum
1115 2069 1187 2110 ex
1232 2059 1443 2110 natura
1490 2053 1595 2116 rei,
1627 2051 1726 2108 sed
1766 2067 1839 2108 ex

471 2132 674 2190 divina
700 2132 1129 2207 dispensatione
1169 2134 1537 2192 manifestata
1578 2133 1745 2191 nobis
1772 2133 1837 2188 in

470 2230 633 2270 sacra
660 2216 956 2287 Scriptura
982 2213 1262 2288 dependet
1293 2239 1305 2272 ι
1336 2221 1394 2272 at
1421 2216 1715 2289 Scriptura
1736 2229 1838 2288 ge-

471 2297 770 2360 neraliter,
803 2304 859 2353 et
884 2297 1094 2370 absque
1122 2300 1240 2355 ulla
1283 2299 1632 2356 limitatione
1658 2297 1833 2364 docet,

428 2451 431 2452 7
470 2380 739 2436 homines
778 2395 899 2435 esse
941 2383 1209 2445 viatoreS,
1242 2381 1498 2453 quandiu
1541 2382 1746 2437 vivunt
1774 2381 1838 2436 in

3573 556 3582 572 ‚
3635 541 3638 566 ³

1975 597 2312 672 Hieronym.
2342 598 2404 653 D.
2433 598 2667 672 August.
2695 598 2757 652 D.
2791 593 3074 652 Bernard.
3101 595 3345 651 Tertul-
3363 602 3550 696 unffi.
3635 583 3638 586 ’

1975 678 2182 744 lianus,
2201 683 2256 734 et
2278 677 2398 744 alii,
2420 695 2561 751 quos
2579 677 2772 742 refert,
2791 680 2849 732 et
2868 675 3128 749 sequitur
3142 680 3347 732 nostra
3362 653 3420 743 Βζ
3441 664 3554 755 a}

1975 757 2227 814 Historia
2256 758 2592 831 prophetica
2611 760 2778 814 citato
2805 773 2933 834 cap.
2962 757 3053 821 30.
3088 774 3244 812 num.
3277 757 3340 821 6,
3360 753 3421 842 Pi.-
3443 753 3548 846 Bffi

1972 844 2028 895 et
2065 837 2364 897 deducitur
2410 839 2668 913 legitime
2724 854 2797 895 ex
2843 837 2982 905 loco,
3043 835 3107 892 in
3164 850 3345 909 quem
3365 810 3540 896 nis‘m

1971 921 2236 978 translati
2283 926 2434 988 sunt,
2483 936 2653 993 quem
2699 935 2822 976 esse
2862 916 3217 991 paradisum,
3250 919 3347 975 lo-
3365 901 3547 954 ἥψω

1972 1021 2101 1061 cum
2144 1003 2510 1070 deliciarum,
2543 1004 3006 1077 tranquillitatis,
3055 1009 3113 1062 et
3158 1004 3341 1077 pacis,

1970 1087 2261 1161 colligitur
2305 1103 2377 1144 ex
2414 1103 2577 1144 sacra
2615 1087 2910 1160 Scriptura
2945 1088 3001 1155 4,
3035 1086 3162 1157 1309.
3191 1088 3251 1153 2,
3283 1091 3348 1143 et

1971 1167 2182 1226 Eccles.
2235 1169 2308 1223 44
2334 1211 2347 1234 ,
2402 1187 2550 1224 num.
2623 1169 2709 1235 16,
2764 1167 3079 1240 docentque
3142 1168 3350 1240 plures

1971 1248 2151 1304 sancti
2193 1249 2410 1313 PatreS,
2442 1250 2710 1313 Irenaeus,
2741 1248 3022 1314 Justiuus,
3057 1252 3112 1304 et
3141 1248 3541 1319 Victo-m

1974 1329 2141 1385 rinus
2168 1335 2476 1405 martyres,
2497 1332 2561 1386 D.
2590 1329 2960 1397 AthanasiuS,
2978 1335 3034 1386 et
3057 1330 3337 1402 Ephrem,
3359 1325 3543 1418 ³253}

1972 1411 2310 1486 Hieronym.
2363 1414 2595 1486 August.
2631 1410 2906 1477 Alcimus,
2960 1409 3233 1476 IsidoruS,
3266 1411 3336 1466 D.
3390 1387 3530 1467 nim?

1971 1494 2174 1550 Thom.
2200 1493 2526 1560 AbulensiS,
2551 1499 2606 1550 et
2629 1494 2750 1560 alii,
2779 1499 2840 1548 ut
2862 1493 3059 1550 videre
3078 1498 3163 1549 est
3183 1491 3340 1566 apud
3360 1473 3534 1567 ἓξὲξ·

1971 1574 2275 1632 historiam
2305 1581 2563 1632 nostram
2605 1576 2725 1631 loco
2765 1575 2954 1640 citato,
2987 1591 3140 1630 num.
3172 1577 3228 1630 5.
3262 1576 3344 1629 Ut
3358 1573 3456 1666 Atel·
3459 1585 3537 1617 m

1971 1660 2161 1713 autem
2191 1656 2303 1712 duo
2326 1657 2414 1713 illi
2444 1657 2558 1712 viri
2592 1672 2623 1712 a
2652 1655 2876 1712 ratione
2920 1655 3236 1721 viatorum,
3282 1661 3345 1711 et
3531 1658 3539 1663 “

1970 1744 2116 1794 statu
2148 1738 2408 1796 merendi
2437 1738 2834 1803 excludantur,
2872 1742 3346 1810 coarctemusque

1968 1817 2153 1890 quoad
2179 1818 2284 1876 hoc
2334 1819 2669 1893 generalem
2718 1817 2954 1875 modum
3000 1817 3339 1889 Scripturae,

1971 1914 2154 1972 neque
2200 1914 2272 1955 ex
2324 1900 2448 1973 ipsa
2499 1899 2806 1957 adducitur
2865 1895 3339 1965 fundamentum,

1971 1994 2154 2051 neque
2176 1979 2466 2051 profertur
2489 1980 2698 2053 aliquis
2722 1995 2793 2035 ex
2819 1976 3104 2043 PatribuS,
3135 1978 3234 2050 qui
3259 1979 3345 2036 ita

1970 2059 2243 2117 docuerit.

2046 2135 2421 2209 Impugnatur
2475 2140 2748 2208 praeterea
2801 2132 3014 2189 tradita
3065 2132 3279 2190 solutio
3321 2157 3336 2190 ε
3387 2137 3514 2192 ,¹¹³³oe

1971 2216 2247 2286 quoniam
2273 2222 2453 2274 status
2482 2217 2688 2272 horum
2724 2217 3060 2272 Sanctorum
3089 2229 3226 2270 vere
3252 2218 3344 2270 est
3384 2194 3529 2278 ’.3ξὲ

1970 2301 2148 2352 status
2183 2299 2427 2364 militiae,
2461 2303 2517 2354 et
2539 2312 2672 2353 vere
2700 2296 2809 2369 ipsi
2841 2297 3128 2356 militant;
3150 2296 3344 2353 adhuc

1971 2378 2130 2434 enim
2175 2387 2310 2434 sunt
2357 2379 2419 2434 in
2465 2377 2711 2435 Ecclesia
2759 2377 3066 2440 militante,
3099 2381 3155 2433 et
3182 2392 3343 2434 non-

258 1912 432 1958 Bciclli-

307 1969 389 2007 tur.

282 3629 443 3725 ⁰2³3·

267 4597 464 4649 Respon-

317 4646 395 4690 sto.

469 2474 708 2531 corpore
749 2461 1002 2527 mortali,
1035 2466 1091 2517 et
1136 2461 1437 2518 ambulant
1477 2478 1579 2537 per
1624 2460 1834 2527 fidem;

471 2555 654 2610 neque
677 2539 826 2595 alius
866 2542 1151 2598 terminus
1178 2542 1287 2598 viae
1332 2543 1452 2597 illis
1490 2542 1832 2615 assignatur,

472 2621 589 2676 nisi
613 2637 789 2687 mors,
823 2627 883 2675 ut
911 2629 1129 2679 constat
1150 2641 1219 2680 ex
1245 2625 1592 2681 testimoniis
1624 2622 1838 2679 adduc-

476 2703 551 2757 tis
573 2720 723 2757 num.
751 2703 821 2757 38
848 2710 897 2756 et
918 2706 991 2759 45
1018 2729 1030 2771 ;
1062 2721 1197 2780 ergo
1219 2705 1427 2779 absque
1458 2703 1838 2761 fundamento

474 2785 846 2858 restringitur
876 2786 1175 2859 praedictus
1199 2793 1378 2844 status
1407 2787 1477 2844 ad
1505 2787 1637 2844 illos
1664 2787 1838 2843 dum-

473 2869 646 2933 taxat,
675 2866 771 2938 qui
796 2866 857 2923 in
886 2884 1123 2940 corpore
1149 2870 1380 2926 mortali
1410 2869 1623 2944 degunt
1641 2884 1840 2925 secun·

472 2946 612 3003 dum
655 2964 1025 3005 communem
1067 2949 1318 3006 modum.
1347 2957 1404 3008 et
1430 2952 1578 3025 leges
1617 2955 1852 3007 morta-.

476 3030 673 3085 litatis.
722 3032 801 3087 Eo
828 3026 923 3087 vel
964 3033 1226 3089 maxime
1266 3032 1414 3107 quod
1434 3032 1719 3106 generalis
1743 3049 1839 3090 re-

473 3114 610 3186 gula
632 3114 941 3187 Scripturae
965 3131 1263 3189 nunquam
1302 3121 1387 3172 est
1414 3115 1833 3188 restringenda,
1855 3139 1860 3143 ·

476 3210 659 3267 neque
706 3194 775 3250 ab
817 3196 919 3251 illa
947 3195 1112 3253 debet
1154 3195 1282 3252 fieri
1330 3197 1584 3269 exceptio
1629 3197 1839 3270 absque

475 3275 853 3333 fundamento
894 3276 958 3331 in
1012 3278 1258 3350 ipsamet
1296 3279 1607 3351 Scriptura,
1640 3280 1732 3335 vel
1773 3279 1837 3335 in

476 3358 687 3413 sanctis
708 3357 976 3414 Patribus
1009 3380 1022 3415 ε
1052 3360 1381 3434 hujusmodi
1405 3367 1597 3418 autem
1627 3359 1839 3416 funda-

479 3442 740 3495 mentum
802 3455 919 3496 non
980 3440 1301 3498 ostenditur
1365 3443 1513 3515 apud
1534 3444 1776 3517 *Suarez
1820 3462 1835 3496 ε

477 3536 632 3594 ergo,
665 3524 770 3575 etc.

550 3602 646 3656 40.
695 3602 808 3656 Nec
855 3600 1049 3668 refert,
1091 3603 1241 3674 quod
1281 3603 1403 3676 ipse
1432 3603 1596 3660 nobis
1623 3602 1833 3677 objicit,

477 3680 745 3737 videlicet
771 3679 917 3753 quod
939 3682 1114 3739 etiam
1141 3688 1227 3739 est
1267 3685 1461 3758 regula
1507 3684 1833 3757 Scripturas,

480 3778 679 3819 omnes
708 3761 860 3818 filios
888 3762 1043 3828 Adae,
1075 3764 1328 3836 quandiu
1371 3766 1434 3821 in
1475 3766 1581 3822 hoc
1620 3765 1839 3825 mundo

481 3845 705 3907 vivunt.
738 3860 858 3900 esse
897 3843 1174 3917 subjectos
1205 3845 1511 3902 rebellioni
1539 3847 1751 3910 carnis.
1782 3852 1841 3904 et

479 3924 904 3982 difficultatibus
941 3927 1198 3998 corporis
1244 3928 1306 3984 in
1353 3929 1683 4000 operatione
1712 3931 1839 3986 vir-

479 4006 649 4075 tutis;
679 4012 735 4063 et
762 4006 1146 4063 nihilominus
1186 4007 1258 4065 ab
1287 4009 1392 4065 hac
1437 4012 1635 4085 regula
1680 4012 1841 4068 exci-

479 4088 670 4161 pimus
711 4103 812 4144 nos
841 4093 1139 4160 parentem
1187 4089 1397 4156 Eliam,
1447 4096 1502 4149 et
1543 4093 1754 4159 Enoch,
1783 4097 1841 4151 et

479 4169 789 4228 asserimus
810 4170 940 4226 illos
969 4170 1168 4229 vivere
1194 4171 1321 4229 sine
1369 4173 1683 4230 rebellione
1709 4191 1841 4231 car-

479 4252 589 4317 nis,
646 4255 703 4307 et
740 4250 866 4306 sine
912 4252 1191 4310 molestiis
1230 4254 1499 4326 corporiS,
1544 4258 1648 4312 etc.
1704 4272 1841 4331 ergo

477 4332 677 4391 eadem
709 4331 930 4388 ratione
952 4333 1174 4389 excludi
1199 4339 1466 4406 poterunt
1491 4352 1524 4392 a
1551 4338 1839 4395 viatorum

477 4417 645 4480 statu,
674 4427 790 4468 non
809 4412 1069 4470 obstante
1092 4414 1350 4490 generali
1378 4414 1549 4474 modo
1571 4416 1839 4491 loquendi

475 4509 652 4550 sacrae
680 4493 1006 4566 Scripturas.

554 4579 682 4633 Non
704 4576 891 4648 itaque
913 4576 1016 4633 hoc
1038 4577 1241 4645 refert3
1267 4594 1371 4635 nos
1390 4579 1549 4636 enim
1574 4596 1691 4637 non
1712 4582 1841 4639 sine

477 4670 687 4732 magno
726 4655 1103 4715 fundamento
1148 4659 1210 4714 in
1254 4675 1415 4716 sacra
1440 4661 1752 4732 Scriptura,
1784 4667 1841 4717 et

480 4736 747 4795 Patribus
774 4737 1094 4810 excipimus
1120 4737 1260 4796 duos
1307 4740 1409 4797 hos
1448 4742 1841 4799 sanctissimos

478 4821 637 4878 viros
659 4835 691 4875 a
715 4819 971 4892 generali
994 4820 1097 4877 illa
1118 4821 1315 4895 regula
1343 4822 1577 4880 vivendi
1601 4839 1732 4879 cum
1755 4838 1842 4880 re·

478 4901 727 4958 bellione
741 4902 949 4967 carnis,
974 4906 1028 4957 et
1049 4902 1328 4960 molestiis
1341 4904 1614 4976 corporis,
1636 4904 1841 4961 asseri-

480 4999 719 5057 musque
765 4983 894 5039 illos
921 4984 1081 5040 omni
1132 5000 1283 5057 pace,
1323 4991 1377 5043 et
1417 4986 1841 5058 tranquillitate

481 5064 620 5120 frui.
652 5063 710 5119 ld
734 5079 982 5137 namque
1001 5072 1263 5123 asserunt
1285 5068 1346 5124 D.
1367 5068 1743 5141 Epiphanius,
1769 5069 1836 5124 D.

1971 2460 2110 2516 dum
2159 2460 2229 2517 ad
2276 2460 2733 2533 triumphantem
2778 2463 3169 2531 pervenerunt
3222 2480 3237 2514 ι
3280 2463 3343 2515 at

1971 2548 2147 2599 status
2187 2543 2411 2599 militize
2438 2547 2521 2598 est
2545 2547 2723 2597 status
2750 2541 2877 2606 vias,
2910 2547 2966 2596 et
3008 2539 3226 2605 meriti,
3276 2544 3343 2594 ut

1973 2641 2090 2680 non
2136 2623 2341 2680 obsure
2370 2621 2648 2679 indicavit
2686 2621 2791 2678 Job
2831 2640 2953 2695 cap.
2984 2625 3039 2689 7,
3084 2619 3285 2677 dicens
3319 2642 3335 2676 ε

1972 2706 2186 2763 Militia
2224 2711 2300 2761 est
2347 2706 2465 2760 vita
2511 2705 2751 2758 hominis
2793 2721 2955 2776 super
3008 2710 3235 2766 terram,
3289 2711 3339 2757 et

1971 2788 2113 2841 sicut
2157 2787 2482 2841 mercenarii
2519 2784 2635 2839 dies
2677 2786 2797 2856 ejus
2824 2803 2842 2838 .·
2871 2800 2932 2841 ac
2977 2784 3026 2839 si
3075 2782 3339 2855 apertius

1971 2867 2202 2935 diceret,
2231 2873 2457 2942 tempus
2485 2866 2713 2924 militiae
2740 2882 2860 2924 esse
2890 2871 3116 2940 tempus
3137 2866 3341 2938 acqui-

1973 2950 2139 3008 rendi
2164 2950 2506 3009 mercedem.
2536 2955 2700 3021 atque
2723 2949 2851 3006 ideo
2871 2948 3134 3006 merendi
3164 2970 3177 3004 :
3202 2964 3342 3023 ergo

1972 3032 2085 3089 duo
2126 3033 2220 3088 isti
2266 3034 2446 3089 sancti
2501 3031 2713 3088 habent
2758 3036 2972 3087 statum
3018 3030 3333 3095 viatorum,

1971 3120 2026 3171 et
2054 3114 2116 3169 in
2135 3129 2203 3170 eo
2231 3117 2550 3171 merentur.
2772 3130 2781 3139 ’

2044 3190 2137 3244 41.
2172 3189 2425 3261 Denique
2463 3190 2769 3244 occurrunt
2811 3186 2932 3255 alii,
2982 3184 3132 3258 quod
3178 3185 3528 3242 simmam

1973 3270 2269 3326 incaeteris
2290 3266 2626 3325 hominibus
2647 3274 2872 3340 tempus
2893 3266 2963 3322 ad
2987 3265 3337 3323 merendum
3369 3251 3526 3335 Ψ

1971 3350 2344 3408 constitutum
2374 3347 2797 3405 determinatur
2825 3362 3001 3419 usque
3054 3345 3124 3403 ad
3172 3363 3338 3405 mor-

1975 3438 2124 3500 tem;
2169 3433 2249 3489 ita
2295 3432 2359 3487 in
2402 3431 2547 3494 Elia,
2582 3435 2637 3486 et
2682 3429 2875 3486 Enoch
2904 3428 3013 3484 fuit
3061 3444 3239 3502 usque
3265 3427 3338 3485 ad

1972 3532 2173 3573 eorum
2205 3518 2453 3586 raptum,
2486 3519 2540 3570 et
2567 3512 2680 3569 erit
2708 3509 3088 3585 postmodum,
3118 3512 3340 3568 cumin

1973 3595 2090 3654 fine
2113 3595 2336 3660 mundi,
2366 3600 2426 3650 ut
2455 3594 2761 3666 praedicent
2787 3599 2986 3649 contra
3009 3594 3340 3649 Antichris-

1974 3685 2116 3743 tum‚
2149 3676 2218 3733 ad
2246 3692 2617 3734 communem
2647 3674 2884 3733 vivendi
2915 3674 3151 3731 modum
3181 3673 3341 3732 redi-

1975 3761 2117 3817 bunt
2155 3781 2168 3816 ε
2218 3759 2388 3817 modo
2434 3776 2573 3816 vero
2617 3774 2740 3816 esse
2764 3764 2926 3815 extra
2968 3762 3180 3813 statum
3209 3773 3340 3814 me—

1977 3842 2164 3910 rendi,
2193 3842 2329 3913 quia
2370 3842 2501 3899 licet
2542 3840 2755 3897 mortui
2810 3856 2928 3897 non
2956 3839 3092 3907 sint,
3126 3837 3340 3895 habent

1961 3926 2136 3998 'quasi
2182 3929 2394 3980 statum
2431 3927 2830 3989 mortuorum;
2859 3927 2917 3978 et
2968 3922 3090 3994 ipse
3136 3926 3338 3994 raptus

1973 4005 2158 4079 quoad
2196 4005 2459 4062 effectum
2486 4002 2768 4069 merendi,
2802 4007 2859 4059 et
2882 4000 3212 4074 proficiendi
3239 4017 3337 4057 re—

1976 4093 2206 4161 putatur
2231 4084 2350 4142 illis
2367 4100 2469 4156 pro
2492 4088 2697 4141 morte.
2729 4083 2819 4139 Sic
2842 4081 3145 4155 respondet
3162 4083 3329 4156 Greg.
3350 4088 3525 4182 geg:

1973 4169 2255 4225 Martinez
2282 4166 2439 4222 infra
2468 4164 2824 4222 referendus.

2047 4249 2155 4307 Sed
2183 4263 2366 4319 neque
2412 4247 2528 4302 haec
2565 4244 2775 4301 solutio
2820 4243 3060 4318 alicujus
3106 4242 3542 4301 roborisninittr

1970 4334 2056 4388 est
2087 4352 2101 4387 t
2128 4343 2310 4402 neque
2333 4328 2394 4383 in
2423 4342 2584 4383 sacra
2610 4324 2923 4397 Scriptura,
2950 4326 3042 4382 vel
3078 4325 3139 4381 in
3166 4341 3341 4382 sanc-

1972 4414 2045 4469 tis
2071 4412 2357 4478 Patribus,
2404 4416 2502 4467 aut
2545 4410 2609 4466 in
2658 4410 2850 4482 aliqua
2894 4407 3065 4465 firma
3113 4409 3343 4468 ratione

1973 4495 2144 4553 habet
2192 4494 2478 4551 sufficiens
2532 4490 2995 4558 fundamentum,
3046 4490 3343 4565 gratisque

1971 4580 2212 4637 omnino
2253 4578 2482 4646 dicitur,
2535 4581 2766 4648 raptum
2811 4575 3049 4632 illorum
3110 4580 3344 4633 sancto-

1973 4679 2105 4720 rum
2147 4660 2404 4734 reputari
2453 4676 2556 4733 pro
2597 4663 2782 4715 morte
2826 4656 3012 4731 quoad
3071 4657 3342 4715 effectum

1969 4743 2252 4809 merendi,
2287 4746 2384 4799 aut
2427 4740 2656 4798 extrahi
2707 4756 2807 4813 per
2859 4740 3029 4796 illum
3070 4738 3141 4796 ab
3186 4745 3342 4797 statu

1969 4826 2278 4891 viatorum,
2340 4827 2396 4880 et
2448 4819 2890 4895 proficientium.
2963 4822 3106 4875 Cum
3171 4820 3338 4877 enim

1973 4916 2168 4985 raptus
2191 4923 2307 4965 non
2331 4904 2665 4979 perduxerit
2690 4919 2787 4961 eos
2832 4903 2904 4960 ad
2942 4907 3156 4961 statum
3196 4903 3344 4961 bea-

1974 4996 2187 5057 torum,
2209 4988 2661 5062 utsupponitu1·;
2685 4991 2851 5059 atque
2877 4984 3017 5042 adeo
3038 4999 3141 5041 nec
3165 4999 3342 5042 cons-

1974 5074 2196 5131 tituerit
2237 5073 2369 5130 illos
2415 5071 2478 5128 in
2507 5067 2761 5128 termino
2780 5083 2896 5125 suae
2920 5068 3049 5136 viae,
3082 5085 3200 5126 non
3230 5086 3342 5200 ap}

3173 5158 3314 5216 pare
