3647 5753
291 1897 399 1939 Nota
417 1898 456 1939 3.

254 4401 440 4445 Solvitur

300 4460 418 4504 argu-

256 4506 449 4544 mentum.

500 424 602 478 176

489 601 631 657 tiam
676 600 829 658 inter
877 601 1027 674 ipsos
1067 607 1268 658 actus:
1317 606 1483 675 atque
1522 601 1649 661 ideo
1689 603 1852 677 prius

491 695 639 736 unus
658 695 964 737 concursus
987 681 1233 754 praevius
1249 683 1488 756 expellit
1504 685 1686 740 alium
1708 699 1853 763 conff

488 774 718 815 cursum
746 758 857 817 sibi
886 762 1227 834 oppositum,
1258 778 1433 835 quam
1462 768 1617 820 actus
1650 764 1852 837 expel-

488 841 570 896 lat
589 845 777 897 actum
798 840 907 897 sibi
933 842 1309 899 contrarium.
1341 845 1410 899 Et
1431 845 1510 901 ita
1532 844 1695 917 prius
1718 843 1852 902 des·

487 920 703 976 truitur
762 920 1047 978 auxilium
1110 921 1181 979 ad
1244 938 1606 991 consensum,
1674 939 1849 998 quam

489 996 779 1056 dissensus
820 1001 1182 1076 intelligatur
1219 1003 1473 1062 existens
1504 1025 1518 1060 ε
1560 1020 1699 1062 nam
1726 1003 1873 1063 dis--

489 1096 689 1138 sensus
729 1099 846 1140 non
886 1082 1097 1153 existit,
1125 1083 1240 1141 nisi
1283 1093 1683 1161 praesupponat
1709 1104 1849 1147 con-

490 1177 722 1219 cursum
776 1164 1004 1236 praevie,
1059 1169 1116 1223 et
1158 1165 1459 1226 efficaciter
1515 1175 1847 1228 moventem

488 1243 692 1299 saltem
714 1243 785 1300 ad
814 1245 1114 1303 materiale
1140 1246 1465 1316 dissensus;
1493 1249 1592 1322 qui
1614 1265 1850 1308 concur-

488 1338 584 1377 sus
613 1322 946 1383 immediate
984 1341 1086 1399 per
1122 1326 1374 1401 seipsum
1401 1331 1639 1403 expellit
1677 1331 1848 1389 auxi-

489 1402 634 1459 lium
662 1403 858 1461 efficax
884 1403 956 1462 ad
981 1421 1343 1466 consensum.
1366 1407 1530 1467 Unde
1555 1409 1848 1470 dissensus

488 1499 785 1559 nunquam
812 1487 1051 1560 expellit
1075 1489 1360 1546 auxilium
1386 1490 1583 1550 efficax
1609 1491 1681 1549 ad
1707 1510 1848 1554 con-

486 1579 740 1631 sensum,
770 1565 868 1622 sed
897 1566 1043 1622 illud
1070 1568 1343 1641 supponit
1366 1569 1720 1630 destructum
1743 1590 1849 1649 per

487 1662 823 1704 concursum
839 1647 1116 1708 efficacem
1133 1650 1202 1707 ad
1219 1653 1520 1710 materiale
1536 1653 1842 1724 dissensus,

490 1742 521 1783 a
540 1743 652 1800 quo
674 1729 886 1800 praevio
899 1744 1175 1788 concursu
1199 1732 1320 1805 ipse
1339 1732 1630 1792 dissensus
1648 1751 1846 1795 essen-

489 1807 703 1864 tialiter
729 1807 1025 1882 dependet.

550 1890 741 1946 Tertio
755 1889 1013 1958 observa,
1033 1889 1182 1964 quod
1200 1892 1327 1949 licet
1343 1894 1612 1953 voluntas
1626 1897 1846 1956 habens

489 1969 771 2026 auxilium
787 1971 981 2029 efficax
995 1971 1065 2029 ad
1084 1971 1427 2031 consensum
1445 1979 1621 2048 possit
1636 1979 1846 2038 elicere

487 2049 809 2109 dissensum
839 2055 1090 2127 potentia
1112 2055 1486 2124 antecedenti,
1511 2060 1653 2116 etin
1671 2076 1844 2118 sensu

487 2130 700 2201 divis03
733 2135 1121 2192 nihilominus
1152 2149 1381 2211 semper
1413 2141 1646 2213 respicit
1670 2141 1843 2198 illum

484 2213 805 2273 dissensum
837 2223 898 2273 ut
925 2217 1262 2291 ponibilem,
1295 2225 1351 2277 et
1381 2221 1714 2294 ponendum
1741 2223 1846 2282 de·-

485 2294 797 2367 pendenter
824 2313 856 2352 a
877 2313 1153 2354 concursu
1194 2298 1402 2357 efficaci
1430 2299 1501 2358 ad
1541 2304 1845 2363 materiale

482 2377 665 2449 ipsius
685 2377 992 2435 dissensus.
1021 2381 1091 2435 Et
1113 2381 1258 2438 ratio
1277 2387 1380 2448 est,
1407 2385 1683 2459 quoniam
1712 2386 1846 2444 licet

484 2456 738 2528 potentia
765 2457 1119 2524 antecedens,
1145 2464 1201 2515 et
1226 2460 1290 2516 in
1309 2477 1480 2518 sensu
1509 2462 1697 2522 diviso
1713 2481 1840 2523 -res-

484 2537 655 2611 piciat
683 2544 870 2595 actum
898 2540 1211 2611 praecisive,
1237 2548 1292 2598 et
1314 2542 1661 2603 abstractum
1683 2562 1715 2604 a
1735 2547 1844 2604 cir-

481 2618 841 2675 cumstantiis
906 2619 1389 2691 accidentalibus;
1453 2625 1841 2683 nihilominus

483 2713 599 2755 non
648 2703 830 2769 potest
869 2715 984 2756 non
1031 2699 1203 2757 illum
1254 2702 1533 2776 respicere
1571 2705 1677 2763 sub
1717 2707 1841 2763 illis

481 2777 946 2845 circumstantiis,
990 2784 1046 2836 et
1088 2779 1504 2853 dependentiis,
1556 2802 1590 2843 a
1633 2787 1841 2861 quibus

483 2858 606 2933 ipse
626 2862 781 2916 actus
807 2861 1005 2933 nequit
1030 2863 1412 2924 essentialiter
1434 2866 1675 2928 absolvi.
1707 2872 1841 2938 Qui-

484 2940 623 2999 libet
649 2947 837 2998 autem
867 2949 1019 3000 actus
1038 2951 1259 3003 creatus
1286 2948 1349 3006 in
1369 2966 1473 3007 suo
1499 2952 1753 3025 produci,
1784 2961 1840 3014 et

481 3035 603 3077 esse
641 3020 921 3094 dependet
957 3026 1340 3084 essentialiter
1366 3045 1401 3086 a
1432 3046 1709 3090 concursu
1736 3035 1838 3092 Dei

482 3100 718 3173 praevio,
761 3107 817 3159 et
852 3103 1079 3171 efficaci,
1115 3112 1176 3163 ut
1202 3114 1419 3166 constat
1457 3126 1530 3169 ex
1567 3112 1733 3171 dictis
1773 3115 1839 3175 in

480 3180 585 3238 hoc
624 3181 817 3250 dubio,
860 3189 917 3242 et
952 3186 1094 3260 disp.
1138 3189 1192 3254 5,
1236 3190 1361 3247 dub.
1407 3194 1465 3248 6.
1509 3193 1675 3253 Unde
1702 3196 1837 3255 licet

479 3264 745 3320 voluntas
770 3265 896 3322 sine
943 3267 1047 3326 illo
1090 3285 1368 3327 concursu
1409 3276 1618 3332 actuali
1659 3278 1836 3350 possit

477 3357 692 3414 ponere
718 3351 925 3413 actum,
958 3349 1155 3422 nequit
1181 3355 1376 3408 tamen
1403 3369 1616 3426 ponere
1644 3363 1835 3417 actum

478 3424 791 3483 factibilem
808 3429 935 3486 sine
950 3429 1053 3489 illo
1067 3448 1341 3509 concursu
1360 3460 1373 3505 ;
1393 3441 1657 3510 quamvis
1672 3442 1833 3499 enim

477 3504 805 3580 hujusmodi
831 3524 1138 3568 concursus
1159 3528 1276 3571 non
1297 3515 1474 3575 intret
1499 3519 1828 3595 subjective,

475 3590 530 3642 et
549 3601 622 3643 ex
644 3594 803 3660 parte
823 3590 1055 3649 virtutis
1072 3596 1378 3666 operativae
1399 3620 1413 3655 ε
1436 3598 1615 3658 intrat
1636 3608 1832 3660 tamen

474 3666 748 3760 objective
770 3687 870 3744 per
891 3674 1127 3732 modum
1149 3678 1547 3751 applicationis
1569 3683 1641 3741 ad
1660 3701 1831 3743 exer-

473 3755 695 3816 citium,
740 3752 862 3809 sive
888 3756 1225 3825 terminum,
1258 3776 1382 3832 quae
1408 3764 1676 3822 voluntas
1705 3782 1830 3823 res·-

473 3828 626 3900 picit.
649 3832 716 3886 Et
736 3832 880 3889 sicut
901 3837 1166 3894 voluntas
1190 3855 1307 3896 non
1320 3842 1478 3898 elicit
1501 3842 1827 3903 dissensum

470 3910 586 3965 nisi
607 3909 1021 3984 dependentem
1045 3934 1077 3974 a
1097 3934 1371 3977 concursu
1396 3922 1495 3979 Dei
1519 3927 1736 3997 praevio
1757 3925 1829 3983 ad

469 3991 770 4049 materiale
808 3994 1126 4072 dissensus;
1168 3999 1249 4056 sic
1289 4016 1406 4057 non
1448 4005 1679 4077 respicit
1703 4006 1828 4063 dis-

469 4084 701 4127 sensum
731 4079 793 4128 ut
815 4074 927 4131 sibi
969 4077 1319 4149 possibilem,
1352 4081 1465 4137 nisi
1510 4089 1572 4139 ut
1609 4084 1828 4159 depen-

470 4148 700 4208 dentem
742 4170 775 4210 a
803 4154 1071 4226 praedicto
1099 4159 1197 4216 Dei
1223 4176 1520 4231 concursu,
1553 4171 1614 4222 ut
1642 4168 1827 4239 possi-

471 4228 590 4285 bili·
637 4253 650 4287 ε
705 4234 784 4291 ita
835 4236 983 4308 quod
1035 4238 1083 4294 si
1137 4238 1428 4299 dissensus
1479 4251 1818 4318 poneretur,

468 4324 775 4369 concursus
820 4314 1147 4390 hujusmodi
1194 4317 1515 4380 dissensum
1557 4328 1819 4386 anteiret.

484 4401 488 4404 ’
542 4392 672 4447 253.
705 4394 787 4449 Ex
817 4393 888 4450 iis
917 4397 1291 4471 respondetur
1317 4401 1388 4458 ad
1415 4413 1822 4480 argumentum

466 4470 823 4530 concedendo
864 4476 1202 4535 antecedens
1239 4480 1591 4541 intellectum
1619 4486 1691 4543 de
1719 4503 1823 4560 po-

467 4552 645 4609 tentia
683 4555 1058 4628 antecedenti,
1088 4564 1146 4616 et
1185 4561 1249 4618 in
1286 4578 1457 4621 sensu
1499 4564 1725 4637 diviso;
1766 4575 1823 4628 et

467 4632 725 4705 negando
747 4635 998 4707 primam
1018 4644 1501 4715 consequentiam.
1534 4649 1819 4712 Quoniam

463 4713 525 4763 ut
551 4713 813 4770 voluntas
841 4724 1028 4789 posset
1051 4719 1332 4780 frustrare
1370 4726 1657 4784 auxilium
1696 4728 1821 4787 effi-

462 4804 582 4856 cax,
616 4794 1015 4866 requirebatur
1051 4800 1200 4873 quod
1241 4802 1305 4859 in
1350 4804 1472 4880 ejus
1517 4810 1821 4880 praesentia

464 4878 647 4940 posset
664 4890 875 4945 ponere
889 4877 1211 4939 dissensum
1227 4906 1242 4951 ;
1263 4883 1343 4941 ita
1355 4885 1504 4958 quod
1521 4889 1612 4946 vel
1626 4890 1818 4963 ipsum

463 4963 593 5040 cum
615 4954 834 5010 auxilio
854 4960 1242 5035 conjungeret,
1270 4966 1362 5021 vel
1392 4982 1492 5038 per
1512 4967 1701 5041 ipsum
1724 4986 1821 5027 au-

459 5029 670 5085 xilium
716 5036 1047 5106 expelleret.
1102 5040 1162 5096 Id
1207 5059 1347 5102 vero
1388 5061 1506 5103 non
1551 5050 1821 5108 convenit

1505 424 1599 479 DE
1638 423 1913 481 GRATIA
1952 425 2297 484 EFFICAGI.

1983 599 2288 668 voluntati,
2319 599 2457 673 quia
2482 616 2598 658 non
2627 598 2855 672 respicit
2875 598 3200 656 dissensum
3222 597 3333 654 nisi

1984 684 2046 734 ut
2067 679 2398 752 ponendum
2418 679 2806 753 dependenter
2827 695 2860 735 a
2885 694 3164 737 concursu
3186 693 3336 752 prae-

1982 758 2097 828 vio,
2142 764 2197 816 et
2240 760 2448 818 efficaci
2487 759 2565 817 ad
2607 761 2796 833 ipsum
2841 757 3186 825 dissensum,
3222 772 3337 831 ¹per·

1980 854 2153 913 quem
2194 842 2481 898 auxilium
2507 841 2703 899 efficax
2727 840 2800 899 ad
2838 855 3180 899 consensum
3206 837 3339 897 des-

1981 920 2218 988 truitur,
2246 923 2342 979 vel
2379 922 2702 981 excluditur
2737 927 3043 995 anoequam
3070 921 3338 978 voluntas

1981 1000 2175 1058 eliciat
2193 999 2535 1061 dissensum.
2566 1004 2635 1059 Et
2659 1003 2787 1060 ideo
2813 1017 2930 1060 non
2952 1006 3135 1075 potest
3160 999 3338 1058 resis-

1981 1085 2105 1138 tere
2118 1081 2338 1139 auxilio
2352 1082 2559 1140 efficaci
2577 1082 2898 1140 resistentia
2914 1081 3146 1154 proprie
3166 1078 3333 1147 dicta,

1981 1159 2113 1219 licet
2152 1162 2327 1234 possit
2366 1164 2631 1221 resistere
2672 1162 2995 1220 resistentia
3035 1160 3334 1227 indirecta,

1979 1245 2037 1297 et
2082 1241 2280 1299 minus
2327 1244 2559 1317 proprie
2603 1241 2771 1309 dicta,
2798 1261 2805 1266 ·
2828 1246 3109 1315 quatenus
3159 1245 3338 1314 potest

1980 1319 2288 1382 dissentire
2309 1324 2372 1382 in
2391 1339 2564 1382 sensu
2586 1322 2792 1391 diviso,
2817 1321 3096 1379 utstatim
3119 1319 3337 1378 videbi-

1979 1418 2128 1462 mus.
2160 1403 2248 1461 Ad
2275 1406 2528 1480 primam
2555 1410 2747 1464 autem
2766 1404 3188 1480 consequenti&
3211 1418 3336 1478 pro·

1978 1482 2272 1543 bationem
2315 1485 2561 1544 dicimus
2599 1486 2900 1560 majorem,
2952 1489 3123 1560 prout
3167 1486 3331 1560 jacet,

1974 1580 2098 1625 non
2122 1582 2245 1625 esse
2270 1568 2680 1626 universaliter
2721 1583 2939 1634 veram,
2969 1566 3069 1625 sed
3110 1571 3335 1625 tantum

1979 1645 2265 1706 verificari
2297 1648 2360 1704 in
2389 1648 2593 1706 formis
2619 1648 2970 1716 immediate,
3002 1649 3096 1705 vel
3125 1647 3336 1705 directe

1975 1727 2560 1802 ,incompossibilibus
2588 1735 2649 1785 ut
2675 1728 2875 1787 accidit
2894 1730 2958 1786 in
2984 1729 3251 1803 exemplo
3269 1727 3334 1784 in

1978 1810 2336 1868 contrarium
2375 1809 2642 1879 adducto;
2687 1828 2822 1869 nam
2851 1812 3038 1869 forma
3078 1810 3249 1886 ignis,
3279 1813 3335 1867 et

1978 1888 2168 1948 forma
2192 1891 2337 1966 ligni
2365 1897 2501 1948 sunt
2527 1892 2861 1950 immediate
2893 1889 3331 1964 incompossibi-

1978 1971 2082 2039 les,
2099 1976 2156 2029 et
2176 1989 2292 2029 una
2311 1973 2622 2045 expellitur
2643 1974 2976 2032 immediate
2993 1989 3094 2046 per
3116 1973 3292 2030 aliam
3313 1994 3326 2028 ε

1978 2051 2133 2109 unde
2172 2068 2345 2128 agens
2385 2059 2583 2127 potens
2611 2055 2674 2111 in
2701 2055 2945 2111 materia
2971 2054 3116 2129 ligni
3145 2053 3330 2111 intro-

1976 2133 2183 2192 ducere
2197 2133 2446 2191 formam
2464 2135 2633 2211 ignis,
2651 2139 2833 2208 potest
2851 2136 3025 2194 etiam
3045 2137 3330 2209 expellere

1977 2214 2229 2274 formam
2278 2217 2419 2291 ligni
2467 2238 2480 2272 ε
2527 2223 2583 2274 et
2627 2217 2676 2273 si
2717 2217 2881 2274 illam
2920 2216 3326 2281 introduxerit,

1977 2294 2125 2352 hanc
2144 2297 2410 2370 expellet.
2435 2294 2675 2361 Quando
2700 2312 2837 2354 vero
2859 2295 3047 2353 forma
3086 2296 3331 2369 opponi-

1976 2381 2072 2434 tur
2087 2378 2254 2436 alteri
2277 2377 2567 2436 mediante
2582 2378 2713 2446 alio,
2734 2376 2883 2435 illud
2903 2378 3138 2451 praecise
3158 2393 3329 2452 agens

1976 2459 2224 2531 expellet
2270 2457 2519 2515 formam
2559 2457 2931 2525 contrariam,
2975 2458 3124 2532 quod
3152 2462 3329 2530 potest

1976 2540 2246 2609 formam,
2291 2546 2389 2598 aut
2421 2542 2582 2615 quasi
2623 2541 2891 2609 formam,
2920 2558 3047 2616 quae
3086 2541 3327 2599 alteram

1976 2620 2312 2679 immediate
2348 2622 2604 2695 expellit,
2635 2620 2943 2679 efficienter
2969 2623 3174 2679 saltem
3203 2636 3330 2679 me·-

1974 2701 2126 2760 diate
2152 2703 2432 2777 attingere
2462 2724 2475 2760 :
2505 2702 2650 2759 sicut
2677 2701 2848 2776 ignis,
2878 2702 2975 2775 qui
3003 2702 3195 2761 medio
3234 2717 3330 2760 ca-

1975 2783 2114 2851 lore,
2133 2788 2189 2839 et
2214 2783 2346 2840 aliis
2360 2782 2829 2856 dispositionibus
2845 2783 3078 2856 praeviis
3099 2782 3332 2859 attingit

1974 2862 2224 2922 formam
2269 2864 2439 2939 ignis,
2469 2881 2596 2939 quae
2637 2863 2970 2923 immediate
3004 2863 3331 2923 formaliter

1972 2947 2210 3020 expellit
2247 2948 2495 3006 formam
2526 2947 2692 3023 ligni,
2734 2946 2987 3006 excludit
3017 2946 3328 3006 efficienter

1973 3028 2117 3102 ligni
2140 3029 2388 3087 formam
2411 3050 2424 3085 ε
2445 3033 2501 3085 et
2519 3029 2695 3085 etiam
2718 3030 2889 3087 homo
2907 3043 3212 3103 generans,
3226 3027 3324 3102 qui

1971 3110 2201 3184 attingit
2222 3108 2427 3166 mediis
2447 3108 2916 3183 dispositionibus
2939 3109 3201 3166 animam
3226 3125 3325 3167 ra-

1970 3189 2248 3247 tionalem
2300 3193 2363 3245 ut
2412 3189 2637 3247 unitam
2661 3233 2675 3257 ,
2724 3190 2963 3263 expellit
3011 3189 3324 3248 efficienter

1970 3272 2148 3328 aliam
2171 3270 2420 3328 formam
2439 3270 2875 3328 substantialem
2892 3266 3328 3344 incompossibi-

1968 3352 2084 3408 lem
2120 3368 2248 3408 cum
2289 3351 2486 3408 anima
2525 3351 2590 3407 in
2616 3350 2816 3409 eadem
2852 3352 3113 3409 materia.
3149 3354 3327 3409 caete-

1969 3447 2102 3489 rum
2127 3432 2178 3487 si
2218 3430 2406 3489 forma
2446 3432 2635 3488 solum
2676 3431 2965 3490 mediante
3009 3432 3125 3489 alio
3151 3432 3318 3489 alteri

1965 3513 2186 3578 formae,
2213 3511 2487 3584 autquasi
2515 3511 2718 3570 formas
2743 3517 3084 3586 opponatur,
3116 3516 3174 3571 et
3202 3527 3318 3570 non

1966 3592 2142 3666 possit
2180 3591 2399 3649 efficere
2436 3592 2584 3647 illud
2623 3592 2901 3658 medium,
2932 3592 3031 3649 sed
3069 3592 3222 3649 illud
3248 3591 3317 3648 ad

1965 3670 2284 3745 propriam,
2323 3672 2714 3728 causalitatem
2788 3671 3320 3746 indispensabiliter

1966 3756 2382 3826 praesupponat,
2429 3767 2546 3809 non
2584 3753 2818 3827 expellit
2858 3754 3110 3810 formam
3153 3753 3317 3810 illam

1941 3831 2072 3890 ‘sibi
2101 3830 2656 3905 incompossibilem;
2699 3832 2796 3890 sed
2826 3833 3315 3907 illamexpulsam

1960 3912 2231 3986 supponit
2258 3928 2359 3986 per
2398 3911 2544 3969 illud
2570 3911 2848 3978 medium,
2882 3908 3005 3970 non
3034 3929 3068 3970 a
3092 3929 3173 3980 se,
3215 3912 3314 3970 sed

1961 3993 2033 4051 ab
2053 3993 2169 4051 alio
2196 3991 2531 4065 productum
2558 4013 2571 4047 z
2600 3993 2743 4048 sicut
2762 3993 2827 4049 in
2856 3998 3049 4050 nostra
3075 3997 3310 4050 senten-

1960 4074 2059 4141 tia,
2095 4089 2267 4147 quam
2308 4072 2461 4129 infra
2488 4080 2650 4129 tract.
2692 4091 2801 4151 seq.
2831 4074 2971 4147 disp.
3003 4076 3057 4142 2,
3101 4074 3229 4131 dub.
3272 4074 3309 4130 6

1958 4151 2242 4221 dabimus,
2275 4159 2430 4210 actus
2464 4153 2826 4212 contritionis
2854 4155 3040 4211 oritur
3066 4170 3098 4211 a
3125 4154 3310 4229 gratia

1955 4233 2362 4301 sanctificante,
2393 4249 2518 4307 quae
2542 4233 2876 4292 immediate
2901 4235 3142 4309 expellit
3180 4250 3312 4309 pec-

1955 4324 2146 4375 catum
2175 4314 2483 4382 habituale,
2514 4321 2571 4372 et
2597 4333 2631 4373 a
2654 4317 2775 4374 solo
2802 4318 2917 4374 Deo
2938 4317 3308 4390 producitur;

1955 4405 2013 4456 et
2051 4397 2180 4456 ideo
2218 4397 2350 4454 licet
2374 4396 2675 4469 praedictus
2701 4403 2856 4454 actus
2880 4398 2958 4455 sit
2982 4398 3312 4472 incompos-

1954 4477 2146 4536 sibilis
2184 4492 2315 4535 cum
2342 4475 2667 4550 hujusmodi
2691 4484 2931 4550 peccam,
2962 4484 3020 4536 et
3044 4479 3312 4538 eliciatur

1955 4559 2025 4617 ab
2048 4559 2314 4633 homine;
2333 4557 2721 4615 nihilominus
2741 4558 2913 4617 homo
2933 4575 3052 4618 non
3073 4560 3311 4634 expellit

1953 4641 2211 4700 effective
2239 4640 2492 4715 rigorose
2517 4644 2806 4714 peccatum
2834 4641 3145 4709 habituale,
3175 4644 3310 4717 quia

1952 4722 2246 4790 videlicet,
2277 4728 2341 4779 ut
2364 4724 2559 4781 eliciat
2581 4724 3006 4793 contritionem,
3037 4725 3311 4799 supponit
3338 4718 3347 4726 '
3395 4759 3401 4765 -
3467 4774 3475 4781 .

1953 4807 2020 4864 in
2040 4821 2252 4883 genere
2276 4823 2461 4866 causae
2479 4807 2775 4865 efficientis
2795 4807 3043 4882 gratiam
3064 4806 3313 4865 sanctifi-

1952 4893 2178 4946 cantem
2196 4904 2228 4945 a
2249 4889 2372 4946 solo
2393 4888 2506 4945 Deo
2524 4886 2874 4961 productam,
2898 4891 2957 4943 et
2976 4885 3312 4946 immediate

1951 4983 2055 5041 per
2080 4969 2329 5043 seipsam
2357 4967 2754 5027 excludentem
2782 4971 3072 5042 peccatum
3100 4989 3115 5023 ε
3143 4972 3323 5041 atque·

1949 5049 2080 5120 ideo
2126 5051 2397 5124 supponit
2448 5050 2731 5107 maculam
2785 5049 2993 5121 peccati
3052 5048 3308 5108 effective

2932 5130 3300 5188 destructam.
