3647 5753
1304 449 1479 503 DISP.
1524 445 1649 512 vll,
1695 444 1860 501 DUB.
1911 445 1954 500 1.
3048 438 3125 491 19-

248 634 304 684 et
323 627 584 695 Sidonii,
615 627 754 682 visis
784 627 903 682 illis
929 626 1132 699 signia,
1162 623 1370 697 absque
1398 624 1616 681 auxilio

249 707 664 764 antecedenter
691 707 917 770 efficaci,
952 706 1023 762 ad
1049 707 1485 763 conversionem
1519 719 1620 777 per

253 789 508 846 liberum
546 787 859 845 arbitrium
887 804 948 844 se
987 786 1447 844 determinarent
1480 807 1492 841 :
1522 784 1620 841 sed

250 873 386 945 quia
430 873 586 927 Deus
624 868 699 926 ab
723 877 956 935 aeterno,
990 875 1125 927 ante
1169 884 1402 926 omnem
1443 883 1620 941 praes-

250 955 525 1011 cientiam
547 959 791 1011 eventus
814 953 1013 1017 futuri,
1040 951 1368 1009 decreverat
1389 950 1614 1025 Tyri03‚

251 1041 309 1092 et
355 1034 644 1100 Sidonios,
663 1032 671 1039 '
690 1034 740 1089 si
771 1048 965 1089 coram
994 1032 1077 1088 eis
1100 1033 1243 1089 facta
1262 1037 1455 1090 essent
1483 1030 1618 1085 talia

250 1114 430 1188 signa,
474 1118 855 1179 convertere3
887 1118 942 1168 et
987 1113 1121 1186 quia
1162 1113 1249 1168 illi
1276 1127 1348 1168 ex
1386 1110 1445 1166 vi
1487 1110 1621 1165 talis

252 1193 763 1266 praediffinitioniS,
797 1194 979 1266 posita
1000 1194 1101 1249 tali
1125 1192 1442 1267 hypothesi,
1472 1207 1620 1263 prae-

252 1273 525 1332 veniendi
564 1279 737 1331 erant
778 1289 879 1346 per
909 1274 1195 1332 auxilium
1223 1272 1437 1338 efficax,
1469 1269 1620 1344 quod

248 1355 692 1412 conversionem
713 1370 916 1411 eorum
939 1352 1331 1408 infallibiliter
1354 1351 1614 1407 inferret.
1661 1357 1668 1363 ’

74 1435 200 1525 ὓὲῐῑέ·
249 1439 434 1501 Quam
475 1434 808 1492 doctrinam
847 1434 985 1489 satis
1011 1433 1269 1488 insinuat
1298 1436 1361 1489 D.
1393 1434 1620 1505 Augus-

85 1496 199 1575 ’ἔπηξ’
249 1517 404 1572 tinus
429 1518 489 1571 in
513 1515 613 1572 lit».
646 1515 861 1570 dedono
878 1516 1306 1588 perseverantiae,
1326 1529 1449 1584 cap.
1488 1513 1551 1567 10
1569 1518 1619 1566 et

247 1600 302 1661 4,
329 1593 428 1651 ubi
452 1601 643 1651 totum
666 1595 772 1651 hoc
799 1595 1090 1668 negotium
1112 1593 1426 1667 Tyriorum
1450 1598 1505 1648 et
1524 1593 1620 1646 Ju-

245 1677 506 1734 daeorum
534 1682 766 1733 revocat
787 1692 902 1732 non
925 1675 994 1732 ad
1018 1674 1248 1731 arbitrii
1267 1675 1617 1739 facultatem,

244 1757 341 1814 sed
367 1757 440 1813 ad
468 1756 877 1813 inscrutabilia
902 1755 1115 1830 judicia
1155 1757 1271 1821 Dei,
1304 1761 1359 1812 et
1385 1755 1620 1811 conclu-

244 1838 326 1893 dit
358 1860 371 1894 :
408 1862 433 1891 α
466 1837 578 1893 Sed
613 1853 718 1893 nec
745 1838 863 1893 illis
899 1838 1132 1909 profuit,
1176 1835 1327 1909 quod
1358 1840 1621 1908 poterant

250 1942 274 1971 α
314 1917 572 1985 credere,
609 1919 747 1989 quia
777 1917 1164 1991 praedestinati
1194 1934 1311 1973 non
1340 1920 1507 1973 erant
1549 1913 1620 1970 ab

249 2024 273 2051 a
314 2016 403 2067 eo,
450 1999 624 2072 cujus
673 1997 1076 2055 inscrutabilia
1119 2004 1256 2054 sunt
1295 1996 1532 2071 judicia,
1564 2001 1621 2051 et

248 2102 272 2132 «t
312 2081 755 2155 investigabiles
808 2081 916 2137 viae
961 2096 1109 2137 :nec
1154 2081 1280 2136 istis
1321 2078 1614 2143 obfuisset,

250 2186 274 2215 «
314 2163 463 2237 quod
512 2179 642 2219 non
674 2168 936 2235 poterant
962 2161 1210 2227 credere,
1243 2161 1291 2215 si
1324 2159 1620 2232 praedesti-

250 2266 274 2295 a
318 2246 438 2301 nati
467 2251 687 2310 essent,
722 2249 783 2298 ut
808 2259 904 2299 eos
934 2245 1079 2299 Deus
1105 2258 1276 2298 caecos
1311 2240 1619 2297 illumina-

251 2348 276 2377 «
319 2331 423 2394 ret,
456 2332 512 2381 et
533 2324 829 2380 induratis
855 2341 952 2381 cor
976 2322 1269 2396 lapideum
1312 2322 1489 2377 vellet
1515 2337 1621 2377 au-

252 2431 277 2457 «
323 2408 492 2465 ferre.
541 2429 566 2460 »
604 2409 678 2462 Et
717 2405 912 2461 subdit
947 2428 959 2461 ε
997 2428 1022 2457 α
1072 2404 1337 2460 Audiunt
1381 2404 1515 2470 haec,
1565 2409 1622 2460 et

253 2516 276 2544 α
319 2490 558 2557 faciunt,
611 2487 826 2562 quibus
866 2488 1062 2543 datum
1108 2494 1237 2544 est:
1270 2501 1386 2542 non
1427 2492 1619 2543 autem

255 2596 278 2621 «ι
323 2571 558 2638 faciunt,
593 2571 724 2625 sive
753 2567 1018 2634 audiant,
1063 2568 1184 2624 sive
1214 2582 1331 2624 non
1360 2567 1615 2631 audiant,

260 2675 284 2703 a
324 2651 530 2723 quibus
560 2666 686 2706 non
725 2648 926 2705 datum
952 2654 1054 2704 est.
1088 2652 1343 2713 Quorum
1373 2649 1620 2704 alterum

258 2758 283 2783 a
326 2732 393 2788 ad
441 2730 929 2793 misericordiam,
974 2735 1030 2785 et
1057 2731 1304 2785 alterum
1357 2728 1426 2786 ad
1462 2728 1622 2802 judi-

257 2840 282 2865 ,ι
324 2815 474 2870 cium
505 2812 766 2886 pertinet
793 2811 972 2875 iuius,
1002 2811 1093 2865 cui
1122 2809 1262 2866 dicit
1281 2811 1479 2866 anima
1497 2826 1623 2866 nos-

257 2919 282 2945 «
323 2902 412 2951 tra
437 2896 590 2950 Psal.
619 2890 1621 2966 100:Misericordiam,etJudieium

255 3002 279 3029 α
321 2975 566 3034 cantabo
619 2974 729 3030 tibi
782 2973 1044 3029 Domine.
1104 2994 1130 3023 »
1181 2973 1506 3028 Justissime
1532 2978 1622 3028 ta—

249 3074 380 3115 men
419 3059 694 3114 Christus
740 3056 1056 3128 increpavit
1102 3054 1363 3121 Judaeos,
1415 3053 1623 3127 quibus

255 3159 366 3200 non
393 3146 522 3198 erat
556 3140 764 3196 datum
795 3137 1080 3193 auxilium
1106 3136 1322 3201 efficax,
1353 3153 1483 3192 cum
1511 3153 1623 3210 quo

249 3221 411 3295 Tyrii
464 3224 999 3277 converterentur:
1042 3223 1163 3271 tum
1209 3218 1343 3288 quia
1391 3222 1451 3271 ut
1495 3217 1623 3289 quis

251 3307 450 3375 peccet,
484 3307 543 3357 et
572 3299 652 3355 ob
679 3299 1113 3355 conversionem
1139 3297 1410 3352 omissam
1441 3297 1624 3352 incre-

252 3389 430 3453 petur,
473 3382 621 3437 satis
663 3384 746 3435 est
774 3376 921 3450 quod
952 3393 1053 3449 per
1080 3376 1300 3432 auxilia
1334 3375 1624 3433 sufficien-

252 3463 331 3517 tia
356 3462 576 3533 (qualia
604 3462 637 3512 J
647 3459 819 3515 udaeis
846 3457 977 3514 data
1013 3458 1284 3527 fuerant),
1320 3457 1493 3529 possit
1519 3456 1624 3513 ab·

251 3543 433 3598 solute
476 3538 766 3605 converti,
792 3543 846 3593 et
882 3553 998 3593 non
1025 3553 1085 3593 se
1126 3541 1440 3592 convertat.
1474 3538 1622 3592 Tum

250 3624 383 3694 quia
426 3622 560 3677 licet
604 3632 726 3674 non
752 3617 938 3691 Tyrii.
980 3633 1084 3673 nec
1110 3616 1290 3672 Judaei
1334 3618 1625 3689 potuerint

259 3703 520 3775 consequi
561 3698 818 3774 propriis
847 3697 1070 3753 viribus
1090 3697 1375 3753 auxilium
1404 3699 1618 3764 efficax,

259 3790 565 3856 potuerunt
594 3787 794 3836 tamen
819 3779 1095 3850 peccando
1116 3795 1176 3835 se
1198 3778 1468 3852 indignos
1490 3780 1624 3837 red-

258 3863 390 3921 dere
411 3865 512 3920 tali
542 3860 805 3925 auxili03
835 3865 891 3914 et
918 3860 1074 3933 pejus
1100 3875 1160 3916 se
1186 3867 1482 3933 gesserant
1518 3863 1624 3916 Ju-

256 3945 381 4012 daei,
426 3958 608 4017 quam
651 3939 840 4012 Tyrii,
888 3938 1360 4012 indignioresque
1386 3956 1447 3996 se
1475 3942 1624 3998 fece-

259 4030 385 4079 rant
428 4023 625 4097 gratia
671 4018 918 4076 efficaci:
947 4018 1098 4076 unde
1119 4019 1624 4092 exprobrationem

72 4103 416 4172 mamillam
440 4104 809 4165 meruerunt,
831 4098 996 4172 Juxta
1017 4097 1162 4154 illud
1194 4101 1346 4155 Oseae
1377 4101 1461 4156 13:
1485 4099 1626 4156 Per-

255 4184 390 4238 ditio
428 4191 531 4238 tua
582 4197 659 4235 em
695 4187 743 4234 te
791 4178 970 4236 Israel
999 4221 1013 4244 ,
1058 4178 1434 4233 tantummodo
1456 4182 1516 4234 in
1543 4197 1626 4235 me

255 4264 542 4320 auxilium
568 4269 752 4316 tuum.
769 4255 1045 4316 Videatur
1065 4275 1189 4331 quae
1209 4258 1466 4315 diximus
1491 4267 1620 4317 tom.

267 4349 310 4413 1,
341 4354 509 4401 tract.
541 4346 608 4410 3,
641 4344 784 4415 disp.
825 4342 889 4397 10
934 4359 970 4396 a
1009 4359 1165 4397 num.
1207 4343 1298 4398 23.
1350 4342 1625 4398 Videatur

258 4427 432 4482 etiam
463 4428 530 4483 D.
557 4425 765 4480 Thom.
795 4423 851 4487 3,
881 4429 1071 4477 contra
1106 4429 1304 4493 yeme-3,
1345 4440 1468 4496 cap.
1524 4423 1626 4478 159

256 4515 305 4562 et
340 4508 463 4563 160.

76 4626 233 4676 minuar
329 4588 417 4643 Ad
437 4585 756 4644 secundam
778 4583 1081 4642 dicendum
1111 4591 1210 4650 est,
1236 4584 1618 4652 Pharaonem,

75 4674 312 4727 nannet
335 4665 960 4724 Nabuchodonosorem
989 4665 1163 4720 fuisse
1187 4664 1420 4737 quidem
1442 4682 1627 4739 aequa-

259 4751 340 4807 les
359 4752 424 4807 in
447 4747 693 4806 auxiliis
712 4745 1137 4811 sufficientibus,
1159 4747 1252 4802 vel
1280 4746 1344 4802 in
1371 4746 1472 4813 eis»,
1498 4763 1626 4819 quae

260 4829 329 4886 ad
353 4829 608 4905 gratiam
638 4831 1080 4898 supponuntur3
1120 4826 1366 4882 minime
1397 4842 1533 4883 vero
1559 4828 1622 4883 in

259 4909 531 4967 omnibus
553 4905 812 4963 auxiliis.
839 4905 998 4970 Quod
1018 4905 1154 4962 satis
1174 4905 1445 4977 liquet-ex
1462 4921 1625 4963 com-

97 4988 212 5050 asq-
261 4989 563 5062 paratione
608 4988 677 5042 D.
720 4986 1026 5058 Augustini
1054 4985 1117 5040 in
1164 4985 1284 5042 loco
1320 4986 1418 5057 qui
1458 4985 1625 5043 nobis

103 5047 212 5134 ’ἷὲἷῖ
261 5070 550 5145 objicitur,
608 5066 708 5123 ubi
757 5066 1181 5139 ait:Quantum
1223 5067 1299 5123 ad
1331 5071 1616 5136 naturam,

1749 622 1908 678 ambo
1953 623 2197 678 homines
2240 630 2429 690 erant,·
2455 628 2722 699 quantum
2761 618 2836 673 ad
2861 617 3113 686 dimitta-

1750 711 1875 769 tem,
1902 703 2061 757 ambo
2085 702 2280 774 Καρσὶ-3,·
2302 710 2570 780 quantum
2591 702 2665 756 ad
2684 716 2931 764 causam,
2952 694 3115 751 ambo

1749 786 2033 856 captivum
2056 784 2319 856 populum
2345 781 2446 838 Dei
2454 781 2789 855 possidentes
2802 798 2821 846 ,·
2841 783 3111 854 quantum

1749 864 1825 919 ad
1859 881 2098 937 poenam,
2150 864 2308 918 ambo
2351 863 2589 934 flagellis
2637 861 2929 917 admoniti.
2962 856 3121 930 Quid·

1750 961 1873 1015 erqo
1903 946 2037 1016 fines
2060 961 2247 999 eorum
2272 945 2400 1017 [ecit
2420 960 2530 998 esse
2544 942 2824 998 diversos?
2849 945 2954 996 etc.
2979 935 3106 1002 Ubi,

1715 1077 1718 1080 Α
1754 1031 1813 1081 ut
1840 1024 2019 1092 videS,
2049 1026 2197 1082 nihil
2226 1030 2508 1098 supputat,
2534 1022 2682 1096 quod
2706 1023 2922 1078 lineam
2952 1017 3113 1076 auxi·

1754 1106 1817 1162 lii
1859 1123 2000 1179 pure
2037 1106 2368 1162 sufficientis
2413 1104 2664 1162 excedat.
2714 1103 2919 1158 Statim
2972 1114 3116 1156 vero

1751 1185 2013 1260 designat
2057 1186 2300 1259 speciale
2329 1186 2426 1241 Dei
2456 1183 2741 1241 auxilium
2770 1181 2966 1238 efficax
2992 1180 3114 1237 col-

1754 1268 1934 1324 latum
1965 1268 2139 1324 fuisse
2165 1266 2704 1324 Nabuchodonosori
2731 1309 2743 1332 ,
2794 1280 2905 1338 quo
2932 1262 3113 1320 desti-

1752 1355 1906 1406 tutus
1954 1350 2177 1407 Pharao
2224 1350 2286 1406 iu
2332 1366 2435 1405 sua
2462 1347 2841 1406 obduratione
2876 1345 3113 1419 propria

1752 1430 2068 1486 voluntatis
2116 1429 2545 1486 defectibilitate
2597 1428 2945 1502 permansit.
3006 1424 3114 1481 Hic

1752 1511 2076 1588 quicumque
2095 1509 2392 1582 respondet,
2420 1510 2510 1565 illi
2536 1509 2772 1579 (seilicet
2806 1504 3111 1563 Nabucho-

1751 1590 2045 1660 donosori)
2072 1598 2131 1645 ut
2156 1598 2464 1646 mutaretur
2482 1633 2495 1656 ,
2545 1590 2791 1662 adfuisse
2817 1588 3071 1642 divinum
3095 1608 3114 1651 ,-

1752 1673 1881 1727 huic
1906 1674 2137 1744 (nempe
2164 1671 2477 1742 Pharaoni)
2516 1678 2578 1727 ut
2604 1671 2979 1735 induraretur,
3017 1668 3114 1723 cle-

1751 1756 1924 1828 [uisse
1945 1754 2265 1827 praesidium
2285 1773 2302 1807 :
2323 1762 2373 1809 et
2392 1756 2490 1809 hoc
2516 1754 2749 1809 intendit
2776 1768 2883 1807 esse
2932 1752 3114 1823 injus-

1753 1844 1889 1905 tum,
1933 1843 2154 1909 propter
2205 1837 2347 1913 quod
2388 1855 2571 1892 rerum
2612 1839 2862 1909 ipsarum
2900 1833 3115 1904 sinesin

1754 1916 1858 1973 Dei
1902 1919 2183 1974 voluntate
2226 1921 2557 1974 constituens
2598 1916 2893 1990 Apostolus
2925 1914 3074 1969 dixit
3097 1932 3114 1966 .·

1758 1997 1932 2070 Cujus
1961 2000 2074 2054 vult
2102 2001 2405 2064 miseretur,
2437 2005 2485 2053 et
2508 2016 2661 2073 quem
2689 1998 2823 2063 vult,
2850 1996 3078 2051 indurat
3095 2014 3114 2061 ,·

1752 2081 1959 2136 dicente
1997 2081 2273 2138 Domino:
2297 2080 2432 2140 Sine
2458 2098 2541 2136 me
2581 2080 2725 2135 nihil
2750 2079 2970 2152 potestis
3016 2078 3113 2149 fa-

1752 2181 1867 2219 cere
1889 2182 1905 2216 .·
1933 2164 2205 2233 intelligat
2229 2164 2332 2222 illa
2352 2165 2560 2227 omnia,
2581 2163 2665 2217 vel
2680 2163 2980 2234 adjuvante
3002 2158 3111 2215 Do·

1755 2247 1904 2301 mino
1921 2247 2126 2318 perfici,
2152 2246 2236 2301 vel
2261 2247 2527 2301 deserente
2542 2246 2811 2317 permitti.

1827 2327 1921 2381 29.
1953 2324 2037 2379 Ad
2067 2327 2293 2382 tertiam
2321 2325 2519 2383 eodem
2545 2323 2715 2381 modo
2738 2320 3113 2396 respondetur
3145 2328 3307 2387 satisfit

1753 2409 1809 2465 S.
1845 2408 2139 2464 Doctorem
2167 2424 2502 2480 comparare
2523 2408 2654 2463 illos
2670 2408 2912 2481 juvenes
2938 2419 3116 2475 quan·
3148 2382 3296 2422 ¹⁸¹⁸ae·

1755 2491 1879 2543 tum
1915 2485 1985 2543 ad
2024 2488 2501 2554 circumstantiaS,
2528 2493 2583 2544 et
2610 2487 2773 2560 signa
2800 2484 3109 2549 exteriora,

1753 2583 1880 2640 qua-:1
1914 2568 2221 2640 pertinent,
2255 2570 2346 2625 vel
2392 2567 2742 2624 reducuntur
2768 2564 2837 2622 ad
2869 2568 3116 2637 potesta-

1755 2655 1891 2713 tem,
1926 2650 2016 2704 vel
2041 2649 2287 2723 gratiam
2329 2648 2740 2715 sufficientem;
2777 2661 2895 2703 non
2923 2650 3117 2702 autem

1753 2733 2032 2802 quantum
2063 2729 2133 2786 ad
2162 2730 2360 2786 omnia
2381 2730 2598 2785 auxilia
2628 2728 2927 2784 interiora.
2953 2725 3120 2783 Unde

1754 2825 1885 2865 cum
1915 2810 2120 2865 asserit
2146 2831 2158 2864 ε
2186 2808 2255 2867 Si
2275 2811 2459 2865 eadem
2485 2812 2779 2865 tentatione
2799 2807 2959 2863 ambo
2988 2815 3109 2863 ten—

1755 2897 1954 2958 tentur,
1987 2898 2036 2945 et
2057 2909 2201 2946 unus
2219 2893 2270 2945 ei
2288 2892 2459 2956 cedat,
2484 2899 2645 2969 atque
2665 2891 2965 2946 consentiat
2985 2908 3005 2958 ,·
3024 2891 3115 2946 al-

1756 2978 1836 3026 ter
1864 2972 2022 3037 idem,
2055 2974 2153 3048 qui
2170 2972 2374 3043 fuerat,
2401 2979 2698 3044 perseveret
2726 2990 2744 3037 ‚·
2781 2970 2915 3047 quid
2958 2971 3117 3026 aliud

1755 3059 2002 3125 apparet,
2053 3055 2165 3107 nisi
2207 3071 2382 3108 unum
2419 3054 2670 3118 voluisse,
2721 3052 2959 3107 alterum
3012 3069 3114 3106 no-

1758 3133 1921 3188 luisse
1946 3135 2254 3189 acas-litate
2299 3134 2559 3206 deficere?
2584 3132 2697 3191 duo
2742 3138 2970 3190 tantum
3019 3132 3115 3188 in-

1757 3214 1941 3271 tendit
1970 3232 1982 3268 :
2017 3217 2207 3288 primo
2235 3221 2506 3273 neutrum
2537 3216 2856 3273 necessario
2883 3230 3118 3272 consen-

1757 3295 1868 3352 tire
1890 3339 1904 3363 ,
1957 3301 2228 3352 neutrum
2276 3297 2593 3354 necessario
2630 3295 2973 3362 dissentire;
3020 3295 3119 3352 sed

1757 3392 1956 3443 unum,
2006 3383 2062 3434 et
2106 3379 2353 3435 alterum
2402 3379 2582 3435 libere
2622 3393 2790 3452 agere
2824 3400 2836 3433 ε
2867 3377 3118 3434 secundo

1756 3455 2059 3532 designare
2086 3476 2312 3516 causam
2341 3459 2582 3516 omnino
2612 3459 2938 3531 proximam
2962 3503 2975 3527 ,
3022 3460 3115 3515 vel

1760 3543 1820 3594 ut
1843 3541 2110 3613 proprius
2133 3543 2454 3614 loquamur,
2481 3541 2712 3615 signum
2740 3539 2980 3606 evidens
3007 3538 3119 3595 dis-

1757 3619 2030 3675 cretionis
2060 3636 2159 3692 per
2192 3621 2324 3677 illos
2349 3662 2362 3676 .
2390 3622 2499 3676 Per
2522 3620 2624 3676 hoc
2648 3626 2841 3676 tamen
2874 3620 3131 3674 minime

1758 3698 2008 3754 excludit
2054 3701 2230 3755 aliam
2286 3716 2516 3755 causam
2567 3701 2908 3771 primariam
2958 3699 3125 3755 illius

1758 3777 2116 3843 differentiae,
2148 3784 2425 3851 quantum
2449 3778 2519 3834 ad
2541 3795 2675 3834 eum
2702 3780 2799 3851 qui
2845 3780 2909 3834 in
2952 3778 3127 3851 pudi-

1758 3859 1891 3915 citia
1939 3859 2274 3930 permansit,
2309 3873 2515 3930 nempe
2561 3857 2846 3914 auxilium
2895 3864 3124 3915 antece-

1758 3940 1960 3997 denter
2005 3939 2218 4006 efficax,
2264 3955 2377 4011 quo
2422 3941 2627 4013 agitur,
2663 3945 2724 3995 ut
2765 3940 3013 3997 resistat.
3062 3941 3127 3997 ld

1757 4020 1907 4092 quod
1930 4022 1990 4076 in
2011 4038 2131 4094 cap.
2158 4021 2193 4075 9
2211 4022 2454 4097 sequenti
2477 4018 2677 4092 probat
2696 4022 2961 4093 exemplo
2999 4024 3125 4077 An-

1758 4103 2021 4174 gelorum
2057 4122 2069 4157 ε
2096 4099 2166 4158 Si
2211 4108 2395 4156 autem
2414 4144 2427 4166 ,
2479 4101 2703 4173 inquit,
2756 4101 2882 4156 boni
2922 4101 3124 4171 Anqeli

1758 4183 1987 4255 suerunt
2001 4183 2163 4254 prius
2186 4183 2304 4236 sine
2329 4181 2468 4237 bona
2490 4182 2785 4248 voluntate,
2810 4199 3035 4257 eamque
3060 4185 3118 4237 in

1756 4266 1966 4340 seipsis,
1988 4263 2102 4320 Deo
2124 4281 2231 4319 non
2252 4271 2519 4337 operante,
2551 4265 2791 4334 fecerunt
2822 4284 2841 4318 :
2868 4282 2992 4334 erqo
3009 4283 3122 4320 me-

1760 4347 1921 4401 liores
1940 4364 1976 4400 a
1997 4347 2207 4418 seipsis,
2229 4363 2396 4422 quam
2417 4346 2487 4401 ab
2507 4347 2605 4402 illo
2626 4348 2767 4419 facti
2786 4355 2936 4403 sunt.
2959 4348 3125 4405 Unde

1762 4426 1891 4481 licet
1919 4425 2007 4481 illi
2035 4424 2149 4481 duo
2170 4425 2412 4499 juvenes
2434 4444 2534 4499 per
2562 4444 2728 4484 usum
2755 4427 3005 4500 propriae
3030 4445 3122 4486 vo·

1761 4505 1999 4562 luntatis
2025 4521 2086 4561 se
2108 4504 2432 4562 formaliter
2456 4506 2805 4572 discernant,
2854 4523 2988 4562 usus
3034 4512 3121 4564 ta-

1763 4600 1899 4641 men
1945 4584 2128 4642 bonus
2167 4590 2253 4641 est
2277 4585 2507 4643 effeetus
2544 4588 2744 4661 gratiae
2770 4588 2870 4644 Dei
2894 4593 3122 4646 antece-

1759 4664 1964 4723 denter
1998 4674 2055 4723 et
2087 4666 2386 4725 efficaciter
2409 4669 2833 4741 praevenientis,
2861 4675 2923 4726 ut
2943 4672 3123 4729 tradit

1761 4746 1916 4804 idem
1969 4751 2205 4823 August.
2241 4749 2333 4806 lib.
2392 4753 2411 4805 1
2463 4751 2702 4808 Retraet.
2747 4770 2871 4826 cap.
2921 4754 2975 4821 9,
3030 4755 3122 4810 his
3163 4756 3301 4814 Β-ΔΨ

1758 4821 1954 4884 verbis
1985 4850 1998 4885 ε
2029 4829 2177 4902 Quia
2193 4832 2381 4885 omnia
2405 4830 2564 4897 bona,
2593 4841 2643 4888 et
2672 4850 2895 4904 mayna,
2920 4841 2969 4889 et
3004 4852 3119 4891 me-
3178 4810 3304 4899 ‘ficis'

1757 4908 1876 4976 dia,
1906 4917 1957 4964 et
1988 4911 2222 4965 minima
2241 4927 2315 4965 em
2344 4909 2450 4966 Deo
2494 4919 2641 4980 sunt,
2673 4916 2919 4992 sequitur
2944 4921 3007 4970 ut
3051 4932 3123 4970 eae

1757 4989 1871 5046 Deo
1898 4993 1970 5046 sit
2002 4999 2051 5047 et
2076 4992 2245 5048 bonus
2270 5009 2404 5048 usus
2431 4993 2604 5050 liberat
2641 4996 2961 5060 voluntatis,
3009 5014 3127 5073 qux

1757 5074 1939 5127 virtus
1957 5078 2052 5142 est,
2078 5079 2126 5128 et
2150 5075 2211 5129 in
2238 5076 2458 5144 maqnis
2496 5083 2822 5132 numeratur
2844 5075 3014 5132 bonis.
3054 5078 3124 5131 Et
