3647 5753
286 1621 474 1665 Occurri-

287 1676 356 1715 tur
372 1682 491 1723 argu-

313 1729 379 1765 me
386 1726 470 1764 nlo.

279 4166 334 4208 D.
356 4166 460 4211 Tho.

291 4968 452 5010 conflr-

286 5016 457 5059 matloni

503 397 618 453 806
1549 399 1642 454 DE
1683 397 1989 452 PRAEMIO
2029 398 2307 454 MERITI.

496 567 684 626 sectus
706 567 769 623 in
789 584 1000 642 genere
1020 585 1199 626 causae
1218 568 1515 627 efficientis
1531 568 1866 635 meritoriae;

505 650 723 706 intuitu
770 651 983 724 quippe
1021 652 1365 708 meritorum
1394 651 1608 707 Christi
1634 649 1870 707 venturi

502 731 748 788 contulit
772 732 921 787 Deus
967 731 1237 788 Patribus
1283 731 1536 804 antiquis
1576 737 1697 786 tum
1733 747 1870 806 gra-

503 812 646 867 tiam
689 810 1137 886 justificationis,
1170 817 1293 869 tum
1341 812 1746 885 dispositiones
1798 809 1870 867 ad

502 891 690 961 illam,
726 895 878 950 inter
904 910 1042 966 quas
1071 893 1325 966 praedicti
1365 899 1519 950 actus
1565 907 1871 949 recensen-

504 981 603 1031 tur
632 999 645 1030 ι
676 976 834 1048 atqui
864 974 1023 1039 fides,
1056 982 1111 1033 et
1136 992 1265 1049 spes
1292 977 1354 1032 in
1383 976 1677 1031 Christum
1722 991 1871 1033 ven·

502 1062 703 1113 turum
738 1057 1126 1114 essentialiter
1170 1056 1551 1133 respiciebant
1576 1056 1869 1114 Christum

502 1147 566 1195 ut
589 1140 870 1205 futurum,
899 1146 961 1195 ut
980 1156 1051 1196 ex
1099 1141 1369 1198 terminis
1417 1146 1676 1198 constare
1703 1139 1870 1198 vide-

506 1228 603 1278 tur
628 1248 642 1290 ς
672 1229 727 1280 et
755 1228 1164 1294 consequenter
1207 1223 1490 1297 praedictis
1538 1222 1756 1279 actibus
1795 1222 1869 1280 fi-

500 1303 613 1369 dei,
645 1310 700 1361 et
727 1304 846 1376 spei
876 1305 1265 1362 essentialiter
1308 1304 1662 1380 repugnabat
1707 1306 1868 1378 sequi

501 1389 625 1458 post
666 1384 877 1439 merita
928 1385 1142 1441 Christi
1177 1402 1355 1462 :ergo
1398 1401 1516 1442 non
1545 1390 1629 1442 est
1669 1391 1869 1442 contra

502 1466 788 1522 rationem
819 1467 1064 1537 praemii,
1097 1465 1247 1540 quod
1278 1467 1330 1524 ei
1364 1473 1644 1542 repugnet
1668 1482 1869 1524 essen-

502 1545 720 1603 tialiter
742 1546 901 1619 sequi
931 1551 1056 1619 post
1082 1549 1379 1606 meritum.

577 1628 661 1684 Ad
716 1636 1122 1702 argumentum
1180 1631 1557 1704 respondetur
1604 1634 1869 1706 negando

502 1711 779 1784 majorem
804 1710 874 1768 ob
898 1712 1266 1770 manifestam
1289 1713 1687 1787 disparitatem
1712 1715 1870 1771 inter

503 1792 755 1864 primam
781 1793 1049 1866 gratiam,
1076 1799 1131 1849 et
1160 1794 1412 1867 primam
1438 1796 1688 1870 gloriam
1716 1819 1729 1863 3
1763 1795 1868 1851 illa

497 1874 660 1931 enim
686 1877 1074 1933 essentialiter
1097 1879 1565 1951 praesupponitur
1594 1877 1665 1934 ad
1694 1876 1869 1934 meri·

495 1956 800 2017 tum3haec
843 1972 981 2014 vero
1027 1957 1173 2014 illud
1220 1959 1676 2016 connaturaliter
1716 1975 1869 2033 pras-

492 2038 770 2109 supponit
785 2063 801 2107 ;
839 2039 991 2096 unde
1011 2040 1287 2097 meritum
1311 2047 1491 2114 potest
1512 2042 1582 2098 ad
1612 2042 1864 2116 primam

494 2118 746 2191 gloriam
799 2119 1052 2186 extendi,
1087 2135 1205 2177 non
1253 2127 1444 2178 autem
1493 2122 1563 2179 ad
1612 2122 1865 2195 primam

494 2198 769 2271 gratiam.
796 2200 883 2256 Ad
914 2201 1165 2274 primam
1209 2202 1604 2275 probationem
1636 2203 1698 2259 in
1725 2219 1866 2260 con-

500 2279 776 2349 trarium,
841 2298 1106 2340 concesso
1164 2284 1521 2342 antecedenti
1589 2299 1866 2358 negamus

496 2363 965 2433 consequentiam
993 2363 1064 2420 ob
1092 2364 1460 2423 manifestam
1487 2366 1663 2424 etiam
1695 2365 1866 2423 ratio-

506 2454 640 2497 nem
669 2441 1056 2514 disparitatis;
1088 2461 1224 2502 nam
1253 2453 1626 2523 augmentum
1666 2447 1865 2522 gratiae

496 2521 773 2592 supponit
797 2525 1049 2596 primam
1077 2528 1345 2599 gratiam,
1366 2535 1422 2585 et
1444 2533 1624 2601 potest
1644 2543 1866 2586 conna-

501 2600 769 2657 turaliter
789 2619 1113 2676 supponere
1133 2612 1287 2663 actus
1310 2609 1637 2665 meritorios
1666 2629 1679 2662 τ
1712 2607 1865 2665 unde

497 2680 749 2738 minime
779 2690 1076 2759 repugnat,
1114 2687 1264 2759 quod
1294 2694 1449 2745 actus
1475 2704 1535 2745 se
1561 2689 1864 2746 meritorie

496 2760 813 2817 extendens
835 2762 905 2819 ad
942 2772 1317 2838 augmentum
1357 2769 1575 2842 gloriae,
1603 2784 1663 2825 se
1683 2769 1862 2825 etiam

496 2838 699 2898 eodem
728 2842 897 2901 modo
917 2844 1189 2903 extendat
1223 2847 1292 2904 ad
1326 2853 1697 2923 augmentum
1724 2866 1863 2925 gra-

497 2920 611 2977 tiae.
647 2923 847 2980 Prima
873 2939 1012 2980 vero
1037 2927 1224 2999 gratia
1274 2930 1618 3001 supponitur
1663 2945 1864 2988 essen-

495 3002 717 3061 tialiter
765 3005 833 3063 ad
875 3007 1152 3065 meritum
1186 3011 1384 3069 :unde
1432 3011 1563 3069 licet
1606 3013 1757 3070 istud
1801 3029 1863 3071 se

496 3088 766 3144 extendat
801 3088 873 3145 ad
913 3090 1163 3163 primam
1209 3094 1479 3167 gloriam,
1525 3097 1723 3169 nequit
1775 3102 1864 3154 ta-

497 3184 633 3225 men
664 3169 733 3224 ad
760 3171 1009 3243 gratiam
1039 3173 1291 3245 primam
1329 3191 1391 3233 se
1416 3177 1748 3235 extendere.
1773 3178 1862 3234 Ad

497 3248 811 3305 secundam
865 3251 1264 3324 probationem
1328 3255 1657 3325 dicendum,
1709 3259 1864 3333 quod

499 3331 631 3387 licet
658 3332 848 3403 prima
885 3335 1074 3408 gloria
1116 3340 1501 3399 essentialiter
1529 3357 1862 3415 praesuppo-

459 3463 464 3468 .
500 3416 601 3468 nat
652 3414 905 3486 primam
957 3418 1227 3490 gratiam,
1284 3422 1532 3479 minime
1583 3422 1858 3492 infertur,

495 3492 645 3564 quod
672 3495 768 3567 qui
799 3502 1055 3554 meretur
1083 3499 1334 3571 primam
1362 3502 1631 3576 gloriam,
1660 3503 1863 3561 debeat

495 3573 671 3629 etiam
696 3575 948 3647 primam
970 3579 1222 3651 gratiam
1244 3583 1479 3639 mereri.
1508 3583 1653 3647 Quia
1672 3586 1863 3658 gratia

496 3655 689 3728 prima
710 3657 788 3714 ita
818 3663 1282 3733 praesupponitur
1312 3663 1382 3721 ad
1406 3667 1710 3738 praemium
1732 3669 1862 3742 glo-.

497 3737 615 3805 riae,
647 3738 795 3810 quod
823 3741 1000 3797 etiam
1049 3746 1511 3817 praesupponitur
1556 3746 1626 3803 ad
1675 3748 1860 3804 meri-

494 3824 618 3873 tum
654 3840 666 3873 :
696 3821 959 3892 quocirca
988 3839 1106 3881 non
1132 3824 1434 3899 subjicitur
1461 3831 1583 3901 ejus
1609 3830 1860 3885 causali-

495 3898 598 3955 tati
624 3922 639 3966 5
666 3906 815 3959 recte
835 3903 1046 3977 quippe
1070 3906 1316 3963 cohaeret
1337 3908 1556 3982 aliquid
1577 3912 1861 3967 essentia-

495 3980 628 4037 liter
650 3986 1015 4057 praesupponi
1041 3986 1109 4042 ad
1134 3989 1461 4059 praemium,
1487 3992 1630 4063 quin
1654 3991 1859 4049 habeat

495 4064 721 4134 praemii
750 4067 1053 4133 rationem,
1085 4073 1141 4124 et
1167 4069 1272 4125 sub
1298 4071 1496 4128 eodem
1529 4075 1737 4132 merito
1760 4091 1858 4131 ca-

493 4142 608 4211 dat,
655 4151 716 4199 ut
757 4149 972 4218 optime
1012 4151 1276 4222 exposuit
1310 4153 1375 4208 D.
1407 4152 1613 4211 Thom.
1643 4156 1679 4211 3
1702 4164 1850 4228 part.

492 4236 674 4305 quaest.
701 4232 755 4296 2,
783 4238 892 4286 art.
929 4234 1012 4298 ll,
1045 4233 1143 4289 ubi
1173 4235 1357 4291 simili
1383 4244 1722 4311 argumento
1746 4255 1859 4296 res·

492 4310 751 4382 pondens
781 4313 906 4368 ait:
953 4336 979 4367 α
1023 4315 1110 4371 Ad
1156 4318 1472 4376 secundum
1524 4319 1852 4390 dicendum,

495 4410 520 4441 α
566 4390 716 4463 quod
770 4392 875 4449 hoc
912 4399 999 4451 est
1040 4396 1271 4467 falsum,
1298 4399 1448 4472 quod
1495 4399 1602 4456 sub
1648 4403 1857 4460 merito

497 4494 522 4524 α
563 4472 712 4529 cadit
739 4490 913 4532 omne
935 4477 1100 4539 illud.
1125 4479 1255 4537 sine
1274 4497 1386 4553 quo
1408 4483 1712 4554 praemium
1734 4500 1857 4542 esse

494 4574 519 4605 «
566 4569 685 4611 non
708 4561 920 4627 potest;
949 4559 1209 4632 quaedam
1230 4563 1391 4618 enim
1419 4567 1713 4637 sunt,quae
1736 4582 1856 4623 non

493 4653 519 4686 «
563 4635 750 4690 solum
805 4640 1182 4710 requiruntur
1235 4639 1304 4697 ad
1367 4645 1695 4715 praemium‚
1753 4647 1854 4703 sed

494 4735 519 4766 α
563 4715 738 4771 etiam
781 4722 1215 4797 praeexiguntur
1264 4722 1336 4780 ad
1382 4727 1681 4794 meritum,
1708 4726 1854 4785 sicut

494 4814 519 4847 α
563 4794 765 4855 divina
787 4797 1029 4869 bonitas,
1063 4808 1119 4859 et
1139 4804 1261 4877 ejus
1284 4805 1490 4880 gloria,
1523 4813 1578 4864 et
1606 4808 1730 4880 ipsa
1756 4809 1857 4868 ho·

496 4895 523 4929 α
563 4877 744 4935 minis
774 4886 1003 4940 natura.
1051 4903 1077 4935 ι)

562 4958 649 5013 Ad
676 4960 1176 5022 confirmationem
1215 4968 1592 5041 respondetur
1631 4987 1855 5047 negan-
1902 4994 1908 5001 ·

288 5065 454 5108 snusm.
488 5035 561 5121 do
587 5042 943 5102 antecedens.
971 5048 1141 5122 Cujus
1170 5048 1429 5121 probatio
1474 5053 1657 5127 tangit
1700 5053 1856 5111 diffi-

2007 569 2286 627 cultatem
2311 611 2325 636 ,
2392 588 2519 644 quae
2556 573 2851 646 propriam
2922 573 3122 630 sedem
3192 571 3373 630 habet

2001 649 2036 705 3
2060 658 2210 722 part.
2235 659 2416 729 quast.
2449 654 2484 707 2
2510 661 2560 707 ct
2588 662 2769 731 quast.
2823 655 2907 717 19,
2953 653 3052 709 ubi
3098 653 3270 709 illam
3299 668 3375 710 ex

2002 730 2252 803 professo
2277 731 2667 790 discutiemus».
2695 736 2859 791 Nunc
2886 734 3145 792 breviter
3165 732 3376 792 dicen-

1999 810 2137 867 dum
2167 817 2268 871 est.
2301 818 2457 869 actus
2484 814 2615 871 illos
2642 813 2796 881 fidei,
2829 821 2884 873 et
2910 817 3055 889 spei,
3080 822 3136 872 et
3183 816 3232 870 si
3268 817 3370 888 qui

1998 899 2134 949 sunt
2179 893 2301 959 alii,
2333 892 2542 966 quibus
2585 896 2974 953 essentialiter
3020 896 3372 970 repugnavit

1999 977 2157 1049 sequi
2187 982 2313 1049 post
2340 979 2825 1045 Incarnationem,
2857 996 2974 1036 non
3009 980 3189 1037 fuisse
3218 994 3371 1052 prze-

1999 1058 2185 1113 mium
2228 1059 2574 1115 meritorum
2616 1060 2848 1124 Christi,
2881 1077 2984 1117 nec
3029 1061 3103 1117 ab
3149 1061 3235 1117 eis
3261 1061 3370 1117 de-

2001 1137 2263 1210 pendisse
2285 1138 2346 1194 in
2371 1154 2584 1213 genere
2603 1156 2784 1197 causas
2807 1141 3104 1198 efficientis
3127 1142 3370 1198 merito·

2001 1218 2120 1285 riae,
2156 1225 2385 1293 propter
2417 1221 2698 1278 rationem
2727 1223 2935 1294 saepius
2978 1223 3365 1288 inculcatam;

1997 1301 2133 1372 quia
2175 1300 2440 1358 videlicet
2481 1302 2875 1359 chimaericum
2921 1311 3005 1360 est
3057 1304 3364 1365 meritum,

1997 1380 2089 1437 cui
2116 1382 2500 1439 essentialiter
2544 1391 2818 1457 repugnat
2852 1400 3021 1440 suum
3053 1385 3366 1458 praemium

1997 1461 2339 1534 simpliciter
2409 1464 2758 1521 antecedere.
2832 1468 3086 1522 Fuerunt
3164 1472 3366 1522 tamen

1999 1541 2251 1615 praedicti
2314 1548 2467 1600 actus
2510 1544 2739 1600 effectus
2805 1546 3249 1612 Incarnationis,
3309 1553 3370 1602 et

1998 1625 2341 1681 meritorum
2363 1626 2576 1682 Christi
2610 1628 2670 1682 in
2697 1644 2907 1702 genere
2929 1645 3110 1685 causae
3138 1627 3365 1694 finalis;

1997 1706 2131 1778 quia
2156 1706 2409 1764 ordinati
2439 1708 2674 1764 fuerunt
2699 1725 2731 1764 a
2754 1712 2867 1766 Deo
2893 1708 2963 1767 ad
2991 1709 3208 1766 Christi
3232 1710 3370 1783 glo-

1999 1786 2172 1842 riam.
2216 1789 2280 1842 1n
2325 1803 2436 1859 quo
2476 1806 2648 1845 sensu
2695 1787 2907 1844 dicitur
2946 1790 3364 1853 communiter,

1996 1884 2231 1925 omnem
2259 1871 2505 1944 gratiam
2557 1870 2824 1928 Patribus
2866 1872 3134 1927 collatam
3184 1872 3368 1928 fuisse

1998 1956 2230 2024 propter
2275 1953 2484 2010 merita
2525 1953 2770 2023 Christi;
2821 1970 2956 2010 nam
3006 1954 3065 2027 ly
3114 1961 3362 2026 propter,

1997 2046 2115 2089 non
2179 2031 2440 2107 designat
2497 2034 2907 2091 universaliter
2963 2035 3366 2091 causalitatem

1994 2114 2378 2182 meritoriam,
2415 2133 2517 2173 nec
2561 2116 2863 2191 significat,
2902 2117 3051 2190 quod
3097 2118 3369 2174 Christus

1995 2195 2292 2253 meritorie
2316 2198 2637 2255 causaverit
2656 2205 2857 2255 cuncti
2877 2215 3002 2272 quaa
3033 2199 3273 2255 fuerunt
3296 2199 3366 2255 in

1997 2275 2297 2344 Patribus;
2353 2278 2549 2352 aliqua
2584 2279 2744 2335 enim
2796 2278 2947 2336 dona
2994 2286 3359 2352 acceperunt,

1993 2355 2200 2429 quibus
2276 2360 2626 2434 repugnabat
2700 2361 2861 2433 sequi
2945 2366 3070 2433 post
3144 2361 3363 2417 merita

1994 2439 2226 2503 Christi,
2259 2446 2313 2497 et
2346 2447 2755 2515 consequenter
2782 2458 2903 2500 esse
2930 2442 3233 2515 praemium
3254 2459 3362 2501 eo·

1996 2537 2146 2578 rum.
2179 2521 2286 2578 Sed
2316 2523 2374 2597 ly
2403 2532 2627 2597 propter
2672 2524 2902 2580 denotat
2945 2525 3363 2582 universaliter

1993 2618 2220 2659 causam
2246 2601 2502 2669 finalem,
2529 2610 2586 2662 et
2605 2603 2755 2677 quod
2777 2605 3036 2661 Christus
3075 2604 3252 2662 fuerit
3280 2603 3362 2661 fi-

1994 2683 2087 2740 nis
2139 2684 2405 2740 omnium
2454 2684 2758 2750 bonorum,
2791 2702 2915 2758 quae
2946 2688 3144 2742 Patres
3194 2702 3360 2745 acce-

1994 2769 2235 2838 perunt,
2283 2771 2339 2822 et
2390 2764 2662 2825 denotare
2722 2774 2904 2840 potest
2956 2768 3355 2825 causalitatem

1993 2844 2357 2904 meritoriam
2419 2863 2594 2920 supra
2651 2850 2844 2922 aliqua
2895 2847 3062 2916 bona,
3112 2865 3238 2923 quae
3285 2850 3358 2908 in

1993 2925 2260 2983 Patribus
2289 2928 2736 3000 praeextiterunt,
2766 2945 2939 3003 super
2963 2945 3030 2985 ea
3062 2929 3355 2996 videlicet,

1991 3007 2198 3080 quibus
2225 3024 2343 3067 non
2386 3011 2737 3086 repugnabat
2770 3012 2930 3086 sequi
2973 3016 3097 3085 post
3139 3010 3357 3068 merita

1993 3089 2224 3148 Christi.
2259 3094 2370 3148 Nec
2396 3107 2466 3149 ex
2486 3108 2573 3159 e0,
2599 3092 2751 3167 quod
2773 3094 3032 3151 Christus
3075 3109 3363 3151 causave-

1995 3170 2072 3227 rit
2099 3171 2396 3229 meritorie
2421 3173 2670 3247 gratiam
2695 3173 3118 3246 justificationis
3143 3174 3210 3229 in
3239 3175 3361 3231 Pa-

1991 3251 2196 3319 tribus,
2239 3254 2497 3325 sequitur
2544 3254 2694 3326 quod
2751 3255 3102 3330 generaliter
3146 3254 3356 3311 eodem

1990 3332 2162 3391 modo
2182 3335 2502 3390 causaverit
2529 3350 2731 3392 omnes
2751 3344 2908 3393 actus
2928 3337 2998 3393 ad
3021 3336 3356 3409 praedictam

1988 3416 2238 3492 gratiam
2258 3416 2659 3489 disponentes3
2684 3419 2900 3475 militat
2924 3420 3084 3476 enim
3118 3418 3360 3475 diversa

1945 3533 1949 3537 «
1994 3496 2139 3554 ratio
2173 3517 2186 3552 ε
2216 3513 2351 3554 nam
2378 3498 2577 3572 gratita
2606 3498 2694 3555 illi
2725 3516 2843 3557 non
2884 3499 3239 3575 repugnabat
3258 3514 3357 3555 se-

1989 3579 2086 3653 qui
2112 3583 2236 3651 post
2261 3580 2471 3636 merita
2497 3581 2726 3647 Christi,
2760 3587 2858 3637 aut
2898 3580 3358 3655 independenter

1990 3657 2062 3716 ab
2090 3659 2209 3715 illis
2242 3680 2254 3715 2
2285 3659 2571 3733 aliquibus
2593 3678 2730 3718 vero
2753 3661 2969 3719 actibus
2996 3662 3066 3719 ad
3098 3661 3359 3736 gratiam

1989 3739 2426 3816 disponentibus
2451 3743 2803 3818 repugnabat
2840 3746 2999 3817 sequi
3045 3751 3166 3818 post
3196 3761 3358 3818 prae-

1988 3823 2139 3880 dicta
2160 3824 2390 3881 merita.
2418 3824 2580 3881 Unde
2594 3827 2943 3897 generaliter
2963 3826 3349 3890 concluditur,

1989 3905 2198 3962 merita
2224 3906 2437 3961 Christi
2468 3921 2585 3961 non
2612 3922 2871 3963 causasse
2894 3908 2954 3962 in
2981 3923 3189 3981 genere
3211 3925 3357 3965 cau-

1987 4000 2063 4041 sae
2082 3986 2379 4043 efficientis
2401 3985 2714 4047 meritoriae
2740 3987 2846 4043 illa
2894 3990 3198 4062 principia,
3224 4005 3359 4062 quae

1988 4069 2081 4125 vel
2115 4069 2381 4133 mediate,
2416 4070 2506 4126 vel
2537 4069 2870 4126 immediate
2908 4070 3231 4129 debuerunt
3256 4088 3356 4129 es-

1987 4152 2308 4209 sentiatiter
2354 4153 2425 4209 ad
2491 4152 2974 4221 lucarnationem,
3013 4161 3085 4213 .et
3132 4156 3355 4212 Christi

1988 4234 2261 4291 meritum
2288 4232 2647 4306 praesupponi
2669 4256 2684 4299 ;
2711 4233 2839 4290 licet
2862 4239 3060 4291 cuncta
3082 4236 3201 4293 hzec
3221 4252 3359 4292 cau·

1986 4316 2201 4373 saverit
2247 4316 2506 4372 Christus
2541 4316 2603 4372 in
2641 4331 2851 4389 genere
2902 4333 3083 4373 causae
3127 4316 3355 4375 finalis.

1986 4398 2287 4472 Colligitur
2309 4397 2485 4454 etiam
2506 4396 2850 4463 differentia,
2867 4397 2939 4454 ob
2960 4414 3131 4472 quam
3156 4401 3358 4457 Chris·

1986 4485 2077 4535 tus
2118 4480 2363 4553 potuerit
2408 4480 2632 4549 (saltem
2683 4495 2755 4534 ex
2800 4479 2860 4535 vi
2911 4480 3100 4552 hujus)
3129 4484 3355 4540 mereri

1985 4560 2352 4618 existentiam
2392 4575 2509 4615 suae
2554 4559 2779 4626 matris,
2819 4575 2938 4616 non
2984 4566 3178 4617 tamen
3227 4579 3358 4619 ma·

1986 4643 2275 4700 ternitatis
2316 4641 2690 4715 dignitatem;
2731 4642 2868 4713 quia
2920 4640 3187 4699 videlicet
3241 4645 3358 4702 illa

1985 4724 2309 4791 existentia,
2358 4722 2788 4796 praescindendo
2834 4738 2866 4780 a
2912 4729 3182 4796 conceptu
3226 4742 3359 4784 ma·

1985 4806 2291 4873 ternitatis,
2324 4819 2441 4861 non
2476 4804 2820 4877 supponitur
2858 4805 3250 4863 essentialiter
3280 4809 3356 4865 ad

1988 4886 2478 4951 Incarnationem;
2504 4892 2689 4957 posset
2709 4887 2870 4943 enim
2893 4885 3154 4941 Christus
3177 4888 3360 4947 aliter

1987 4967 2283 5026 incarnari
2320 4988 2332 5023 ε
2383 4968 2724 5023 maternitas
2763 4974 2952 5024 autem
2997 4972 3356 5042 supponitur

1984 5051 2367 5110 essentialiter
2397 5049 2466 5106 ad
2494 5050 2787 5107 Christum
2834 5068 2904 5108 ex
2946 5057 3132 5109 matre
3176 5055 3362 5127 geni-

3181 5141 3312 5194 ium
3340 5163 3358 5207 5
