3647 5753
1431 305 1610 362 DISP.
1656 307 1750 373 111,
1793 309 1959 366 DUB.
2004 311 2075 366 ΙΙ.
3031 319 3144 375 555

292 474 564 541 tritionis,
607 480 662 533 et
710 475 1026 545 charitatis»,
1062 477 1271 550 quibus
1315 476 1532 551 impius
1582 476 1653 535 ad
1784 479 2224 539 contradictoria
2261 489 2658 557 sequerentur,
2692 502 2901 560 nempe
2927 485 3149 544 auferri

291 555 685 629 recipiendum
728 558 972 633 gratiam
997 558 1406 631 justificantem
1432 574 1494 616 se
1532 558 1655 615 dis-
1787 565 2074 633 peccatum
2102 561 2414 631 habituale,
2441 572 2497 622 et
2518 581 2636 624 non
2665 567 2904 624 auferri.
2936 566 3152 623 Aufer-

292 639 470 712 ponit,
506 638 818 712 procedunt
845 639 915 696 ab
960 640 1160 698 eadem
1187 641 1374 716 gratia
1398 638 1655 696 sanctifi-
1787 644 1947 697 retur
1984 642 2164 708 enim,
2197 648 2258 699 ut
2288 645 2701 718 supponimus;
2730 648 2866 721 quia
2895 646 3151 704 consistit

289 726 471 784 cante,
521 725 795 793 tanquam
845 737 878 777 a
925 721 1213 795 principio
1264 721 1543 789 effectivo,
1593 731 1655 778 ut
1785 720 1849 776 in
1878 720 2438 798 privationegratiae,
2458 731 2515 782 et
2537 727 2785 800 privatio
2809 727 3154 785 adveniente

20 848 23 849 a
98 790 242 833 ⁸⁰²⁰&
290 800 493 858 asserit
537 801 701 856 Sotus
749 800 841 856 lib.
885 802 940 866 2,
970 801 1034 855 de
1072 810 1299 868 natura,
1353 808 1405 856 et
1440 803 1648 872 qratia,
1784 801 1973 859 forma
2011 805 2318 861 evanescit.
2363 807 2433 861 Et
2466 822 2582 863 non
2623 808 2971 874 auferretur,
3017 807 3155 881 quia

291 898 410 953 cap.
446 882 527 945 18,
553 886 608 935 et
642 881 754 937 late
806 880 1189 950 ostendemus,
1220 881 1347 938 dub.
1389 883 1648 959 sequenti,
1786 888 2076 955 peccatum
2117 883 2410 942 habituale
2436 888 2694 943 consistit
2722 889 2784 943 in
2827 889 3154 961 privatione

290 970 346 1021 et
366 964 501 1020 satis
527 968 747 1021 constat
772 979 844 1019 ex
888 961 1053 1020 dictis
1079 965 1221 1038 disp.
1269 966 1492 1039 praeced.
1521 964 1650 1020 dub.
1784 965 2114 1022 voluntaria
2137 967 2358 1041 gratim,
2390 973 2446 1024 et
2472 968 2553 1024 sic
2580 968 2800 1026 auferri
2831 986 2947 1027 non
2975 970 3149 1033 valet,

289 1048 345 1111 7,
377 1051 433 1102 et
469 1050 878 1118 consequenter
915 1045 1102 1119 gratia
1153 1043 1514 1101 sanctificans
1570 1050 1655 1101 est
1786 1046 1900 1102 nisi
1944 1063 2045 1121 per
2087 1050 2572 1117 retractationem,
2614 1056 2669 1108 et
2695 1053 3019 1125 oppositum
3048 1068 3155 1109 vo-

292 1124 451 1197 prior
477 1125 818 1196 simpliciter
849 1124 1130 1199 praedictis
1153 1124 1369 1181 actibus
1400 1146 1413 1180 ε
1442 1123 1540 1181 sed
1567 1123 1648 1191 id,
1787 1128 2111 1185 luntarium
2134 1172 2147 1186 .
2215 1132 2490 1195 Quocirca
2550 1132 2837 1205 implicat,
2903 1133 3153 1208 gratiam

289 1204 438 1278 quod
486 1210 569 1261 est
595 1206 936 1278 simpliciter
988 1207 1170 1280 prius,
1205 1223 1324 1264 non
1374 1205 1653 1279 dependet
1785 1206 2236 1266 sanctificantem
2283 1210 2517 1267 infundi
2545 1210 2740 1269 adulto
2768 1212 2965 1284 impio,
3011 1213 3154 1285 quin

288 1288 672 1346 essentialiter
718 1288 789 1345 ab
839 1305 925 1355 eo,
971 1289 1121 1362 quod
1165 1295 1251 1347 est
1313 1288 1655 1361 simpliciter
1785 1289 1963 1345 simul
1991 1291 2055 1346 in
2075 1290 2274 1349 eodem
2306 1292 2545 1349 instanti
2575 1293 2722 1350 adsit
2748 1295 2958 1367 aliquis
3001 1298 3156 1351 actus

293 1370 574 1444 posterius
600 1395 612 1427 ι
641 1370 738 1426 sed
761 1375 940 1444 potest
965 1369 1035 1427 ab
1056 1388 1123 1430 eo
1148 1371 1425 1444 separari.
1450 1370 1652 1426 saltem
1784 1364 1919 1442 quo'
1961 1370 2190 1428 adultus
2265 1372 2595 1431 voluntarie
2676 1374 2912 1447 recipiat
2977 1375 3154 1430 talem

291 1464 396 1522 per
435 1447 695 1505 divinam
728 1451 1079 1522 potentiam:
1139 1467 1276 1524 ergo
1325 1465 1443 1507 non
1479 1465 1655 1522 repu-
1785 1451 2055 1525 gratiam.

288 1535 448 1604 gnat,
480 1529 627 1602 quod
655 1531 869 1603 impius
896 1529 1122 1607 adultus
1144 1530 1381 1604 recipiat
1407 1530 1653 1606 gratiam
1863 1534 1998 1599 Hoc,
2030 1535 2291 1608 inquam,
2330 1536 2628 1611 effugium,
2663 1535 2734 1593 ad
2773 1536 2921 1610 quod
2952 1537 3352 1610 praeci-Praeclu-

291 1612 761 1679 sanctificantem,
788 1618 843 1671 et
868 1629 985 1671 non
1011 1615 1201 1672 eliciat
1228 1619 1416 1672 actum
1436 1613 1653 1672 contri·
1789 1628 1898 1687 pue
1920 1622 2226 1671 recurrunt
2246 1615 2587 1683 adversarii,
2615 1616 2765 1672 nihil
2791 1617 3036 1690 prodest,
3057 1618 3156 1676 sed
3195 1595 3352 1698 pffiffiss.

292 1694 480 1761 tionis
516 1695 603 1751 vel
647 1694 963 1751 charitatis,
1787 1694 1988 1749 multis
2026 1695 2213 1752 modis
2250 1696 2641 1768 praecluditur.
2672 1698 2819 1752 Tum
2847 1700 2983 1771 quia
3024 1715 3157 1773 pec-

364 1774 451 1830 Ad
480 1776 615 1842 haec,
639 1780 699 1831 ut
722 1777 906 1851 gratia
930 1776 1291 1835 sanctificans
1325 1774 1656 1834 communi·
1788 1779 1977 1831 catum
2006 1776 2299 1834 habituale
2321 1793 2440 1834 non
2464 1778 2724 1834 consistit
2747 1778 3069 1837 formaliter
3090 1781 3156 1838 in

284 1862 446 1913 cetur
493 1856 675 1928 impio
727 1856 938 1924 adulto,
975 1874 1092 1915 non
1134 1860 1318 1934 magis
1375 1856 1657 1930 dependet
1789 1859 1915 1912 actu
1945 1859 2335 1929 peccaminoso
2374 1858 2682 1930 praeterito,
2729 1859 2827 1915 sed
2865 1859 2928 1915 in
2957 1861 3187 1933 priva-⁴

288 1936 360 1994 ab
387 1936 603 1994 actibus
630 1939 1012 2007 contritionis,
1044 1945 1099 1998 et
1137 1940 1453 2007 charitatis„
1481 1955 1654 2011 quam
1787 1934 1944 1992 tione
1981 1938 2180 2010 gratiae
2223 1951 2295 1993 ex
2343 1934 2614 2011 praedicto
2660 1944 2786 1994 actu
2828 1939 3043 2009 relicta,
3095 1946 3159 1997 ut

287 2017 360 2076 ab
387 2019 675 2076 habitibus
697 2022 1071 2094 poenitentiae,
1103 2028 1159 2079 et
1184 2022 1487 2080 charitatis
1517 2047 1529 2087 ς
1556 2020 1654 2078 sed
1786 2015 2095 2072 statuimus
2121 2017 2262 2090 disp.
2302 2020 2348 2085 l,
2374 2018 2502 2074 dub.
2544 2020 2594 2074 l:
2618 2034 2752 2093 ergo
2779 2018 3003 2077 sublata
3031 2021 3158 2094 pri-

291 2106 465 2174 potest
487 2103 671 2175 gratia
691 2105 1112 2161 communicari
1153 2104 1439 2161 divinitus
1461 2102 1656 2160 adulto
1787 2095 2019 2154 VsstiOUe
2075 2099 2294 2172 grati&
2355 2100 2577 2156 tollitur
2645 2097 3046 2168 determinate,
3102 2106 3161 2158 et

292 2181 471 2253 impio
491 2183 618 2238 sine
645 2182 734 2238 his
766 2182 1058 2239 habitibus
1086 2205 1099 2240 t
1129 2200 1264 2258 ergo
1299 2189 1355 2240 et
1380 2184 1507 2241 sine
1535 2182 1654 2239 illis
1787 2174 2075 2250 adaequate
2103 2179 2268 2246 illud,
2301 2180 2366 2235 in
2392 2196 2504 2252 <1¹10
2533 2186 2822 2253 peccatum
2865 2178 3159 2238 habituale

291 2260 527 2317 actibus,
572 2262 752 2335 Major
772 2262 1001 2320 videtur
1028 2262 1266 2319 evidens
1301 2284 1314 2318 ε
1370 2268 1494 2318 tum
1521 2263 1656 2335 quia
1788 2257 2112 2317 formaliter
2139 2261 2399 2319 consistit
2427 2284 2438 2318 :
2470 2263 2626 2335 atqui
2658 2262 2843 2335 posita
2865 2263 3070 2336 gratia,
3102 2267 3159 2321 et

292 2340 541 2405 habitus,
568 2358 695 2397 cum
742 2342 859 2397 sint
902 2344 1144 2400 virtutes
1197 2343 1497 2416 proximae,
1555 2358 1654 2415 per
1788 2342 1949 2397 omni
1979 2347 2103 2398 actu
2131 2344 2367 2410 secluso,
2397 2344 2622 2401 tollitur
2643 2344 2842 2418 gratiae
2869 2343 3155 2416 privatio;
3181 2360 3182 2369 ¹

288 2436 430 2493 quas
455 2421 855 2495 gratiainssuit
880 2423 945 2479 in
985 2424 1127 2479 tales
1156 2428 1328 2490 actuS,
1358 2423 1648 2491 intimiuS,
1787 2422 1933 2478 sicut
1973 2424 2155 2496 posita
2196 2426 2337 2491 luce,
2382 2425 2609 2482 tollitur
2649 2424 2875 2491 umbra,
2910 2440 3036 2497 quae
3074 2429 3160 2482 est

289 2509 349 2561 et
376 2504 767 2561 immediatius
803 2505 1084 2561 uniuntur
1125 2506 1231 2573 illi,
1257 2523 1431 2580 quam
1465 2511 1651 2563 actus:
1787 2503 1933 2560 lucis
1958 2505 2246 2561 carentia:
2281 2521 2416 2579 ergo
2437 2505 2618 2578 posita
2641 2505 2824 2579 gratia
2847 2505 3154 2572 habituali,

289 2591 414 2643 tum
436 2587 629 2652 etiam,
660 2587 795 2659 qaia
835 2587 921 2643 illi
988 2586 1215 2644 habitus
1240 2605 1301 2646 se
1353 2589 1566 2646 habent
1596 2594 1655 2643 ut
1787 2591 1845 2642 et
1870 2586 2030 2644 omni
2074 2594 2198 2643 actu
2239 2589 2475 2651 secluso,
2508 2587 2733 2643 tollitur
2774 2587 3160 2645 determinate

290 2668 667 2741 proprietates
686 2668 885 2741 gratiae
927 2668 990 2724 in
1017 2669 1253 2726 homine
1280 2685 1444 2742 puro,
1476 2674 1533 2726 et
1574 2668 1656 2725 sic
1789 2671 2078 2740 peccatum
2100 2667 2419 2734 habituale;
2443 2672 2499 2724 et
2521 2667 2734 2723 frustra
2758 2668 2987 2733 dicitur,
3008 2667 3158 2740 quod

291 2764 587 2820 nunquam
614 2748 798 2823 gratia
842 2754 1140 2822 separatur
1174 2750 1245 2806 ab
1291 2751 1457 2817 illis;
1501 2754 1656 2806 actus
1787 2750 2105 2815 tolleretur,
2160 2755 2218 2805 et
2280 2765 2396 2806 non
2449 2750 2768 2806 tolleretur.
2828 2750 3156 2806 Praesertim

293 2844 430 2887 vero
476 2844 593 2885 non
637 2833 770 2885 sunt
798 2830 1170 2904 proprietates
1208 2831 1425 2906 gratiae,
1474 2837 1531 2889 et
1574 2831 1654 2888 ita
1786 2829 1921 2905 quia
1962 2828 2105 2887 illud
2152 2829 2571 2896 voluntarium,
2615 2834 2672 2886 et
2718 2831 2958 2897 morale,
3009 2828 3159 2904 quod

293 2928 411 2969 non
455 2928 681 2984 semper
706 2913 890 2987 gratia
939 2913 1096 2969 elicit
1148 2915 1564 2987 operationem,
1593 2919 1655 2969 ut
1789 2917 2076 2985 peccatum
2105 2912 2397 2969 habituale
2426 2911 2584 2969 addit
2616 2927 2791 2984 supra
2829 2912 3156 2984 simplicem

287 3008 361 3049 ex
403 3008 464 3049 se
503 2993 678 3065 liquet
711 3015 722 3048 :
769 3008 904 3067 ergo
950 3009 1069 3050 non
1140 2995 1323 3069 magis
1377 2994 1655 3067 dependet
1785 2995 1985 3066 gratiae
2005 2993 2345 3060 carentiam,
2372 2991 2650 3048 fundatur
2673 2993 2878 3047 inesse
2903 2991 3152 3065 physic0‚

290 3074 475 3148 gratia
498 3074 559 3128 in
583 3073 813 3129 infundi
843 3074 914 3130 ab
936 3073 1154 3131 actibus
1181 3076 1568 3142 contritionis,
1599 3081 1656 3133 et
1787 3079 1851 3129 ut
1896 3073 1976 3130 ita
2024 3074 2348 3146 loquamur,
2379 3071 2636 3146 ejusdem
2678 3073 2979 3128 carentiae:
3022 3086 3158 3145 ergo

280 3154 599 3218 charitatis,
650 3170 823 3227 quam
865 3153 937 3210 ab
988 3155 1278 3212 habitibus
1310 3157 1394 3213 eis
1432 3172 1654 3213 corres-
1786 3153 2010 3212 sublata
2072 3155 2329 3211 carentia
2393 3155 2592 3228 gratiae
2656 3153 2971 3211 secundum
3036 3167 3161 3210 esse

280 3233 683 3306 pondentibus.
713 3234 910 3291 Minor
940 3235 1116 3291 etiam
1148 3237 1343 3309 liquet,
1375 3235 1510 3308 quia
1536 3252 1653 3293 non
1788 3235 2088 3309 physicum
2132 3250 2233 3306 per
2272 3249 2395 3291 esse
2442 3233 2742 3307 physicum
2788 3234 3007 3308 gratim,
3040 3232 3159 3289 im-

284 3320 563 3388 repugnat
587 3313 836 3371 formam
863 3316 1122 3388 separari
1144 3333 1177 3372 a
1198 3317 1314 3372 suis
1333 3317 1656 3390 proprieta-
1683 3356 1686 3359 -
1789 3314 2058 3388 possibile
2083 3318 2186 3381 est,
2231 3312 2381 3386 quod
2408 3318 2639 3369 maneat
2666 3313 2786 3370 ullo
2825 3319 2984 3385 pacto
3025 3328 3158 3385 pec-

286 3396 439 3454 tibus
471 3396 609 3453 :sed
654 3396 884 3453 habitus
909 3398 1226 3465 charitatiS,
1256 3405 1316 3456 et
1366 3400 1655 3472 poeniten-
1788 3399 1977 3451 catum
2025 3391 2355 3449 habituale:
2407 3397 2573 3465 atque
2624 3391 2752 3448 ideo
2800 3391 2922 3449 sive
2969 3392 3158 3466 gratia

290 3479 388 3534 tiae
431 3484 562 3533 sunt
587 3478 959 3551 proprietates
1002 3480 1224 3554 gratiae,
1279 3486 1340 3536 ut
1368 3481 1537 3538 modo
1561 3480 1655 3537 di-
1790 3474 2102 3548 recipiatur
2143 3474 2488 3538 voluntarie,
2539 3473 2663 3530 sive
2703 3488 2835 3540 non,
2893 3473 3157 3530 excludet

293 3560 596 3618 cebamus:
645 3577 777 3635 ergo
798 3576 915 3617 non
957 3568 1253 3636 repugnat,
1294 3562 1444 3637 quod
1469 3564 1657 3638 gratia
1790 3561 2079 3631 peccatum
2103 3555 2411 3612 habituale.

293 3644 747 3701 communicetur
768 3641 962 3701 adulto
996 3644 1176 3717 impio
1202 3646 1329 3702 sine
1369 3645 1657 3718 praedictis
1864 3640 2011 3694 Tum
2033 3637 2226 3704 etiam,
2251 3636 2387 3708 (111Ῑᾶ
2408 3640 2697 3708 'peccatum
2721 3634 3014 3692 habituale
3037 3651 3153 3693 non
3231 3655 3304 3698 se·

295 3724 609 3782 habitibus
1789 3727 1876 3779 est
1913 3721 2306 3779 voluntarium
2335 3718 2652 3786 actualiter,
2694 3724 2752 3775 et
2788 3734 2886 3791 per
2914 3718 3152 3776 modum
3191 3703 3348 3749 “unm'‘

116 3813 239 3872 1·:,fl·n·
372 3801 464 3855 35.
494 3802 606 3856 Nec
634 3798 825 3864 refert,
856 3798 905 3853 si
933 3798 1104 3864 dicaS,
1132 3804 1560 3875 argumentum,
1602 3805 1658 3857 et
1789 3803 2084 3870 exercitii;
2125 3801 2225 3858 sed
2265 3800 2657 3866 habitualiter,
2690 3805 2748 3856 et
2786 3816 2888 3872 per
2917 3800 3155 3857 modum

109 3872 257 3916 mum·
297 3880 794 3939 confirmationem
811 3886 1035 3938 tantum
1053 3882 1336 3950 evincere,
1358 3883 1506 3956 quod
1520 3900 1657 3957 gra-
1790 3883 2057 3944 termini:
2085 3880 2184 3939 sed
2210 3879 2540 3954 hujusmodi
2568 3879 2966 3937 voluntarium
2994 3879 3157 3935 suffi-

294 3962 743 4020 tiasanctifieans
771 3964 946 4035 possit
975 3963 1429 4037 independenter
1458 3965 1528 4022 ab
1556 3966 1657 4022 ali·
1790 3964 2007 4020 cienter
2028 3963 2252 4019 tollitur
2277 3976 2377 4035 per
2402 3961 2650 4035 gratiam
2674 3965 2956 4032 receptam
2986 3958 3157 4017 inde-

290 4061 404 4119 qua
429 4044 804 4116 dispositione
824 4045 1243 4101 communicari
1266 4045 1516 4118 subjecto
1540 4062 1658 4103 non
1792 4045 2110 4119 pendenter
2156 4042 2226 4100 ab
2278 4043 2438 4101 omni
2487 4042 2858 4115 dispositione
2906 4040 3112 4098 actuali
3138 4058 3152 4093 ε

289 4126 558 4184 existenti
581 4126 641 4181 in
666 4130 885 4198 peccato
907 4150 920 4193 ;
944 4141 1102 4182 secus
1124 4131 1319 4183 tamen
1342 4127 1390 4182 si
1413 4126 1657 4201 fiatsup·
1790 4142 1930 4201 ergo
1955 4125 2145 4200 gratia
2170 4125 2253 4180 sic
2279 4129 2502 4197 recepta
2527 4128 2611 4180 est
2638 4121 2922 4178 sufficiens
2948 4121 3018 4178 ad
3045 4121 3160 4178 tol-

289 4206 500 4281 positio
521 4204 903 4271 accidentalis,
934 4205 1083 4279 quod
1114 4212 1402 4280 peccatum
1427 4207 1651 4266 habeat.
1793 4206 2032 4265 lendum
2099 4210 2387 4279 peccatum
2454 4204 2747 4260 habituale
2767 4246 2780 4260 .
2835 4202 3019 4275 Major
3074 4206 3162 4259 est

291 4284 579 4351 Quoniam
624 4288 910 4355 peccatum
951 4285 1245 4343 habituale
1289 4288 1548 4344 consistit
1595 4289 1659 4345 in
1793 4295 1969 4357 certa,
1990 4288 2124 4361 quia
2144 4287 2290 4344 sicut
2313 4291 2599 4360 peecatum
2623 4284 2915 4341 habituale
2938 4298 3054 4339 non
3075 4286 3166 4339 est.

292 4366 621 4441 privatione
674 4368 914 4435 morali,
971 4374 1026 4425 et
1077 4369 1412 4425 voluntaria
1455 4370 1657 4444 gratiae
1794 4376 2082 4446 peccatum
2105 4371 2343 4435 actuale,
2376 4377 2437 4424 ut
2459 4370 2638 4440 liquet
2660 4383 2730 4423 ex
2760 4366 3046 4432 terminiS,
3078 4365 3162 4422 ita

290 4445 699 4505 sanctificantis
722 4469 734 4512 3
757 4451 813 4502 et
859 4448 984 4506 ideo
1013 4464 1129 4505 non
1158 4452 1339 4521 potest
1380 4451 1505 4507 tolli
1532 4451 1660 4507 sine
1793 4468 1912 4510 non
1956 4455 2040 4507 est
2073 4450 2471 4507 voluntarium
2501 4447 2817 4512 actualiter,
2851 4445 2948 4502 sed
2989 4444 3160 4502 habi-

293 4527 619 4601 receptione
665 4528 894 4594 morali,
933 4535 991 4585 et
1034 4530 1366 4587 voluntaria
1402 4531 1657 4604 ejusdem
1791 4533 2057 4599 tualiter3
2089 4536 2146 4587 et
2172 4531 2301 4588 ideo
2323 4534 2607 4586 transacto
2630 4533 2753 4584 actu
2779 4528 3007 4599 peccati,
3041 4542 3161 4584 non

289 4611 510 4685 gratiae.
548 4605 826 4663 Praedicta
850 4626 989 4667 vero
1031 4611 1275 4683 receptio
1299 4613 1496 4685 nequit
1537 4629 1659 4670 esse
1791 4614 2005 4671 dicitur
2029 4610 2179 4684 quod
2207 4613 2378 4668 homo
2422 4615 2608 4682 peccat
2646 4614 2770 4665 actu
2810 4607 3154 4673 formaliter,

288 4691 552 4754 moralis,
572 4694 630 4745 et
649 4688 994 4757 voluntaria,
1017 4693 1131 4749 nisi
1156 4691 1384 4749 adultus
1406 4695 1657 4767 aliquem
1792 4695 1887 4753 vel
1914 4693 2264 4759 virtualiter,
2291 4691 2388 4749 sed
2413 4691 2622 4757 solum,
2647 4690 2798 4762 quod
2820 4695 2902 4745 est
2924 4689 2987 4745 in
3008 4693 3159 4746 statu

289 4777 482 4831 actum
524 4769 734 4836 eliciat,
761 4786 870 4842 quo
906 4773 1156 4847 gratiam
1187 4778 1449 4845 acceptet.
1497 4775 1660 4832 Unde
1793 4774 2024 4849 peccati.
2055 4772 2308 4830 Aliunde
2334 4787 2473 4829 vero
2502 4769 2838 4845 praedictum
2868 4774 3160 4843 peccatum

290 4855 341 4912 si
385 4852 654 4928 praedicta
679 4851 863 4923 gratia
889 4853 1295 4911 infunderetur
1321 4852 1516 4912 adulto
1542 4857 1659 4911 im-
1795 4855 2162 4930 recipiturin
2201 4854 2448 4913 essentia
2489 4853 2719 4920 animm,
2751 4869 2877 4926 quae
2916 4867 3035 4909 non
3075 4855 3163 4908 est

288 4936 384 5010 pio
411 4929 870 5009 independenter
909 4935 982 4994 ab
1021 4936 1142 5010 ejus
1168 4935 1521 5009 operatione,
1545 4936 1660 4994 duo
1793 4936 2158 5014 immediate⁸
2182 4934 2510 5012 operativa;
2557 4940 2725 5009 atque
2786 4932 2914 4991 ideo
2961 4932 3168 5007 nequit.
