3647 5753
496 402 612 458 680
1542 396 1637 451 DE
1674 392 1980 450 NATURA
2018 391 2298 447 MERITI.

496 569 700 626 docent
751 571 845 627 SS.
897 572 1115 637 Patres,
1160 574 1217 626 et
1262 566 1557 641 Theologi,
1589 570 1674 622 est
1726 562 1870 621 adeo

280 644 453 689 swa·
493 657 667 718 certa,
697 657 756 706 ut
782 651 1105 724 oppositum
1127 651 1279 707 dicat
1307 652 1516 705 Suarez
1539 649 1650 703 loco
1676 648 1863 712 citato,

492 750 615 806 cap.
667 735 722 798 5,
754 748 878 789 esse
922 747 1040 787 non
1085 733 1273 788 solum
1323 729 1722 796 temerarium,
1767 725 1867 784 sed

491 815 669 871 etiam
697 829 1036 870 erroneum.
1065 816 1134 870 Et
1161 810 1437 886 probatur
1459 811 1627 867 facile
1652 810 1861 883 prime,

488 895 629 967 quia
652 892 860 966 ubique
886 893 950 948 in
976 910 1141 950 sacra
1172 891 1470 963 Scriptura
1506 891 1867 965 promittitur

490 982 767 1049 tanquam
810 977 1115 1048 praemium
1163 975 1282 1031 vita
1323 980 1539 1031 aeterna
1587 972 1865 1030 observa-

490 1059 639 1116 tioni
663 1057 1072 1114 mandatorum
1096 1057 1196 1113 Dei
1219 1081 1233 1124 ;
1258 1056 1410 1112 unde
1425 1056 1636 1113 dicitur
1656 1054 1859 1110 Matth.

498 1141 595 1196 19:
618 1140 688 1197 Si
712 1142 800 1195 vis
824 1140 900 1195 ad
926 1141 1101 1194 vitam
1129 1140 1356 1209 inyredi,
1383 1157 1545 1195 serva
1571 1137 1860 1193 mndata.

491 1221 561 1275 Et
590 1219 802 1277 Psalm.
842 1222 943 1276 118
973 1241 986 1276 :
1015 1220 1091 1277 In
1116 1219 1483 1276 custodiendis
1529 1220 1649 1275 iilis
1696 1218 1858 1273 retri-

488 1302 639 1358 butio
664 1304 861 1359 multa.
904 1305 1054 1375 Ergo
1081 1302 1350 1375 praedicta
1386 1300 1714 1359 observatio
1756 1314 1864 1372 po-

487 1389 597 1441 test
622 1399 743 1441 esse
771 1382 1092 1440 meritoria.

567 1466 635 1520 Et
688 1463 899 1520 deinde
937 1463 1210 1520 suadetur
1258 1463 1502 1529 ratione,
1545 1462 1680 1536 quia
1718 1476 1862 1534 opus

488 1546 699 1604 cadens
724 1547 831 1603 sub
860 1552 1142 1619 praecepto
1169 1553 1350 1620 potest
1374 1563 1496 1604 esse
1518 1544 1860 1617 simpliciter

489 1626 762 1694 liberum,
795 1634 851 1684 et
890 1627 1174 1699 praecipue
1219 1627 1282 1683 in
1324 1627 1433 1693 his,
1479 1627 1577 1700 qui
1626 1629 1860 1699 possunt

489 1713 770 1782 praecepta
788 1723 1040 1774 servare,
1072 1712 1128 1764 et
1150 1722 1268 1764 non
1289 1723 1527 1765 servare
1547 1706 1854 1780 privative,

486 1795 552 1846 ut
576 1794 713 1845 sunt
738 1789 810 1846 ad
833 1789 1032 1845 minus
1071 1805 1273 1847 omnes
1295 1806 1412 1847 non
1438 1787 1761 1847 confirmati
1791 1788 1858 1844 in

484 1872 705 1947 gratia:
733 1877 912 1944 potest
932 1873 1109 1929 etiam
1129 1870 1258 1928 fieri
1280 1889 1409 1929 cum
1431 1870 1704 1929 omnibus
1725 1870 1859 1927 aliis

484 1952 934 2018 circunstantiis,
980 1957 1037 2009 et
1074 1952 1386 2025 requisitis,
1433 1958 1495 2008 ut
1534 1952 1609 2007 sit
1638 1950 1856 2009 bonum

485 2033 829 2091 moraliter:
872 2049 1008 2107 ergo
1054 2049 1172 2090 non
1219 2039 1323 2100 est,
1366 2049 1469 2089 cur
1510 2049 1628 2090 non
1682 2032 1859 2105 possit

482 2127 610 2170 esse
636 2112 1175 2171 meritorium.'1mo
1200 2111 1423 2168 caeteris
1451 2109 1704 2185 paribus,
1736 2127 1858 2167 ma·

479 2193 626 2268 joris
656 2194 854 2251 meriti
876 2210 998 2252 esse
1020 2199 1199 2268 potest
1218 2210 1358 2266 opus
1386 2192 1596 2248 factum
1623 2207 1694 2248 ex
1716 2209 1858 2264 prae·

482 2284 666 2351 cepto,
717 2286 891 2351 quam
932 2295 1075 2351 opus
1111 2277 1291 2334 solius
1334 2276 1593 2339 consilii;
1621 2292 1750 2332 cum
1792 2276 1855 2331 in

483 2357 591 2416 illo
638 2361 814 2431 possit
860 2359 1047 2415 virtus
1090 2357 1447 2424 obedientiae,
1481 2363 1579 2413 aut
1618 2356 1856 2431 justitiae

481 2441 758 2508 exerceri,
790 2446 847 2497 et
869 2456 985 2497 non
1013 2441 1077 2496 in
1103 2440 1228 2497 iste.

302 2538 450 2592 obiec-
547 2522 647 2591 19.
670 2524 785 2577 Nec
799 2520 974 2587 obest,
991 2520 1139 2593 quod
1160 2519 1316 2577 Lucae
1337 2522 1423 2586 17,
1437 2518 1682 2576 dicitur:
1710 2517 1855 2575 Cum

320 2589 398 2632 ²¹⁰·
482 2603 725 2674 feceritis
761 2605 969 2669 omnia,
1001 2622 1116 2680 quae
1133 2610 1398 2675 praecepta
1418 2609 1548 2656 sunt
1574 2602 1743 2667 vobis,
1768 2601 1855 2655 di·

480 2685 584 2739 cite
607 2703 627 2738 .·
653 2684 818 2741 Servi
860 2684 1083 2739 inutiles
1126 2701 1335 2749 sumus,
1382 2683 1526 2757 quod
1567 2682 1852 2738 debuimus

479 2765 678 2836 facere,
736 2764 987 2835 fecimus.
1035 2765 1095 2819 Si
1135 2769 1326 2820 autem
1368 2764 1431 2818 in
1470 2762 1739 2834 operibus
1778 2778 1850 2819 ex

481 2849 761 2919 praecepto
807 2844 969 2901 factis
1008 2849 1153 2900 esset
1198 2844 1495 2910 meritum,
1529 2859 1647 2900 non
1693 2843 1850 2901 dice-

482 2932 683 2984 rentur
708 2926 945 2983 inutilia
973 2948 986 2981 :
1014 2942 1169 3000 ergo,
1196 2932 1299 2983 etc.

266 3025 466 3079 Dispeui·
555 3009 672 3064 Hoc
717 3007 908 3080 itaque
952 3023 1070 3064 non
1119 3006 1305 3070 obest;
1346 3006 1620 3079 quoniam
1667 3004 1849 3064 verba

314 3082 394 3119 ‘⁸¹¹-
477 3088 588 3144 ista
629 3088 778 3144 dicta
817 3094 1011 3144 sunta
1046 3087 1274 3145 Christo
1301 3086 1547 3144 Domino
1574 3087 1645 3144 ad
1686 3104 1848 3145 com-

478 3166 867 3225 mendandam
896 3168 1307 3234 humilitatem,
1333 3174 1389 3225 et
1417 3182 1534 3224 non
1560 3166 1846 3225 confiden-

475 3250 619 3306 tiam
651 3249 715 3304 in
744 3249 957 3305 nostris
977 3246 1265 3321 operibus,
1290 3253 1571 3320 quatenus
1598 3250 1842 3305 nostris:

477 3346 594 3387 non
618 3329 688 3387 ad
710 3329 1131 3388 excludendum
1147 3329 1443 3396 meritum,
1463 3327 1615 3402 quod
1632 3328 1844 3387 habent

471 3428 545 3470 ex
589 3412 790 3489 gratia,
816 3419 880 3467 ut
916 3418 1001 3470 est
1045 3413 1325 3505 expositio
1367 3413 1686 3506 multorum
1730 3414 1844 3469 Pa-

284 3515 446 3611 m*
471 3494 1251 3649 {23303323⁵03¹t{²1¹13¹5,¹¹323¹331
1276 3495 1842 3648 ἓξὲξέζὲὲὶἳέῗξὲ.

471 3673 589 3714 non
630 3657 751 3712 sint
792 3656 979 3721 utilia,
1024 3657 1271 3713 cuicum
1302 3654 1451 3713 nihil
1479 3654 1642 3724 desit,
1676 3656 1841 3712 nulla

469 3754 541 3796 ex
558 3735 828 3810 operibus
846 3738 1059 3793 nostris
1073 3739 1290 3793 utilitas
1305 3741 1487 3809 potest
1501 3751 1834 3803 accrescere,

464 3820 630 3896 juxta
656 3819 803 3875 illud
818 3818 940 3876 Job.
961 3821 1061 3875 22:
1085 3818 1234 3891 Quid
1247 3819 1465 3891 prodest
1495 3816 1622 3886 Deo,
1644 3821 1693 3873 si
1707 3821 1840 3890 jus-

468 3909 559 3958 tus
581 3904 776 3975 fueris,
808 3908 905 3956 etc.
937 3907 992 3957 et
1021 3906 1215 3956 tamen
1244 3902 1380 3973 quia
1407 3896 1556 3954 fiunt
1582 3899 1644 3955 in
1671 3899 1839 3957 obse-

467 3984 670 4058 quium
719 3982 900 4055 ipsius
949 3984 1067 4048 Dei,
1099 3988 1156 4037 et
1207 3984 1353 4038 Deus
1392 3998 1463 4038 ex
1503 3981 1691 4055 gratia
1731 3982 1838 4038 illa

469 4068 735 4137 acceptat,
752 4063 871 4118 sint
894 4063 1059 4120 nobis
1080 4062 1400 4119 meritoria.
1417 4062 1837 4136 congruentior

470 4152 661 4203 autem
703 4144 872 4217 hujus
914 4144 1021 4200 loci
1073 4143 1354 4216 expositio
1409 4158 1477 4200 ea
1524 4147 1627 4207 est,
1660 4160 1834 4216 quam

251 4242 307 4285 1).
323 4242 453 4295 cyril.
471 4229 650 4287 tradit
673 4230 891 4284 Parens
920 4227 1172 4302 Cyrillus
1198 4225 1646 4291 Alexandrinus
1680 4228 1836 4283 rela-

255 4291 435 4337 A¹⁰¹⁸¹¹·
467 4317 557 4368 tus
585 4328 616 4367 a
640 4312 702 4367 D.
730 4309 935 4365 Thom.
958 4309 1020 4365 in
1044 4310 1271 4372 Catena,
1291 4312 1347 4363 et
1365 4322 1491 4379 quae
1512 4305 1836 4365 desumitur

465 4410 538 4452 ex
563 4393 686 4464 ipso
722 4395 1006 4453 contextu,
1043 4386 1232 4444 verbis
1269 4388 1391 4444 illis
1420 4409 1432 4443 ε
1464 4388 1623 4460 Quod
1641 4390 1834 4445 debui-

462 4492 588 4530 mus
606 4476 804 4548 facere,
835 4472 1081 4544 fecimus,
1112 4474 1168 4525 et
1189 4468 1321 4524 aliis
1344 4467 1828 4527 antecedentibus.

466 4577 494 4608 «
525 4558 663 4620 Quis
731 4559 920 4610 autem
985 4556 1242 4606 vestrum
1315 4548 1535 4605 habens
1596 4567 1831 4608 servum

465 4658 492 4691 α
525 4642 807 4700 arantem,
850 4643 953 4690 etc.
996 4632 1093 4704 qui
1126 4646 1383 4705 regresso
1409 4630 1480 4688 de
1518 4647 1656 4707 agro
1681 4631 1834 4689 dicat

463 4741 490 4773 α
524 4719 613 4775 illi
640 4718 837 4772 statim
864 4735 876 4769 ε
908 4714 1149 4778 Transi,
1183 4717 1239 4769 et
1280 4710 1579 4777 recumbe;
1622 4719 1678 4769 et
1712 4729 1832 4770 non

462 4822 490 4853 α
523 4796 672 4855 dixit
699 4818 712 4854 ε
744 4798 893 4851 Para
919 4793 1069 4866 quod
1095 4794 1339 4859 coenem,
1375 4798 1433 4849 et
1459 4792 1825 4866 praecingere,

462 4904 490 4935 α
521 4888 576 4940 et
629 4878 965 4937 ministrare
1015 4875 1182 4941 mihi,
1230 4874 1409 4932 donec
1460 4874 1825 4942 manducem,

464 4988 492 5019 α
519 4971 623 5022 etc.
671 4959 942 5032 Nunquid
995 4958 1241 5033 gratiam
1283 4955 1455 5013 habet
1499 4973 1668 5014 servo
1714 4957 1825 5024 illi,

462 5066 491 5098 α
520 5044 659 5119 quia
679 5041 952 5113 iecitquae
978 5038 1411 5111 imperaverat?
1435 5055 1462 5088 »
1496 5036 1583 5092 Ex
1620 5035 1832 5111 quibus

302 1478 451 1524 Ratio.

2001 561 2195 619 verbis
2220 563 2359 618 satis
2376 560 2688 635 colligitur,
2720 561 3005 633 quomodo
3029 577 3208 634 opera
3234 577 3379 618 nos—

1999 648 2106 710 tra,
2132 644 2268 715 quia
2283 642 2415 716 jure
2439 641 2665 698 servitii
2697 644 2810 700 Deo
2833 649 2968 698 sunt
2996 642 3205 709 debita,
3232 643 3379 698 nul-

1999 724 2124 780 lum
2155 724 2323 794 aliud
2364 725 2670 798 praemium
2699 725 2763 781 in
2793 726 2984 800 rigore
3021 726 3282 800 justitiae,
3316 730 3379 782 et

1995 805 2217 861 seclusa
2267 806 2369 861 Dei
2409 806 2792 879 promissione
2831 804 2984 879 apud
3023 807 3199 864 illum
3242 826 3376 866 me-

1999 890 2238 942 reantur
2258 910 2273 953 ;
2295 892 2351 943 et
2371 901 2483 960 qua
2507 886 2730 943 ratione
2745 893 2974 960 possent
2993 887 3106 944 dici
3130 889 3375 948 inutilia

1996 966 2061 1022 in
2075 966 2282 1024 ordine
2299 965 2367 1023 ad
2386 968 2690 1040 praemium
2708 967 2874 1023 nobis
2890 969 3370 1041 promerendum.

1997 1052 2277 1107 Caeterum
2303 1051 2440 1123 quia
2478 1053 2626 1107 Deus
2659 1050 2965 1126 benignus,
3002 1052 3283 1120 liberaIiS,
3315 1064 3376 1114 et

1996 1132 2328 1188 misericors
2353 1137 2455 1198 est,
2490 1131 2705 1205 placuit
2731 1133 2785 1189 ei
2814 1132 2938 1205 ipsa
2962 1133 3165 1191 eadem
3193 1152 3373 1209 opera

1994 1215 2128 1270 aliis
2168 1215 2353 1270 titulis
2390 1214 2504 1271 sibi
2531 1213 2742 1280 debita,
2770 1214 2835 1271 in
2856 1216 3066 1273 ordine
3106 1217 3177 1274 ad
3217 1235 3371 1291 prae-

1994 1296 2180 1352 mium
2210 1302 2518 1370 acceptare,
2542 1304 2599 1354 et
2627 1314 2731 1371 pro
2756 1298 2841 1354 eis
2863 1297 3032 1354 nobis
3054 1301 3370 1371 praemium

1994 1379 2355 1449 promittere.
2388 1382 2554 1436 Facta
2592 1385 2785 1437 autem
2814 1380 2920 1437 hac
2959 1381 3367 1453 acceptatione,
3389 1391 3408 1397 “

1992 1464 2049 1517 et
2076 1461 2478 1532 promissione,
2506 1460 2656 1518 nihil
2680 1462 2854 1527 deest,
2880 1464 3195 1535 quominus
3217 1480 3371 1537 prze-

1992 1539 2143 1597 dicta
2169 1557 2342 1613 opera
2366 1541 2498 1598 licet
2524 1556 2642 1597 non
2667 1541 2738 1599 de
2766 1543 2956 1617 rigore
2971 1543 3229 1617 justitiae,
3257 1545 3370 1602 ab-

1991 1622 2177 1678 solute
2195 1621 2316 1678 sint
2335 1622 2486 1695 apud
2506 1624 2687 1678 Deum
2710 1624 3032 1682 meritoria.
3061 1625 3369 1683 Considera

1991 1703 2096 1773 (ait
2140 1705 2358 1761 Parens
2409 1704 2684 1778 cyrillus)
2730 1706 2875 1783 quod
2924 1711 3024 1784 qui
3066 1708 3219 1779 apiad
3270 1727 3371 1766 nos

1991 1786 2373 1852 dominantur,
2405 1805 2514 1842 non
2554 1790 2802 1861 referunt
2834 1793 3070 1860 ytatius,
3098 1809 3224 1847 cum
3248 1794 3368 1848 ali-

1990 1868 2115 1940 quis
2132 1868 2477 1924 subditorum
2494 1876 2706 1925 statuta
2727 1871 2835 1925 sibi
2851 1874 3205 1948 prosequitur
3223 1873 3370 1929 obse-

1990 1948 2155 2020 quia,·
2202 1948 2297 2003 sed
2343 1966 2416 2003 em
2474 1949 2840 2006 benevolentia
2892 1953 3089 2023 saepius
3137 1971 3368 2009 suorum

1984 2038 2345 2102 provocantes
2367 2032 2642 2104 affectum,
2667 2035 2935 2105 majorem
2960 2036 3040 2089 eis
3058 2038 3369 2107 appetitum

1987 2113 2260 2181 serviemii
2286 2121 2548 2183 aqyerant
2568 2133 2586 2169 .·
2611 2116 2694 2172 sic
2712 2121 2768 2172 et
2797 2118 2946 2171 Deus
2967 2116 3108 2188 petit
3126 2115 3365 2188 quidem

1989 2208 2022 2249 a
2069 2192 2235 2249 nobis
2281 2193 2626 2251 famulatum
2664 2196 2796 2270 Jure
2837 2197 3064 2252 servitii
3090 2219 3107 2263 ;
3154 2213 3367 2254 verum

1988 2271 2123 2344 quia
2145 2274 2415 2338 clemens,
2447 2279 2504 2330 et
2531 2273 2817 2348 benignus
2857 2282 2959 2343 est,
2994 2275 3243 2333 honores
3270 2278 3365 2334 la·

1987 2353 2324 2411 boi-antibus
2354 2356 2673 2427 pollicetur,
2697 2362 2756 2412 et
2771 2358 3166 2429 supereminet
3191 2357 3364 2416 sudo-

1988 2432 2147 2489 ribus
2166 2434 2530 2492 subditorum
2555 2435 2972 2494 benevolentias
2993 2437 3354 2512 magnitudo.

2057 2519 2149 2574 20.
2180 2520 2295 2574 Nec
2319 2516 2476 2575 obest
2515 2517 2661 2574 illud
2699 2517 2901 2574 Matth.
2934 2522 3005 2575 5:
3028 2520 3099 2579 Si
3139 2523 3359 2579 ditexe-
3375 2530 3550 2589 soiyit·

1985 2600 2113 2654 ritis
2154 2616 2261 2664 eos,
2289 2599 2386 2675 qui
2423 2616 2521 2654 vos
2558 2599 2815 2668 diliqunt,
2851 2616 3024 2675 qttam
3064 2606 3362 2660 mercedem
3401 2580 3558 2682 w

1983 2678 2291 2734 habebitis?
2311 2676 2373 2731 Id
2398 2682 2502 2743 est,
2535 2679 2771 2744 nullam,
2805 2679 2998 2752 inquit
3023 2679 3106 2736 ibi
3133 2683 3355 2742 Glossa.

1983 2760 2054 2815 Et
2075 2760 2145 2815 ad
2172 2758 2431 2816 Corinth.
2463 2761 2530 2815 9:
2559 2763 2630 2818 Si
2653 2764 3125 2832 evanqetizavero,
3144 2781 3254 2820 non
3282 2774 3362 2822 est

1983 2841 2124 2896 mihi
2156 2838 2379 2911 ρίου-ἕω
2406 2842 2694 2896 necessitas
2717 2845 2866 2897 enim
2895 2843 3036 2899 milti
3063 2845 3356 2902 incumbit.

1982 2926 2131 2979 Nam
2161 2924 2224 2979 in
2248 2922 2439 2995 primo
2465 2939 2537 2980 ex
2565 2923 2654 2978 his
2681 2925 3033 2982 testimoniis
3056 2944 3253 2986 sermo
3272 2936 3361 2986 est

1982 3004 2052 3061 de
2077 3004 2387 3062 dilectione
2411 3021 2636 3071 eorum,
2667 3006 2766 3079 qui
2807 3007 2953 3064 alios
2981 3007 3234 3084 diligunt
3259 3010 3358 3068 di-

1982 3087 2222 3145 lectione
2265 3104 2424 3144 mere
2452 3090 2728 3154 naturali,
2774 3090 2864 3146 cui
2911 3091 2975 3147 in
3027 3092 3235 3150 ordine
3279 3094 3353 3151 ad

1978 3175 2257 3227 aeternam
2300 3168 2717 3226 beatitudinem
2755 3169 3150 3230 non‘debetur
3192 3192 3353 3234 mer-

1976 3264 2086 3315 ces,
2120 3250 2234 3306 nisi
2259 3248 2359 3306 fiat
2378 3265 2448 3305 ex
2471 3250 2772 3308 charitate.
2803 3253 2870 3308 Et
2900 3251 2964 3308 in
2988 3254 3239 3311 secundo
3261 3257 3352 3313 lo-

1976 3330 2174 3402 quitur
2225 3332 2436 3388 Paulus
2463 3347 2584 3387 non
2611 3329 2682 3387 de
2718 3332 2976 3404 qualibet
3013 3336 3220 3408 gloria,
3250 3337 3352 3394 sed

1977 3412 2048 3470 de
2072 3430 2159 3478 ea,
2191 3429 2315 3486 quae
2347 3414 2474 3472 dari
2502 3413 2646 3470 solet
2672 3413 2944 3486 operibus
2969 3434 3349 3493 supereroga-

1976 3494 2174 3562 tioniS,
2207 3501 2270 3550 ut
2315 3497 2608 3570 Chrysost.
2638 3495 2721 3551 ibi
2761 3499 3016 3568 exponit,
3047 3508 3104 3557 et
3130 3503 3195 3557 D.
3238 3503 3342 3558 Th.
3359 3516 3564 3570 neum

1974 3577 2028 3643 2,
2079 3578 2134 3642 2,
2184 3593 2236 3652 q.
2286 3577 2379 3642 58,
2428 3584 2538 3632 art.
2589 3577 2644 3644 3,
2686 3579 2747 3632 tn
2771 3580 3039 3635 solutione
3076 3582 3152 3636 aa
3196 3583 3251 3647 2,
3297 3566 3544 3639 dum.

1974 3658 2257 3734 quoest.81,
2288 3663 2401 3712 art.
2420 3658 2545 3712 fiad
2570 3657 2624 3723 3,
2652 3655 2750 3712 ubi
2775 3658 2961 3715 locum
2984 3663 3240 3735 Apostoli
3261 3665 3346 3722 sic

1973 3736 2252 3807 explicat:
2293 3735 2593 3793 Dicendum
2632 3738 2774 3810 quod
2807 3739 2902 3794 ubi
2927 3747 3005 3795 est
3026 3744 3340 3811 necessitas,

1973 3816 2190 3871 tollitur
2222 3819 2401 3894 yloria
2450 3821 2979 3890 supereroqationis;
3022 3839 3132 3877 non
3158 3832 3347 3880 autem

1970 3900 2287 3956 excluditur
2299 3902 2557 3955 meritum
2572 3902 2815 3967 virtutis,
2831 3905 2883 3957 si
2901 3903 3050 3958 adsit
3064 3906 3341 3964 voluntas.

2045 3984 2140 4038 21.
2183 3981 2499 4039 Dicendum
2544 3989 2630 4040 est
2678 3983 2947 4051 secundo,
2994 4002 3169 4059 opera
3220 4006 3564 4062 quaesemaa

1971 4062 2119 4120 fiunt
2145 4079 2216 4121 ex
2238 4071 2412 4131 metu,
2443 4080 2603 4137 posse
2622 4080 2746 4121 esse
2771 4070 3095 4125 meritoria.
3123 4071 3204 4127 lta
3230 4074 3346 4130 col-
3377 4059 3559 4152 ’ᾖξ’

1972 4144 2174 4218 ligitur
2194 4161 2263 4202 ex
2306 4147 2369 4200 D.
2401 4144 2605 4201 Thom.
2637 4161 2814 4218 supra
2838 4157 3019 4219 quaest.
3051 4151 3107 4217 6,
3140 4159 3251 4208 art.
3283 4155 3420 4221 6,1>.
3446 4159 3557 4203 m.

1969 4234 2179 4284 etcum
2216 4227 2348 4283 aliis
2375 4226 2535 4284 docet
2560 4229 2772 4283 Suarez
2811 4229 2905 4286 lib.
2949 4233 3044 4287 cit.
3075 4250 3198 4305 cap.
3252 4236 3342 4292 13.
3371 4209 3556 4306 Ἠ

1969 4312 2038 4365 Et
2088 4310 2313 4367 ratione
2361 4309 2636 4384 probatur
2652 4334 2668 4377 ;
2717 4313 2993 4383 quoniam
3047 4330 3224 4388 opera
3268 4334 3344 4377 ex

1969 4396 2124 4449 metu
2155 4392 2319 4459 sacta,
2350 4393 2578 4450 etiamsi
2601 4399 2791 4450 metus
2814 4395 2891 4450 sit
2931 4411 3134 4467 poenae,
3163 4405 3219 4455 et
3240 4400 3343 4457 in-

1966 4487 2162 4528 cussus
2182 4472 2252 4529 ad
2267 4471 2721 4544 extorquendum
2739 4480 2949 4541 actum,
2969 4483 3106 4533 sunt
3126 4481 3340 4536 volun·

1967 4552 2134 4617 taria,
2163 4558 2219 4610 et
2242 4553 2425 4609 libera
2444 4553 2822 4626 simpliciter;
2850 4562 2906 4612 et
2929 4557 3119 4614 solum
3140 4576 3341 4617 secun-

1964 4630 2105 4688 dum
2126 4633 2265 4704 quid
2308 4634 2729 4701 involuntaria,
2757 4641 2818 4690 ut
2847 4639 2910 4692 D.
2942 4636 3148 4695 Thom.
3181 4639 3343 4698 docet

1968 4714 2089 4770 loco
2114 4714 2287 4770 citato
2315 4735 2328 4769 ε
2359 4730 2495 4788 ergo
2516 4715 2731 4772 habent
2751 4716 3128 4775 sufficientem
3156 4720 3340 4778 liber-

1966 4801 2161 4862 tatem,
2195 4801 2258 4851 ut
2283 4796 2400 4852 sint
2440 4796 2788 4870 simpliciter
2814 4801 3141 4858 meritoria.
3175 4805 3337 4860 Patet

1963 4879 2385 4950 consequentia,
2404 4879 2539 4950 quia
2558 4879 2607 4934 si
2631 4880 2703 4936 ad
2719 4881 2993 4938 meritum
3014 4884 3337 4956 requiritur
3594 4888 3644 5007 ι

1963 4957 2220 5023 libertas,
2251 4958 2322 5014 ad
2363 4960 2640 5016 meritum
2685 4962 3032 5036 simpliciter
3077 4964 3354 5027 sufficere
3563 4966 3578 4975 “

1960 5039 2128 5099 debet
2154 5040 2391 5099 libertas
2417 5043 2777 5119 simpliciter.
3214 5124 3270 5179 N

3272 5139 3348 5184 ec
