3647 5753
83 1611 240 1655 Prima

59 1662 294 1753 uffifflid‘i-
312 1702 516 1761 parum
546 1686 821 1741 interesse
841 1681 910 1738 ad
933 1682 1236 1738 veritatem
1267 1687 1480 1739 nostrae
1496 1696 1676 1738 asser-

100 1760 262 1803 ¹¹¹¹²¹¹¹⁸·
311 1768 503 1833 tioniS,
532 1765 681 1840 quod
701 1763 888 1838 gratia
915 1761 1294 1819 constituatur
1317 1763 1380 1819 in
1401 1761 1674 1819 substan-

1471 377 1647 432 DISP.
1694 377 1762 444 11,
1807 376 1971 433 DUB.
2017 377 2082 432 V.
3061 385 3171 441 423

302 548 505 604 vimus
531 548 661 603 dub.
689 550 746 605 2.
772 565 925 605 nram.
956 550 1054 606 64.
1084 548 1257 605 Adest
1283 553 1480 606 tamen
1515 548 1674 603 inter

291 631 658 703 exemplum,
703 635 761 687 et
802 646 923 698 rem
975 636 1315 703 praesentem
1362 632 1478 687 haec
1503 629 1674 686 diffe-

297 712 516 777 rentia,
548 708 698 786 quod
741 710 955 768 ablatio
998 713 1257 784 corporis
1305 709 1674 784 impedientis

295 793 457 849 nihil
503 791 883 848 intrinsecum
934 791 1095 863 ponit
1139 793 1201 849 in
1248 808 1413 859 aere;
1454 796 1510 848 et
1547 790 1675 847 ideo

294 875 616 931 destructio
644 873 928 930 indirecta
951 872 1170 931 umbrae
1192 878 1372 946 potest
1390 872 1675 929 divinitus

297 957 434 1015 fieri
465 955 673 1029 absque
700 955 1017 1012 intrinseca
1061 955 1212 1012 aeris
1240 954 1669 1011 immutatione.

297 1043 587 1096 caeterum
612 1036 937 1094 retractatio
960 1041 1113 1092 actus
1137 1035 1512 1108 peccaminosi
1537 1050 1676 1107 prae·

296 1119 465 1177 teriti
508 1135 610 1191 per
655 1123 842 1174 aetum
889 1117 1272 1182 contritionis,
1305 1117 1398 1173 vel
1439 1114 1669 1182 amoris,

295 1201 529 1275 aliquid
588 1201 966 1257 intrinsecum
1022 1201 1084 1256 in
1138 1205 1425 1272 peccatore
1478 1197 1669 1270 ponit,

307 1298 517 1355 nempe
553 1283 741 1354 ipsum
783 1287 991 1347 actum,
1023 1285 1082 1337 et
1121 1280 1407 1337 auxilium
1437 1278 1546 1351 ipsi
1572 1276 1677 1335 de·-

301 1363 607 1430 serviens;
655 1361 917 1434 quocirca
964 1361 1171 1433 peccati
1218 1358 1526 1417 destructio
1574 1374 1676 1415 nec

301 1444 538 1507 directe,
567 1458 670 1499 nec
690 1441 968 1499 indirecte
996 1439 1123 1498 fieri
1153 1441 1304 1498 valet
1332 1438 1541 1512 absque
1562 1439 1676 1495 ali-

302 1541 418 1598 qua
446 1522 763 1579 mutatione
785 1521 1097 1577 intrinseca
1124 1520 1448 1593 peccatoris,

383 1602 470 1659 Ad
505 1603 755 1676 primam
785 1598 1286 1658 confirmationem
1315 1605 1501 1673 posset
1541 1597 1670 1665 dici,

312 1849 390 1905 tia
435 1847 664 1912 animae,
712 1845 801 1900 vel
840 1843 904 1899 in
950 1843 1070 1908 hac,
1120 1849 1218 1899 aut
1265 1844 1369 1899 illa
1397 1842 1669 1915 potentia,

309 1926 624 1984 dummodo
650 1922 990 1983 concedatur
1018 1923 1338 1981 necessaria
1368 1920 1438 1980 ad
1468 1923 1674 1995 peccati

312 2008 710 2068 remissionem
744 2032 759 2077 ;
818 2022 1047 2079 semper
1101 2006 1262 2062 enim
1314 1997 1632 2061 salvabitur
1656 2048 1680 2080 ,A

311 2095 600 2165 peccatum
648 2107 766 2147 non
814 2106 975 2163 posse
1023 2088 1238 2145 remitti
1281 2086 1493 2159 absque
1537 2102 1675 2143 vera

312 2173 620 2246 peccatoris
646 2171 1068 2232 immutatione.
1112 2168 1262 2242 quod
1291 2168 1572 2242 praecipue
1610 2168 1675 2223 in

313 2260 511 2312 nostra
535 2252 848 2310 assertione
888 2250 1264 2308 intendimus,
1300 2252 1435 2314 Quze
1483 2253 1673 2305 autem

310 2335 498 2410 gratia
521 2333 592 2389 ad
639 2331 698 2388 id
744 2333 1090 2406 requiratur,
1137 2332 1228 2389 vel
1277 2329 1425 2404 quod
1453 2330 1674 2404 subjec-

315 2423 440 2472 tum
463 2413 665 2470 debeat
692 2412 1021 2471 immediate
1043 2412 1283 2477 afficere,
1309 2413 1422 2468 late
1450 2416 1674 2469 consta-

316 2497 403 2554 bit
427 2513 500 2553 ex
523 2495 778 2553 dicendis
805 2495 974 2552 dubio
997 2495 1274 2568 sequenti.
1307 2492 1414 2550 Sed
1456 2493 1675 2551 nihilo-

317 2577 518 2634 minus
564 2574 937 2649 respondetur
982 2573 1336 2633 concedendo
1368 2574 1669 2648 majorem,

315 2664 376 2716 et
421 2657 682 2732 negando
726 2656 1031 2713 minorem.
1080 2656 1165 2712 Ad
1211 2657 1370 2730 cujus
1423 2656 1674 2728 primam

317 2737 715 2812 probationem
752 2735 1055 2794 dicendum
1081 2740 1186 2802 est,
1231 2737 1507 2793 unionem
1538 2735 1676 2794 bea-

314 2818 551 2888 tificam,
595 2819 644 2874 si
687 2835 720 2875 a
743 2818 929 2894 gratia
954 2815 1343 2874 sanctificante
1369 2833 1488 2873 non
1516 2816 1676 2874 oria-

312 2907 426 2968 tur,
458 2902 550 2958 vel
599 2896 722 2958 nori
744 2901 957 2957 inferat
993 2899 1240 2956 exercite
1265 2914 1523 2956 amorem
1574 2899 1675 2956 Dei

303 2998 482 3055 super
502 2982 719 3047 omnia,
748 2997 865 3038 non
886 2982 1177 3053 expellere
1199 2985 1485 3053 peccatum
1506 3024 1520 3047 ‚
1539 2979 1676 3054 quia

307 3079 412 3120 nec
459 3063 844 3136 privationem
890 3061 1091 3136 gratiae
1142 3059 1355 3117 directe
1399 3060 1670 3127 excludit,

307 3160 411 3201 nec
429 3142 626 3217 gratiae
646 3142 964 3198 carentiam
984 3140 1173 3197 reddit
1188 3141 1672 3207 involuntariam;

301 3229 360 3281 et
388 3222 516 3279 ideo
543 3221 727 3279 adhuc
764 3222 937 3279 homo
978 3223 1159 3279 Deum
1185 3221 1389 3277 videns
1416 3224 1677 3278 maneret

299 3303 414 3360 sub
458 3303 808 3368 voluntaria,
841 3319 903 3359 ac
931 3302 1174 3376 proinde
1212 3300 1317 3358 sub
1359 3303 1589 3369 morali,
1621 3306 1678 3361 et

301 3385 583 3459 culpabili
607 3385 931 3457 privatione
969 3385 1189 3459 gratiae.
1218 3385 1558 3459 Quanquam
1581 3400 1679 3440 au·

306 3481 429 3527 tem
484 3467 633 3525 visio
691 3466 951 3524 beatifica
1014 3471 1424 3540 permanenter
1484 3465 1679 3523 habita

302 3550 615 3608 constituat
660 3547 1001 3619 simpliciter
1025 3551 1238 3602 statum
1280 3545 1673 3613 beatitudinis,

302 3637 366 3689 et
386 3634 798 3701 consequenter
826 3629 1123 3685 miseriam
1147 3628 1356 3701 peccati
1378 3628 1642 3685 excludat
1661 3651 1674 3693 ;

308 3712 461 3769 visio
487 3715 682 3766 tamen
708 3724 833 3782 quae
859 3725 977 3766 non
1004 3709 1259 3765 oriretur
1300 3724 1332 3765 a
1357 3708 1544 3782 gratia
1572 3708 1679 3766 ha-

310 3790 519 3849 bituali
545 3805 661 3845 nou
681 3794 826 3844 esset
849 3803 1215 3861 permanens,
1245 3787 1342 3844 sed
1366 3788 1676 3856 transiens;

311 3888 421 3930 nec
444 3869 814 3928 constitueret
841 3868 1140 3926 hominem
1167 3868 1512 3941 simpliciter
1553 3867 1682 3925 bea-

313 3959 458 4019 tum,
487 3950 588 4007 sed
613 3949 968 4023 permitteret
996 3950 1058 4005 in
1087 3950 1211 4022 ipso
1232 3949 1531 4006 miseriam
1561 3964 1682 4021 pec·

309 4033 445 4091 cati.
493 4034 562 4086 Et
601 4032 681 4086 ita
709 4029 1086 4104 intelligenda
1113 4036 1247 4086 sunt
1272 4046 1398 4103 quae
1424 4028 1680 4086 diximus

310 4114 444 4171 dub.
477 4114 532 4179 3,
562 4130 715 4169 num.
745 4113 838 4180 73,
884 4110 1001 4180 ubi,
1032 4112 1179 4167 sicut
1212 4117 1268 4169 et
1293 4113 1357 4169 in
1387 4112 1702 4185 praesenti,

316 4193 613 4266 loquimur
655 4193 718 4248 in
745 4191 1046 4265 hypothesi
1072 4191 1482 4258 conditionata,
1531 4192 1681 4265 quod

313 4275 554 4331 daretur
575 4273 722 4330 visio
749 4271 1006 4331 beatifica
1031 4277 1295 4345 separata
1315 4289 1348 4329 a
1371 4272 1558 4347 gratia
1586 4272 1685 4329 ha·
1711 4332 1714 4335 Α

317 4355 556 4420 bituali;
583 4370 658 4410 an
679 4357 869 4409 autem
892 4352 996 4409 hoc
1018 4353 1091 4408 sit
1113 4353 1368 4410 absolute
1389 4352 1679 4425 possibile,

315 4433 600 4494 constabit
627 4449 696 4490 ex
718 4432 976 4490 dicendis
1002 4433 1176 4490 dubio
1201 4433 1484 4507 sequenti.

393 4515 479 4572 Ad
501 4512 810 4572 secundam
834 4513 1229 4586 probationem
1253 4519 1405 4587 patet
1423 4530 1494 4570 ex
1516 4512 1686 4570 modo

314 4597 485 4654 dictis
508 4620 521 4664 ;
565 4610 702 4651 nam
749 4595 991 4650 mutatio
1019 4594 1164 4650 facta
1190 4595 1254 4650 in
1281 4596 1588 4660 intellectu,
1631 4598 1688 4651 et

319 4695 441 4737 non
462 4695 522 4736 se
546 4676 863 4734 extendens
888 4676 1134 4733 exercite
1156 4675 1225 4732 ad
1254 4676 1686 4732 immutandum
1733 4711 1746 4753 t

319 4762 698 4826 voluntatem,
722 4758 998 4831 relinquit
1020 4764 1206 4816 actum
1229 4758 1685 4833 peccaminosum

321 4844 777 4903 irretractatum;
802 4845 968 4912 atque
996 4838 1122 4896 ideo
1142 4845 1225 4897 est
1245 4839 1595 4896 insufficiens
1617 4837 1687 4895 ad

317 4921 772 4979 destructionem
801 4920 1031 4992 peccati.
1063 4919 1228 4976 Unde
1269 4920 1397 4976 licet
1425 4919 1689 4975 variare-

321 5009 416 5061 tur
442 5004 733 5061 dictamen
765 5017 1029 5075 parvum,
1061 5001 1245 5059 adhuc
1270 5008 1465 5059 tamen
1495 5016 1690 5074 pecca-

1808 552 1929 604 tum
1980 548 2272 609 habituale
2298 557 2692 625 perseveraret
2728 574 2741 609 ε
2784 554 2934 611 istud
2961 555 3173 630 quippe

1807 643 1926 685 non
1973 627 2254 703 dependet
2290 633 2677 690 essentialiter
2723 633 2793 690 ab
2842 634 3171 710 hujusmodi

1805 708 2136 781 dictamine,
2164 713 2279 769 nisi
2309 713 2373 769 in
2399 731 2501 772 suo
2527 714 2790 790 produci;
2820 724 3013 790 postea
3034 734 3174 777 vero

1808 795 1990 862 potest
2014 793 2345 850 conservari
2369 793 2824 868 independenter
2854 796 2926 853 ab
2961 799 3083 864 illo,
3111 805 3172 871 ut

1809 875 1961 943 patet
2011 872 2074 928 in
2122 872 2387 944 pluribus
2441 870 2825 949 peccatoribus
2878 877 3165 946 fidelibus,

1806 952 1905 1026 qui
1933 957 2057 1025 post
2096 958 2385 1026 peccatum
2418 957 2789 1012 commissum
2823 957 3085 1030 J'udicant
3110 975 3172 1018 se

1806 1033 1961 1089 male
1985 1032 2184 1106 egisse,
2214 1038 2269 1090 et
2294 1035 2590 1108 corrigunt
2631 1036 2952 1109 praecedens
2989 1039 3173 1096 dicta-

1807 1127 1965 1176 men;
1995 1117 2052 1168 et
2080 1113 2465 1174 nihilominus
2486 1131 2556 1171 ex
2578 1117 2637 1171 vi
2661 1117 2830 1190 hujus
2852 1133 2969 1175 non
2996 1135 3172 1176 mun-

1807 1191 2019 1250 dantur
2039 1193 2234 1249 statim
2258 1210 2291 1250 a
2318 1195 2576 1266 peccatis,

1783 1279 1790 1286 ·
1882 1270 2041 1329 Adde
2059 1271 2367 1339 dictamen,
2407 1291 2438 1332 a
2486 1291 2598 1348 quo
2638 1281 2926 1348 peccatum
2956 1281 3174 1337 actuale

1807 1352 2107 1425 dependet,
2156 1358 2213 1411 et
2260 1370 2361 1426 per
2406 1354 2554 1428 quod
2602 1358 2916 1430 regulatur,
2966 1358 3174 1418 debere

1807 1451 1929 1493 esse
1948 1437 2189 1493 omnino
2211 1438 2542 1510 practicum,
2568 1444 2623 1496 et
2641 1441 2889 1498 exercite
2917 1442 3173 1500 inserens

1807 1521 1997 1573 actum
2027 1517 2264 1588 peccati3
2291 1517 2349 1573 id
2371 1524 2560 1575 autem
2586 1535 2702 1576 non
2727 1519 2895 1578 habet
2924 1521 3177 1581 intellec-

1807 1601 1899 1653 tus
1925 1614 1996 1655 ex
2021 1614 2101 1664 se,
2129 1615 2232 1656 nec
2253 1616 2286 1656 a
2311 1602 2441 1667 Dee,
2465 1599 2564 1658 sed
2594 1617 2667 1658 ex
2689 1603 2943 1660 motione
2964 1606 3177 1663 volun-

1807 1678 1961 1748 tatis,
1992 1695 2118 1753 quae
2152 1681 2245 1736 vel
2274 1696 2374 1753 per
2401 1682 2594 1754 ipsum
2617 1687 2803 1739 actum
2825 1685 3057 1767 peccati,
3083 1690 3177 1744 vel

1808 1775 1912 1833 per
1934 1760 2116 1816 alium
2145 1764 2333 1817 actum
2364 1762 2791 1820 antecedentem
2824 1746 3176 1836 peccamino-

1808 1838 1942 1898 sum'
1980 1846 2193 1900 movet.
2221 1846 2278 1899 et
2297 1842 2541 1916 applicat
2562 1844 2916 1902 intellectum
2939 1847 3008 1903 ad
3026 1848 3177 1922 judi-

1808 1924 2056 1982 candum
2078 1923 2395 1981 defectuose
2428 1946 2440 1980 :
2471 1925 2623 1983 unde
2653 1927 2800 1986 ratio
2823 1931 3054 2002 practici
3084 1931 3178 1988 de·

1809 2005 2064 2071 fectuosi,
2110 2009 2338 2078 reperta
2382 2005 2446 2062 in
2492 2006 2805 2065 dictamine
2853 2010 3177 2069 intellectus

1808 2089 2106 2147 derivatur
2125 2105 2198 2146 ex
2218 2089 2341 2161 ipsa
2362 2090 2678 2147 voluntate.
2698 2093 3089 2156 Quamobrem
3116 2103 3178 2152 ut

1808 2172 2069 2229 varietur
2090 2169 2236 2227 illud
2264 2170 2551 2228 dictamen
2577 2172 2641 2228 in
2665 2174 2888 2231 ratione
2916 2178 3168 2247 practici,

1809 2254 1902 2310 vel
1949 2270 1982 2309 a
2020 2254 2314 2309 voluntate
2362 2256 2423 2307 ut
2463 2253 2740 2310 auxiliata
2782 2254 3170 2313 inchoandum

1806 2338 1912 2400 est,
1944 2334 2035 2391 vel
2064 2333 2357 2389 auxilium
2379 2333 2696 2391 intellectui
2724 2351 3048 2394 concessum
3079 2338 3174 2396 de-

1808 2412 1905 2471 bet
1960 2413 2206 2470 exercite
2260 2414 2616 2472 voluntatem
2672 2415 3006 2476 immutare.
3057 2420 3171 2475 Hac

1807 2493 2018 2567 quippe
2057 2493 2298 2551 omnino
2338 2493 2596 2561 immota,
2642 2495 3031 2567 perseverabit
3077 2497 3174 2553 in-

1808 2575 2098 2632 variatum
2132 2574 2413 2650 judicium
2442 2576 2772 2646 practicam,
2806 2593 2839 2633 a
2882 2594 2992 2650 quo
3020 2584 3175 2635 actus

1810 2655 2017 2730 peccati
2067 2655 2376 2729 dependet;
2422 2657 2551 2713 licet
2597 2657 2875 2728 varietur¹
2890 2658 3175 2732 judicium

1807 2738 2225 2811 speculativum
2255 2740 2348 2795 vel
2388 2754 2489 2811 per
2515 2739 2800 2797 visionem
2830 2740 3168 2807 beatificam,

1807 2822 1901 2880 vel
1929 2838 2029 2896 per
2050 2826 2239 2880 actum
2260 2820 2414 2889 fidei,
2448 2823 2539 2879 vel
2562 2838 2664 2896 per
2695 2822 2854 2881 aliud
2882 2824 3174 2898 quodlibet

1809 2906 2027 2962 lumen.

1897 2983 2017 3037 179.
2050 2979 2134 3035 Ad
2162 2978 2470 3037 secundam
2497 2978 2996 3039 confirmationem
3018 2998 3177 3040 cons·
3205 3004 3364 3047 samm

1808 3064 1953 3122 tabit
1997 3078 2068 3119 ex
2107 3060 2362 3118 dicendis
2400 3062 2526 3118 dub.
2572 3065 2627 3128 7,
2673 3061 2772 3118 ubi
2812 3080 2882 3119 ex
2926 3063 3177 3136 professo
3203 3064 3347 3149 559,ψῦ

1809 3140 2182 3201 tractabimus
2207 3140 2601 3198 difficultatem
2638 3142 2702 3197 in
2741 3142 2846 3199 hac
2866 3142 3178 3200 confirma-

1810 3226 1968 3282 tione
2014 3222 2385 3295 propositam,
2435 3238 2561 3294 quae
2588 3225 2674 3278 est
2717 3222 2854 3278 satis
2880 3221 3093 3296 graviS,
3124 3229 3180 3279 et

1809 3305 2071 3365 obscura.
2104 3301 2273 3359 Modo
2302 3300 2715 3374 respondemus
2740 3301 3000 3375 negando
3027 3307 3183 3360 ante—

1808 3387 2016 3445 cedens
2077 3385 2438 3442 intellectum
2492 3381 2561 3439 de
2603 3384 2789 3457 gratia
2844 3384 3176 3449 intrinseca,

1809 3472 1931 3523 tam
1975 3466 2251 3533 naturali,
2295 3480 2468 3537 quam
2497 3465 2944 3536 supernaturali,
2976 3466 3183 3521 saltem

1813 3552 1981 3621 prout
2029 3547 2215 3620 gratia
2281 3544 2565 3601 naturalis
2625 3545 2898 3616 importat
2956 3544 3181 3618 aliquod

1811 3631 2033 3689 donum
2060 3629 2218 3685 intra
2240 3626 2505 3684 ordinem
2535 3630 2789 3692 naturae3
2821 3641 2956 3681 nam
2989 3643 3185 3699 pecca-

1813 3717 1937 3769 tum
1964 3712 2027 3768 in
2054 3714 2203 3767 statu
2224 3724 2502 3783 purorum
2520 3707 2890 3765 commissum
2908 3710 3046 3777 (esto
3063 3725 3185 3782 pos·

1811 3799 1899 3852 set
1926 3793 2146 3850 remitti
2187 3791 2315 3849 sine
2342 3789 2635 3848 infusione
2678 3788 2876 3863 gratiae
2902 3805 3186 3862 superna-

1813 3875 1963 3932 tural
1976 3874 2044 3943 is)
2060 3872 2308 3930 minime
2329 3871 2509 3941 deleri
2533 3870 2750 3926 valeret
2767 3868 2976 3941 absque
2992 3871 3185 3943 aliqua

1814 3949 2071 4010 hominis
2119 3949 2438 4008 mutatione
2479 3966 2579 4025 per
2621 3950 3048 4017 contritionem,
3094 3954 3185 4009 vel

1815 4048 2075 4092 amorem
2098 4033 2198 4088 Dei
2220 4046 2391 4103 super
2415 4030 2611 4087 omnia
2634 4030 2933 4087 entitative
2957 4036 3190 4089 natura·

1816 4117 1909 4182 lis,
1952 4114 2161 4189 quibus
2208 4118 2542 4172 retractaret
2586 4118 2873 4186 peccatum
2924 4116 3187 4186 prseteri-

1816 4206 1961 4265 tum,
1987 4206 2044 4256 et
2065 4201 2423 4255 averteretur
2445 4213 2476 4253 a
2500 4195 2648 4252 bono
2669 4193 3087 4262 commutabili,
3115 4196 3184 4253 ad

1815 4278 1967 4354 quod
1993 4278 2324 4337 inordinate
2368 4292 2676 4334 conversus
2703 4279 2847 4331 erat.
2879 4274 2937 4329 ld
2975 4276 3185 4350 quippe

1816 4361 2033 4418 evincit
2061 4360 2226 4427 ratic,
2269 4373 2443 4430 quam
2471 4371 2645 4427 supra
2678 4355 3076 4426 expendimuS,
3124 4364 3186 4414 ut

1817 4440 2202 4498 consideranti
2235 4433 2549 4511 apparebit.

1814 4507 1822 4515 ’
1895 4514 1980 4569 Ad
2022 4515 2251 4571 tertiam
2280 4508 2560 4567 constabit
2584 4524 2655 4565 ex
2683 4508 2939 4565 dicendis
2965 4511 3092 4568 dub.
3126 4515 3179 4579 8,
3198 4516 3385 4605 115511031·

1820 4595 1920 4652 ubi
1956 4595 2121 4650 illam
2154 4608 2225 4649 ex
2254 4590 2506 4663 professo
2532 4588 2838 4645 diluemus,
2867 4592 3030 4648 Nunc
3052 4572 3380 4655 bre-uffi'tssm,

1819 4676 1970 4733 viter
2018 4671 2394 4745 respondetur
2441 4668 2701 4743 negando
2741 4669 3050 4727 minorem.
3100 4672 3186 4727 Ad

1820 4756 1979 4830 cujus
2015 4752 2410 4827 probationem
2433 4748 2737 4806 dicendum
2766 4754 2869 4814 est,
2902 4751 3185 4807 maculam

1823 4837 2030 4911 peccati
2060 4834 2312 4892 venialis
2348 4832 2658 4890 consistere
2684 4831 2744 4886 in
2771 4832 3025 4887 carentia
3070 4832 3188 4889 fer-

1820 4920 1981 4976 voris
2031 4916 2365 4982 charitatis,
2429 4918 2493 4970 ut
2548 4914 2933 4969 communiter
2984 4912 3187 4971 docent

1820 5000 2094 5074 Theologi
2110 5023 2125 5066 ;
2142 5003 2197 5055 et
2216 4997 2560 5054 sufficienter
2575 4995 2791 5051 auferri
2817 5010 2916 5067 per
2933 4994 3187 5068 aliquem
