3647 5753
366 2858 539 2903 conclu·

417 2908 498 2953 sio.

360 3500 569 3559 Probabi·.

414 3554 512 3593 titas

372 3603 537 3644 contn-

360 3648 436 3693 rtae
453 3658 546 3708 scn-

380 3702 539 3744 tenuae.

591 389 705 445 776
1559 382 1653 437 DE
1695 379 2020 436 INFLUXU
2060 379 2510 436 CHARITATIS.

598 580 624 610 κ
665 557 747 614 tia
770 560 967 624 statim
995 564 1252 635 augetur,
1277 555 1377 614 sed
1402 571 1507 613 suo
1532 558 1807 625 tempore,
1827 567 1957 608 cum

596 661 621 693 κ
666 639 882 697 scilicet
909 642 1117 714 aliquis
1141 640 1487 697 sufficienter
1508 636 1682 693 fuerit
1706 634 1958 707 disposi-

596 740 621 772 κ
666 723 757 775 tus
780 720 850 777 ad
870 723 1069 797 gratiae
1108 725 1501 796 augmentum.
1548 738 1575 769 ι
1618 720 1698 773 De
1725 716 1830 771 hoc
1867 720 1958 771 ta-

591 816 728 858 men
767 805 934 876 plura
960 803 1214 862 dicemus
1254 804 1317 859 in
1343 804 1606 859 Tractatu
1638 799 1708 856 de
1747 797 1957 854 Chari-

591 887 704 939 tate
722 925 737 948 ,
768 883 868 938 ubi
895 899 966 940 ex
996 884 1246 957 professo
1271 880 1726 941 examinandum
1753 883 1854 942 est,
1880 894 1954 935 an

591 980 693 1038 per
738 970 893 1024 actus
918 968 1215 1024 charitatis
1257 967 1527 1025 remissos
1570 961 1820 1021 charitas
1849 976 1956 1018 au-

588 1050 789 1120 geatur
803 1051 830 1104 ?
851 1050 921 1104 Et
938 1047 1075 1121 quid
1098 1047 1410 1106 tenendum
1431 1047 1524 1116 sit,
1546 1043 1698 1101 haud
1719 1042 1955 1102 obscure

591 1128 872 1186 constabit
896 1146 967 1187 ex
995 1129 1251 1188 dicendis
1272 1132 1413 1206 disp.
1444 1146 1552 1207 seq.

1049 1326 1332 1382 DUBIUM
1372 1325 1467 1380 VI.

596 1486 794 1545 Utrum
834 1486 993 1540 Ιιοηιο
1018 1482 1344 1538 constitutus
1382 1481 1444 1534 in
1479 1478 1688 1549 yratia,
1731 1474 1953 1530 etiamsi

661 1575 818 1624 actus
842 1564 1101 1639 sor-malis
1144 1563 1437 1618 charitatis
1488 1562 1548 1615 in
1590 1576 1649 1613 eo
1677 1575 1784 1612 non
1804 1573 1952 1630 prar-

660 1651 895 1712 cesserit,
943 1652 1217 1701 mereatur
1255 1661 1355 1717 per
1398 1658 1580 1698 omnes
1629 1639 1770 1695 alios
1794 1643 1952 1694 actus

660 1731 948 1786 moraliter
987 1729 1150 1784 bonos
1191 1729 1370 1783 vitam
1412 1732 1667 1780 sternam
1716 1722 1780 1777 de
1817 1739 1951 1777 con-

658 1811 863 1882 dique?

661 1968 938 2035 Quamvis
961 1965 1231 2025 resolutio
1258 1963 1427 2037 huius
1453 1958 1617 2017 dubii
1640 1957 1949 2015 difficulta-

586 2058 702 2112 tem
732 2050 901 2108 addat
950 2066 1126 2122 supra
1169 2046 1517 2104 decisionem
1550 2041 1942 2115 praecedentis,

585 2132 820 2191 brevius
849 2137 1041 2189 tamen
1071 2125 1483 2187 absolvendum
1512 2128 1595 2181 est
1620 2147 1635 2190 ;
1663 2122 1799 2194 quia
1829 2121 1949 2178 fere

584 2215 782 2276 omnia
807 2213 1110 2287 principia,
1136 2228 1207 2269 ex
1226 2209 1435 2284 quibus
1461 2204 1756 2279 dependet,
1775 2202 1948 2260 stabi-

586 2296 667 2353 lia
694 2295 816 2370 jam
844 2300 996 2360 sunt,
1022 2303 1412 2366 perpaucaque
1438 2283 1801 2359 inquisitioni
1840 2283 1946 2339 ob·-

584 2378 759 2437 noxia
778 2378 1108 2447 supersunt.

1204 2530 1237 2596 g
1277 2526 1321 2580 1.

749 2684 997 2741 Assertio
1013 2699 1115 2755 pro
1140 2681 1400 2738 diluenda
1426 2677 1765 2754 difficultate.

663 2836 784 2893 117.
829 2835 1144 2894 Dicendum
1192 2839 1293 2903 est,
1352 2833 1650 2891 hominem
1686 2831 1944 2889 existen-

580 2922 696 2976 tem
726 2920 790 2976 in
809 2919 995 2995 gratia
1024 2920 1185 2992 prius
1212 2919 1387 2975 etiam
1414 2931 1588 2989 quam
1611 2919 1798 2971 actum
1814 2916 1944 2972 cha-

581 3001 770 3059 ritatis
795 3003 1100 3061 formalem
1128 3001 1337 3067 eliciat,
1366 2999 1578 3056 mereri
1610 3014 1711 3071 per
1740 3014 1943 3056 omnes

579 3101 711 3143 suos
731 3093 884 3143 actus
906 3087 1207 3146 moraliter
1229 3084 1406 3142 bonos
1433 3082 1614 3138 vitam
1661 3087 1942 3139 aeternam

577 3168 649 3224 de
666 3169 968 3244 condigno,
1019 3169 1267 3241 adeoque
1312 3182 1416 3239 pro
1450 3166 1612 3222 nullo
1658 3181 1788 3222 casu
1836 3164 1941 3221 ad-

578 3249 926 3307 mittendum
965 3267 1087 3308 esse
1116 3250 1177 3306 in
1205 3250 1309 3307 illo
1336 3253 1523 3305 actum
1570 3245 1807 3312 bonum,
1840 3247 1941 3320 qui

578 3334 914 3391 meritorius
960 3350 1078 3391 non
1104 3334 1205 3400 sit,
1234 3330 1501 3405 quamvis
1527 3330 1784 3403 opposita
1809 3330 1940 3403 opi-

578 3412 678 3470 nio
717 3414 791 3470 sit
839 3415 977 3472 satis
1018 3413 1370 3488 probabilis,
1415 3412 1589 3469 etiam
1634 3411 1696 3466 in
1739 3411 1835 3467 via
1869 3413 1934 3467 D.

577 3494 782 3552 Thom.
811 3497 939 3552 Haec
967 3496 1248 3569 posterior
1264 3509 1395 3568 pars
1421 3492 1806 3550 conclusionis
1828 3491 1938 3546 tri-

576 3575 756 3632 buens
781 3577 1077 3633 sententiae
1105 3576 1406 3634 contrariae
1427 3587 1697 3646 magnam
1728 3570 1937 3644 proba-

576 3656 877 3725 bilitatem,
916 3658 1205 3715 anemine
1232 3655 1550 3732 negabitur,
1594 3653 1693 3727 qui
1734 3653 1938 3726 legerit

572 3739 903 3797 testimonia
944 3744 1007 3798 D.
1052 3741 1257 3797 Thom.
1312 3739 1490 3795 relata
1529 3736 1655 3792 dub.
1705 3737 1930 3808 praeced.

571 3820 719 3875 Tum
757 3821 891 3892 quia
937 3820 1057 3876 illis
1108 3818 1172 3874 fit
1217 3817 1509 3875 multoties
1562 3831 1825 3872 recursus
1863 3815 1935 3872 ad

569 3901 904 3974 praedictum
952 3908 1138 3959 actum
1176 3900 1469 3958 charitatis
1498 3896 1928 3972 praecedentem,

568 4000 671 4057 per
697 4000 866 4056 quem
891 3985 1075 4057 justus
1101 3999 1179 4049 se,
1207 3988 1263 4038 et
1289 3981 1488 4039 omnia
1526 3996 1631 4036 sua
1659 3979 1722 4034 in
1751 3981 1933 4035 Deum

566 4062 745 4120 finem
772 4065 1047 4120 ultimum
1077 4061 1438 4120 ordinaverit
1463 4085 1477 4128 ;
1510 4059 1754 4132 talisque
1776 4064 1934 4115 actus

567 4145 829 4203 redditur
857 4164 959 4220 pro
991 4146 1211 4203 ratione
1237 4143 1433 4201 meriti
1463 4147 1690 4199 actuum
1731 4142 1934 4199 subse·

565 4230 886 4301 quentium,
919 4232 1198 4301 quatenus
1238 4226 1346 4300 vis,
1378 4230 1435 4282 et
1481 4224 1727 4283 efficacia
1767 4225 1932 4282 illius

567 4311 952 4381 permanetin
978 4308 1119 4372 istis,
1167 4306 1421 4363 referens
1464 4320 1562 4361 eos
1600 4303 1931 4362 virtualiter

567 4392 630 4446 in
655 4391 987 4464 praedictum
1033 4388 1243 4452 finem,
1288 4386 1566 4457 duratque
1606 4400 1705 4457 per
1750 4390 1929 4442 totam

566 4473 765 4541 vitam,
798 4474 910 4529 nisi
935 4489 1034 4546 per
1062 4475 1349 4544 peccatum
1390 4469 1635 4526 mortale
1656 4473 1930 4526 retracte-

568 4560 663 4613 tur
689 4578 703 4613 :
727 4572 862 4630 ergo
885 4555 1021 4612 satis
1051 4552 1345 4626 probabile
1365 4556 1467 4619 est,
1497 4551 1716 4623 requiri
1738 4551 1929 4608 indis-

567 4635 940 4711 pensabiliter
991 4637 1165 4692 talem
1220 4639 1408 4691 actum
1454 4633 1525 4690 ad
1592 4632 1928 4705 praedictum

562 4719 848 4777 effectum.

638 4803 786 4857 Tum
803 4800 997 4867 etiam,
1043 4800 1177 4873 quia
1206 4801 1271 4855 D.
1321 4797 1525 4855 Thom.
1576 4795 1723 4853 sicut
1759 4801 1927 4870 negat

565 4882 809 4957 reperiri
837 4882 900 4937 in
927 4881 1165 4938 homine
1185 4880 1338 4955 J’usto
1366 4883 1553 4935 actum
1584 4875 1927 4934 indifferen-

561 4971 678 5023 tem
701 4964 771 5022 ad
812 4963 1107 5028 meritum,
1138 4966 1196 5019 et
1239 4961 1586 5019 demeritum
1606 4986 1620 5028 ς
1643 4960 1724 5017 sic
1749 4960 1925 5017 etiam

562 5053 733 5121 negat
763 5045 1003 5118 reperiri
1035 5045 1098 5101 in
1126 5043 1337 5116 aliquo,
1363 5043 1487 5101 sive
1506 5044 1678 5118 just0,
1703 5040 1826 5100 sive
1840 5041 1927 5099 in-

2086 549 2260 624 justo,
2294 556 2483 608 actum
2525 550 2965 608 indifferentem
3018 547 3097 605 ad
3163 548 3430 618 bonum,
3459 561 3506 607 et

2090 633 2162 690 ad
2201 634 2424 690 malum
2446 658 2459 701 ;
2485 638 2541 690 et
2561 640 2755 691 tamen
2786 634 2895 690 hoc
2922 648 3053 690 non
3069 630 3384 698 obstante,
3419 635 3506 689 ad·

2088 715 2376 771 mittimus
2425 714 2643 787 aliquos
2688 719 2846 771 actus
2892 712 3293 780 adfbonum‚
3333 721 3390 771 et
3439 715 3500 770 ad

2089 799 2309 854 malum
2338 796 2758 864 indifferentes,
2812 813 2933 855 non
2975 795 3244 870 quidem
3277 814 3385 872 per
3424 814 3497 862 se,

2086 876 2184 936 sed
2214 894 2314 951 per
2345 878 2621 946 accidenS,
2656 883 2891 952 propter
2940 879 3382 953 ignorantiam
3412 882 3500 936 in·

2088 958 2424 1017 vincibilem
2453 1002 2466 1026 ,
2536 960 2628 1016 vel
2694 959 3065 1031 probabilem
3143 960 3495 1032 opinionem

2085 1041 2226 1115 ejuS,
2257 1041 2354 1115 qui
2382 1047 2666 1112 operatur,
2696 1048 2759 1097 ut
2784 1041 3200 1114 explicuimus
3234 1043 3309 1099 in
3339 1045 3499 1100 Trae-

2087 1128 2205 1180 tatu
2232 1123 2302 1181 de
2322 1123 2575 1181 bonitate
2600 1129 2655 1180 et
2700 1125 2943 1189 malitia,
2971 1126 3133 1198 disp.
3169 1129 3234 1191 7,
3280 1126 3416 1182 dub.
3442 1130 3491 1193 2,

2086 1222 2187 1262 cur
2202 1221 2338 1281 ergo
2360 1205 2586 1262 admitti
2615 1222 2731 1264 non
2773 1213 3046 1280 poterunt
3097 1208 3175 1264 in
3237 1208 3492 1267 habente

2084 1287 2330 1362 gratiam
2353 1287 2532 1359 aliqui
2554 1292 2725 1354 actuS,
2746 1289 2842 1361 qui
2865 1288 2997 1345 licet
3023 1289 3161 1344 sint
3183 1287 3364 1357 boni,
3397 1308 3492 1364 per

2085 1368 2342 1426 accidens
2374 1372 2569 1424 tamen
2594 1383 2666 1423 ex
2710 1367 2928 1425 defectu
2971 1375 3146 1426 actus
3169 1370 3490 1429 charitatis

2086 1449 2455 1524 praecedentis
2482 1467 2599 1509 non
2620 1451 2738 1506 sint
2763 1451 3080 1508 meritorii.
3118 1454 3295 1509 Tum
3345 1472 3489 1527 prae·

2084 1536 2269 1599 terea,
2324 1548 2460 1589 nam
2516 1534 2719 1590 relatio
2759 1533 3033 1589 virtualis
3087 1533 3171 1590 ad
3225 1537 3488 1609 aliquem

2085 1613 2262 1672 finem
2321 1617 2592 1689 supponit
2640 1616 2983 1673 relationem
3028 1616 3379 1676 formalem
3426 1622 3488 1676 ad

2083 1697 2331 1755 eundem
2380 1698 2579 1764 finem,
2633 1700 2697 1756 in
2736 1701 2897 1774 cujus
2945 1701 3180 1757 virtute
3226 1701 3382 1768 fiat;
3433 1721 3489 1759 ar

2084 1777 2324 1850 proinde
2350 1778 2449 1835 ubi
2477 1781 2640 1836 nulla
2674 1782 2961 1854 praecessit
2993 1783 3218 1840 relatio
3256 1784 3485 1841 forma—

2083 1859 2155 1915 lis
2182 1859 2252 1916 ad
2279 1858 2456 1918 finem
2483 1860 2798 1928 charitatis,
2845 1878 2964 1918 non
3000 1863 3259 1922 videtur
3321 1883 3480 1938 posse

2082 1940 2331 2016 intelligi
2377 1942 2579 1999 relatio
2601 1943 2872 2000 virtualis
2897 1966 2910 2000 :
2935 1960 3068 1999 cum
3093 1961 3253 2020 ergo
3285 1953 3354 2002 ut
3394 1965 3483 2003 ac—

2082 2024 2173 2075 tus
2194 2021 2404 2095 aliquis
2429 2021 2506 2077 sit
2523 2022 2873 2090 meritoriu8‚
2901 2023 3115 2080 saltem
3169 2026 3480 2084 includere

2080 2100 2280 2159 debeat
2314 2103 2460 2158 hanc
2501 2104 2871 2175 posteriorem
2917 2105 3287 2163 relationem
3315 2151 3333 2174 ,
3380 2123 3480 2164 ne-

2079 2183 2263 2256 quibit
2288 2200 2409 2241 esse
2434 2185 2584 2250 talis,
2619 2185 2733 2241 nisi
2758 2186 3015 2258 priorem
3038 2187 3224 2245 illam
3258 2207 3475 2264 suppo—

2081 2273 2197 2324 nat.
2241 2269 2388 2323 Tum
2442 2267 2719 2341 denique;
2752 2284 2889 2325 nam
2939 2269 3020 2325 ita
3068 2280 3361 2329 asserunt
3405 2290 3474 2329 ex

2079 2348 2392 2406 Thomistis
2425 2364 2600 2422 supra
2642 2349 2854 2416 relatiS,
2886 2351 3231 2422 Capreolus,
3273 2355 3588 2433 Hispa-3³22

2080 2431 2276 2498 lensiS,
2306 2436 2363 2488 et
2387 2431 2636 2499 Medina,
2661 2447 2909 2504 quorum
2937 2434 3301 2492 authoritati
3326 2437 3472 2492 mul·
3496 2419 3588 2500 Ξῖζ

2079 2518 2203 2570 tum
2228 2519 2315 2570 est
2338 2512 2734 2571 deferendum.
3587 2507 3588 2528 ¹

2160 2596 2284 2650 118.
2314 2594 2419 2652 Sed
2439 2595 2704 2668 quamvis
2726 2595 2863 2662 haec,
2884 2600 2940 2651 et
2967 2596 3088 2653 alia
3119 2597 3310 2655 valde
3339 2615 3466 2672 pro·
3498 2609 3588 2660 na*

2077 2675 2331 2733 babilem
2384 2675 2625 2732 reddant
2676 2677 2824 2732 hanc
2874 2679 3267 2745 sententiam,
3328 2698 3464 2737 sua·
3493 2669 3588 2762 ἓξὲξ(

2077 2758 2357 2831 deantque
2386 2757 2627 2830 proinde
2645 2758 2956 2816 secundam
2986 2766 3222 2831 partem
3251 2769 3463 2820 nostrae
3475 2729 3588 2809 ’HQ'

2077 2839 2430 2907 assertioniS,
2461 2855 2579 2898 non
2622 2843 2817 2896 tamen
2858 2839 2939 2896 ita
2986 2839 3162 2898 illam
3206 2846 3462 2901 convin-

2075 2932 2230 2990 cunt,
2300 2922 2442 2996 quin
2481 2923 2799 2997 oppositam
2855 2922 3356 2996 probabiliorem,
3409 2937 3461 2986 et
3589 2904 3590 2971 l

2076 3004 2332 3062 absolute
2383 3020 2583 3062 veram
2634 3020 2989 3062 censeamus.
3022 3010 3220 3072 Quam
3250 3009 3458 3066 desen·
3526 3077 3530 3081 ‚

2074 3085 2219 3141 dunt
2252 3087 2430 3160 Cajet.
2476 3089 2741 3154 Ferrara,
2774 3087 2924 3155 soto,
2956 3092 3011 3143 et
3050 3092 3248 3146 caeteri
3303 3091 3456 3147 Tho-
3477 3081 3570 3171 g}

2075 3166 2262 3223 mistae
2288 3183 2463 3240 supra
2505 3168 2694 3235 relati,
2738 3167 2880 3224 dum
2915 3166 3204 3239 absolute,
3230 3177 3293 3227 et
3323 3173 3454 3228 uni·
3499 3180 3552 3219 ἰῶ

2073 3249 2378 3306 versaliter
2413 3249 2722 3316 affirmant,
2755 3250 3055 3308 hominem
3094 3253 3450 3312 existentem

2073 3329 2139 3386 in
2165 3330 2352 3404 gratia
2380 3333 2596 3388 mereri
2631 3332 2811 3388 vitam
2854 3336 3138 3389 aeternam
3172 3350 3284 3407 per
3324 3353 3448 3393 om-

2073 3426 2176 3467 nes
2219 3420 2350 3468 suus
2392 3419 2547 3470 actus
2594 3413 2898 3470 moraliter
2943 3413 3158 3481 bonos;
3220 3418 3445 3474 nullam

2072 3490 2347 3547 addentes
2374 3493 2806 3560 limitationem,
2827 3510 3009 3567 neque
3023 3495 3446 3570 restringentes

2070 3569 2395 3628 doctrinam
2424 3572 2495 3628 ad
2517 3574 2708 3641 illum,
2751 3574 2851 3646 qui
2893 3580 3083 3631 actum
3123 3574 3445 3635 formalem

2070 3654 2366 3711 charitatis
2390 3655 2609 3712 elicuit.
2639 3657 2761 3720 Qua
2787 3655 2965 3712 etiam
2994 3657 3562 3728 universalitatem?

2070 3734 2327 3807 loquitur
2375 3736 2438 3792 D.
2472 3736 2676 3791 Thom.
2709 3735 2984 3793 omnibus
3032 3736 3095 3792 in
3146 3738 3296 3795 locis
3351 3740 3444 3795 ubi
3480 3726 3549 3807 ’,ἓξ

2069 3833 2193 3874 rem
2241 3817 2444 3891 tangit,
2473 3814 2798 3891 nullibique
2843 3818 3178 3892 praedictam
3228 3822 3443 3879 limita-

2069 3899 2287 3955 tionem
2336 3897 2618 3964 adhibuit,
2654 3904 2714 3953 ut
2766 3900 2981 3975 legenti
3030 3902 3348 3961 constabit.
3381 3906 3442 3959 Et

2066 3995 2205 4037 sane
2250 3995 2379 4034 cum
2422 3995 2586 4035 casus
2625 3983 2938 4054 oppositus,
2971 3981 3246 4039 videlicet
3291 3982 3442 4057 quod

2067 4060 2240 4117 homo
2287 4059 2517 4116 adultus
2566 4075 2667 4132 per
2713 4063 2897 4119 solam
2950 4064 3342 4131 attritionem,
3392 4071 3443 4121 et

2065 4145 2498 4200 Sacramentum
2547 4142 2910 4215 justificetur,
2967 4150 3322 4219 maneatque
3384 4148 3440 4203 in

2063 4225 2249 4299 gratia
2272 4224 2467 4297 aliquo
2490 4228 2768 4296 tempore,
2795 4226 2917 4282 ullo
2937 4225 3129 4284 elicito
3156 4233 3287 4283 actu
3321 4229 3439 4285 tor·
3567 4234 3590 4315 ¹]

2063 4306 2206 4362 mali
2232 4303 2548 4369 charitatis,
2600 4320 2718 4361 non
2763 4307 2840 4362 sit
2886 4322 3019 4364 raro
3063 4308 3435 4382 contingens,
3567 4332 3590 4369 ι,

2061 4389 2159 4446 sed
2179 4404 2329 4461 saepe
2354 4386 2588 4453 accidat,
2614 4386 2846 4446 difficile
2865 4389 3190 4446 salvabitur
3217 4394 3436 4449 veritas

2062 4469 2519 4544 propositionum
2546 4470 2610 4523 D.
2635 4469 2839 4527 Thom.
2874 4470 2953 4527 ita
2976 4472 3429 4540 universalium,

2059 4551 2109 4607 si
2127 4565 2327 4608 omnes
2349 4549 2620 4623 praedicto
2636 4550 2806 4607 modo
2822 4550 3141 4625 J‘ustificati,
3166 4553 3428 4624 quandiu

2060 4637 2247 4689 actum
2279 4632 2449 4688 illum
2479 4646 2596 4689 non
2629 4632 2890 4702 eliciunt,
2923 4635 3109 4707 excipi
3153 4633 3430 4691 deberent

2059 4731 2093 4772 a
2121 4712 2386 4787 praedicta
2412 4713 2693 4771 doctrina.
2720 4716 2790 4770 Et
2806 4715 2911 4772 hoc
2929 4716 3005 4771 sit
3033 4715 3293 4788 primum
3320 4732 3424 4789 pro

2058 4802 2255 4853 nostra
2281 4795 2568 4853 sententia
2593 4801 3025 4869 argumentum.

2139 4879 2263 4935 119.
2311 4875 2567 4934 Secundo
2613 4875 2922 4950 probatur3
2968 4893 3104 4935 nam
3156 4893 3227 4936 eo
3272 4846 3591 4998 ipsogd

2054 4958 2205 5032 quod
2226 4959 2400 5016 homo
2443 4959 2520 5015 sit
2559 4959 2621 5014 in
2664 4960 2868 5032 gratia,
2901 4960 3025 5017 sive
3051 4959 3273 5026 fecerit,
3299 4963 3450 5023 sive

2057 5058 2176 5101 non
2227 5041 2429 5101 fecerit
2478 5046 2666 5098 actum
2720 5043 3031 5101 formalem
3094 5042 3441 5116 charitatis,

3215 5138 3446 5186 omnes
