3647 5753
1480 378 1659 435 DISP.
1703 379 1798 447 lv,
1845 379 2012 434 DUB.
2054 380 2095 434 1.
3083 384 3199 440 629

337 576 365 607 α
397 552 601 619 realis;
634 552 768 625 quia
795 556 880 608 est
901 551 1141 625 alicujus
1165 549 1268 607 rei.
1301 550 1537 625 Negatio
1558 564 1696 607 vero

335 657 361 687 α
393 633 632 691 alterius
658 631 905 705 oppositi
934 646 1052 687 non
1079 637 1164 688 est
1193 631 1383 697 realis,
1408 630 1544 704 quia
1576 645 1695 693 non

330 737 358 770 α
388 721 473 773 est
500 716 741 790 alicujus
781 714 887 770 rei.
931 715 1029 768 Est
1067 713 1227 770 enim
1264 713 1490 788 negatio
1518 728 1694 787 nega-

334 819 362 851 «
392 798 584 862 tionis,
616 814 743 870 quae
771 801 855 853 est
889 794 1117 869 negatio
1157 795 1397 851 alterius
1424 793 1686 868 oppositi.

334 901 362 933 «
392 883 462 935 Et
490 879 617 937 ideo
640 881 759 936 haec
785 879 1013 953 negatio
1042 877 1367 951 negationis
1399 876 1551 932 nihil
1574 874 1693 931 dif-

331 983 358 1014 «
391 961 504 1016 fert
524 959 837 1017 secundum
881 957 1012 1014 rem'
1045 975 1078 1014 a
1105 957 1386 1030 positione
1426 957 1685 1014 alterius,

332 1065 361 1095 α
389 1042 555 1099 Unde
581 1040 895 1099 secundum
946 1057 1068 1097 rem
1103 1039 1258 1096 idem
1285 1045 1368 1095 est
1393 1039 1689 1114 generatio

331 1146 358 1178 α
388 1124 525 1189 albi,
551 1130 607 1180 et
626 1123 916 1196 corruptio
946 1139 1061 1179 non
1090 1121 1228 1179 albi.
1256 1123 1325 1175 Et
1345 1137 1690 1193 consequen·

329 1227 356 1258 tt
387 1210 615 1262 ternon
643 1203 798 1260 adest
820 1202 1033 1260 ibidem
1075 1208 1282 1268 motuS,
1314 1200 1412 1258 sed
1437 1202 1687 1274 simplex

327 1308 356 1340 α
383 1285 643 1358 quaedam
671 1285 931 1341 mutatio.
961 1305 986 1335 22
1017 1288 1082 1340 In
1104 1285 1209 1340 hoc
1239 1299 1376 1356 ergo
1395 1298 1566 1339 sensu
1590 1283 1685 1338 in-

320 1367 629 1439 quirimus,
658 1373 852 1424 utrum
876 1364 1207 1439 justificatio
1228 1363 1399 1437 impii
1425 1363 1500 1417 sit
1537 1362 1685 1419 sim—

320 1448 453 1519 plex
498 1450 757 1513 mutatio,
795 1463 870 1504 an
916 1452 1108 1503 autern
1136 1451 1323 1503 motus
1350 1443 1584 1517 quidam
1611 1460 1684 1502 ex

317 1527 532 1602 duplici
555 1531 873 1587 mutatione
899 1528 1261 1602 compositus.

942 1709 1054 1777 §1-

389 1852 603 1911 Decisio
628 1854 783 1910 dubii
812 1856 987 1927 juaeta
1008 1862 1239 1911 mentem
1265 1853 1336 1911 D.
1370 1852 1599 1912 Thomae.

54 2019 271 2065 conclu·
385 2003 441 2060 2.
487 2002 800 2060 Dicendum
841 2008 944 2065 est.
988 2001 1458 2079 justificationem
1507 2002 1676 2076 impii

124 2070 229 2114 ⁸¹⁰·
313 2085 627 2158 importare
688 2087 1071 2144 essentialiter
1128 2087 1272 2143 duas
1329 2088 1678 2144 mutationes

312 2166 511 2234 reales,
542 2173 598 2224 et
637 2170 868 2226 realiter
889 2169 1220 2235 distinctas3
1246 2174 1302 2225 et
1321 2182 1677 2239 consequen-

309 2253 399 2304 ter
446 2264 564 2305 non
608 2265 729 2306 esse
771 2253 1152 2308 mutationem
1198 2250 1543 2322 simplicem,
1574 2248 1674 2306 sed

131 2359 170 2370 -
308 2343 516 2386 verum
545 2337 784 2396 motum,
820 2338 987 2405 prout
1021 2331 1091 2387 ab
1120 2330 1307 2396 unica,
1339 2335 1395 2387 et
1419 2329 1672 2403 simplici

52 2431 297 2474 arbom,
311 2410 631 2466 mutatione
651 2410 1044 2486 distinguitur.
1077 2415 1159 2468 Ita
1185 2411 1344 2469 docet
1370 2412 1433 2467 D.
1462 2410 1666 2469 Thom.

310 2491 450 2548 locis
510 2492 705 2555 statim
755 2493 1092 2560 referendiS,
1135 2509 1305 2566 quem
1351 2498 1671 2565 sequuntur

99 2580 263 2623 sotus.
307 2574 695 2630 communiter
720 2575 841 2649 ejus
885 2574 1173 2648 discipuli.
1203 2575 1366 2631 Sotus
1393 2574 1485 2630 tib.
1519 2576 1574 2641 2,
1606 2575 1670 2630 de

63 2679 279 2721 Aranxo.
313 2661 503 2710 natur.
550 2663 600 2710 et
622 2658 828 2726 qratia,
859 2674 979 2729 cap.
1021 2658 1103 2722 18,
1135 2659 1367 2712 Arauxo
1414 2655 1478 2711 in
1520 2671 1669 2728 prae-

69 2728 294 2821 gssffdg·
309 2735 459 2791 senti
499 2743 607 2793 art.
651 2739 697 2802 l,
720 2737 849 2792 dub.
882 2740 899 2792 l
951 2745 1001 2792 et
1026 2745 1133 2794 art.
1166 2739 1221 2803 6,
1252 2737 1383 2792 dnae.
1413 2736 1448 2791 3
1497 2738 1661 2793 Joan.

58 2827 267 2880 Gregor.
309 2835 342 2875 a
361 2820 419 2875 S.
443 2818 647 2876 Thom.
679 2821 821 2895 disp.
845 2823 937 2886 27,
968 2822 1158 2886 ara-3,
1186 2820 1495 2896 Gregorius
1515 2821 1667 2886 Mar·

59 2878 271 2970 {arg-232
306 2902 459 2958 tinez
488 2905 546 2957 in
589 2906 821 2977 exposit.
873 2911 982 2959 art.
1037 2905 1082 2968 l,
1129 2902 1423 2958 Conradus
1463 2910 1573 2959 art.
1604 2904 1660 2969 6,

78 2975 261 3021 custel-
301 2985 449 3039 circa
489 2984 649 3039 solut.
687 2985 761 3038 ad
787 2987 841 3051 2,
884 2984 1076 3041 Curiel
1104 2982 1340 3049 ibidem,
1371 2983 1496 3040 dub.
1525 2985 1578 3051 3,
1608 2990 1666 3042 et

71 3087 258 3130 scotus.
301 3065 423 3121 alii.
476 3064 690 3130 Quibus
737 3067 912 3122 etiam
960 3066 1327 3122 consentiunt
1370 3066 1563 3120 Scotus
1607 3070 1665 3122 et

80 3158 265 3204 ocham.
299 3147 568 3206 Richard.
617 3149 749 3203 dist.
789 3149 871 3213 17,
898 3155 1011 3203 art.
1040 3149 1096 3213 4,
1128 3156 1310 3225 qtcoest.
1360 3149 1415 3213 4,
1449 3148 1662 3204 Ocham

296 3237 479 3300 quaest.
521 3230 576 3293 3,
625 3229 753 3285 dist.
813 3230 896 3295 16,
928 3236 1107 3302 quaest.
1141 3231 1195 3296 2,
1240 3232 1271 3298 ἓ
1329 3228 1656 3301 Respondeo,

295 3310 528 3369 Gabriel
578 3313 707 3369 dist.
768 3314 850 3378 14,
900 3319 1082 3389 quast.
1136 3313 1183 3378 l,
1227 3319 1339 3367 art.
1393 3313 1438 3378 1,
1471 3312 1655 3368 notab.

296 3395 540 3450 Casilius
587 3396 680 3451 lib.
732 3396 786 3460 3,
837 3397 900 3451 de
945 3396 1362 3473 quadripartita
1404 3397 1654 3467 justitia,

89 3485 256 3526 Lorca.
295 3492 418 3547 cap.
448 3478 502 3542 3,
534 3478 708 3532 Lorca
735 3483 844 3532 art.
876 3481 931 3542 7,
962 3477 1089 3533 dub.
1119 3479 1301 3543 unico,
1327 3479 1537 3534 Suarez
1561 3477 1654 3535 lib.

66 3534 256 3577 suarez.
293 3559 345 3624 7,
370 3558 433 3612 de
455 3562 663 3628 qratia,
695 3577 814 3632 cap.
850 3561 932 3625 ll,
963 3568 1021 3617 et
1048 3562 1149 3617 alii
1180 3562 1392 3634 plures,

62 3646 283 3691 Ptobatur
371 3640 908 3714 Probatur·primo
953 3642 1300 3698 testimoniis
1340 3645 1403 3698 D.
1450 3643 1651 3699 Thom.

63 3705 123 3739 ⁸¹
138 3698 432 3780 D‘mnam
482 3724 542 3778 in
573 3723 835 3796 praesenti
858 3723 1185 3796 quaestione‚
1220 3727 1329 3781 ατε.
1366 3728 1385 3782 l
1419 3725 1607 3798 inquit
1638 3747 1651 3783 :

297 3826 322 3857 (ι
355 3805 483 3861 Haec
504 3804 726 3877 justitia
773 3805 834 3860 in
882 3806 1118 3862 homine
1164 3809 1344 3878 potest
1387 3805 1517 3863 fieri
1545 3806 1655 3862 du-

299 3906 324 3936 «
364 3885 605 3958 pliciter.
640 3888 767 3943 Uno
809 3887 1038 3958 quidem
1088 3887 1257 3944 modo
1285 3903 1386 3959 per
1431 3894 1651 3946 motum

294 3989 319 4020 α
347 3968 626 4043 simplicis
652 3969 1063 4043 generationiS,
1106 3969 1204 4041 qui
1231 3976 1316 4025 est
1354 3986 1425 4026 ex
1453 3972 1653 4044 priva-

293 4073 317 4103 «
348 4050 505 4107 tione
532 4050 602 4107 ad
631 4051 898 4108 formam.
952 4052 1020 4106 Et
1048 4052 1152 4108 hoc
1179 4051 1350 4109 modo
1372 4052 1652 4128 justifica-—

295 4130 429 4186 «tio
476 4135 660 4203 posset
710 4136 1031 4205 competere
1058 4132 1233 4188 etiam
1281 4132 1353 4198 ei,
1386 4134 1484 4205 qui
1532 4149 1650 4191 non

290 4233 315 4263 α
345 4215 491 4266 esset
517 4211 580 4266 in
623 4218 864 4283 peccam,
915 4210 1055 4266 dum
1104 4211 1434 4285 hujusmodi
1476 4214 1651 4288 justi-

288 4311 313 4343 «
345 4289 486 4346 tiam
528 4308 561 4347 a
589 4296 700 4349 Deo
727 4294 1023 4366 acciperet,
1056 4292 1201 4348 sicut
1227 4292 1410 4351 Adam
1438 4293 1649 4351 dicitur

287 4393 311 4422 α
344 4371 619 4443 accepisse
635 4372 979 4446 originalem
998 4373 1305 4446 justitiam.
1327 4375 1456 4430 Alio
1478 4374 1647 4433 modo

290 4475 315 4505 α
345 4456 524 4525 potest
549 4451 675 4510 fieri
707 4453 1035 4527 hujusmodi
1059 4456 1282 4529 justitia
1308 4457 1373 4512 in
1410 4457 1664 4515 homine'

286 4556 311 4585 α
344 4531 655 4589 secundum
708 4535 990 4590 rationem
1036 4540 1243 4600 motus,
1289 4537 1388 4608 qui
1434 4543 1519 4593 est
1574 4537 1647 4595 de

285 4635 309 4666 α
340 4614 633 4670 contrario
679 4615 741 4668 in
781 4616 1168 4684 contrarium;
1222 4622 1280 4673 et
1330 4617 1643 4674 secundum

289 4717 314 4749 α
343 4695 450 4752 hoc
464 4693 793 4769 justificatio
808 4696 1081 4769 importat
1101 4699 1640 4758 transmutationem

284 4801 308 4831 «ι
339 4777 629 4851 quandam
641 4776 711 4834 de
725 4783 871 4834 statu
891 4779 1187 4853 injustitiae
1205 4779 1274 4835 ad
1297 4785 1510 4836 statum
1528 4783 1644 4856 Jus-

283 4881 308 4912 α
337 4859 482 4916 titiae
501 4857 797 4931 praedictae.
832 4860 901 4913 Et
922 4859 1027 4915 hoc
1055 4859 1226 4917 modo
1244 4859 1535 4932 loquimur
1552 4863 1644 4919 hic

280 4961 305 4993 «
335 4938 406 4997 de
421 4937 824 5014 justificatione
841 4940 1063 5013 impii.»
1084 4938 1213 5008 Ubi,
1236 4946 1297 4996 ut
1324 4938 1502 5006 videa,
1521 4941 1642 4999 dis·-

275 5025 490 5100 tinguit
511 5025 566 5084 S.
582 5025 780 5081 Doctor
794 5025 816 5099 j
826 5023 1416 5098 ustificationem,quae
1428 5030 1509 5081 est
1525 5041 1643 5084 mo-

1828 554 1920 605 tus
1956 549 2028 608 de
2050 553 2341 610 contrario
2385 554 2449 610 in
2478 555 2856 621 contrarium,
2877 571 2910 613 a
2942 551 3199 627 simplici

1828 633 2166 702 mutatione,
2192 651 2317 708 quae
2355 641 2438 693 est
2463 637 2712 709 simplex
2755 637 3069 711 generatio,
3094 649 3195 691 seu

1826 714 2070 772 mutatio
2093 737 2105 771 :
2124 722 2179 773 et
2191 717 2392 774 asserit
2404 716 2871 791 justificationem
2890 717 3057 790 impii
3073 731 3196 773 esse

1825 800 2049 853 motum
2070 797 2385 855 secundum
2409 799 2573 855 illam
2602 800 2857 871 priorem
2882 798 3188 855 rationem.

1825 873 1895 928 Et
1914 884 2027 933 art.
2068 881 2103 933 6
2131 879 2206 934 ad
2237 882 2292 946 2,
2325 879 2406 935 ait
2456 901 2469 934 ε
2498 902 2523 934 «
2554 879 2888 946 Dicendum,
2921 877 3070 951 quod
3093 872 3192 934 in-

1828 972 1855 1004 «
1888 954 2036 1015 fusio
2062 960 2280 1033 gratiae,
2307 966 2363 1017 et
2386 961 2650 1017 remissio
2675 962 2854 1033 culpae
2883 959 3190 1032 dupliciter

1827 1060 1852 1090 «
1885 1038 2237 1097 considerari
2284 1049 2540 1115 possunt.
2591 1045 2719 1099 Uno
2769 1041 2938 1098 modo
2983 1056 3189 1096 secun-

1825 1138 1852 1171 «
1882 1116 2020 1173 dum
2038 1120 2223 1192 ipsam
2243 1119 2625 1179 substantiam
2651 1128 2833 1187 actus;
2858 1127 2912 1178 et
2932 1120 3014 1175 sic
3033 1118 3188 1175 idem

1802 1219 1852 1269 ..“
1881 1203 2035 1264 sunt,
2074 1199 2275 1257 eodem
2317 1203 2478 1259 enim
2511 1207 2633 1259 actu
2685 1204 2832 1258 Deus
2857 1207 2912 1256 et
2941 1201 3189 1275 largitur

1825 1297 1852 1331 α
1880 1279 2149 1351 gratiam,
2183 1285 2239 1337 et
2275 1282 2518 1338 remittit
2545 1283 2792 1354 culpam.
2839 1280 2970 1337 Alio
3017 1279 3188 1337 modo

1825 1380 1850 1412 α
1881 1365 2117 1431 possunt
2138 1361 2492 1419 considerari
2518 1379 2590 1420 ex
2626 1368 2784 1435 parte
2810 1361 3181 1435 obJectorum,

1820 1459 1848 1493 α
1878 1445 1935 1496 et
1971 1439 2053 1496 sic
2105 1440 2387 1500 differunt
2428 1442 2743 1500 secundum
2796 1442 3183 1500 differentiam

1821 1540 1849 1574 α
1876 1521 2056 1594 culpae
2081 1539 2205 1595 quae
2225 1524 2470 1592 tollitur,
2502 1529 2557 1582 et
2596 1524 2796 1599 gratiae
2822 1541 2946 1597 quae
2974 1523 3179 1579 infun-

1821 1624 1850 1656 «
1878 1602 2055 1660 ditur.
2107 1606 2262 1662 Sicut
2288 1608 2464 1664 etiam
2505 1608 2570 1663 in
2611 1606 2780 1663 rebus
2820 1605 3183 1663 naturalibus

1819 1703 1847 1735 α
1875 1685 2191 1758 generatio,
2209 1690 2267 1743 et
2286 1688 2578 1760 corruptio
2599 1687 2894 1751 differunt,
2916 1686 3182 1758 quamvis

1820 1785 1847 1818 α
1872 1767 2168 1839 generatio
2197 1768 2370 1824 unius
2392 1769 2467 1825 sit
2487 1770 2778 1842 corruptio
2805 1768 3098 1825 alterius.»

1887 1847 1940 1903 3.
1987 1850 2101 1905 Nec
2124 1849 2300 1907 refert
2318 1850 2369 1906 si
2391 1866 2520 1907 cum
2543 1852 2809 1925 cajetano
2834 1849 3174 1923 respondeas
3188 1834 3394 1939 ssffiffiffi

1810 1929 1867 1986 S.
1901 1932 2195 1988 Doctorem
2237 1933 2300 1989 in
2327 1934 2417 1990 his
2456 1934 2801 1990 testimoniis
2844 1932 3031 1989 solum
3078 1933 3174 1988 in-
3203 1937 3378 1993 praeciu-

1810 2009 2063 2078 tendere,
2097 2012 2245 2084 quod
2285 2014 2486 2087 gratiae
2514 2014 2749 2079 infusio,
2781 2020 2838 2069 et
2863 2013 3043 2085 culpas
3080 2027 3175 2070 re·
3224 1984 3348 2030 ‘¹¹³³‘

1809 2092 2011 2151 missio
2069 2111 2188 2151 non
2236 2101 2371 2151 sunt
2416 2094 2617 2152 eadem
2677 2094 2919 2151 mutatio
2969 2110 3059 2162 re,
3122 2100 3179 2151 et

1809 2174 2068 2244 ratione;
2094 2176 2193 2233 sed
2214 2175 2362 2249 quod
2388 2178 2594 2233 saltem
2625 2176 2849 2233 ratione
2882 2175 3172 2241 differant,

1807 2255 1940 2312 licet
1971 2257 2204 2314 realiter
2252 2274 2368 2315 non
2413 2257 2864 2332 distinguantur.
2899 2257 3029 2322 Hoc,
3080 2256 3178 2312 in-

1804 2352 2001 2408 quam,
2026 2353 2145 2394 non
2170 2339 2364 2405 refert,
2392 2338 2489 2396 sed
2512 2339 2680 2395 facile
2706 2336 3027 2395 refellitur:
3052 2342 3176 2393 tum

1805 2417 1942 2489 quia
1970 2426 2378 2493 argumentum
2420 2418 2567 2475 illud
2595 2417 2929 2485 secundum,
2962 2417 3053 2473 cui
3081 2434 3178 2475 oc·-

1803 2501 1990 2557 currit
2010 2503 2075 2558 D.
2108 2502 2315 2560 Thom.
2343 2501 2679 2560 intendebat
2703 2501 2903 2575 gratias
2925 2499 3176 2557 infusio-

1803 2599 1959 2650 nem,
2003 2589 2059 2641 et
2108 2585 2509 2643 remissionem
2551 2585 2729 2656 culpae
2775 2598 2897 2639 esse
2940 2583 3175 2640 realiter

1801 2663 1957 2721 idem
1998 2681 2066 2724 eo
2093 2664 2283 2729 modo,
2315 2682 2425 2738 quo
2451 2671 2588 2721 sunt
2615 2665 2769 2721 idem
2800 2664 3171 2721 tenebrarum

1799 2746 2081 2818 expulsio,
2115 2752 2171 2803 et
2198 2747 2577 2814 illuminatio,
2604 2748 2757 2804 inter
2778 2761 2903 2818 quae
2930 2762 3045 2802 non
3075 2746 3172 2801 in—

1799 2824 2052 2885 terve'nit
2071 2827 2379 2887 destructio
2404 2829 2595 2895 realis,
2622 2826 2718 2885 sed
2746 2833 2970 2884 tantum
3002 2827 3173 2885 ratio-

1798 2909 1892 2966 nis
1920 2931 1933 2966 :
1964 2910 2115 2984 quod
2144 2918 2338 2968 tamen
2360 2913 2427 2967 D.
2457 2912 2662 2970 Thom.
2693 2912 2755 2966 in
2799 2911 3172 2982 responsione

1798 3007 1917 3048 non
1931 2993 2202 3061 admittit,
2219 2994 2315 3052 sed
2332 2995 2623 3051 constituit
2643 2995 2923 3067 majorem
2939 2993 3172 3049 dictinc-

1797 3073 2036 3140 tionem,
2081 3076 2299 3149 alioqui
2345 3082 2685 3149 argumento
2728 3091 2847 3130 non
2875 3073 3169 3130 satisface-

1797 3159 1902 3210 ret.
1937 3155 2083 3210 Tum
2113 3157 2289 3212 etiam
2325 3157 2461 3228 quia
2483 3158 2538 3212 S.
2564 3158 2767 3212 Doctor
2792 3153 2995 3210 asserit
3018 3168 3167 3225 prae-

1794 3232 1972 3291 dictas
2018 3237 2371 3293 mutationes
2406 3235 2643 3292 differre
2692 3237 2845 3290 inter
2889 3250 2969 3299 se,
3019 3234 3165 3290 sicut

1793 3315 2071 3373 differunt
2096 3318 2263 3389 culpa
2297 3334 2422 3390 quae
2463 3318 2706 3382 tollitur,
2747 3321 2801 3371 et
2827 3315 3014 3388 gratia
3040 3331 3165 3387 quae

1795 3394 2127 3452 infunditur
2148 3418 2160 3451 :
2184 3397 2352 3469 culpa
2373 3402 2584 3465 autem,
2605 3401 2659 3452 et
2679 3395 2865 3469 gratia
2885 3393 3163 3451 differunt

1794 3476 2029 3542 realiter
2056 3477 2338 3552 negative,
2373 3483 2435 3532 ut
2459 3493 2530 3533 ex
2557 3493 2618 3532 se
2659 3477 2855 3548 liquet.
2889 3477 3035 3530 Tum
3059 3474 3162 3532 de-

1791 3558 1985 3630 nique,
2018 3560 2155 3631 quia
2178 3557 2477 3631 praedictas
2496 3557 2847 3612 mutationes
2869 3561 3162 3626 comparat

1788 3640 2173 3713 generationi,
2196 3645 2255 3696 et
2280 3638 2638 3711 corruptioni
2666 3639 2729 3693 in
2760 3634 3155 3703 naturalibus;

1790 3721 1945 3784 inter
1967 3739 2091 3796 quae
2120 3729 2339 3780 certum
2361 3728 2462 3788 est,
2484 3721 2914 3777 distinctionem
2941 3719 3158 3776 realem

1790 3804 2119 3877 negativam
2163 3804 2541 3871 intervenire,
2577 3810 2638 3859 ut
2682 3819 2813 3859 cum
2861 3802 3155 3860 communi

1787 3886 2274 3959 Philosophorum
2337 3886 2623 3942 sententia
2701 3882 3008 3941 ostendunt
3079 3885 3147 3939 N.

1790 3968 2078 4039 Complut.
2102 3971 2161 4024 in
2183 3967 2276 4024 lib.
2300 3967 2363 4022 de
2387 3974 2633 4038 yenerat.
2650 3967 2792 4039 disp.
2818 3967 2872 4032 3,
2894 3972 3074 4043 quaest.
3091 3966 3148 4019 4.
3165 3949 3369 4003 &mmm-

1861 4048 2249 4106 Confirmatur
2279 4050 2468 4122 primo
2508 4065 2578 4105 ex
2606 4047 2806 4105 eodem
2834 4049 2887 4103 S.
2916 4049 3151 4103 Doctore
3164 4048 3351 4093 Robora·

1783 4122 1965 4206 qum.
1991 4131 2084 4196 28,
2114 4131 2177 4186 de
2216 4130 2382 4187 verat.
2407 4136 2520 4184 arc.
2559 4130 2604 4194 1,
2638 4127 2735 4183 ubi
2765 4126 2952 4199 inquit
2983 4148 2996 4182 2
3036 4148 3060 4179 a
3090 4103 3372 4193 εῑξῗὲἐῗὸἵ·

1789 4229 1816 4261 α
1841 4206 2174 4282 justificatio
2213 4210 2527 4283 accipiatur
2555 4213 2616 4264 ut
2661 4208 2894 4280 quidam
2936 4211 3144 4272 motuS,
3169 4198 3339 4242 Thomu.

1787 4310 1814 4341 α
1842 4304 1974 4345 cum
2003 4295 2262 4363 oporteat
2307 4289 2556 4347 eundem
2605 4297 2824 4345 motum
2876 4287 3143 4360 intelligi,

1787 4393 1813 4425 «
1843 4388 1955 4444 quo
1984 4380 2274 4445 peccatum
2303 4374 2584 4439 aufertur,
2611 4378 2666 4429 et
2682 4373 2904 4446 justitia
2932 4369 3154 4427 induci-

1784 4475 1810 4507 «
1843 4459 1958 4521 tur,
1998 4454 2152 4513 idem
2193 4456 2306 4513 erit
2329 4454 2675 4531 J'ustificatio,
2708 4453 2857 4527 quod
2899 4457 3152 4525 peccato-

1784 4559 1810 4589 α
1844 4552 1978 4593 rum
2019 4540 2301 4608 remissio,
2349 4541 2537 4596 solum
2590 4536 2814 4594 ratione
2852 4535 3145 4604 differens,

1784 4641 1810 4673 α
1842 4620 2189 4692 proutambo
2203 4620 2453 4678 eundem
2470 4624 2691 4677 motum
2710 4619 3039 4676 nominant:
3053 4617 3153 4675 sed

1784 4722 1810 4753 α
1841 4717 2023 4757 unum
2046 4701 2362 4759 secundum
2393 4708 2709 4775 respectum
2732 4701 2801 4757 ad
2830 4701 3150 4757 terminum

1784 4802 1810 4833 α
1842 4797 1876 4837 a
1897 4796 2027 4852 quo,
2054 4781 2211 4838 aliud
2240 4782 2715 4842 verosecundum
2740 4786 3057 4852 respectum
3080 4778 3152 4835 ad

1784 4883 1810 4914 α
1841 4863 2160 4919 terminum
2190 4862 2259 4918 ad
2292 4879 2482 4936 quem.
2528 4863 2587 4918 Si
2623 4867 2814 4919 autem
2840 4859 3151 4933 accipiatur

1784 4966 1809 4999 α
1835 4943 2165 5018 justificatio
2186 4961 2289 5018 per
2310 4947 2466 5003 viam
2491 4944 2848 5010 mutationis,
2868 4944 2950 5000 sic
2970 4943 3148 5000 aliam

1782 5047 1808 5079 α
1843 5027 2223 5085 mutationem
2252 5026 2539 5103 significat
2560 5025 2910 5103 justificatio,
2934 5024 3149 5082 scilicet
