3647 5753
532 381 635 436 158
1551 371 1644 426 DE
1684 368 1955 425 GRATIA
1995 367 2339 424 EFFICACI.

350 566 474 624 Quod
524 555 701 627 aliqui
731 554 1072 628 magistrum
1118 550 1300 624 rigide
1326 555 1661 623 sequuntur,
1704 554 1762 604 et
1786 546 1881 603 di-

319 616 484 708 hgffiss
523 643 731 691 cuntur
758 634 1012 690 absolute
1038 631 1363 696 Lutkerani,
1408 635 1471 686 ut
1508 633 1643 685 sunt
1681 628 1880 701 Illyri—

306 713 508 772 auqqiad
522 714 671 782 cani,
717 711 1075 778 Osiandrini,
1107 717 1213 769 etc.
1245 709 1346 767 alii
1394 725 1532 766 vero
1563 709 1687 782 ejus
1731 706 1881 764 dicta

305 768 510 871 ae'ssss'ffio.
524 798 866 866 temperant,
899 798 954 850 et
981 791 1109 848 ideo
1130 794 1404 848 vocantur
1424 788 1874 854 Semilutherani,

305 867 508 956 ¹¹¹qu
525 878 583 927 ut
624 877 760 928 sunt
800 871 1092 938 Heshusii,
1135 867 1594 932 Melancthonici,
1634 871 1738 923 etc.
1777 865 1878 922 alii

337 960 456 1009 uani.
522 957 711 1008 autem
738 951 1000 1025 pluribus
1023 951 1146 1024 ejus
1172 948 1472 1007 sententiis
1501 948 1691 1021 palam
1715 961 1880 1018 repu-

323 1010 489 1103 ἒὲῑιῑιξῖῃ
517 1037 714 1106 gnant,
746 1038 803 1089 et
822 1033 1185 1106 appellantur
1204 1028 1640 1094 Antilutherani,
1665 1031 1726 1081 ut
1745 1029 1880 1081 sunt

326 1119 480 1202 ἓξὲξ·
514 1112 879 1185 Zwingliani,
957 1111 1279 1175 Buceristae,
1356 1108 1705 1172 Calvinistae,
1768 1107 1879 1162 Be-

454 1189 465 1201 '
516 1192 738 1260 zanitae,
794 1199 899 1249 etc.
947 1196 1029 1249 Ita
1068 1208 1100 1249 e
1127 1190 1325 1265 putido
1365 1189 1591 1248 Calvini
1638 1203 1746 1244 ovo
1783 1185 1878 1241 di-

514 1287 681 1330 versa
698 1272 1112 1345 discipulorum
1133 1271 1340 1346 placita
1356 1271 1418 1326 in
1439 1268 1562 1325 dies
1575 1268 1874 1325 oriuntur:

515 1353 751 1426 quidam
790 1355 950 1410 enim
987 1355 1109 1427 eJ'us
1133 1354 1386 1428 rigorem
1414 1352 1565 1408 circa
1592 1349 1879 1406 auxilium

515 1433 865 1490 necessitans
894 1432 1188 1490 indivulse
1210 1437 1422 1498 tenent,
1450 1447 1511 1487 ac
1532 1427 1774 1502 proinde
1803 1429 1878 1485 ri-

511 1511 633 1585 gidi
666 1513 994 1570 calvinistae
1022 1514 1390 1587 appellantur
1424 1532 1436 1567 :
1478 1508 1714 1583 quidam
1737 1524 1878 1566 vero

513 1594 594 1649 ita
638 1594 945 1652 efficaciam
992 1595 1201 1653 auxilii
1244 1596 1485 1651 horrent
1514 1597 1589 1658 ,et
1641 1590 1712 1647 ab
1754 1592 1878 1666 ejus

510 1673 725 1732 duritie
746 1668 1069 1741 deflectunt,
1086 1680 1148 1731 ut
1164 1676 1350 1747 potius
1371 1672 1440 1730 ad
1466 1670 1876 1745 Semipelagia-

511 1754 768 1810 nismum
791 1754 1167 1819 inclinent,ac
1199 1760 1501 1828 propterea
1529 1752 1732 1809 molles
1753 1752 1877 1807 Cal-

509 1833 744 1890 vinistae
777 1834 1070 1893 dicuntur.
1099 1837 1228 1891 Haec
1261 1840 1452 1891 autem
1476 1832 1662 1888 diviso
1682 1837 1875 1890 ortum

508 1913 792 1987 praecipue
820 1913 1025 1970 habuit
1052 1914 1201 1987 apud
1232 1916 1474 1970 Batavos
1519 1927 1674 1968 anno
1710 1912 1869 1977 1595,

511 2009 646 2049 nam
675 1993 914 2051 Jacobus
936 1996 1258 2060 Arminius,
1274 1999 1330 2052 et
1354 1993 1685 2050 Franciscus
1705 1994 1876 2048 Gum-

507 2091 707 2132 marus
736 2075 1032 2133 Leidensis
1077 2076 1293 2134 Scholae
1334 2075 1694 2132 Professores
1722 2074 1875 2132 inter

507 2172 570 2213 se
595 2157 745 2213 circa
772 2156 873 2213 hoc
919 2162 1193 2231 punctum
1240 2155 1518 2213 dissidere
1557 2160 1869 2228 coeperunt,

508 2235 835 2293 affirmante
883 2237 993 2294 isto
1044 2237 1412 2294 existentiam
1447 2235 1652 2292 auxilii
1699 2251 1768 2291 ex
1814 2249 1875 2291 se

506 2314 747 2388 efficacis
768 2322 822 2372 et
844 2316 1233 2383 necessitatis;
1278 2317 1383 2373 illo
1411 2331 1547 2372 vero
1587 2319 1875 2372 asserente

509 2398 738 2453 nullum
781 2398 1069 2454 auxilium
1098 2396 1312 2454 habere
1348 2396 1652 2455 efficaciam
1692 2412 1762 2452 ex
1788 2411 1869 2464 se,

505 2475 606 2533 sed
635 2476 706 2533 ab
732 2477 945 2545 effectu,
979 2478 1070 2535 vel
1097 2493 1168 2534 ex
1196 2478 1551 2550 praescientia
1577 2500 1592 2543 ;
1634 2481 1690 2532 ct
1728 2475 1875 2531 libe-

509 2571 640 2611 rum
671 2556 983 2633 arbitrium
1005 2573 1128 2615 esse
1171 2557 1425 2631 primum
1455 2553 1870 2622 determinanS,

506 2640 566 2691 et
593 2636 869 2693 inchoans
893 2639 1185 2712 negotium
1207 2638 1426 2694 salutiS.
1456 2638 1602 2693 Hinc
1620 2636 1746 2692 duae
1769 2635 1876 2692 fac·

511 2716 697 2772 tiones
737 2717 1159 2775 inimicissima}
1210 2722 1625 2790 processerunt;
1675 2717 1876 2774 Armi-

514 2795 824 2852 nianorum
854 2813 1079 2869 nempe,
1119 2803 1174 2854 et
1202 2797 1751 2864 Gummaristarum,
1777 2797 1875 2870 qui

293 2874 503 2968 Ιῠῑωξῐῑὶῑθ·
520 2873 662 2932 adeo
714 2878 921 2934 acriter
958 2879 1204 2951 scriptis,
1256 2878 1545 2944 convitiiS,
1597 2880 1779 2936 immo
1822 2883 1879 2936 et

315 2935 484 3031 diffis-
521 2957 703 3012 armis
745 2974 806 3014 se
836 2958 1083 3015 invicem
1124 2959 1485 3032 impetivere,
1530 2965 1592 3015 ut
1633 2959 1702 3016 ad
1747 2976 1876 3017 eam

346 3023 433 3066 ‘¹¹³¹-
520 3035 817 3093 flammam
837 3039 1302 3110 compescendam
1319 3039 1566 3097 haeretici
1582 3039 1877 3115 Synodum

524 3117 875 3174 nationalem
896 3118 1231 3186 indixerint,
1263 3120 1470 3192 quaein
1496 3120 1726 3177 civitate
1742 3122 1880 3177 Dor-

519 3195 763 3253 dracena
784 3198 1065 3256 celebrata
1088 3201 1213 3267 suit,
1241 3200 1336 3256 ubi
1358 3199 1691 3257 Arminiani
1721 3199 1880 3257 dam-

521 3277 644 3332 nati
672 3284 823 3345 sunt,
854 3287 911 3337 et
952 3281 1272 3354 proscripti,
1305 3285 1367 3336 ut
1393 3280 1579 3338 videri
1609 3286 1789 3354 potest
1815 3280 1880 3336 in

517 3357 767 3415 Theatro
813 3360 1128 3418 novissimo
1175 3362 1306 3418 vitae
1367 3362 1655 3428 humanae,
1684 3360 1881 3418 .verbo

528 3436 776 3506 Hem-esis,
799 3442 899 3513 jol.
944 3442 1034 3497 33.
1074 3444 1215 3497 Cum
1252 3442 1429 3515 igitur
1463 3447 1621 3498 tanta
1659 3441 1734 3497 sit
1760 3440 1881 3497 dis-

526 3518 722 3575 cordia
752 3520 925 3577 'inter
978 3522 1204 3578 calvini
1250 3522 1578 3596 discipulos,
1629 3522 1880 3580 discerni

525 3599 679 3656 haud
734 3600 899 3659 facile
945 3608 1141 3675 potest,
1166 3603 1262 3677 qui
1306 3604 1495 3677 ipsum
1525 3604 1587 3660 in
1627 3603 1876 3677 scriptiS,

520 3695 644 3750 quae
671 3680 840 3738 edere
861 3699 977 3739 non
999 3683 1300 3751 desistunt,
1318 3700 1517 3741 severe
1536 3689 1877 3757 sequantur:
1924 3700 1925 3703 ¹

518 3764 576 3815 et
627 3763 810 3819 multo
862 3764 1059 3819 minus
1102 3764 1295 3838 colligi
1347 3765 1519 3830 valet,
1568 3765 1881 3821 Calvinum

521 3842 742 3916 aliquid
783 3843 1058 3911 docuisse,
1090 3845 1227 3918 quia
1252 3846 1584 3903 Calvinistae
1610 3845 1757 3902 illud
1777 3845 1883 3904 do-

518 3929 684 3980 ceant
697 3949 711 3992 ;
739 3926 1008 3983 recedunt
1033 3928 1193 3984 enim
1241 3927 1435 3998 plures
1472 3944 1506 3985 a
1531 3944 1636 3985 suo
1669 3928 1884 4002 Magis-

522 4009 633 4063 tro.
663 4010 842 4079 Atque
868 4008 996 4065 ideo
1022 4025 1091 4065 ex
1117 4024 1203 4074 eo,
1233 4008 1383 4079 quod
1412 4010 1618 4083 nuperi
1647 4009 1883 4082 quidam

521 4088 852 4146 Calvinistae
897 4090 1209 4147 Thomistis
1236 4090 1548 4149 connivere
1586 4093 1877 4160 videntur,

520 4172 578 4224 et
625 4169 862 4226 Molinae
910 4170 1261 4227 sententiam
1311 4187 1538 4228 summe
1588 4171 1877 4238 detestari,

524 4264 827 4322 perperam
874 4251 1184 4325 colligitur,
1215 4250 1460 4308 eandem
1487 4268 1609 4310 esse
1629 4252 1878 4321 Calvini,

523 4332 579 4384 et
605 4330 1036 4387 Thomistarum
1062 4347 1312 4400 causam,
1344 4337 1401 4389 et
1425 4334 1577 4390 solos
1611 4333 1884 4390 Molinis-

526 4411 611 4463 tas
658 4424 688 4464 a
730 4411 969 4467 Calvino
1020 4410 1300 4469 recedere.
1352 4413 1686 4486 Oppositum
1722 4413 1883 4469 enim

523 4494 742 4544 constat
769 4505 841 4546 ex
866 4489 1059 4558 dietis,
1075 4496 1132 4549 et
1171 4492 1422 4566 amplius
1457 4490 1738 4550 constabit
1757 4492 1884 4549 sin-

524 4571 674 4645 gulis
714 4572 1114 4631 haereticorum
1144 4574 1508 4643 testimoniiS,
1540 4591 1663 4648 quae
1691 4574 1752 4630 in
1781 4574 1885 4631 hac

520 4648 957 4710 confirmatione
1003 4654 1352 4722 referuntur,
1391 4653 1645 4712 breviter
1684 4670 1883 4712 occur-

522 4731 721 4872 reggg:
747 4814 1070 4883 Molinaeus‚
1101 4815 1245 4872 sicut
1266 4822 1321 4874 et
1348 4817 1451 4874 alii
1476 4816 1728 4874 haeretici
1750 4818 1879 4874 Cal-

515 4894 761 4961 vinistae,
794 4895 936 4952 falso
961 4895 1254 4952 existimat
1293 4897 1629 4962 catholicos,
1661 4897 1759 4968 qui
1787 4896 1885 4952 di-

513 4980 647 5031 cunt
695 4974 979 5031 auxilium
1030 4991 1100 5031 ex
1150 4991 1213 5033 se
1261 4975 1456 5034 efficax
1508 4991 1625 5034 non
1681 4977 1885 5034 tollere

2015 545 2339 603 libertatem
2369 543 2439 601 ad
2480 543 2827 616 oppositum,
2873 557 2940 599 eo
2982 541 3105 614 ipso
3134 539 3376 613 proscri-
3424 556 3530 603 uaqex
3610 535 3611 542 ’

2013 626 2149 683 bere
2174 625 2418 700 gratiam
2441 622 2944 698 Augustinianam,
2970 626 3175 677 etcum
3203 618 3377 675 Semi·
3410 595 3555 696 0220&

2014 705 2329 780 pelagianis
2367 704 2603 762 sentire.
2654 701 2820 759 Unde
2865 700 3250 766 Arminianis,
3280 698 3556 786 quipuffiagf·

2013 793 2291 860 quantum
2321 785 2390 843 ad
2413 786 2776 861 negationem
2799 783 3005 840 auxilii
3030 781 3374 838 necessitan·
3431 797 3502 835 tur.

2013 868 2086 923 tis
2106 884 2235 924 cum
2258 867 2562 924 Catholicis
2584 864 2959 929 conveniunt,
2979 860 3241 919 attribuit
3267 862 3375 917 Pa·

2015 948 2286 1021 pismum‚
2317 947 2439 1005 sive
2458 946 2798 1004 catholicam
2827 943 3171 1001 doctrinam.
3206 943 3275 998 Et
3303 941 3378 999 ita

2014 1030 2312 1104 Papismus
2340 1045 2456 1086 non
2482 1027 2774 1086 clauditur
2813 1028 2967 1083 intra
2993 1025 3176 1082 solam
3206 1024 3379 1081 Scho-

2012 1110 2131 1167 lam
2156 1109 2410 1177 Molinae,
2432 1107 2530 1167 sed
2548 1113 2665 1164 tam
2693 1109 2875 1164 Thom
2886 1106 3025 1172 istis,
3051 1120 3225 1178 quam
3250 1104 3382 1161 aliis

2012 1191 2316 1248 Catholicis
2341 1197 2425 1248 est
2469 1188 2797 1246 communis
2833 1211 2846 1244 z
2890 1203 2993 1243 nec
3040 1186 3162 1241 illis
3188 1184 3382 1243 verbis

2012 1274 2311 1331 invehitur
2356 1273 2663 1330 Molinaeus
2690 1269 2949 1327 in'solos
2989 1266 3253 1331 Jesuitas.
3284 1264 3380 1322 sed

2011 1370 2211 1411 omnes
2239 1353 2555 1410 Catholicos
2583 1350 2813 1424 impetit
2841 1370 2851 1404 ι
2883 1352 3049 1419 atque
3078 1344 3208 1403 ideo
3234 1345 3379 1403 falso

2009 1436 2366 1494 existimavit
2410 1438 2692 1499 Annatus,
2727 1431 3060 1504 Papismum
3090 1444 3221 1484 cum
3250 1430 3375 1485 Mo-

2011 1519 2260 1576 linistica
2286 1517 2561 1591 opinione
2595 1514 2873 1574 converti.
2905 1510 3245 1567 Arminiani
3275 1526 3379 1567 au-

2009 1605 2126 1657 tem
2164 1600 2243 1656 ita
2271 1616 2304 1656 a
2344 1599 2584 1656 Calvino
2608 1598 2670 1654 in
2701 1594 2960 1669 negando
2987 1592 3237 1667 gratiam
3278 1608 3381 1649 ne-

2008 1682 2367 1739 cessitantem
2400 1682 2770 1742 recesserunt,
2805 1680 2864 1731 ut
2892 1674 3140 1731 abierint
3192 1673 3255 1728 in
3283 1688 3382 1730 ex-

2009 1768 2261 1819 tremum
2312 1762 2555 1818 omnino
2599 1758 2960 1817 contrarium
2985 1800 2998 1823 ,
3056 1769 3266 1827 nempe
3317 1754 3379 1810 in

2007 1842 2459 1900 Massiliensium
2501 1856 2762 1899 errorem
2788 1863 2803 1906 ;
2844 1835 2994 1893 unde
3025 1850 3229 1893 revera
3256 1850 3372 1891 non

2009 1923 2340 1996 Papismum
2368 1923 2813 1994 interpolarunt,
2838 1919 2938 1977 sed
2960 1916 3374 1990 Semipelagia-

2009 2004 2263 2060 nismum
2308 2003 2698 2066 restituerunt,
2742 1995 3078 2056 ut'testatur
3118 1994 3379 2051 Francis·

2006 2098 2103 2139 cus
2128 2081 2361 2139 Macedo
2382 2081 2672 2154 Seraphici
2699 2078 2934 2135 Ordinis
2958 2078 3022 2134 in
3048 2076 3199 2133 libro
3218 2075 3378 2134 Mens

2006 2164 2278 2218 divinitus
2298 2164 2574 2234 inspirat-a
2595 2166 2699 2218 etc.
2724 2168 2832 2216 art.
2852 2161 2906 2225 5,
2929 2158 3027 2214 ubi
3049 2157 3164 2214 ait:
3188 2180 3213 2210 «
3234 2159 3372 2215 Cum
3394 2178 3562 2224 macedo.

2014 2266 2040 2298 α
2080 2243 2193 2300 duo
2218 2243 2337 2300 sint
2380 2258 2607 2300 errores
2633 2241 2877 2298 extremi
2907 2240 3058 2296 circa
3097 2240 3367 2312 gratiam,

2015 2348 2038 2376 α
2082 2340 2231 2380 unus
2257 2323 2354 2396 qui
2394 2339 2522 2379 eam
2563 2321 3019 2388 necessitantern,
3053 2325 3108 2377 et
3136 2320 3371 2376 irresis-

2014 2428 2040 2458 «
2083 2405 2327 2471 tibilem,
2361 2410 2424 2460 ut
2456 2405 2637 2470 aiunt,
2683 2403 2815 2459 facit
2836 2427 2851 2470 ;
2903 2403 2963 2458 in
2991 2419 3102 2475 quo
3147 2405 3232 2458 est
3261 2403 3374 2456 Lu-

2015 2507 2040 2537 «
2082 2485 2297 2551 therus,
2330 2485 2623 2550 CalvinuS,
2656 2488 2711 2539 et
2752 2482 2998 2548 asseclae,
3030 2482 3130 2555 qui
3176 2481 3372 2537 Mani-

2015 2590 2040 2621 «
2081 2568 2418 2624 chaeismum
2463 2567 2809 2622 invexerunt
2853 2586 2866 2621 ι
2914 2565 3058 2621 alter
3102 2564 3199 2636 qui
3250 2580 3376 2621 eam

2015 2672 2041 2702 «
2083 2649 2219 2706 facit
2263 2647 2647 2722 pedisequam,
2696 2651 2752 2703 et
2796 2662 3023 2703 servam
3066 2646 3379 2702 voluntatis

2016 2753 2041 2783 «
2082 2728 2430 2800 (vertibilem
2485 2728 2795 2801 appellant)
2846 2726 2943 2799 qui
2992 2731 3076 2782 est
3121 2726 3338 2782 Socinii
3359 2768 3372 2790 ,

2016 2833 2041 2864 «
2083 2809 2357 2876 Arminii,
2400 2816 2456 2866 et
2485 2808 3041 2876 Remonstrantium,
3090 2824 3122 2864 a
3166 2806 3380 2882 quibus

2018 2916 2043 2947 «
2082 2898 2164 2950 est
2185 2891 2791 2966 Semipelagianismus
2822 2891 3134 2947 restitutus.
3168 2910 3193 2942 »
3225 2892 3380 2955 Qua-

2012 2979 2245 3048 propter
2268 2990 2385 3030 non
2407 2978 2491 3030 est
2510 2989 2611 3028 cur
2633 2976 2896 3028 Annatus
2919 2972 3248 3028 testimonio
3270 2971 3382 3028 hm-

2013 3055 2172 3111 retici
2201 3054 2461 3110 innitens
2500 3053 2790 3110 existimet
2828 3051 3149 3108 doctrinam
3177 3051 3384 3108 Armi-

2013 3135 2348 3203 manorum,
2376 3134 2475 3208 qui
2502 3134 2748 3208 gratiam
2775 3150 2846 3190 ex
2872 3148 2932 3189 se
2958 3132 3237 3189 efficacem
3277 3149 3383 3188 ne-

2011 3219 2241 3289 garunt,
2261 3231 2472 3287 purum
2492 3213 2844 3285 Papismum,
2862 3212 2965 3268 hoc
2979 3217 3064 3268 est
3078 3212 3382 3269 scientiam

2013 3296 2349 3353 catholicam
2377 3296 2675 3353 continere
2700 3320 2713 3363 ;
2745 3311 2872 3351 cum
2904 3293 3091 3367 potius
3117 3309 3381 3351 errorem

2012 3378 2465 3435 Massiliensium
2488 3379 2551 3434 in
2575 3376 2839 3451 pluribus
2861 3377 3304 3449 amplectantur.

2087 3459 2353 3516 Amesius
2367 3460 2596 3533 quidem
2620 3458 2829 3525 docuit,
2855 3459 3102 3533 gratiam
3123 3473 3249 3515 esse
3269 3456 3385 3514 essi-
3420 3473 3548 3518 aerei-

2014 3555 2199 3596 cacem
2223 3539 2293 3595 ab
2326 3539 2657 3604 intrinsece,
2688 3539 2749 3593 in
2778 3538 3088 3611 multisque
3108 3537 3384 3596 Themis·
3409 3524 3562 3626 3¹3?ssss

2014 3620 2087 3675 tis
2111 3619 2434 3685 subscribit,
2469 3621 2531 3675 in
2570 3617 2777 3691 quibus
2801 3619 3047 3691 profecto
3079 3618 3447 3675 haereticusex
3460 3628 3569 3681 Amc-
3610 3640 3611 3647 κ

2016 3717 2134 3757 non
2171 3707 2274 3769 est,
2306 3701 2403 3757 sed
2433 3701 2854 3756 Calvinismum
2882 3715 3091 3774 magna
3118 3715 3187 3756 ex
3220 3704 3387 3772 parte
3462 3683 3533 3715 ⁵¹⁰·

2014 3780 2174 3837 exuit
2230 3802 2243 3837 ε
2291 3786 2348 3837 et
2394 3786 2796 3853 praeceptorem
2837 3786 3031 3852 aperte
3076 3779 3387 3853 impugnat

2015 3868 2144 3917 tom.
2175 3863 2231 3927 4,
2281 3859 2618 3918 Bellarmim·
2664 3863 2929 3928 enervati,
2977 3876 3048 3917 ex
3071 3875 3184 3941 quo
3213 3860 3385 3932 plura

2016 3940 2344 3998 testimonia
2387 3941 2561 3998 refert
2606 3943 2787 3997 Gonet
2823 3941 2883 3996 in
2915 3940 3184 4014 Apologia
3224 3939 3387 3995 Tho-

2014 4020 2342 4089 mistarum,
2368 4029 2478 4078 art.
2504 4023 2558 4087 5,
2579 4039 2732 4079 num.
2764 4023 2845 4078 10.
2873 4022 3109 4077 Utinam
3143 4020 3228 4076 sic
3256 4035 3389 4076 sen·

2016 4100 2150 4158 tiret
2178 4100 2241 4157 in
2264 4101 2508 4157 materia
2530 4098 2599 4156 de
2615 4098 3038 4175 justificatione,
3065 4097 3135 4155 de
3162 4098 3389 4155 Eucha-

2018 4180 2199 4247 ristia,
2242 4185 2299 4238 et
2344 4180 2478 4238 aliis
2507 4204 2521 4246 ;
2552 4180 2868 4236 calvinista
2905 4196 3022 4249 non
3067 4183 3236 4245 esset,
3288 4177 3391 4236 sed

2017 4260 2274 4317 Ecclesiae
2294 4260 2581 4317 catholicae
2605 4260 2914 4334 gremium,
2948 4276 3010 4316 ac
3033 4259 3273 4316 veniam
3290 4258 3391 4314 in-

2016 4340 2262 4398 veniret.
2281 4339 2444 4397 Unde
2465 4339 2534 4396 ad
2555 4340 2770 4397 Annati
2792 4340 3115 4395 discursum
3140 4354 3385 4412 respon·

2015 4420 2183 4478 detur
2211 4419 2473 4495 negando
2495 4421 2804 4486 minorem,
2836 4419 3045 4493 nemp‘e
3073 4421 3385 4477 Amesium

2015 4516 2137 4558 esse
2179 4499 2430 4575 rigidum
2453 4499 2852 4556 Calvinistam.

2091 4578 2306 4637 Eodem
2353 4579 2474 4636 fere
2520 4578 2692 4636 modo
2740 4577 3151 4651 respondemus
3178 4578 3253 4636 ad
3305 4578 3385 4645 id,
3404 4592 3611 4639 1-:11‘ruvfi-¹

2015 4657 2164 4731 quod
2207 4657 2419 4715 dicitur
2465 4656 2533 4714 de
2578 4657 2816 4715 Tuvisio
2861 4674 3044 4715 :nam
3091 4674 3160 4717 eo
3208 4657 3387 4724 libro,
3453 4645 3525 4687 ⁵⁵⁰·

2016 4754 2186 4811 quem
2225 4738 2500 4796 adversus
2525 4739 2828 4796 scientiam
2865 4737 3117 4795 mediam
3144 4754 3394 4811 compo-

2014 4818 2149 4884 suit,
2183 4833 2300 4876 non
2341 4819 2457 4892 agit
2492 4824 2554 4873 ut
2581 4818 2806 4874 Calvini
2849 4816 3176 4891 discipuluS,
3226 4820 3395 4893 cujus

2017 4898 2116 4953 vix
2145 4902 2260 4954 toto
2285 4910 2457 4970 opere
2483 4898 2754 4976 meminit
2769 4922 2782 4965 ;
2811 4897 2910 4954 sed
2938 4912 3204 4971 expresse
3228 4913 3395 4956 asse-

2019 4978 2113 5045 rit,
2156 4993 2217 5035 se
2245 4993 2507 5052 premere
2534 4979 2683 5035 Scoti
2711 4978 2969 5053 vestigia.
3004 4976 3063 5033 ld
3090 4993 3235 5035 vero
3264 4979 3396 5034 dis-

3075 5057 3395 5116 simulavit
