3647 5753
448 357 560 412 462
1411 355 1502 409 DE
1539 355 1567 406 J
1578 351 2123 407 USTIFICATIONE
2163 352 2369 407 IMPII:

450 530 640 594 citato,
673 536 782 584 art.
809 530 864 594 4,
893 536 944 583 et
964 534 1146 605 quaest.
1173 528 1265 593 20,
1296 526 1360 581 de
1398 525 1567 584 Verit.
1595 531 1707 579 art.
1751 525 1806 590 2,

451 613 512 662 in
538 627 682 680 corp.
715 607 813 663 ubi
843 609 961 663 ait:
996 628 1020 658 «
1056 606 1275 681 Indiget
1316 611 1507 662 autem
1558 603 1812 678 potentia

458 712 484 742 (ι
527 691 718 761 aliqua
762 687 1131 761 superaddito
1182 688 1398 760 duplici
1445 689 1704 752 ratione,
1754 690 1812 741 et

456 794 481 822 α
528 778 755 845 propter
782 771 1169 829 conditionem
1200 775 1437 836 naturas,
1481 775 1537 825 et
1584 773 1815 842 propter

458 874 483 903 «
532 854 811 910 rationem
854 854 1034 926 ipsius
1078 852 1308 927 gratiae3
1340 869 1443 909 nec
1496 851 1809 919 immerito,

457 955 483 985 «
524 950 653 990 cum
681 935 843 1000 actio,
869 949 992 1007 quae
1019 950 1053 989 a
1080 934 1331 1005 potentia
1362 931 1630 1006 procedit,
1658 950 1690 987 a
1718 947 1815 987 na-

461 1035 487 1065 «
529 1019 657 1071 tura
683 1012 1015 1086 dependeat,
1041 1029 1167 1086 quae
1182 1018 1266 1069 est
1283 1013 1546 1086 potentiae
1568 1012 1746 1084 origo.
1780 1031 1808 1063 2>

528 1097 659 1151 232.
702 1096 808 1153 Sed
838 1095 1023 1152 adhuc
1051 1092 1337 1150 instabis:
1372 1110 1508 1150 nam
1557 1092 1815 1164 operatio

455 1173 526 1231 ab
554 1176 863 1233 intrinseco
901 1175 1188 1232 transiens
1216 1191 1333 1232 non
1361 1175 1500 1248 petit
1535 1173 1815 1230 essentia-

456 1258 588 1316 liter
634 1258 981 1332 principium
1036 1272 1379 1331 permanens
1433 1279 1446 1313 ε
1500 1255 1598 1313 sed
1647 1270 1814 1311 amor

454 1338 752 1395 charitatis
779 1340 842 1396 in
865 1339 958 1396 via
978 1338 1202 1415 elicitus
1222 1343 1304 1395 est
1345 1339 1599 1410 operatio
1625 1336 1695 1392 ab
1718 1336 1816 1391 in-

456 1419 703 1477 trinseco
728 1420 1012 1477 transiens
1041 1440 1052 1474 :
1076 1435 1212 1493 ergo
1240 1435 1356 1476 non
1387 1418 1527 1490 petit
1546 1416 1816 1474 essentia·

458 1500 589 1556 liter
613 1502 962 1574 principium
987 1516 1349 1573 permanens,
1387 1498 1704 1573 cujusmodi
1732 1503 1818 1554 est

451 1582 637 1655 gratia
663 1580 1022 1638 sanctificans
1044 1580 1375 1638 habitualis,
1401 1579 1681 1637 Suadetur
1710 1578 1817 1634 mi-

459 1677 583 1729 nor,
616 1663 748 1735 quia
777 1669 930 1718 actus
958 1661 1107 1729 liber
1128 1667 1211 1716 est
1231 1661 1486 1733 operatio
1508 1659 1579 1716 ab
1609 1660 1818 1715 intrin-

456 1758 581 1798 seco
606 1742 889 1798 transiens
909 1766 922 1809 ;
954 1741 1239 1813 siquidem
1264 1745 1443 1813 potest
1464 1756 1601 1807 esse,
1622 1745 1678 1796 et
1700 1755 1818 1796 non

457 1840 579 1880 esse
625 1823 693 1881 ad
743 1830 946 1880 nutum
975 1824 1290 1881 voluntatis
1323 1843 1335 1879 ε
1364 1822 1462 1880 sed
1491 1839 1653 1879 amor
1679 1822 1819 1879 cha-

462 1906 649 1962 ritatis
670 1905 734 1961 in
757 1906 853 1961 via
872 1905 1096 1962 elicitus
1116 1910 1201 1961 est
1221 1910 1373 1961 actus
1395 1904 1560 1970 liber,
1588 1909 1650 1960 ut
1669 1918 1739 1959 ex
1757 1917 1819 1958 se

457 1990 716 2043 constat:
761 2001 896 2059 ergo
946 1990 1031 2041 est
1075 1984 1331 2057 operatio
1385 1983 1455 2040 ab
1503 1984 1818 2040 intrinseco

458 2067 762 2124 transiens.
810 2064 973 2122 Unde
1023 2070 1258 2138 apparet
1309 2064 1635 2122 differentia
1664 2065 1818 2119 inter

460 2147 787 2222 hujusmodi
830 2163 1084 2203 amorem
1112 2162 1184 2202 ex
1214 2161 1328 2202 una
1352 2151 1531 2217 parte,
1556 2151 1613 2201 et
1638 2144 1819 2200 visio-

463 2245 596 2286 nem
646 2231 743 2287 Dei
787 2230 847 2286 in
875 2245 956 2295 se,
979 2234 1036 2284 et
1074 2243 1331 2284 amorem
1373 2226 1442 2283 ad
1464 2242 1591 2283 eam
1619 2241 1820 2283 conse-

460 2302 702 2384 quutum
746 2327 817 2367 ex
858 2311 973 2366 alia
1000 2334 1013 2377 ;
1045 2324 1180 2364 nam
1209 2308 1272 2364 hi
1300 2309 1639 2381 posteriores
1665 2313 1819 2362 actus

461 2396 595 2447 sunt
638 2390 962 2457 necessarii,
995 2396 1161 2462 atque
1189 2388 1316 2446 ideo
1358 2393 1759 2461 permanentes
1800 2404 1813 2438 ι

460 2470 836 2543 quamobrem
864 2469 1072 2526 dehent
1093 2470 1155 2526 in
1180 2470 1464 2542 principio
1486 2469 1676 2540 aliquo
1698 2483 1822 2539 per-

461 2551 724 2606 manenti
753 2551 1017 2615 radicari‚
1052 2567 1259 2623 nempe
1287 2552 1349 2606 in
1371 2551 1556 2624 gratia
1600 2570 1612 2604 :
1664 2548 1822 2621 cujus

459 2631 784 2703 oppositum
814 2637 1049 2703 apparet
1070 2632 1133 2686 in
1159 2646 1355 2686 amore
1376 2629 1671 2686 charitatis
1710 2626 1822 2683 eli-

459 2710 571 2766 cito
615 2711 678 2766 in
724 2711 837 2767 via.
870 2714 937 2765 Et
982 2718 1279 2784 propterea
1306 2711 1490 2775 aliter,
1523 2710 1593 2765 de
1620 2709 1822 2782 hujus-

463 2790 621 2847 modi
651 2790 1082 2862 operationibus
1111 2790 1499 2864 philosophari
1524 2795 1761 2861 oportet.

234 2867 448 2914 viluiiur.
537 2870 933 2943 Respondetur
962 2870 1222 2946 negando
1250 2870 1557 2928 minorem.
1603 2868 1688 2925 Ad
1722 2888 1823 2926 cu-

456 2953 550 3024 jus
592 2950 989 3024 probationem
1016 2951 1323 3009 dicendum
1350 2957 1452 3016 est,
1487 2967 1602 3007 non
1625 2952 1822 3008 omnia

460 3049 585 3106 quae
613 3033 674 3088 in
702 3049 805 3089 suo
831 3049 970 3100 esse,
1003 3040 1059 3091 et
1083 3032 1411 3090 conservari
1441 3032 1762 3105 dependent
1789 3050 1822 3089 a

462 3114 643 3171 libero
685 3113 945 3182 arbitrio,
997 3115 1280 3172 recenseri
1309 3113 1516 3171 debere
1537 3115 1690 3171 inter
1715 3131 1823 3171 en-

246 1091 348 1137 alia
362 1102 424 1137 re·

264 1143 387 1195 plica.

465 3198 543 3252 tia
589 3196 981 3261 transeuntia;
1024 3197 1239 3269 optime
1290 3196 1499 3268 quippe
1556 3196 1821 3262 cohaeret,

463 3278 614 3353 quod
642 3278 859 3351 aliquid
899 3279 1212 3335 secundum
1253 3296 1417 3336 suam
1464 3279 1710 3350 speciem
1751 3279 1828 3334 sit

463 3359 599 3432 quid
616 3360 981 3431 completum,
1002 3363 1056 3414 et
1073 3375 1440 3432 permanenS,
1472 3364 1525 3415 et
1554 3357 1703 3430 quod
1731 3358 1827 3414 ni-

464 3441 784 3498 hilominus
813 3440 986 3511 possit
1009 3457 1112 3512 pro
1135 3446 1276 3496 nutu
1307 3441 1622 3497 voluntatis
1664 3455 1825 3496 crea-

466 3528 535 3580 tae
557 3521 816 3589 deficere,
840 3526 895 3578 et
921 3521 1071 3596 quod
1099 3522 1170 3579 ab
1190 3524 1310 3597 ejus
1335 3522 1600 3579 libertate
1628 3521 1693 3576 in
1721 3537 1825 3577 sua

461 3603 894 3660 conservatione
920 3603 1255 3675 dependeat.
1289 3602 1379 3659 Sic
1403 3603 1565 3660 enim
1594 3602 1827 3658 habitus

460 3684 657 3759 gratia}
682 3727 695 3750 ,
750 3688 807 3740 et
854 3685 1047 3757 plures
1087 3683 1315 3740 habitus
1358 3684 1826 3756 supernaturales

460 3771 595 3822 sunt
620 3782 690 3821 ex
716 3781 820 3820 sua
844 3767 1030 3838 specie
1062 3767 1362 3838 qualitates
1407 3765 1700 3837 completas
1724 3807 1737 3831 ,
1770 3769 1828 3820 et

464 3851 868 3920 permanentes
888 3869 902 3912 ;
945 3851 1002 3903 et
1034 3848 1137 3903 hoc
1172 3862 1288 3903 non
1322 3845 1580 3902 obstante
1618 3860 1826 3901 secun-

463 3927 602 3983 dum
646 3931 983 3999 praesentem
1023 3931 1234 3983 statum
1278 3925 1601 3998 dependent
1636 3926 1696 3981 in
1724 3942 1827 3981 sua

463 4011 913 4075 conservatione,
964 4010 1167 4065 saltem
1217 4008 1514 4075 indirecte,
1541 4026 1574 4065 a
1613 4010 1828 4066 volun-

465 4098 578 4150 tate
603 4116 616 4159 ;
646 4097 703 4149 et
744 4106 811 4147 ea
851 4097 1133 4163 peccante,
1189 4090 1484 4147 deficiunt.
1533 4093 1650 4147 Hoc
1692 4106 1829 4165 crgo

464 4180 626 4248 pacto
653 4190 816 4230 amor
848 4172 1145 4229 charitatis
1190 4179 1275 4229 est
1318 4171 1634 4228 secundum
1660 4188 1827 4229 suam

463 4256 709 4330 speciem
744 4253 881 4327 quid
908 4254 1253 4326 completum
1281 4298 1294 4322 ,
1342 4259 1399 4310 et
1438 4269 1822 4325 permanens;

463 4336 729 4411 quamvis
777 4334 958 4391 libere
1008 4335 1272 4392 eliciatur
1321 4351 1354 4390 a
1393 4335 1725 4401 voluntate,
1771 4339 1828 4390 et

467 4422 643 4496 possit
663 4426 779 4476 tam
803 4420 865 4474 in
888 4418 1198 4495 elicientia,
1238 4434 1410 4491 quam
1432 4418 1496 4474 in
1522 4434 1829 4476 conserva-

467 4505 622 4562 tione
650 4502 939 4575 impediri.
968 4503 1034 4557 Et
1064 4501 1210 4558 ratio
1237 4507 1321 4558 est
1361 4498 1830 4575 proportionabi-

468 4585 602 4642 liter
627 4582 864 4649 eadem;
894 4581 1169 4656 quoniam
1190 4581 1335 4639 sicut
1362 4598 1613 4654 praesens
1651 4586 1831 4637 status

466 4673 550 4725 est
574 4670 737 4723 extra
761 4665 1009 4737 speciem
1035 4665 1252 4738 gratiae,
1282 4670 1339 4722 et
1378 4664 1488 4739 ipsi
1515 4663 1831 4720 accidenta-

468 4748 604 4805 liter
647 4745 955 4810 convenit;
1004 4744 1086 4802 ita
1125 4744 1328 4801 accidit
1355 4744 1506 4801 actui
1532 4744 1831 4800 charitatis

466 4829 779 4889 secundum
806 4826 1053 4901 speciem
1074 4827 1449 4896 considerato,
1475 4825 1624 4899 quod
1650 4824 1830 4882 libere

468 4911 734 4968 eliciatur
756 4927 788 4966 a
816 4911 1111 4967 voluntate
1137 4930 1149 4965 ι
1177 4915 1233 4966 et
1254 4911 1373 4983 ipse
1398 4909 1608 4981 quippe
1634 4923 1832 4964 secun-

471 4993 608 5051 dum
636 4992 946 5050 essentiam
978 4990 1035 5046 id
1065 5008 1182 5049 non
1216 4992 1486 5064 exposcit,
1516 4990 1614 5046 sed
1649 4990 1832 5065 magis

1948 521 2192 578 inclinat
2213 523 2282 579 ad
2300 523 2535 581 modum
2560 522 3023 580 inamissibiliter
3046 522 3311 591 amandi,

1947 620 2116 677 quem
2161 610 2380 663 retenta
2424 605 2623 663 eadem
2663 606 2849 678 specie
2897 606 3220 678 assequitur
3247 605 3316 660 in

1949 687 2157 759 patria.
2201 686 2366 744 Unde
2408 690 2600 761 plures
2642 686 3019 760 probabiliter
3053 692 3309 755 censent,

1948 767 2196 825 eundem
2219 786 2464 826 numero
2491 775 2676 826 actum
2717 769 3013 826 charitatis
3050 770 3314 827 elicitum

1951 850 2012 905 in
2041 849 2136 905 via
2164 866 2325 921 posse
2343 851 2669 907 continuari
2700 851 2762 906 in
2783 851 2972 922 patria
3005 871 3017 907 ε
3044 849 3192 922 quod
3214 867 3313 907 sa—

1950 932 2022 987 tis
2067 932 2282 989 evincit
2329 933 2824 1006 imperfectionem
2865 933 3314 991 amissibilitatis

1951 1028 2067 1069 non
2095 1012 2238 1069 oriri
2269 1012 2340 1069 ab
2366 1029 2451 1078 eo,
2469 1012 2567 1069 sed
2584 1014 2694 1085 ipsi
2717 1012 3144 1070 accidentaliter
3170 1030 3310 1070 con-

1952 1092 2154 1149 venire
2185 1091 2256 1149 ob
2286 1092 2780 1166 imperfectionem
2807 1092 3062 1167 subjecti,
3111 1100 3166 1149 et
3191 1099 3312 1150 sta-

1951 1177 2062 1228 tus,
2106 1175 2460 1245 Quapropter
2489 1172 2788 1245 praedictus
2810 1189 2973 1230 amor
2993 1173 3314 1230 secundum

1950 1253 2195 1327 speciem
2217 1250 2472 1327 acceptus
2497 1256 2747 1327 exposcit
2767 1255 2966 1313 eadem
2997 1257 3312 1328 proportio-

1953 1333 2227 1391 nabiliter
2275 1335 2576 1407 principia,
2620 1351 2745 1408 quae
2774 1336 3013 1410 exigunt
3038 1336 3183 1392 visio
3208 1336 3314 1393 Dei

1950 1415 2014 1470 in
2033 1431 2113 1482 se,
2162 1420 2218 1471 et
2259 1431 2422 1472 amor
2452 1416 2617 1470 illam
2643 1432 3020 1489 consequens;
3046 1416 3319 1489 quamvis

1951 1496 2012 1552 hi
2062 1496 2402 1568 posteriores
2449 1501 2603 1551 actus
2635 1497 2738 1552 illa
2767 1497 3055 1569 principia
3079 1497 3318 1571 exigant

1950 1591 2020 1632 ex
2049 1575 2312 1649 pluribus
2332 1574 2631 1648 capitibus,
2659 1592 2867 1648 nempe
2908 1582 3026 1632 tam
3052 1593 3122 1633 ex
3151 1584 3320 1650 parte

1951 1658 2229 1725 essentias,
2256 1675 2427 1730 quam
2455 1674 2527 1714 ex
2550 1664 2710 1730 parte
2737 1657 2912 1722 modi,
2943 1675 3055 1731 quo
3084 1658 3247 1716 fiunt.

2026 1738 2183 1795 Adde
2210 1737 2356 1811 quod
2381 1739 2509 1795 licet
2537 1740 2793 1812 operatio
2819 1755 2889 1796 ex
2912 1756 2973 1796 se
3021 1741 3317 1797 transiens

1954 1836 2070 1878 non
2095 1823 2338 1894 postulet
2364 1822 2714 1894 principium
2735 1822 3066 1894 proximum
3092 1839 3314 1895 perma-

1954 1917 2115 1969 nenS,
2144 1902 2336 1959 omnis
2377 1908 2571 1959 tamen
2621 1904 2878 1974 operatio
2927 1904 3175 1974 exposcit
3199 1903 3320 1959 ali-—

1952 1981 2100 2054 quod
2142 1983 2491 2056 principium
2519 1999 2901 2054 permanens;
2943 1998 3095 2039 -nam
3136 1984 3326 2057 exigit

1955 2062 2307 2135 principium
2362 2062 2628 2129 radicale,
2681 2064 2803 2120 sive
2830 2062 2983 2119 istud
3011 2064 3083 2119 sit
3106 2065 3310 2137 gratia,

1953 2145 2074 2202 sive
2118 2149 2240 2203 sola
2292 2146 2544 2219 potentia
2573 2145 2993 2210 obedientialis
3046 2148 3169 2202 sive
3191 2147 3321 2203 sola

1954 2230 2163 2283 natura
2197 2248 2209 2282 ε
2239 2233 2296 2284 et
2321 2242 2492 2284 omne
2514 2226 2869 2299 principium
2901 2225 3148 2282 radicale
3176 2242 3315 2297 ope-

1957 2308 2121 2367 randi
2171 2315 2253 2366 est
2278 2306 2415 2381 quid
2444 2323 2808 2380 permanens,
2844 2312 2985 2363 utex
3011 2307 3324 2378 propositis

1954 2392 2234 2463 exemplis
2253 2391 2390 2447 satis
2413 2390 2608 2462 liquet.
2632 2388 2794 2446 Unde
2813 2405 2882 2445 ex
2913 2388 2969 2444 vi
2994 2389 3161 2461 hujus
3191 2404 3314 2461 per·

1958 2489 2153 2546 peram
2202 2471 2468 2534 infertur,
2520 2485 2777 2526 amorem
2823 2470 3118 2525 charitatis
3154 2485 3318 2541 posse

1956 2556 2085 2612 elici
2115 2554 2324 2627 absque
2368 2552 2595 2610 influxu
2642 2553 2882 2625 alicujus
2911 2552 3184 2624 principii
3216 2568 3312 2607 ra-

1957 2636 2176 2702 dicaliS,
2203 2640 2258 2691 et
2280 2633 2350 2690 ab
2367 2634 2679 2691 intrinseco
2709 2634 3102 2705 permanentis
3130 2653 3142 2688 :
3166 2630 3316 2705 quo]

1961 2725 2018 2774 ut
2038 2734 2210 2791 supra
2240 2716 2613 2782 ostendimus,
2644 2716 2837 2790 nequit
2864 2731 2985 2771 esse
3001 2714 3178 2781 aliud,
3203 2715 3315 2770 nisi

1957 2800 2142 2873 gratia
2163 2796 2541 2854 sanctificans.

2031 2881 2161 2937 233.
2211 2879 2483 2953 Arguitur
2508 2876 2773 2946 secundo,
2815 2884 2871 2935 et
2898 2876 3073 2934 simul
3122 2879 3316 2952 impu·
3354 2889 3519 2931 secun·

1957 2966 2166 3036 gnatur
2187 2959 2445 3017 doctrina
2469 2960 2729 3032 proxime
2768 2958 2976 3015 tradita
3001 2980 3014 3015 :
3040 2960 3313 3030 quoniam
3331 2938 3534 3038 ‘'guffigss

1957 3041 2006 3097 si
2035 3057 2198 3098 amor
2223 3040 2519 3096 charitatis
2558 3038 2903 3112 dependeret
2928 3040 3315 3096 essentialiter
3380 3043 3486 3080 ‘⁰¹²⁸—

1959 3138 1992 3178 a
2017 3122 2202 3196 gratia
2251 3120 2639 3177 sanctificante
2674 3120 2975 3187 habituali,
3007 3120 3197 3176 omnis
3220 3136 3316 3175 ac-

1959 3209 2048 3259 tus
2113 3202 2572 3275 supernaturalis
2641 3200 2710 3258 ab
2765 3201 2870 3258 illa
2933 3200 3317 3258 essentialiter

1958 3283 2133 3340 etiarn
2154 3281 2498 3355 dependeret
2531 3303 2543 3338 ε
2587 3297 2937 3354 consequens
2963 3287 3047 3338 est
3074 3280 3318 3338 omnino

1960 3364 2291 3434 absurdum,
2325 3370 2388 3421 ut
2414 3364 2593 3437 liquet
2620 3364 2681 3419 in
2699 3370 2985 3435 peccatore
3008 3362 3183 3428 fideli,
3218 3365 3315 3435 qui

1959 3447 2115 3503 elicit
2136 3450 2289 3503 actus
2317 3444 2469 3513 fidei,
2496 3452 2551 3502 et
2571 3445 2688 3518 spei
2713 3444 2922 3518 absque
2940 3447 3140 3518 gratiae
3161 3462 3319 3502 sanc·

1960 3526 2228 3583 tificantis
2256 3525 2478 3583 influxu
2509 3547 2521 3582 ε
2550 3542 2685 3600 ergo
2714 3541 2876 3582 amor
2890 3527 3323 3582 charitatisnon

1960 3606 2240 3681 dependet
2257 3607 2638 3664 essentialiter
2655 3623 2686 3662 a
2698 3605 2886 3680 gratia
2907 3606 3315 3663 sanctificante.

1959 3689 2197 3761 Sequela
2249 3686 2585 3753 ostenditur,
2617 3687 2752 3758 quia
2780 3702 2896 3742 non
2918 3685 2989 3742 ob
3019 3688 3192 3743 aliam
3222 3701 3318 3741 ra-

1962 3770 2179 3827 tionem
2223 3768 2389 3825 dehet
2441 3785 2605 3826 amor
2652 3769 2950 3824 charitatis
2990 3767 3318 3841 dependere

1960 3849 2342 3908 essentialiter
2359 3865 2390 3904 a
2405 3849 2588 3921 gratia
2610 3847 3015 3914 sanctificante,
3043 3849 3154 3904 nisi
3182 3847 3318 3921 qui-2

1962 3928 2289 4006 hujusmodi
2334 3930 2521 4003 gratia
2547 3928 2718 3986 habet
2760 3931 3043 3986 rationem
3073 3935 3310 3992 natura),

1961 4017 2017 4068 et
2038 4011 2241 4083 primas
2264 4008 2470 4066 radicis
2496 4009 2774 4083 operandi
2807 4011 2869 4065 in
2890 4009 3092 4066 ordine
3113 4024 3316 4081 super-

1962 4092 2235 4158 naturali,
2268 4107 2331 4147 ac
2375 4091 2623 4148 subinde
2674 4090 2838 4147 debet
2862 4088 3317 4163 praesupponiai

1962 4174 2295 4247 praedictum
2342 4190 2640 4230 amorem:
2694 4172 2791 4230 sed
2839 4173 2958 4229 haec
2988 4174 3134 4229 ratio
3162 4187 3326 4244 aeque

1963 4255 2213 4329 procedit
2257 4256 2320 4312 in
2365 4257 2527 4312 omni
2575 4263 2699 4313 actu
2746 4255 3199 4328 supernaturali,
3257 4259 3321 4308 ut

1963 4337 2128 4393 facile
2155 4335 2540 4393 consideranti
2582 4335 2860 4393 constabit
2887 4356 2898 4390 :
2928 4351 3064 4409 ergo
3084 4334 3131 4389 si
3157 4349 3319 4390 amor

1961 4419 2256 4476 charitatis
2299 4416 2579 4491 dependet
2623 4417 3003 4475 essentialiter
3056 4432 3088 4472 a
3132 4415 3320 4490 gratia

1962 4499 2539 4567 sanctificante,·idem
2562 4497 2632 4556 de
2653 4497 2922 4556 omnibus
2946 4498 3077 4554 aliis
3105 4495 3322 4554 actibus

1959 4579 2496 4655 supernaturalibus
2520 4578 2826 4637 dicendum
2854 4583 2958 4635 est.

2036 4662 2181 4719 Huic
2226 4669 2567 4737 argumento
2610 4660 2845 4734 quidam
2893 4663 3022 4732 plus
3071 4656 3543 4736 roboris,Q„„‚,5²¹²²

1962 4761 2134 4819 quam
2164 4744 2350 4812 habet,
2376 4743 2696 4801 deferentes
2739 4741 3155 4815 responderunt
3182 4756 3319 4798 0011-—
3350 4746 3525 4830 '‘³32⁰ss-

1962 4842 2115 4884 cessa
2156 4827 2383 4902 majori,
2427 4830 2483 4883 et
2507 4824 2771 4899 negando
2798 4824 3083 4880 minorem
3120 4824 3328 4898 :cujus
3385 4820 3398 4830 ⁴
3457 4819 3467 4828 '

1966 4909 2366 4983 probationem
2415 4913 2476 4963 ut
2521 4905 2830 4973 diluerent,
2886 4906 3152 4963 dicebant
3171 4905 3321 4979 quod

1962 4991 2430 5063 quotiescumque
2449 4992 2701 5061 peccator
2722 4987 2877 5044 elicit
2903 4992 3057 5043 actus
3083 4985 3236 5051 fidei,
3266 4990 3322 5041 et

3179 5064 3327 5138 spei,
