3647 5753
1395 446 1574 502 mse.
1620 446 1741 514 vn,
1786 447 1952 502 DUB.
1997 449 2087 505 1v.
3037 405 3135 503 1227

270 614 471 679 sectos,
507 622 567 672 et
608 618 885 691 Spiritum
925 625 1185 675 sanctum
1217 623 1381 691 prout
1409 617 1489 674 sic
1515 633 1644 673 mo·-

265 701 534 764 ventem,
590 698 759 756 habet
798 699 1200 757 authoritatem
1246 699 1638 765 infallibilem,

264 793 396 850 quae
423 787 666 852 superat
692 797 863 838 omne
888 782 1129 838 verbum
1183 782 1524 838 humanum.
1575 783 1641 835 Et

266 859 675 916 nihilominus
721 862 897 919 libere
940 862 1279 928 scribebant,
1340 869 1400 917 ut
1424 867 1642 920 constat

263 956 338 996 ex
360 939 562 998 dictis.
591 945 672 1001 Ex
695 945 782 1000 his
803 961 951 1019 ergo,
971 950 1026 1001 et
1047 946 1179 1009 aliis
1200 944 1497 1015 exempliS,
1518 958 1645 1015 quae.

264 1022 624 1090 omittimus,
652 1026 788 1081 satis
818 1028 1011 1098 liquet,
1039 1042 1156 1083 non
1184 1042 1417 1083 omnem
1439 1040 1643 1096 suppo-

260 1101 552 1159 sitionem
580 1106 1028 1174 antecedentem,
1060 1122 1232 1179 quam
1261 1106 1388 1179 quis
1415 1104 1644 1161 auferre

264 1196 389 1238 non
413 1189 623 1254 potest,
649 1187 741 1242 vel
761 1202 889 1257 cum
913 1188 1104 1260 aliquo
1124 1193 1382 1243 extremo
1409 1185 1645 1258 conjun-

262 1276 423 1334 gere,
475 1264 683 1322 tollere
711 1272 1040 1338 potestatem
1071 1266 1141 1325 ad
1177 1265 1511 1340 praedictum
1539 1280 1643 1321 ex-

266 1347 534 1398 tremum
574 1345 884 1403 secundum
924 1364 1003 1412 se.
1048 1349 1194 1405 etin
1221 1362 1390 1403 sensu
1432 1344 1637 1411 diviso,

262 1423 461 1493 qualis
488 1424 697 1481 sufficit
723 1426 792 1482 ad
823 1427 1145 1484 libertatem
1178 1452 1191 1494 ;
1240 1426 1643 1499 immeritoque

264 1502 659 1563 Adversarios
706 1509 767 1565 in
817 1510 920 1565 hoc
964 1508 1284 1574 offendere,
1341 1508 1637 1580 cespitare,

263 1589 320 1639 et
348 1585 645 1651 intricari.
681 1606 752 1647 ne
777 1592 1023 1664 gratiam
1045 1607 1112 1647 ex
1142 1607 1202 1648 se
1228 1590 1508 1646 efficacem
1539 1587 1643 1645 ad—

269 1666 539 1724 mittant.

852 1863 882 1929 g
927 1861 1069 1915 Vlll.

543 2005 800 2075 Refertur
839 2010 1022 2079 opinio
1074 2009 1376 2063 contraria.

85 2164 246 2203 seuten-
356 2154 479 2208 190.
531 2154 861 2225 oppositam
889 2154 1051 2210 nobis
1074 2155 1407 2227 opinionem
1433 2170 1642 2228 negan-

87 2216 242 2302 ¹32⁰?ssss
269 2237 384 2287 tem
428 2235 687 2307 gratiam
709 2249 831 2290 esse
856 2235 1132 2292 efficacem
1159 2250 1229 2292 ex
1255 2251 1333 2301 se,
1366 2240 1422 2291 et
1448 2235 1518 2292 ab
1548 2236 1642 2291 in-

270 2313 550 2377 trinseco,
622 2321 855 2371 tuentur
904 2318 1290 2373 communiter
1363 2318 1643 2375 Authores

269 2396 574 2450 societatis
595 2398 744 2460 Jesu,
765 2398 818 2451 et
835 2397 1073 2469 'quidam
1097 2398 1197 2453 alii
1223 2397 1509 2455 moderni.
1533 2400 1643 2456 Pro

269 2473 473 2530 eadem
498 2477 679 2532 etiam
711 2477 965 2534 referunt
996 2480 1188 2551 plures
1215 2483 1477 2551 antiquos
1508 2482 1643 2535 Sua-

274 2572 366 2611 rez
394 2563 511 2611 tom
536 2559 588 2624 3,
613 2558 676 2612 cle
691 2562 899 2628 qratia,
935 2561 1025 2616 lib.
1053 2563 1107 2625 5,
1135 2578 1258 2633 cap.
1284 2563 1375 2626 530,
1407 2580 1528 2616 cum
1556 2579 1642 2616 se-

83 2636 241 2677 Ιῦωῐ·
272 2645 459 2714 quent.
492 2644 556 2694 et
596 2640 953 2697 Mascarenas
985 2642 1289 2714 Episcopus
1311 2642 1637 2717 Algarbien·

273 2720 353 2775 sis
376 2720 528 2793 disp.
557 2723 612 2785 2,
637 2722 700 2774 de
722 2723 972 2789 auctiva,
996 2732 1142 2796 pare.
1168 2727 1223 2789 7,
1255 2724 1348 2779 ubi
1381 2724 1643 2797 pluribus

276 2801 495 2866 relatiS,
547 2819 698 2857 num.
740 2804 820 2865 12,
866 2803 1196 2861 concludit:
1246 2826 1271 2855 a
1317 2806 1429 2880 Ego
1457 2805 1640 2861 rixari

275 2906 299 2931 ι
344 2898 464 2939 non
490 2898 650 2948 amo,
674 2883 767 2939 sed
795 2883 937 2939 illud
962 2891 1184 2940 tantum
1211 2885 1270 2941 in
1293 2887 1640 2942 memoriam

275 2986 297 3011 a
342 2962 740 3018 revocandum
770 2965 920 3036 puto,
976 2964 1123 3036 quod
1156 2964 1294 3020 alibi
1325 2981 1442 3021 non
1464 2966 1639 3022 semel

276 3066 298 3092 ιι
341 3042 763 3109 animadverti,
816 3061 913 3101 eos
961 3061 1163 3101 omnes
1209 3046 1509 3111 Autliores,
1542 3047 1642 3119 qui

277 3147 300 3172 ιι
345 3125 712 3181 voluntatem
737 3132 991 3182 nostram
1017 3127 1077 3181 in
1100 3125 1368 3200 operibus
1392 3127 1637 3198 pietatis,

279 3227 304 3254 τι
343 3210 401 3260 et
429 3203 503 3260 ad
551 3204 1014 3278 justificationem
1047 3206 1466 3279 pertinentibus
1494 3205 1642 3263 libe-

283 3308 305 3334 «
350 3301 501 3350 ram,
538 3291 594 3341 et
625 3285 1046 3343 indifferentem
1083 3286 1152 3343 ad
1181 3286 1554 3360 operandum,
1589 3293 1644 3344 et

122 3383 227 3423 xm.
283 3389 306 3414 α
351 3381 469 3443 non
501 3365 861 3438 operandum
913 3368 1265 3440 relinquunt,
1324 3370 1643 3427 necessario

285 3470 308 3497 «ε
353 3449 658 3506 nobiscum
687 3451 1233 3521 sentire,nostraque
1259 3464 1378 3506 esse
1407 3450 1467 3504 in
1495 3452 1643 3506 clas—

287 3556 310 3582 «
350 3547 431 3588 se.
467 3553 493 3584 n
544 3531 704 3595 Quod
724 3533 771 3587 si
797 3548 886 3587 res
912 3532 990 3587 ita
1016 3547 1077 3587 se
1106 3528 1290 3593 habet,
1325 3531 1644 3588 necessario

281 3612 421 3666 lianc
431 3610 681 3667 eandem
697 3611 1030 3683 opinionem
1047 3625 1217 3682 sequu
1228 3614 1363 3663 ntur
1382 3610 1638 3677 Alvarez,

279 3691 574 3755 ledesma,
596 3694 926 3756 Navarrete,
959 3690 1172 3762 aliique
1196 3689 1497 3763 rigidiores
1518 3707 1644 3764 gra-

281 3773 370 3829 tice
392 3787 464 3828 ex
486 3787 550 3827 se
575 3770 663 3826 effi
675 3773 813 3828 racis
833 3778 1159 3835 assertores,
1180 3777 1234 3827 et
1260 3786 1461 3827 omnes
1489 3772 1644 3828 Tho·-

278 3854 482 3918 mistae,
537 3854 802 3921 Scotistae‚
838 3859 1004 3927 atque
1025 3852 1299 3909 Catholici
1333 3854 1594 3910 Doctores
1625 3877 1639 3920 ;

280 3936 583 4009 solumque
634 3934 1040 4008 disceptabitur
1093 3951 1220 3991 cum
1293 3936 1639 4000 Manichaeis,

281 4020 636 4083 calvinistis,
662 4025 718 4076 et
746 4019 1106 4084 Lutheranis,
1142 4017 1382 4090 aliisque
1408 4017 1644 4074 haereti-

281 4100 359 4155 cis
386 4100 673 4158 libertatis
701 4105 908 4157 nostrae
943 4099 1195 4156 inimicis
1221 4120 1235 4155 :
1280 4115 1414 4154 nam
1444 4115 1644 4157 omnes

282 4180 556 4238 Catholici
589 4180 960 4253 praedicamus
987 4180 1340 4237 voluntatem
1373 4178 1638 4248 liberam,

281 4265 334 4315 et
357 4261 787 4318 indifferentem
810 4259 878 4315 ad
900 4258 1276 4332 operandum,
1298 4264 1355 4315 et
1376 4275 1492 4315 non
1515 4276 1645 4332 ope·

287 4342 532 4399 randum
560 4367 574 4410 3
598 4349 653 4399 et
674 4344 994 4415 oppositum
1019 4341 1090 4398 ab
1113 4341 1394 4398 haereticis
1417 4346 1641 4398 tantum

286 4422 582 4478 asseritur.
641 4422 893 4494 Hincque
915 4420 1192 4497 iudicabit
1222 4420 1474 4493 prudens
1504 4423 1644 4479 Lec-

287 4508 391 4566 tor,
412 4502 614 4574 quanti
637 4501 818 4558 facere
838 4502 1037 4559 debeat
1060 4503 1296 4558 illorum
1320 4503 1642 4558 Authorum

289 4581 676 4655 allegationes,
738 4582 835 4655 qui
890 4581 986 4638 ubi
1027 4582 1274 4656 legerint
1311 4583 1641 4654 quempiam

294 4662 585 4720 Doctorem
626 4680 875 4720 asserere
912 4664 1156 4736 gratiam
1198 4663 1474 4720 efficacem
1526 4678 1643 4719 non

291 4743 489 4801 tollere
513 4743 855 4809 libertatem,
899 4745 1090 4800 statim
1128 4759 1261 4800 eum
1283 4743 1389 4798 sub
1412 4743 1644 4815 proprio

294 4825 502 4882 vexillo
542 4825 896 4900 consignant,
927 4826 1084 4898 quasi
1113 4825 1311 4899 gratiae
1336 4840 1406 4880 ex
1434 4839 1495 4880 se
1520 4823 1643 4879 effi·-

295 4904 434 4959 cacis
479 4903 725 4968 hostem,
767 4909 821 4960 et
850 4921 951 4977 pro
1000 4904 1237 4960 scientia
1278 4902 1469 4960 media
1511 4901 1646 4974 tria-

300 4986 466 5040 rium.
519 4986 704 5049 Quem
729 4984 981 5057 ineptum
1020 4983 1232 5041 citandi
1261 4982 1497 5041 modum
1520 4982 1648 5039 evi-

1774 615 2084 674 admodum
2113 618 2486 684 familiarem,
2526 620 2572 675 si
2598 620 2964 692 singulorum
3018 620 3136 672 Au-

1774 698 2027 763 thorum,
2047 714 2186 771 quos
2202 716 2303 771 pro
2324 717 2383 757 se
2405 702 2673 774 allegant,
2695 699 2859 762 dicta,
2881 705 2936 755 et
2960 696 3136 753 verba

1776 777 2140 835 referremus.
2187 778 2294 836 Sed
2320 781 2453 853 quia
2477 780 2579 836 hoc
2607 780 2896 854 negotium
2921 779 3133 835 moles-

1773 859 2061 917 tissimum
2108 868 2208 930 est,
2250 868 2307 920 et
2347 879 2461 919 non
2515 862 2654 919 adeo
2726 862 3130 923 necessarium,

1768 940 2000 1013 jamque
2027 942 2090 997 in
2126 958 2192 999 eo
2240 942 2390 999 haud
2434 944 2620 999 levem
2663 949 2952 998 navarunt
2999 956 3136 1013 ope-

1776 1037 1901 1076 ram
1941 1023 2183 1078 Alvarez
2228 1023 2320 1078 lib.
2368 1024 2622 1095 lie-spon&
2672 1041 2790 1096 cap.
2834 1025 2878 1087 l,
2911 1042 2944 1076 α
2977 1041 3130 1077 num.

1772 1105 1863 1159 50.
1893 1105 2086 1161 Zumel
2121 1113 2230 1159 tom
2252 1107 2285 1159 ‘2
2323 1104 2636 1169 Varimwn,
2663 1106 2801 1177 disp.
2830 1108 2882 1172 ὃ,
2923 1111 2977 1159 et
3011 1105 3135 1176 qui·

1771 1182 1905 1238 dam
1935 1183 2035 1239 alii
2064 1184 2394 1249 Thomistae,
2433 1186 2530 1258 qui
2571 1185 2836 1257 expensis
2865 1185 3133 1255 antiquo-

1776 1278 1904 1319 rum
1935 1265 2256 1321 Authorum
2282 1266 2601 1329 sententiiS,
2642 1282 2704 1321 ac
2732 1264 2941 1331 νει-ΜΞ,
2993 1264 3132 1320 satis

1773 1343 2081 1401 manifeste
2117 1343 2425 1402 ostendunt
2453 1346 2603 1417 ipsos
2650 1344 2861 1401 nostris
2908 1343 3132 1401 Adver-

1771 1424 1942 1480 sariis
1963 1440 2079 1481 non
2099 1424 2422 1498 suffragari,
2449 1424 2547 1482 sed
2574 1424 2867 1482 nobiscum
2889 1425 3127 1481 sentire:
3201 1469 3206 1473 .

1773 1509 2071 1577 propterea
2099 1507 2173 1574 (et
2199 1505 2332 1578 quia
2362 1503 2418 1559 id
2448 1504 2613 1562 facile
2632 1510 2848 1563 constat
2874 1521 2943 1561 ex
2965 1504 3131 1560 dictis

1770 1585 1896 1640 dub.
1918 1586 2140 1658 praeced.
2164 1589 2194 1655 ξ
2219 1588 2300 1656 7,)
2328 1585 2398 1641 ab
2417 1586 2524 1642 hoc
2554 1585 2746 1644 labore
2769 1587 2831 1642 in
2862 1586 3124 1658 praesenti

1772 1664 2581 1739 supersedebimuS.Caete1-un1
2606 1682 2677 1722 ne
2700 1664 2757 1720 id
2783 1659 3127 1737 praeteriisse
3159 1694 3310 1737 aumo-

1772 1747 2012 1803 omnino
2035 1745 2350 1815 videamur,
2373 1745 2666 1803 vindicare
2684 1745 2846 1802 nobis
2870 1745 3122 1802 breviter
3160 1754 3226 1788 res
3271 1746 3311 1788 υἱ

3157 1805 3325 1847 proc
3419 1822 3430 1836 .

1771 1834 1993 1901 oportet
2032 1845 2230 1892 unum,
2274 1830 2364 1883 vel
2393 1829 2637 1885 alterum
2665 1843 2733 1884 ex
2761 1827 3127 1900 gravioribus
3142 1844 3337 1894 opinione

1775 1909 2124 1972 Doctoribus.
2155 1910 2251 1982 qui
2274 1909 2595 1983 allegintur
2621 1925 2722 1982 pro
2750 1909 2982 1966 adversa
3007 1910 3126 1982 opi·
3149 1894 3333 1987 ‘nffiff‘n‘

1773 1993 1947 2049 nione
2024 1991 2101 2046 ita
2121 1990 2277 2046 enim
2307 1989 2619 2062 apparebit,
2664 2006 2832 2062 quam
2879 1989 3126 2048 fideliter

1772 2071 1960 2128 caeteri
1991 2072 2332 2128 reserantur.
2379 2069 2600 2143 Allegat
2647 2068 3036 2141 Algarbiensis
3059 2073 3123 2124 D.

1773 2155 2257 2216 Bonaventuram,
2310 2156 2554 2213 scotum,
2608 2157 2661 2207 et
2726 2150 3120 2216 Waldensem,

1774 2235 2133 2306 Capreolum,
2167 2234 2516 2305 cajetanum.
2562 2238 2775 2296 retum,
2809 2240 2863 2287 et
2900 2234 3125 2288 Xistum

1773 2317 2083 2372 Senensem
2111 2338 2123 2379 ;
2152 2313 2249 2371 sed
2277 2330 2369 2370 eos
2397 2313 2716 2369 audiamus.

1858 2398 1975 2454 191.
2022 2399 2076 2453 S.
2128 2398 2532 2454 Bonaventura
2576 2402 2688 2449 tam
2728 2412 2929 2467 parum
2981 2396 3329 2463 savetnnona.

1775 2479 1907 2535 huic
1933 2478 2213 2551 opinioni,
2272 2485 2333 2533 ut
2360 2483 2614 2533 nostram
2674 2479 2856 2550 potius
2896 2455 3312 2553 εοηῑρῐι-Μςᾎζῖἶῖἶ

1773 2563 1914 2617 tiam
1943 2561 2338 2634 multipliciter
2368 2561 2740 2632 amplectatur
2768 2581 2780 2615 :
2821 2577 2955 2616 nam
2988 2563 3045 2614 in
3082 2563 3126 2631 l,
3162 2554 3322 2646 ssfffls'ffl·

1772 2642 1902 2698 dist.
1932 2646 1985 2709 ⁴,
2018 2649 2200 2719 φωνεῖ.
2224 2644 2277 2707 2,
2313 2640 2528 2698 reducit
2570 2641 2863 2697 nobiscum
2893 2643 3128 2698 certitu-
3267 2634 3277 2644 ’

1773 2722 1969 2779 dinem
2003 2722 2536 2796 prae·iestinationi5‚
2586 2738 2701 2778 non
2731 2721 2797 2777 ad
2825 2723 3128 2793 praescien-

1774 2805 1933 2871 tiam,
1967 2803 2064 2861 sed
2094 2804 2163 2860 ad
2215 2803 2742 2860 immutabilitatem
2772 2803 2986 2861 divinae
3026 2822 3128 2862 vo-

1775 2887 2011 2942 luntatis
2033 2886 2356 2942 ordinantis
2382 2891 2587 2942 nostra}
2612 2886 3131 2959 przedestinationis

1773 2966 2023 3022 effectus
2068 2968 2133 3020 Et
2174 2968 2303 3021 dist.
2348 2970 2438 3031 47,
2485 2974 2663 3042 qu‘est.
2726 2969 2769 3032 l,
2824 2967 3129 3033 concludit,

1774 3046 2107 3101 voluntalem
2154 3044 2254 3100 Dea·
2280 3045 2430 3100 nullo
2470 3047 2624 3100 modo
2664 3063 2816 3118 posse
2858 3050 3128 3120 superari,

1773 3145 1869 3182 nec
1895 3128 2106 3182 cassari
2131 3145 2149 3193 ,·
2174 3128 2265 3182 sed
2290 3129 2590 3182 necessario
2621 3127 2835 3200 impleri
2858 3147 2875 3180 .·
2927 3127 3134 3182 solvit-

1773 3225 1883 3282 que
1906 3214 2240 3283 argumenta
2264 3209 2551 3264 contraria
2575 3224 2673 3280 per
2702 3208 3130 3266 distinctionem

1775 3292 2206 3363 consequentias,
2233 3296 2288 3346 et
2307 3291 2719 3363 consequentis
2740 3306 2862 3363 quae
2885 3290 3135 3347 familia-

1777 3371 1857 3426 ris
1885 3376 1968 3427 est
1995 3369 2263 3426 omnibus
2283 3371 2615 3435 'l'liomistis‚
2647 3378 2702 3426 et
2730 3369 2976 3426 traditur
3007 3387 3037 3426 a
3067 3373 3130 3425 D.

1774 3451 1982 3506 Thom.
2026 3456 2217 3523 quaest.
2251 3452 2339 3514 21,
2374 3449 2443 3506 de
2489 3452 2749 3512 veritate,
2807 3456 2913 3504 art.
2957 3452 3009 3505 l.
3060 3449 3135 3505 Et

1775 3533 1910 3600 idea,
1939 3532 2127 3603 inquit
2156 3532 2272 3597 ille,
2304 3541 2379 3586 est
2404 3533 2480 3586 iba·
2507 3535 2793 3587 necessitas
2818 3548 3138 3602 consequen-

1775 3614 1879 3677 tiae,
1934 3613 2025 3666 sed
2069 3629 2176 3666 non
2210 3615 2606 3685 consequentis,
2640 3615 2771 3689 quia
2815 3629 2920 3665 non
2958 3619 3135 3667 mutat

1774 3693 2166 3755 eventuum-et]
2214 3694 2322 3746 imo
2363 3693 2475 3746 vult
2534 3692 2691 3754 Deus,
2744 3692 2885 3768 quod
2923 3694 3133 3746 eveniat

1775 3791 2097 3851 consequens
2146 3775 2474 3843 coratinqens.
2530 3776 2597 3829 Et
2646 3777 2703 3828 in
2755 3778 2807 3838 2,
2858 3774 2986 3829 dist.
3038 3776 3128 3838 26,

1775 3862 1954 3933 quaest.
1986 3858 2041 3920 6,
2092 3854 2204 3911 duo
2246 3857 2447 3912 asserit
2474 3856 2639 3912 valde
2687 3855 2956 3921 notanda,
3013 3870 3135 3927 quae

1775 3935 2108 4009 opinionem
2134 3935 2296 3993 nobis
2316 3940 2665 3994 contrariam
2688 3943 2975 4002 evertunh
2998 3953 3131 3992 nam

1776 4018 1838 4073 in
1869 4018 2073 4092 primis
2094 4017 2270 4087 docet,
2313 4021 2559 4093 gratiam
2587 4035 2709 4076 esse
2751 4019 3131 4091 principalem

1774 4103 2056 4154 motorem
2086 4122 2097 4163 ;
2142 4099 2498 4155 voluntatem
2525 4115 2659 4155 vero
2689 4097 3081 4171 pedissequam
3120 4119 3131 4150 ε

1774 4176 1981 4233 deinde
2009 4175 2162 4243 dicit,
2208 4178 2454 4252 gratiam
2484 4195 2599 4235 non
2646 4181 2834 4236 solum
2876 4193 3042 4250 agere
3072 4177 3133 4230 in

1774 4258 2189 4330 operationem,
2239 4258 2336 4314 sed
2366 4260 2526 4331 prius
2567 4260 2738 4334 'agere
2776 4260 2832 4315 in
2865 4259 3134 4313 volunta-

1774 4344 1911 4393 tem.
1939 4336 2124 4394 Verba
2146 4339 2200 4393 S.
2230 4339 2479 4394 Doctoris
2502 4339 2793 4411 Serapliici
2816 4354 2878 4392 su
2892 4345 3007 4392 nt:«
3036 4338 3136 4392 Di-

1781 4439 1806 4469 «
1849 4416 2112 4483 cendum,
2139 4417 2285 4489 quod
2311 4416 2517 4490 absque
2540 4417 2732 4484 dubio,
2764 4419 2908 4473 sicut
2938 4417 3137 4474 autho·

1781 4519 1806 4550 α
1851 4498 2045 4554 ritates
2115 4499 2452 4555 Sanctorum
2494 4498 2710 4566 dicunt,
2782 4513 3007 4554 necesse
3054 4504 3136 4554 est

1781 4601 1807 4632 «
1852 4595 2061 4652 ponere
2091 4578 2340 4636 liberum
2387 4580 2693 4637 arbitrium
2720 4598 2751 4637 a
2777 4583 2960 4656 gratia
3008 4597 3136 4637 mo-

1781 4681 1807 4712 «
1850 4660 1994 4723 veri,
2039 4660 2299 4716 excitari.
2331 4659 2415 4715 Ab
2445 4660 2565 4732 ipsa
2606 4663 2765 4718 enim
2793 4666 2978 4737 gratia
3001 4679 3135 4735 ope-

1782 4762 1807 4792 «
1852 4747 2015 4797 rante
2058 4743 2424 4812 praevenitur,
2477 4747 2533 4798 et
2578 4758 2609 4797 a
2661 4753 3000 4816 cooperante
3068 4741 3137 4798 ad

1783 4844 1807 4873 α
1850 4837 2022 4900 opera
2051 4823 2350 4879 meritoria
2392 4824 2651 4879 elevatur
2684 4848 2697 4880 ι
2744 4826 2819 4881 ita
2842 4827 2990 4899 quod
3016 4841 3139 4882 res-

1784 4924 1808 4954 «
1852 4906 2012 4973 pectu
2067 4904 2255 4972 operis
2310 4903 2595 4958 meritorii
2636 4907 2820 4978 gratia
2872 4912 2955 4963 est
2996 4906 3139 4961 sicut

1784 5004 1810 5034 «
1854 4981 2190 5054 principalis
2236 4984 2464 5047 motrix,
2509 4992 2563 5040 et
2593 4987 2856 5044 voluntas
2883 4994 2968 5044 est
2995 4986 3143 5040 sicut

295 5060 522 5119 dentius
599 5063 1021 5120 ostenderemus
1089 5078 1211 5121 esse
1285 5061 1650 5119 Adversariis
1702 5082 1715 5107 ·
1786 5085 1811 5114 «
1855 5060 2177 5135 pedisequa.
2225 5082 2250 5114 »
2297 5065 2365 5119 Et
2392 5062 2598 5121 deinde
2631 5065 2868 5123 subdit:
2916 5090 2939 5119 «
2982 5065 3145 5120 Sicut
