3647 5753
1466 448 1643 508 DISP.
1687 453 1783 519 111,
1829 451 1995 509 DUB.
2039 454 2083 510 1.

316 614 413 671 ubi
438 618 626 691 gratia
650 635 767 677 non
789 626 888 685 est,
917 639 1021 681 nec
1046 625 1293 682 charitas
1312 641 1433 682 esse
1473 630 1671 699 potest,

312 711 416 754 nec
442 698 684 770 proinde
711 699 871 769 fides,
902 687 1019 776 qufv
1053 711 1319 784 operetur
1355 723 1454 779 per
1480 705 1677 762 chari-

312 786 506 837 tatem.
1014 785 1021 790 ’
1086 785 1101 794 “

385 864 544 922 Hanc
586 867 762 925 etiam
801 871 1000 943 gratiae
1039 872 1429 929 necessitatem
1471 869 1534 926 in
1575 885 1675 926 or-

311 946 446 1007 dine
473 950 544 1007 ad
571 953 917 1011 merendum
969 954 1146 1010 vitam
1176 957 1454 1010 aeternam
1483 948 1674 1007 docuit

64 1030 137 1070 D·
169 1031 281 1084 Aug.
312 1032 510 1088 multis
551 1035 614 1090 in
637 1036 774 1093 locis
830 1035 893 1088 D.
927 1037 1160 1108 August.
1193 1038 1254 1089 ut
1282 1033 1372 1089 lib.
1409 1034 1453 1100 l,
1479 1038 1670 1087 contra

308 1111 449 1192 duas
473 1117 730 1187 epistolas
765 1115 1209 1187 Pelayianorum,
1241 1103 1356 1189 ccx-‘X
1391 1117 1439 1186 (ζ
1484 1114 1578 1170 lib.
1607 1114 1672 1170 de

304 1194 409 1263 fide
445 1204 494 1253 et
540 1200 792 1270 operibus
838 1220 958 1275 cap.
996 1203 1077 1267 14,
1102 1201 1166 1256 de
1185 1197 1389 1273 spiriti*
1413 1203 1463 1253 et
1485 1198 1668 1252 littera

304 1294 425 1350 cap.
457 1280 548 1346 29,
574 1288 622 1335 et
650 1284 710 1336 in
737 1281 969 1339 Euchir.
995 1299 1115 1355 cap.
1150 1282 1270 1344 106,
1299 1271 1352 1315 *¹
1392 1329 1397 1334 ,
1425 1293 1551 1334 eam
1575 1292 1669 1354 ex-

304 1357 488 1415 tendit
533 1360 603 1417 ad
649 1368 862 1419 statum
914 1368 1137 1419 naturae
1185 1362 1440 1434 integrae,
1473 1356 1668 1415 dicens

302 1437 451 1510 quod
479 1439 605 1499 sine
630 1445 817 1517 gratia
846 1462 937 1498 nec
960 1450 1090 1498 tunc
1111 1442 1289 1498 ullum
1330 1441 1511 1496 bonus.
1610 1460 1666 1490 ⁷·-

58 1523 132 1565 D.
154 1517 475 1577 Pr‘osrritum
494 1538 602 1576 esse
638 1526 833 1597 potuit.
870 1527 1117 1598 Prosper
1156 1524 1231 1577 ud
1250 1523 1437 1594 capita
1466 1517 1664 1577 Gallo-

304 1618 449 1668 rum,
493 1619 613 1673 cap.
656 1608 710 1672 6,
764 1611 819 1662 et
861 1607 953 1662 tib.
1002 1611 1056 1671 2,
1110 1606 1172 1660 cle
1209 1604 1489 1660 vocatione
1529 1618 1665 1671 99η-

72 1671 148 1713 D.
166 1669 273 1715 '¹'h⁰·
306 1684 465 1750 tium,
497 1697 634 1760 ὀαρ.
686 1691 739 1755 8,
782 1693 927 1748 alias
966 1693 1020 1755 2,
1071 1694 1135 1746 D.
1176 1687 1383 1743 Thom.
1415 1686 1475 1739 in
1521 1701 1663 1757 prce-

301 1766 441 1819 3911ιί
476 1775 585 1825 art.
630 1771 683 1835 2,
729 1772 967 1844 loquens
1011 1771 1080 1827 de
1121 1768 1379 1830 homine,
1426 1771 1543 1820 tam
1599 1764 1662 1820 in

298 1851 445 1902 statu
470 1852 967 1926 naturaeintegrae,
984 1869 1155 1926 quam
1188 1852 1356 1922 lapsa?
1378 1869 1391 1904 ε
1414 1854 1468 1904 et
1490 1862 1662 1919 supra

297 1938 478 2004 quaest.
521 1933 639 1998 109,
661 1941 770 1991 art.
804 1938 853 2000 5,
878 1937 1120 2007 aliisque
1165 1931 1412 1996 in·loci5,
1446 1946 1571 2002 quae
1599 1929 1661 1984 in

297 2015 559 2084 margine
601 2022 914 2073 notantur:
945 2024 1110 2090 atque
1152 2013 1305 2070 idem
1337 2016 1531 2067 tenent
1553 2026 1661 2066 cae-

297 2093 404 2152 teri
446 2111 645 2153 omues
674 2102 937 2156 Doctores
976 2097 1322 2160 scholastici,
1350 2110 1487 2168 quos
1528 2095 1660 2149 lon-

294 2192 430 2249 gum
457 2185 602 2234 esset
643 2193 955 2238 recensere.
988 2185 1100 2238 Nec
1133 2194 1355 2236 necesse
1394 2176 1506 2233 erit
1535 2175 1660 2248 pri-

299 2273 453 2313 mam
495 2260 640 2316 hanc
680 2263 1054 2319 assertionem
1085 2258 1405 2318 rationibus
1444 2255 1658 2313 confir-

300 2355 476 2406 mare,
508 2350 705 2398 cuncta
753 2343 1058 2415 siquidem,
1091 2357 1217 2413 quae
1260 2340 1324 2395 in
1366 2337 1658 2409 sequentis

302 2418 694 2491 probationem
742 2423 1102 2487 adducemuS,
1153 2422 1315 2476 illam
1359 2434 1390 2474 a
1430 2416 1656 2475 fortiori

299 2502 769 2573 comprobabunt.

880 2678 935 2744 ‚g
978 2677 1045 2730 11.

297 2823 612 2884 ostenditur
673 2831 961 2885 necessitas
1027 2830 1219 2900 qratioe
1274 2825 1350 2881 ad
1396 2827 1652 2881 meritum

788 2915 909 2969 vitai
945 2920 1165 2968 aeternae.

62 3058 281 3103 secunda
369 3058 423 3113 2.
454 3059 764 3116 Dicendum
789 3068 872 3117 est
892 3059 1340 3126 secund0,etiam
1366 3072 1466 3129 per
1488 3054 1649 3113 ordi-

79 3119 251 3203 “effigi-0·
297 3153 429 3193 nem
454 3139 524 3195 ad
551 3139 813 3198 divinam
840 3130 1158 3215 *potentiam
1190 3153 1510 3213 repugnare
1537 3137 1649 3193 ali-

292 3234 458 3290 quem
519 3223 731 3279 mereri
790 3223 861 3281 de
922 3224 1224 3299 condigno,
1271 3219 1502 3294 proprie
1559 3218 1649 3272 lo-

288 3301 529 3371 quend0,
574 3306 754 3362 vitam
800 3311 1077 3363 aeternam
1118 3307 1245 3361 sine
1270 3302 1456 3377 gratia
1481 3314 1648 3355 sanc-

289 3381 554 3452 tificante,
584 3387 672 3442 vel
695 3388 811 3445 alia
834 3390 1020 3445 forma
1045 3388 1373 3446 eminenter
1398 3382 1645 3457 gratiam

287 3467 630 3524 continente.
677 3472 745 3526 Et
804 3472 1149 3545 intelligitur
1199 3467 1489 3526 conclusio
1529 3481 1646 3523 non

286 3536 473 3601 solum
514 3546 583 3603 de
622 3548 858 3607 homine
901 3551 962 3605 in
1002 3555 1148 3607 statu
1200 3554 1421 3605 naturae
1452 3549 1640 3620 lapsas,

288 3625 351 3681 in
378 3642 488 3699 qua
516 3643 669 3686 nunc
707 3635 808 3696 est,
836 3629 932 3686 ubi
977 3630 1296 3688 necessario
1336 3629 1501 3687 debet
1525 3642 1646 3684 esse

288 3709 377 3763 vel
412 3709 628 3765 amicus
668 3714 764 3769 Dei
807 3728 906 3785 per
947 3715 1217 3787 gratiam,
1250 3715 1343 3769 vel
1371 3710 1645 3769 inimicus

285 3787 407 3861 ejus
426 3790 552 3846 sine
579 3792 682 3848 illa
702 3816 715 3858 ;
741 3794 837 3849 sed
859 3794 1087 3850 etiamsi
1117 3796 1558 3851 constitueretur
1582 3791 1644 3847 in

289 3870 446 3942 puris
472 3873 848 3940 naturalibus,
866 3881 962 3930 aut
983 3875 1043 3929 in
1063 3881 1270 3931 natura
1289 3876 1510 3949 integra
1524 3873 1643 3929 sola

288 3951 614 4025 integritate
656 3956 922 4021 naturali,
960 3955 1054 4012 ubi
1100 3973 1280 4030 neque
1319 3961 1466 4013 esset
1492 3955 1643 4011 ami-

285 4049 383 4089 cus
409 4035 527 4098 Dei,
554 4050 736 4108 neque
765 4037 1052 4094 inimicus.
1083 4041 1210 4094 Haec
1230 4045 1314 4095 est
1335 4036 1643 4111 proculdu-

71 4138 259 4181 ngnm,
287 4115 380 4173 bio
425 4132 588 4173 mens
629 4120 691 4174 D.
736 4120 941 4176 Thom.
986 4122 1049 4178 in
1091 4122 1378 4194 praesenti,
1412 4127 1465 4177 et
1511 4119 1642 4176 aliis

288 4197 440 4262 lociS,
484 4203 545 4253 ut
581 4198 860 4256 constabit
898 4216 970 4256 ex
1009 4203 1130 4276 ejus
1178 4203 1422 4268 ratione,
1466 4217 1640 4273 quam

285 4277 479 4334 statim
506 4279 915 4352 expendemus,
942 4283 1101 4346 Quod
1130 4300 1246 4341 non
1273 4283 1511 4341 obscure
1537 4283 1642 4340 do-

55 4365 114 4407 ca
175 4362 262 4407 00¹-
286 4366 412 4416 cent
434 4362 757 4434 CapreoluS,
779 4369 834 4419 et
862 4365 1005 4420 Deza
1021 4368 1081 4420 in
1110 4367 1303 4432 l,dist.
1345 4368 1427 4433 17,
1454 4374 1634 4445 quast.

72 4423 253 4506 stregai·
295 4442 340 4506 l,
375 4444 618 4499 Ferrara
642 4444 695 4508 3,
716 4451 906 4502 contra
929 4453 1126 4514 yentes,
1160 4465 1278 4519 cap.
1320 4450 1440 4512 147,
1463 4449 1642 4504 Lorca

85 4514 227 4555 LOl'ffl

78 4543 246 4604 zumefi
285 4522 345 4576 in
367 4526 634 4593 prasenti,
664 4526 805 4598 disp.
832 4527 972 4596 ι15,ξ
994 4526 1143 4583 Hinc
1167 4527 1398 4583 habetur
1418 4529 1634 4594 decisiO,

282 4606 477 4661 Zumel
518 4609 580 4661 in
621 4608 721 4663 hoc
766 4610 802 4663 2
844 4614 955 4664 art.
985 4610 1126 4682 disp.
1169 4611 1212 4673 1,
1244 4612 1408 4666 conci.
1442 4614 1476 4666 2
1521 4611 1640 4681 (sed

282 4684 376 4742 hic
413 4687 634 4745 Author
660 4688 914 4760 loquitur
941 4688 1010 4745 de
1048 4690 1233 4764 gratia
1261 4691 1322 4745 in
1364 4706 1485 4747 esse
1503 4707 1639 4766 gra-

281 4766 394 4832 tiae,
427 4767 629 4823 nonin
650 4783 770 4824 esse
790 4770 1121 4840 qualitatis).
1141 4772 1312 4843 Vasq.
1338 4772 1482 4843 disp.
1513 4773 1633 4838 116,

279 4864 400 4920 cap.
429 4850 484 4911 2,
531 4848 720 4921 inquit
760 4866 877 4906 non
923 4867 1084 4922 posse
1124 4851 1423 4909 hominem
1462 4853 1637 4909 etiam

220 4941 237 4953 ·
278 4927 347 4985 de
389 4929 639 5002 potentia
677 4929 937 4988 absoluta
987 4934 1050 4989 in
1095 4948 1451 5005 quocumque
1488 4938 1637 4989 statu

279 5010 491 5066 mereri
538 5010 608 5066 de
651 5011 934 5084 condigno
974 5014 1156 5069 vitam
1197 5019 1473 5070 aeternam
1512 5013 1639 5069 sine

276 5091 463 5165 gratia
495 5090 939 5165 justificationis,
984 5099 1038 5151 et
1066 5093 1273 5168 spiritu
1316 5092 1640 5167 adoptionis

97 4778 230 4829 Vasq.

3055 455 3165 510 707

1807 624 2066 683 filiorum
2109 627 2239 694 Dei;
2270 633 2325 685 et
2355 628 2433 684 ita
2460 626 2906 703 intelligendum
2947 643 3068 684 esse
3095 628 3159 684 D.

1806 706 2010 764 Thom.
2027 708 2089 764 in
2113 710 2401 782 praesenti,
2420 709 2558 765 dum
2581 708 2651 765 ad
2677 710 2949 766 meritum
2976 707 3173 780 requi-

1807 787 1886 843 rit
1922 788 2191 859 gratiam.
2223 789 2371 854 Quid
2400 805 2536 847 vero
2578 805 2678 862 per
2716 789 2972 864 gratiam
2997 788 3172 862 justi-

1803 864 2101 935 ficationis,
2144 876 2200 926 et
2227 870 2499 944 spiritum
2528 869 2850 942 adoptionis
2872 871 3040 941 Vasq.
3074 868 3169 923 in-

1805 949 2049 1024 telligat,
2083 950 2215 1009 vide
2255 952 2406 1025 apud
2434 953 2643 1024 ipsum.

1877 1031 1930 1087 3.
1947 1029 2235 1090 Probatur
2259 1034 2448 1106 primo
2472 1033 2694 1089 ratione
2718 1035 2780 1087 D.
2801 1032 3007 1088 Thom.
3032 1031 3167 1104 quia
3210 1031 3354 1079 natio.

1804 1114 2082 1186 repugnat
2122 1114 2371 1185 aliquem
2413 1117 2601 1169 actum
2641 1128 2761 1169 esse
2787 1110 2857 1167 de
2883 1110 3165 1185 condigno

1799 1193 2170 1250 meritorium
2194 1194 2325 1250 vitas
2344 1199 2589 1263 aeternae,
2611 1194 2724 1250 nisi
2750 1209 2995 1266 operans
3018 1191 3164 1247 illud

1797 1271 1873 1327 sit
1902 1273 2013 1328 Deo
2038 1278 2254 1348 gratus.
2281 1281 2339 1331 et
2378 1280 2664 1347 acceptus3
2696 1279 2753 1331 at
2786 1274 2914 1328 sine
2952 1271 3158 1346 gratia,

1797 1354 1890 1410 vel
1949 1354 2063 1411 alia
2116 1354 2304 1413 forma
2367 1357 2695 1414 eminenter
2745 1355 2930 1426 ipsam
2978 1355 3164 1410 conti—

1798 1440 1989 1503 nente,
2036 1437 2233 1492 nullus
2291 1443 2472 1512 potest
2517 1453 2639 1494 esse
2675 1441 2873 1512 gratus
2924 1437 3057 1502 Deo,
3107 1441 3163 1492 et

1797 1522 2072 1590 acceptus,
2116 1519 2296 1575 etiam
2341 1535 2441 1593 per
2491 1518 2755 1577 ordinem
2787 1516 2857 1572 ad
2896 1515 3159 1572 divinam

1796 1599 2111 1671 potentiam
2164 1621 2177 1655 ε
2214 1615 2350 1674 ergo
2397 1601 2617 1656 seclusa
2661 1598 2867 1673 gratia,
2913 1603 2969 1653 et
3009 1613 3159 1670 prae-

1795 1676 1943 1735 dicta
1972 1678 2173 1744 forma,
2218 1681 2552 1737 nullatenus
2579 1683 2761 1752 potest
2801 1678 3011 1750 aliquis
3031 1694 3159 1735 me-

1794 1760 1912 1816 reri
1939 1760 2119 1816 vitam
2159 1767 2433 1818 aeternam
2480 1760 2550 1817 de
2594 1758 2894 1832 condigno.
2943 1761 3158 1816 Conse-

1791 1840 2027 1913 quentia
2053 1847 2137 1897 est
2165 1848 2316 1910 nota,
2362 1847 2420 1899 et
2448 1841 2644 1897 minor
2672 1839 2913 1896 habetur
2940 1855 3008 1895 ex
3037 1841 3157 1897 illis

1794 1939 1917 1994 quae
1938 1923 2193 1980 diximus
2213 1927 2273 1980 in
2301 1930 2462 1980 tract.
2499 1924 2562 1978 de
2583 1921 2885 1994 Justificat.
2919 1921 3059 1993 disp.
3094 1923 3148 1987 ·2,

1789 2001 1917 2060 dub.
1966 2007 2010 2072 l,
2055 2003 2154 2060 ubi
2204 2003 2401 2060 multis
2452 2002 2754 2076 probatum
2785 2001 3148 2072 reliquimus.

1791 2099 1910 2140 non
1958 2101 2118 2157 posse
2163 2085 2459 2142 hominem
2512 2085 2638 2140 sine
2664 2083 2849 2157 gratia
2894 2080 3153 2139 sanctifi-

1788 2171 1953 2223 cante
1974 2166 2275 2240 justificari
2306 2166 2489 2240 :quod
2510 2172 2592 2224 est
2614 2182 2736 2223 esse
2760 2172 2990 2239 gratum
3014 2166 3147 2232 De0,

1788 2254 1846 2305 et
1868 2254 2175 2321 acceptum.
2209 2249 2391 2323 Major
2419 2265 2555 2327 vero
2583 2247 2856 2303 suadetur
2892 2269 2903 2303 :
2931 2251 3052 2303 tum
3081 2263 3151 2304 ex

1789 2328 1892 2384 illo
1931 2329 2164 2384 Genesis
2191 2345 2310 2401 cap.
2356 2329 2390 2383 4
2430 2351 2441 2384 :
2478 2329 2730 2400 Respeaeit
2761 2327 3033 2383 Dominus
3073 2328 3150 2382 ad

1786 2406 1944 2474 Abel,
1974 2416 2022 2464 et
2048 2408 2122 2463 ad
2163 2427 2392 2465 munera
2418 2411 2552 2481 ejus.
2587 2408 2695 2464 Ubi
2717 2409 2880 2482 juxta
2919 2410 3148 2481 exposi-

1787 2492 2004 2549 tionem
2033 2496 2100 2546 D.
2142 2494 2309 2565 Greg.
2340 2492 2431 2547 lib.
2464 2494 2535 2546 22
2588 2490 2792 2549 Moral.
2839 2511 2959 2564 cap.
2992 2492 3047 2557 8,
3091 2497 3362 2555 etnam.

1784 2575 1854 2628 D.
1878 2574 2079 2631 Thom.
2101 2580 2283 2650 quoest.
2310 2576 2402 2638 27,
2427 2574 2489 2628 de
2524 2572 2686 2630 Ver-it.
2707 2580 2814 2628 art.
2847 2575 2899 2636 5,
2923 2576 2980 2627 in
2994 2592 3140 2647 corp.
3180 2552 3344 2596 ϋηο·

1785 2654 2090 2711 manifeste
2117 2654 2456 2720 ostenditur,
2484 2653 2633 2727 quod
2657 2656 2801 2710 Deus
2833 2655 2991 2726 prius
3020 2671 3143 2711 res-

1787 2734 1921 2806 picit
1962 2750 2283 2808 personam,
2315 2750 2487 2808 quam
2529 2751 2703 2807 opus;
2732 2741 2784 2791 et
2826 2733 2974 2806 quod
3002 2751 3142 2807 opus

1785 2817 1983 2890 nequit
2007 2834 2127 2875 esse
2147 2823 2375 2893 gratum
2400 2822 2531 2885 Deo,
2564 2824 2619 2876 et
2641 2823 2949 2891 acceptum,
2977 2823 3144 2891 atque

1782 2896 1923 2955 adeo
1951 2913 2054 2955 nec
2082 2900 2449 2956 meritorium
2476 2899 2816 2972 simpliciter
2859 2898 3008 2971 apud
3051 2899 3144 2971 ip-

1779 2994 1929 3045 sum,
1957 2980 2069 3035 nisi
2097 2986 2452 3053 supponatur
2478 2986 2657 3052 grata,
2690 2985 2745 3036 91
2773 2986 2992 3052 accepta
3017 2980 3142 3051 ipsa

1780 3075 2022 3131 persona
2058 3082 2070 3116 :
2098 3061 2260 3118 Dona
2298 3064 2444 3118 eni-m
2473 3064 2787 3133 iniquorum
2814 3079 2922 3114 non
2947 3060 3140 3132 probat

1778 3140 2125 3198 Altissimus.
2156 3144 2304 3197 Tum
2325 3142 2519 3209 etiam,
2548 3142 2680 3213 quia
2705 3156 2804 3212 per
2825 3138 3141 3213 quemlibet

1779 3227 1967 3277 actum
1995 3223 2127 3278 vitae
2165 3229 2393 3279 aeternae
2421 3223 2788 3279 meritorium
2818 3226 3139 3294 acceptatur

1779 3302 1951 3360 homo
1991 3303 2062 3359 ad
2092 3304 2400 3375 perfectam
2429 3304 2527 3359 Dei
2556 3303 2895 3367 amicitiam,
2920 3308 2974 3358 et
3001 3318 3138 3375 gra-

1778 3382 1920 3439 tiam
1978 3389 2453 3447 consummatam,
2515 3398 2639 3454 quae
2696 3387 2780 3438 est
2838 3382 2959 3453 ipsa
3019 3383 3138 3439 vita

1775 3471 1990 3522 aeterna
2023 3482 2195 3541 :ergo
2223 3470 2500 3540 repugnat
2530 3466 2695 3520 illum
2724 3463 2935 3520 habere
2962 3464 3136 3520 talem

1777 3552 1983 3616 actum,
2009 3554 2066 3605 et
2091 3546 2239 3620 quod
2268 3563 2383 3603 non
2426 3550 2655 3602 maneat
2678 3561 2746 3611 eo
2772 3547 2895 3618 ipso
2939 3548 3135 3619 gratus

1777 3629 1910 3694 Deo,
1936 3633 1992 3685 et
2016 3633 2289 3699 acceptus.

1851 3715 2277 3773 confirmatur:
2310 3718 2592 3788 repugnat
2627 3714 2925 3770 hominem
2951 3714 3021 3770 ad
3043 3715 3136 3770 vi-
3167 3726 3325 3784 conar-

1775 3800 1894 3853 tam
1922 3797 2214 3870 acceptari,
2240 3801 2295 3852 et
2317 3810 2431 3851 non
2453 3809 2573 3850 esse
2593 3791 2782 3849 filium
2828 3795 2926 3850 Dei
2956 3794 3136 3867 adop·
3179 3782 3318 3820 ”¹⁸¹¹0·

1775 3878 1960 3934 tivum
1976 3901 1989 3944 ;
2013 3895 2144 3933 nam
2167 3879 2218 3933 si
2241 3877 2364 3948 filii,
2389 3882 2438 3930 et
2459 3875 2698 3939 heoredes,
2727 3874 2914 3947 inquit
2937 3877 3130 3948 Apost.

1772 3957 1929 4017 Rom.
1974 3964 2028 4015 et
2057 3958 2182 4015 ideo
2210 3955 2478 4020 haeredes,
2523 3957 2656 4029 quia
2685 3954 2791 4010 filii
2829 3978 2840 4011 :
2871 3971 3050 4028 quare
3076 3956 3125 4011 si

1774 4055 1891 4096 non
1920 4039 2049 4106 filii,
2082 4055 2264 4113 neque
2292 4037 2546 4096 haeredes
2575 4035 2708 4093 :sed
2733 4038 2928 4093 nullus
2957 4035 3134 4109 adop-

1772 4119 2090 4194 tari'potest
2119 4123 2178 4177 in
2205 4120 2392 4177 filium
2419 4120 2538 4181 Dei,
2566 4119 2679 4174 nisi
2706 4130 2806 4190 per
2831 4119 3079 4191 gratiam
3116 4138 3128 4173 ε

1771 4218 1908 4275 ergo
1952 4218 2133 4276 neque
2172 4201 2449 4274 acceptari
2491 4200 2559 4256 ad
2602 4199 2782 4254 vitam
2829 4202 3124 4254 aeternam.

1772 4286 1914 4340 Cum
1953 4299 2088 4358 ergo
2115 4298 2216 4357 per
2242 4283 2515 4340 meritum
2545 4280 2812 4354 condigni
2843 4280 3011 4336 homo
3039 4296 3133 4336 ac·-

1771 4371 2044 4439 ceptetur,
2096 4365 2412 4438 habeatque
2433 4365 2525 4439 jus
2553 4363 2623 4419 ad
2650 4363 2836 4426 illam,
2874 4361 2933 4416 fit
2973 4362 3126 4427 inde,

1769 4447 1921 4521 quod
1949 4446 2275 4523 hujusmodi
2302 4447 2576 4503 meritum
2605 4450 2845 4516 nequeat
2865 4460 2986 4501 esse
3005 4445 3133 4501 sine
3223 4506 3230 4511 ,

1804 4532 1976 4586 ratia.

1770 4546 1806 4603 g
1844 4611 1899 4666 4.
1950 4609 2206 4667 Secundo
2247 4608 2521 4681 probatur
2567 4607 2681 4663 alia
2728 4607 2971 4673 ratione,
3016 4624 3130 4681 qua

1771 4691 1953 4746 utitur
1975 4690 2039 4746 in
2069 4690 2334 4764 praesenti
2356 4692 2419 4745 D.
2447 4690 2651 4745 Thom.
2683 4704 2808 4760 quae
2829 4693 3010 4761 potest
3037 4705 3131 4745 re·-

1769 4770 1900 4828 duci
1940 4771 2011 4829 ad
2057 4772 2204 4828 hanc
2243 4771 2512 4828 formam.
2551 4772 2619 4825 Ut
2647 4774 2802 4825 actus
2847 4769 2922 4824 sit
2948 4769 3131 4825 meri-

1767 4853 1953 4911 torius
1990 4852 2063 4909 de
2105 4851 2387 4926 condigno
2415 4851 2654 4923 alicujus
2686 4850 2931 4921 praemii,
2965 4848 3130 4905 debet

1767 4950 1892 4991 esse
1915 4935 2147 5006 aequalis
2187 4934 2419 4999 valoris,
2451 4937 2508 4989 et
2549 4931 2951 5005 condignitatis
2989 4931 3127 5000 (sal-

1767 5021 1886 5074 tem
1914 5016 1978 5073 in
2019 5017 2252 5086 virtute)
2280 5030 2408 5071 cum
2450 5015 2573 5085 ipso
2602 5014 2838 5086 praemio
2866 5035 2879 5067 ε
2907 5011 3004 5067 sed
3030 5027 3126 5068 so-

1769 5098 1860 5154 lus
1886 5103 2059 5166 actua,
2090 5090 2193 5172 qui'
2230 5097 2480 5170 procedit
2508 5114 2539 5153 a
2565 5095 2766 5171 gratia,
2802 5100 2980 5166 potest
3004 5110 3131 5152 esse

3181 4609 3314 4654 Aliud

3187 4660 3306 4704 moti·

3189 4719 3299 4754 1111111.
