<?xml version="1.0" encoding="UTF-8"?>
<!DOCTYPE html PUBLIC "-//W3C//DTD XHTML 1.0 Transitional//EN"
    "http://www.w3.org/TR/xhtml1/DTD/xhtml1-transitional.dtd">
<html xmlns="http://www.w3.org/1999/xhtml" xml:lang="en" lang="en">
 <head>
  <title>
</title>
<meta http-equiv="Content-Type" content="text/html;charset=utf-8" />
  <meta name='ocr-system' content='tesseract 3.04.00' />
  <meta name='ocr-capabilities' content='ocr_page ocr_carea ocr_par ocr_line ocrx_word'/>
</head>
<body>
  <div class='ocr_page' id='page_1' title='image "./collegiisalmant00carmgoog_0143.png"; bbox 0 0 3647 5753; ppageno 0'>
   <div class='ocr_carea' id='block_1_1' title="bbox 1446 375 3075 444">
    <p class='ocr_par' dir='ltr' id='par_1_1' title="bbox 1446 375 3075 444">
     <span class='ocr_line' id='line_1_1' title="bbox 1446 375 3075 444; baseline 0.001 -14"><span class='ocrx_word' id='word_1_1' title='bbox 1446 375 1624 433; x_wconf 83' lang='lat' dir='ltr'>DlsP.</span> <span class='ocrx_word' id='word_1_2' title='bbox 1669 377 1792 444; x_wconf 83' lang='lat' dir='ltr'>vn,</span> <span class='ocrx_word' id='word_1_3' title='bbox 1838 378 2002 434; x_wconf 86' lang='lat' dir='ltr'>DUB.</span> <span class='ocrx_word' id='word_1_4' title='bbox 2048 379 2167 433; x_wconf 91' lang='lat' dir='ltr'>1v..</span> <span class='ocrx_word' id='word_1_5' title='bbox 2984 378 3075 431; x_wconf 75' lang='lat'>121</span> 
     </span>
    </p>
   </div>
   <div class='ocr_carea' id='block_1_2' title="bbox 114 542 1587 5061">
    <p class='ocr_par' dir='ltr' id='par_1_2' title="bbox 114 542 1587 5061">
     <span class='ocr_line' id='line_1_2' title="bbox 115 542 1215 622; baseline 0.006 -23"><span class='ocrx_word' id='word_1_6' title='bbox 115 549 216 599; x_wconf 67' lang='lat' dir='ltr'>nost</span> <span class='ocrx_word' id='word_1_7' title='bbox 231 542 380 599; x_wconf 88' lang='lat' dir='ltr'>tollit</span> <span class='ocrx_word' id='word_1_8' title='bbox 429 551 758 618; x_wconf 86' lang='lat' dir='ltr'>potestatem</span> <span class='ocrx_word' id='word_1_9' title='bbox 804 547 872 604; x_wconf 89' lang='lat' dir='ltr'>ad</span> <span class='ocrx_word' id='word_1_10' title='bbox 893 550 1215 622; x_wconf 90' lang='lat' dir='ltr'>oppositum</span> 
     </span>
     <span class='ocr_line' id='line_1_3' title="bbox 115 601 1581 696; baseline 0.005 -19"><span class='ocrx_word' id='word_1_11' title='bbox 115 601 190 689; x_wconf 59' lang='lat' dir='ltr'>gns</span> <span class='ocrx_word' id='word_1_12' title='bbox 162 606 412 696; x_wconf 86' lang='lat' dir='ltr'>gratia</span> <span class='ocrx_word' id='word_1_13' title='bbox 436 639 504 681; x_wconf 79' lang='lat' dir='ltr'>ex</span> <span class='ocrx_word' id='word_1_14' title='bbox 525 643 604 692; x_wconf 83' lang='lat' dir='ltr'>se,</span> <span class='ocrx_word' id='word_1_15' title='bbox 629 632 686 683; x_wconf 89' lang='lat' dir='ltr'>et</span> <span class='ocrx_word' id='word_1_16' title='bbox 705 627 776 683; x_wconf 84' lang='lat' dir='ltr'>ab</span> <span class='ocrx_word' id='word_1_17' title='bbox 796 629 1106 686; x_wconf 87' lang='lat' dir='ltr'>intrinseco</span> <span class='ocrx_word' id='word_1_18' title='bbox 1126 629 1340 686; x_wconf 79' lang='lat' dir='ltr'>efficax.</span> <span class='ocrx_word' id='word_1_19' title='bbox 1368 630 1581 695; x_wconf 82' lang='lat' dir='ltr'>Minor,</span> 
     </span>
     <span class='ocr_line' id='line_1_4' title="bbox 114 697 1587 800; baseline 0.006 -43"><span class='ocrx_word' id='word_1_20' title='bbox 114 697 194 788; x_wconf 46' lang='lat'>{¹⁶¹2}</span> <span class='ocrx_word' id='word_1_21' title='bbox 226 718 398 775; x_wconf 89' lang='lat' dir='ltr'>quam</span> <span class='ocrx_word' id='word_1_22' title='bbox 420 704 753 765; x_wconf 84' lang='lat' dir='ltr'>Adversarii</span> <span class='ocrx_word' id='word_1_23' title='bbox 800 716 1027 783; x_wconf 77' lang='lat' dir='ltr'>negant,</span> <span class='ocrx_word' id='word_1_24' title='bbox 1075 710 1345 782; x_wconf 88' lang='lat' dir='ltr'>probatur</span> <span class='ocrx_word' id='word_1_25' title='bbox 1373 711 1587 800; x_wconf 80' lang='lat' dir='ltr'>aliqui-</span> 
     </span>
     <span class='ocr_line' id='line_1_5' title="bbox 114 781 1586 862; baseline 0.006 -24"><span class='ocrx_word' id='word_1_26' title='bbox 114 800 198 838; x_wconf 61' lang='grc' dir='ltr'>πει</span> <span class='ocrx_word' id='word_1_27' title='bbox 227 781 329 837; x_wconf 83' lang='lat' dir='ltr'>bus</span> <span class='ocrx_word' id='word_1_28' title='bbox 368 786 669 858; x_wconf 85' lang='lat' dir='ltr'>exemplis,</span> <span class='ocrx_word' id='word_1_29' title='bbox 714 789 922 860; x_wconf 83' lang='lat' dir='ltr'>partim</span> <span class='ocrx_word' id='word_1_30' title='bbox 962 803 1032 845; x_wconf 82' lang='lat' dir='ltr'>ex</span> <span class='ocrx_word' id='word_1_31' title='bbox 1071 804 1271 846; x_wconf 90' lang='lat' dir='ltr'>eorum</span> <span class='ocrx_word' id='word_1_32' title='bbox 1312 789 1586 862; x_wconf 88' lang='lat' dir='ltr'>opinione</span> 
     </span>
     <span class='ocr_line' id='line_1_6' title="bbox 114 845 1586 945; baseline 0.007 -29"><span class='ocrx_word' id='word_1_33' title='bbox 114 845 192 887; x_wconf 77' lang='lat'><strong>⁰¹¹·</strong></span> <span class='ocrx_word' id='word_1_34' title='bbox 151 861 559 945; x_wconf 49' lang='lat' dir='ltr'>wdesumptis,</span> <span class='ocrx_word' id='word_1_35' title='bbox 604 868 811 938; x_wconf 90' lang='lat' dir='ltr'>partim</span> <span class='ocrx_word' id='word_1_36' title='bbox 831 884 909 925; x_wconf 84' lang='lat' dir='ltr'>ex</span> <span class='ocrx_word' id='word_1_37' title='bbox 946 871 1248 926; x_wconf 84' lang='lat' dir='ltr'>sententiis</span> <span class='ocrx_word' id='word_1_38' title='bbox 1274 870 1344 927; x_wconf 91' lang='lat' dir='ltr'>ab</span> <span class='ocrx_word' id='word_1_39' title='bbox 1372 871 1586 943; x_wconf 90' lang='lat' dir='ltr'>aliqui-</span> 
     </span>
     <span class='ocr_line' id='line_1_7' title="bbox 191 929 1586 1040; baseline 0.007 -44.265"><span class='ocrx_word' id='word_1_40' title='bbox 191 929 329 997; x_wconf 86' lang='lat' dir='ltr'>&#39;bus</span> <span class='ocrx_word' id='word_1_41' title='bbox 370 959 572 1001; x_wconf 90' lang='lat' dir='ltr'>eorum</span> <span class='ocrx_word' id='word_1_42' title='bbox 601 946 884 1011; x_wconf 85' lang='lat' dir='ltr'>admissis,</span> <span class='ocrx_word' id='word_1_43' title='bbox 942 949 1174 1040; x_wconf 45' lang='lat' dir='ltr'>partim·</span> <span class='ocrx_word' id='word_1_44' title='bbox 1210 965 1281 1006; x_wconf 85' lang='lat' dir='ltr'>ex</span> <span class='ocrx_word' id='word_1_45' title='bbox 1322 949 1586 1007; x_wconf 88' lang='lat' dir='ltr'>doctrina</span> 
     </span>
     <span class='ocr_line' id='line_1_8' title="bbox 224 1023 1585 1102; baseline 0.006 -23"><span class='ocrx_word' id='word_1_46' title='bbox 224 1023 372 1097; x_wconf 90' lang='lat' dir='ltr'>apud</span> <span class='ocrx_word' id='word_1_47' title='bbox 395 1026 708 1102; x_wconf 81' lang='lat' dir='ltr'>Theologos</span> <span class='ocrx_word' id='word_1_48' title='bbox 727 1028 865 1084; x_wconf 89' lang='lat' dir='ltr'>satis</span> <span class='ocrx_word' id='word_1_49' title='bbox 883 1029 1207 1096; x_wconf 82' lang='lat' dir='ltr'>communi3</span> <span class='ocrx_word' id='word_1_50' title='bbox 1254 1036 1310 1086; x_wconf 92' lang='lat' dir='ltr'>et</span> <span class='ocrx_word' id='word_1_51' title='bbox 1338 1030 1467 1087; x_wconf 91' lang='lat' dir='ltr'>ideo</span> <span class='ocrx_word' id='word_1_52' title='bbox 1507 1031 1585 1086; x_wconf 91' lang='lat' dir='ltr'>li·-</span> 
     </span>
     <span class='ocr_line' id='line_1_9' title="bbox 220 1108 1584 1186; baseline 0.007 -27"><span class='ocrx_word' id='word_1_53' title='bbox 220 1109 306 1160; x_wconf 87' lang='lat' dir='ltr'>cet</span> <span class='ocrx_word' id='word_1_54' title='bbox 334 1120 452 1161; x_wconf 89' lang='lat' dir='ltr'>non</span> <span class='ocrx_word' id='word_1_55' title='bbox 479 1108 677 1163; x_wconf 92' lang='lat' dir='ltr'>omnia</span> <span class='ocrx_word' id='word_1_56' title='bbox 712 1108 1005 1181; x_wconf 81' lang='lat' dir='ltr'>aequaliter</span> <span class='ocrx_word' id='word_1_57' title='bbox 1039 1108 1418 1181; x_wconf 81' lang='lat' dir='ltr'>Adversarios</span> <span class='ocrx_word' id='word_1_58' title='bbox 1449 1127 1584 1186; x_wconf 91' lang='lat' dir='ltr'>pre-</span> 
     </span>
     <span class='ocr_line' id='line_1_10' title="bbox 225 1188 1584 1267; baseline 0.006 -25"><span class='ocrx_word' id='word_1_59' title='bbox 225 1188 627 1260; x_wconf 72' lang='lat' dir='ltr'>mant,&#39;aliqua</span> <span class='ocrx_word' id='word_1_60' title='bbox 663 1196 858 1248; x_wconf 90' lang='lat' dir='ltr'>tamen</span> <span class='ocrx_word' id='word_1_61' title='bbox 899 1191 1122 1264; x_wconf 89' lang='lat' dir='ltr'>aliquos</span> <span class='ocrx_word' id='word_1_62' title='bbox 1171 1191 1474 1267; x_wconf 86' lang='lat' dir='ltr'>urgebunt,</span> <span class='ocrx_word' id='word_1_63' title='bbox 1527 1200 1584 1250; x_wconf 90' lang='lat' dir='ltr'>et</span> 
     </span>
     <span class='ocr_line' id='line_1_11' title="bbox 225 1268 1583 1345; baseline 0.007 -23"><span class='ocrx_word' id='word_1_64' title='bbox 225 1282 395 1325; x_wconf 90' lang='lat' dir='ltr'>nemo</span> <span class='ocrx_word' id='word_1_65' title='bbox 409 1268 550 1343; x_wconf 66' lang='lat' dir='ltr'>{fere</span> <span class='ocrx_word' id='word_1_66' title='bbox 574 1285 776 1326; x_wconf 92' lang='lat' dir='ltr'>eorum</span> <span class='ocrx_word' id='word_1_67' title='bbox 804 1272 933 1338; x_wconf 92' lang='lat' dir='ltr'>erit,</span> <span class='ocrx_word' id='word_1_68' title='bbox 977 1288 1148 1344; x_wconf 92' lang='lat' dir='ltr'>quem</span> <span class='ocrx_word' id='word_1_69' title='bbox 1178 1273 1407 1345; x_wconf 84' lang='lat' dir='ltr'>aliquod</span> <span class='ocrx_word' id='word_1_70' title='bbox 1446 1273 1583 1331; x_wconf 91' lang='lat' dir='ltr'>illo-</span> 
     </span>
     <span class='ocr_line' id='line_1_12' title="bbox 221 1354 753 1425; baseline 0.008 -22"><span class='ocrx_word' id='word_1_71' title='bbox 221 1363 350 1404; x_wconf 88' lang='lat' dir='ltr'>rum</span> <span class='ocrx_word' id='word_1_72' title='bbox 380 1364 496 1406; x_wconf 91' lang='lat' dir='ltr'>non</span> <span class='ocrx_word' id='word_1_73' title='bbox 522 1354 753 1425; x_wconf 75' lang='lat' dir='ltr'>pungat.</span> 
     </span>
     <span class='ocr_line' id='line_1_13' title="bbox 114 1431 1581 1525; baseline 0.005 -41"><span class='ocrx_word' id='word_1_74' title='bbox 114 1431 199 1473; x_wconf 60' lang='lat'>³¹1²-⁴</span> <span class='ocrx_word' id='word_1_75' title='bbox 302 1431 422 1487; x_wconf 87' lang='lat'>181.</span> <span class='ocrx_word' id='word_1_76' title='bbox 465 1431 661 1489; x_wconf 82' lang='lat' dir='ltr'>Primo</span> <span class='ocrx_word' id='word_1_77' title='bbox 689 1432 875 1525; x_wconf 81' lang='lat' dir='ltr'>igitur</span> <span class='ocrx_word' id='word_1_78' title='bbox 884 1433 1159 1492; x_wconf 82' lang='lat' dir='ltr'><strong>suadetur</strong></span> <span class='ocrx_word' id='word_1_79' title='bbox 1180 1436 1414 1492; x_wconf 90' lang='lat' dir='ltr'>minor:</span> <span class='ocrx_word' id='word_1_80' title='bbox 1437 1450 1581 1508; x_wconf 90' lang='lat' dir='ltr'>quo—</span> 
     </span>
     <span class='ocr_line' id='line_1_14' title="bbox 114 1490 1581 1588; baseline 0 -17"><span class='ocrx_word' id='word_1_81' title='bbox 114 1490 173 1571; x_wconf 54' lang='grc' dir='ltr'>ἐἷο</span> <span class='ocrx_word' id='word_1_82' title='bbox 225 1511 380 1567; x_wconf 86' lang='lat' dir='ltr'>niam</span> <span class='ocrx_word' id='word_1_83' title='bbox 410 1513 590 1569; x_wconf 90' lang='lat' dir='ltr'>Deum</span> <span class='ocrx_word' id='word_1_84' title='bbox 611 1515 972 1588; x_wconf 73' lang='lat' dir='ltr'>praescivisse</span> <span class='ocrx_word' id='word_1_85' title='bbox 1002 1532 1101 1588; x_wconf 90' lang='lat' dir='ltr'>per</span> <span class='ocrx_word' id='word_1_86' title='bbox 1127 1516 1427 1573; x_wconf 90' lang='lat' dir='ltr'>scientiam</span> <span class='ocrx_word' id='word_1_87' title='bbox 1455 1530 1581 1571; x_wconf 91' lang='lat' dir='ltr'>me-</span> 
     </span>
     <span class='ocr_line' id='line_1_15' title="bbox 114 1588 1581 1669; baseline 0.005 -24"><span class='ocrx_word' id='word_1_88' title='bbox 114 1588 206 1622; x_wconf 77' lang='lat'><strong>⁰¹¹¹·</strong></span> <span class='ocrx_word' id='word_1_89' title='bbox 220 1588 375 1646; x_wconf 88' lang='lat' dir='ltr'>diam</span> <span class='ocrx_word' id='word_1_90' title='bbox 398 1593 676 1648; x_wconf 85' lang='lat' dir='ltr'>Petrum</span> <span class='ocrx_word' id='word_1_91' title='bbox 659 1609 724 1649; x_wconf 80' lang='lat' dir='ltr'>in</span> <span class='ocrx_word' id='word_1_92' title='bbox 754 1594 855 1650; x_wconf 92' lang='lat' dir='ltr'>tali</span> <span class='ocrx_word' id='word_1_93' title='bbox 897 1596 1189 1652; x_wconf 83' lang='lat' dir='ltr'>occasione</span> <span class='ocrx_word' id='word_1_94' title='bbox 1240 1594 1343 1652; x_wconf 89' lang='lat' dir='ltr'>tali</span> <span class='ocrx_word' id='word_1_95' title='bbox 1381 1595 1581 1669; x_wconf 81' lang='lat' dir='ltr'>gratiae</span> 
     </span>
     <span class='ocr_line' id='line_1_16' title="bbox 221 1676 1576 1749; baseline 0.004 -24"><span class='ocrx_word' id='word_1_96' title='bbox 221 1685 332 1726; x_wconf 91' lang='lat' dir='ltr'>non</span> <span class='ocrx_word' id='word_1_97' title='bbox 357 1686 799 1736; x_wconf 85' lang='lat' dir='ltr'>consensurum.</span> <span class='ocrx_word' id='word_1_98' title='bbox 830 1680 914 1731; x_wconf 87' lang='lat' dir='ltr'>est</span> <span class='ocrx_word' id='word_1_99' title='bbox 960 1676 1276 1749; x_wconf 86' lang='lat' dir='ltr'>suppositio</span> <span class='ocrx_word' id='word_1_100' title='bbox 1324 1681 1576 1747; x_wconf 86' lang='lat' dir='ltr'>respectu</span> 
     </span>
     <span class='ocr_line' id='line_1_17' title="bbox 218 1750 1572 1828; baseline 0.004 -22"><span class='ocrx_word' id='word_1_101' title='bbox 218 1750 315 1807; x_wconf 93' lang='lat' dir='ltr'>Dei</span> <span class='ocrx_word' id='word_1_102' title='bbox 342 1752 708 1819; x_wconf 88' lang='lat' dir='ltr'>antecedens,</span> <span class='ocrx_word' id='word_1_103' title='bbox 740 1771 912 1827; x_wconf 86' lang='lat' dir='ltr'>quam</span> <span class='ocrx_word' id='word_1_104' title='bbox 940 1755 1063 1828; x_wconf 89' lang='lat' dir='ltr'>ipse</span> <span class='ocrx_word' id='word_1_105' title='bbox 1106 1756 1304 1828; x_wconf 87' lang='lat' dir='ltr'>nequit</span> <span class='ocrx_word' id='word_1_106' title='bbox 1350 1757 1572 1822; x_wconf 88' lang='lat' dir='ltr'>tollere,</span> 
     </span>
     <span class='ocr_line' id='line_1_18' title="bbox 214 1834 1575 1905; baseline 0.004 -17"><span class='ocrx_word' id='word_1_107' title='bbox 214 1834 300 1889; x_wconf 78' lang='lat' dir='ltr'>vel</span> <span class='ocrx_word' id='word_1_108' title='bbox 355 1851 487 1905; x_wconf 83' lang='lat' dir='ltr'>cum</span> <span class='ocrx_word' id='word_1_109' title='bbox 538 1851 813 1893; x_wconf 89' lang='lat' dir='ltr'>concursu</span> <span class='ocrx_word' id='word_1_110' title='bbox 866 1839 1071 1894; x_wconf 87' lang='lat' dir='ltr'>actuali</span> <span class='ocrx_word' id='word_1_111' title='bbox 1118 1837 1188 1894; x_wconf 88' lang='lat' dir='ltr'>ad</span> <span class='ocrx_word' id='word_1_112' title='bbox 1234 1853 1575 1895; x_wconf 89' lang='lat' dir='ltr'>consensum</span> 
     </span>
     <span class='ocr_line' id='line_1_19' title="bbox 216 1916 1577 1995; baseline 0.006 -27"><span class='ocrx_word' id='word_1_113' title='bbox 216 1916 369 1971; x_wconf 88' lang='lat' dir='ltr'>Petri</span> <span class='ocrx_word' id='word_1_114' title='bbox 400 1917 463 1971; x_wconf 93' lang='lat' dir='ltr'>in</span> <span class='ocrx_word' id='word_1_115' title='bbox 486 1918 590 1972; x_wconf 89' lang='lat' dir='ltr'>tali</span> <span class='ocrx_word' id='word_1_116' title='bbox 621 1918 911 1976; x_wconf 83' lang='lat' dir='ltr'>occasione</span> <span class='ocrx_word' id='word_1_117' title='bbox 934 1920 1280 1995; x_wconf 85' lang='lat' dir='ltr'>conjungere</span> <span class='ocrx_word' id='word_1_118' title='bbox 1312 1933 1336 1976; x_wconf 77' lang='grc' dir='ltr'>ε·</span> <span class='ocrx_word' id='word_1_119' title='bbox 1349 1925 1405 1976; x_wconf 91' lang='lat' dir='ltr'>et</span> <span class='ocrx_word' id='word_1_120' title='bbox 1425 1921 1577 1976; x_wconf 88' lang='lat' dir='ltr'>nihi·</span> 
     </span>
     <span class='ocr_line' id='line_1_20' title="bbox 219 1996 1575 2072; baseline 0.006 -21"><span class='ocrx_word' id='word_1_121' title='bbox 219 1996 469 2054; x_wconf 88' lang='lat' dir='ltr'>lominus</span> <span class='ocrx_word' id='word_1_122' title='bbox 499 1998 619 2055; x_wconf 81' lang='lat' dir='ltr'>haec</span> <span class='ocrx_word' id='word_1_123' title='bbox 671 1999 988 2072; x_wconf 87' lang='lat' dir='ltr'>suppositio</span> <span class='ocrx_word' id='word_1_124' title='bbox 1035 2017 1154 2057; x_wconf 90' lang='lat' dir='ltr'>non</span> <span class='ocrx_word' id='word_1_125' title='bbox 1203 2001 1356 2058; x_wconf 91' lang='lat' dir='ltr'>tollit</span> <span class='ocrx_word' id='word_1_126' title='bbox 1401 2017 1433 2057; x_wconf 88' lang='lat' dir='ltr'>a</span> <span class='ocrx_word' id='word_1_127' title='bbox 1463 2003 1575 2059; x_wconf 93' lang='lat' dir='ltr'>Deo</span> 
     </span>
     <span class='ocr_line' id='line_1_21' title="bbox 214 2078 1572 2147; baseline 0.007 -18"><span class='ocrx_word' id='word_1_128' title='bbox 214 2081 547 2147; x_wconf 77' lang='lat' dir='ltr'>potestatem</span> <span class='ocrx_word' id='word_1_129' title='bbox 571 2078 639 2135; x_wconf 88' lang='lat' dir='ltr'>ad</span> <span class='ocrx_word' id='word_1_130' title='bbox 656 2079 956 2135; x_wconf 80' lang='lat' dir='ltr'>actualiter</span> <span class='ocrx_word' id='word_1_131' title='bbox 971 2080 1431 2137; x_wconf 86' lang='lat' dir='ltr'>concurrendum</span> <span class='ocrx_word' id='word_1_132' title='bbox 1443 2097 1572 2138; x_wconf 90' lang='lat' dir='ltr'>cum</span> 
     </span>
     <span class='ocr_line' id='line_1_22' title="bbox 215 2157 1573 2235; baseline 0.007 -26"><span class='ocrx_word' id='word_1_133' title='bbox 215 2157 376 2214; x_wconf 86' lang='lat' dir='ltr'>Petro</span> <span class='ocrx_word' id='word_1_134' title='bbox 398 2159 470 2215; x_wconf 89' lang='lat' dir='ltr'>ad</span> <span class='ocrx_word' id='word_1_135' title='bbox 494 2175 836 2217; x_wconf 87' lang='lat' dir='ltr'>consensum</span> <span class='ocrx_word' id='word_1_136' title='bbox 873 2181 886 2215; x_wconf 71' lang='grc' dir='ltr'><strong>ε</strong></span> <span class='ocrx_word' id='word_1_137' title='bbox 913 2176 1050 2235; x_wconf 83' lang='lat' dir='ltr'>ergo</span> <span class='ocrx_word' id='word_1_138' title='bbox 1071 2163 1387 2234; x_wconf 89' lang='lat' dir='ltr'>suppositio</span> <span class='ocrx_word' id='word_1_139' title='bbox 1409 2168 1573 2219; x_wconf 90' lang='lat' dir='ltr'>ante—</span> 
     </span>
     <span class='ocr_line' id='line_1_23' title="bbox 214 2236 1570 2315; baseline 0.006 -21"><span class='ocrx_word' id='word_1_140' title='bbox 214 2236 432 2310; x_wconf 82' lang='lat' dir='ltr'>cedens,</span> <span class='ocrx_word' id='word_1_141' title='bbox 457 2257 634 2314; x_wconf 85' lang='lat' dir='ltr'>quam</span> <span class='ocrx_word' id='word_1_142' title='bbox 670 2242 881 2315; x_wconf 87' lang='lat' dir='ltr'>aliquis</span> <span class='ocrx_word' id='word_1_143' title='bbox 909 2242 1111 2300; x_wconf 90' lang='lat' dir='ltr'>tollere</span> <span class='ocrx_word' id='word_1_144' title='bbox 1140 2259 1255 2300; x_wconf 91' lang='lat' dir='ltr'>non</span> <span class='ocrx_word' id='word_1_145' title='bbox 1283 2245 1454 2310; x_wconf 88' lang='lat' dir='ltr'>valet,</span> <span class='ocrx_word' id='word_1_146' title='bbox 1480 2246 1570 2302; x_wconf 89' lang='lat' dir='ltr'>vel</span> 
     </span>
     <span class='ocr_line' id='line_1_24' title="bbox 213 2323 1573 2396; baseline 0.005 -19"><span class='ocrx_word' id='word_1_147' title='bbox 213 2338 338 2378; x_wconf 91' lang='lat' dir='ltr'>cum</span> <span class='ocrx_word' id='word_1_148' title='bbox 360 2323 563 2396; x_wconf 90' lang='lat' dir='ltr'>aliquo</span> <span class='ocrx_word' id='word_1_149' title='bbox 588 2329 848 2381; x_wconf 89' lang='lat' dir='ltr'>extremo</span> <span class='ocrx_word' id='word_1_150' title='bbox 874 2339 1241 2396; x_wconf 85' lang='lat' dir='ltr'>componere,</span> <span class='ocrx_word' id='word_1_151' title='bbox 1278 2342 1395 2383; x_wconf 91' lang='lat' dir='ltr'>non</span> <span class='ocrx_word' id='word_1_152' title='bbox 1422 2329 1573 2385; x_wconf 91' lang='lat' dir='ltr'>tollit</span> 
     </span>
     <span class='ocr_line' id='line_1_25' title="bbox 215 2403 1564 2482; baseline 0.005 -23"><span class='ocrx_word' id='word_1_153' title='bbox 215 2409 548 2476; x_wconf 86' lang='lat' dir='ltr'>potestatem</span> <span class='ocrx_word' id='word_1_154' title='bbox 562 2403 632 2461; x_wconf 89' lang='lat' dir='ltr'>ad</span> <span class='ocrx_word' id='word_1_155' title='bbox 649 2405 794 2462; x_wconf 90' lang='lat' dir='ltr'>illud</span> <span class='ocrx_word' id='word_1_156' title='bbox 807 2411 1131 2462; x_wconf 87' lang='lat' dir='ltr'>extremum</span> <span class='ocrx_word' id='word_1_157' title='bbox 1149 2407 1564 2482; x_wconf 81' lang='lat' dir='ltr'>attingendum.</span> 
     </span>
     <span class='ocr_line' id='line_1_26' title="bbox 209 2485 1566 2560; baseline 0.005 -20"><span class='ocrx_word' id='word_1_158' title='bbox 209 2486 388 2558; x_wconf 82' lang='lat' dir='ltr'>Major</span> <span class='ocrx_word' id='word_1_159' title='bbox 428 2485 617 2558; x_wconf 89' lang='lat' dir='ltr'>quoad</span> <span class='ocrx_word' id='word_1_160' title='bbox 664 2487 920 2559; x_wconf 84' lang='lat' dir='ltr'>singulas</span> <span class='ocrx_word' id='word_1_161' title='bbox 972 2493 1160 2560; x_wconf 89' lang='lat' dir='ltr'>partes</span> <span class='ocrx_word' id='word_1_162' title='bbox 1210 2489 1529 2547; x_wconf 83' lang='lat' dir='ltr'>ostenditur</span> <span class='ocrx_word' id='word_1_163' title='bbox 1553 2514 1566 2558; x_wconf 85' lang='lat'>;</span> 
     </span>
     <span class='ocr_line' id='line_1_27' title="bbox 210 2565 1566 2641; baseline 0.004 -20"><span class='ocrx_word' id='word_1_164' title='bbox 210 2566 424 2622; x_wconf 87' lang='lat' dir='ltr'>namin</span> <span class='ocrx_word' id='word_1_165' title='bbox 450 2565 668 2638; x_wconf 89' lang='lat' dir='ltr'>primis</span> <span class='ocrx_word' id='word_1_166' title='bbox 690 2566 795 2622; x_wconf 91' lang='lat' dir='ltr'>illa</span> <span class='ocrx_word' id='word_1_167' title='bbox 821 2568 1139 2640; x_wconf 82' lang='lat' dir='ltr'>suppositio</span> <span class='ocrx_word' id='word_1_168' title='bbox 1180 2570 1566 2641; x_wconf 82' lang='lat' dir='ltr'>praescientiae,</span> 
     </span>
     <span class='ocr_line' id='line_1_28' title="bbox 207 2643 1572 2719; baseline 0.005 -20"><span class='ocrx_word' id='word_1_169' title='bbox 207 2643 349 2717; x_wconf 87' lang='lat' dir='ltr'>quod</span> <span class='ocrx_word' id='word_1_170' title='bbox 380 2646 592 2701; x_wconf 85' lang='lat' dir='ltr'>Petrus</span> <span class='ocrx_word' id='word_1_171' title='bbox 619 2661 735 2701; x_wconf 90' lang='lat' dir='ltr'>non</span> <span class='ocrx_word' id='word_1_172' title='bbox 760 2646 1132 2713; x_wconf 83' lang='lat' dir='ltr'>consentiret,</span> <span class='ocrx_word' id='word_1_173' title='bbox 1167 2648 1432 2719; x_wconf 71' lang='lat' dir='ltr'>praecedit</span> <span class='ocrx_word' id='word_1_174' title='bbox 1453 2665 1572 2706; x_wconf 91' lang='lat' dir='ltr'>om·</span> 
     </span>
     <span class='ocr_line' id='line_1_29' title="bbox 211 2724 1571 2804; baseline 0.005 -24"><span class='ocrx_word' id='word_1_175' title='bbox 211 2741 336 2782; x_wconf 87' lang='lat' dir='ltr'>uem</span> <span class='ocrx_word' id='word_1_176' title='bbox 385 2724 639 2783; x_wconf 89' lang='lat' dir='ltr'>liberam</span> <span class='ocrx_word' id='word_1_177' title='bbox 669 2726 769 2782; x_wconf 87' lang='lat' dir='ltr'>Dei</span> <span class='ocrx_word' id='word_1_178' title='bbox 815 2726 1359 2785; x_wconf 83' lang='lat' dir='ltr'>determinationem</span> <span class='ocrx_word' id='word_1_179' title='bbox 1394 2745 1571 2804; x_wconf 83' lang='lat' dir='ltr'>:ergo</span> 
     </span>
     <span class='ocr_line' id='line_1_30' title="bbox 205 2806 1571 2883; baseline 0.004 -20"><span class='ocrx_word' id='word_1_180' title='bbox 205 2814 286 2864; x_wconf 85' lang='lat' dir='ltr'>est</span> <span class='ocrx_word' id='word_1_181' title='bbox 309 2806 633 2881; x_wconf 88' lang='lat' dir='ltr'>suppositio</span> <span class='ocrx_word' id='word_1_182' title='bbox 654 2806 992 2864; x_wconf 87' lang='lat' dir='ltr'>antecedens</span> <span class='ocrx_word' id='word_1_183' title='bbox 1010 2815 1264 2883; x_wconf 85' lang='lat' dir='ltr'>respectu</span> <span class='ocrx_word' id='word_1_184' title='bbox 1279 2810 1397 2867; x_wconf 89' lang='lat' dir='ltr'>Dei.</span> <span class='ocrx_word' id='word_1_185' title='bbox 1420 2812 1571 2868; x_wconf 84' lang='lat' dir='ltr'>Prae-</span> 
     </span>
     <span class='ocr_line' id='line_1_31' title="bbox 202 2888 1570 2951; baseline 0.004 -7"><span class='ocrx_word' id='word_1_186' title='bbox 202 2894 349 2946; x_wconf 86' lang='lat' dir='ltr'>terea</span> <span class='ocrx_word' id='word_1_187' title='bbox 400 2889 646 2946; x_wconf 87' lang='lat' dir='ltr'>scientia</span> <span class='ocrx_word' id='word_1_188' title='bbox 701 2888 890 2946; x_wconf 89' lang='lat' dir='ltr'>media</span> <span class='ocrx_word' id='word_1_189' title='bbox 959 2906 1075 2948; x_wconf 92' lang='lat' dir='ltr'>non</span> <span class='ocrx_word' id='word_1_190' title='bbox 1121 2893 1392 2949; x_wconf 89' lang='lat' dir='ltr'>convenit</span> <span class='ocrx_word' id='word_1_191' title='bbox 1456 2897 1570 2951; x_wconf 88' lang='lat' dir='ltr'>Deo</span> 
     </span>
     <span class='ocr_line' id='line_1_32' title="bbox 205 2969 1571 3045; baseline 0.003 -21"><span class='ocrx_word' id='word_1_192' title='bbox 205 2969 379 3027; x_wconf 89' lang='lat' dir='ltr'>libere</span> <span class='ocrx_word' id='word_1_193' title='bbox 411 2985 596 3042; x_wconf 85' lang='lat' dir='ltr'>:ergo</span> <span class='ocrx_word' id='word_1_194' title='bbox 626 2971 771 3025; x_wconf 91' lang='lat' dir='ltr'>Deus</span> <span class='ocrx_word' id='word_1_195' title='bbox 824 2985 939 3026; x_wconf 91' lang='lat' dir='ltr'>non</span> <span class='ocrx_word' id='word_1_196' title='bbox 972 2976 1151 3042; x_wconf 89' lang='lat' dir='ltr'>potest</span> <span class='ocrx_word' id='word_1_197' title='bbox 1179 2972 1344 3028; x_wconf 90' lang='lat' dir='ltr'>illam</span> <span class='ocrx_word' id='word_1_198' title='bbox 1382 2972 1571 3045; x_wconf 91' lang='lat' dir='ltr'>impe-</span> 
     </span>
     <span class='ocr_line' id='line_1_33' title="bbox 202 3049 1563 3123; baseline 0.003 -17"><span class='ocrx_word' id='word_1_199' title='bbox 202 3050 338 3117; x_wconf 87' lang='lat' dir='ltr'>dire,</span> <span class='ocrx_word' id='word_1_200' title='bbox 361 3052 455 3108; x_wconf 82' lang='lat' dir='ltr'>vel</span> <span class='ocrx_word' id='word_1_201' title='bbox 483 3053 736 3107; x_wconf 82' lang='lat' dir='ltr'>auferre.</span> <span class='ocrx_word' id='word_1_202' title='bbox 769 3049 1025 3107; x_wconf 84' lang='lat' dir='ltr'>Tandem</span> <span class='ocrx_word' id='word_1_203' title='bbox 1073 3050 1202 3108; x_wconf 86' lang='lat' dir='ltr'>fieri</span> <span class='ocrx_word' id='word_1_204' title='bbox 1247 3069 1366 3110; x_wconf 91' lang='lat' dir='ltr'>non</span> <span class='ocrx_word' id='word_1_205' title='bbox 1385 3051 1563 3123; x_wconf 69' lang='lat' dir='ltr'>valet,</span> 
     </span>
     <span class='ocr_line' id='line_1_34' title="bbox 202 3130 1563 3203; baseline 0.002 -16"><span class='ocrx_word' id='word_1_206' title='bbox 202 3131 341 3203; x_wconf 87' lang='lat' dir='ltr'>quod</span> <span class='ocrx_word' id='word_1_207' title='bbox 368 3133 524 3187; x_wconf 89' lang='lat' dir='ltr'>Deus</span> <span class='ocrx_word' id='word_1_208' title='bbox 546 3130 861 3202; x_wconf 80' lang='lat' dir='ltr'>praescierit</span> <span class='ocrx_word' id='word_1_209' title='bbox 884 3133 1119 3188; x_wconf 86' lang='lat' dir='ltr'>Petrum</span> <span class='ocrx_word' id='word_1_210' title='bbox 1147 3131 1563 3202; x_wconf 90' lang='lat' dir='ltr'>dissensurum‚</span> 
     </span>
     <span class='ocr_line' id='line_1_35' title="bbox 200 3211 1569 3285; baseline 0.004 -17"><span class='ocrx_word' id='word_1_211' title='bbox 200 3211 417 3285; x_wconf 87' lang='lat' dir='ltr'>etquod</span> <span class='ocrx_word' id='word_1_212' title='bbox 445 3214 655 3268; x_wconf 88' lang='lat' dir='ltr'>Petrus</span> <span class='ocrx_word' id='word_1_213' title='bbox 687 3212 1025 3278; x_wconf 82' lang='lat' dir='ltr'>consentiat,</span> <span class='ocrx_word' id='word_1_214' title='bbox 1058 3213 1203 3270; x_wconf 86' lang='lat' dir='ltr'>alias</span> <span class='ocrx_word' id='word_1_215' title='bbox 1229 3214 1569 3272; x_wconf 81' lang='lat' dir='ltr'>falsificare-</span> 
     </span>
     <span class='ocr_line' id='line_1_36' title="bbox 203 3290 1568 3368; baseline 0.004 -21"><span class='ocrx_word' id='word_1_216' title='bbox 203 3302 287 3348; x_wconf 86' lang='lat' dir='ltr'>tur</span> <span class='ocrx_word' id='word_1_217' title='bbox 307 3293 550 3349; x_wconf 86' lang='lat' dir='ltr'>scientia</span> <span class='ocrx_word' id='word_1_218' title='bbox 570 3290 773 3347; x_wconf 87' lang='lat' dir='ltr'>diviua</span> <span class='ocrx_word' id='word_1_219' title='bbox 806 3312 819 3347; x_wconf 72' lang='grc' dir='ltr'><strong><em>ε</em></strong></span> <span class='ocrx_word' id='word_1_220' title='bbox 849 3308 984 3366; x_wconf 80' lang='lat' dir='ltr'>ergo</span> <span class='ocrx_word' id='word_1_221' title='bbox 1010 3295 1157 3349; x_wconf 90' lang='lat' dir='ltr'>Deus</span> <span class='ocrx_word' id='word_1_222' title='bbox 1186 3295 1381 3368; x_wconf 89' lang='lat' dir='ltr'>nequit</span> <span class='ocrx_word' id='word_1_223' title='bbox 1410 3312 1568 3353; x_wconf 91' lang='lat' dir='ltr'>com-</span> 
     </span>
     <span class='ocr_line' id='line_1_37' title="bbox 203 3372 1567 3445; baseline 0.002 -16"><span class='ocrx_word' id='word_1_224' title='bbox 203 3389 407 3445; x_wconf 89' lang='lat' dir='ltr'>ponere</span> <span class='ocrx_word' id='word_1_225' title='bbox 457 3374 627 3429; x_wconf 90' lang='lat' dir='ltr'>illam</span> <span class='ocrx_word' id='word_1_226' title='bbox 680 3372 1132 3445; x_wconf 87' lang='lat' dir='ltr'>suppositionem</span> <span class='ocrx_word' id='word_1_227' title='bbox 1187 3390 1319 3432; x_wconf 89' lang='lat' dir='ltr'>cum</span> <span class='ocrx_word' id='word_1_228' title='bbox 1360 3376 1567 3433; x_wconf 91' lang='lat' dir='ltr'>actuali</span> 
     </span>
     <span class='ocr_line' id='line_1_38' title="bbox 203 3452 1567 3514; baseline 0.001 -2"><span class='ocrx_word' id='word_1_229' title='bbox 203 3471 472 3512; x_wconf 88' lang='lat' dir='ltr'>concursu</span> <span class='ocrx_word' id='word_1_230' title='bbox 495 3452 569 3510; x_wconf 90' lang='lat' dir='ltr'>ad</span> <span class='ocrx_word' id='word_1_231' title='bbox 598 3455 754 3510; x_wconf 90' lang='lat' dir='ltr'>Petri</span> <span class='ocrx_word' id='word_1_232' title='bbox 775 3469 1136 3512; x_wconf 88' lang='lat' dir='ltr'>consensum.</span> <span class='ocrx_word' id='word_1_233' title='bbox 1156 3456 1350 3513; x_wconf 88' lang='lat' dir='ltr'>Minor</span> <span class='ocrx_word' id='word_1_234' title='bbox 1375 3462 1567 3514; x_wconf 88' lang='lat' dir='ltr'>autem</span> 
     </span>
     <span class='ocr_line' id='line_1_39' title="bbox 205 3535 1568 3611; baseline 0.003 -19"><span class='ocrx_word' id='word_1_235' title='bbox 205 3536 488 3609; x_wconf 80' lang='lat' dir='ltr'>probatur,</span> <span class='ocrx_word' id='word_1_236' title='bbox 502 3535 837 3610; x_wconf 64' lang='lat' dir='ltr'>quia‘adhuc</span> <span class='ocrx_word' id='word_1_237' title='bbox 855 3541 1041 3595; x_wconf 90' lang='lat' dir='ltr'>stante</span> <span class='ocrx_word' id='word_1_238' title='bbox 1062 3538 1165 3594; x_wconf 88' lang='lat' dir='ltr'>illa</span> <span class='ocrx_word' id='word_1_239' title='bbox 1179 3539 1568 3611; x_wconf 86' lang='lat' dir='ltr'>suppositione</span> 
     </span>
     <span class='ocr_line' id='line_1_40' title="bbox 206 3617 1563 3691; baseline 0.001 -14"><span class='ocrx_word' id='word_1_240' title='bbox 206 3625 380 3691; x_wconf 84' lang='lat' dir='ltr'>potest</span> <span class='ocrx_word' id='word_1_241' title='bbox 446 3621 656 3675; x_wconf 88' lang='lat' dir='ltr'>Petrus</span> <span class='ocrx_word' id='word_1_242' title='bbox 701 3634 1045 3676; x_wconf 91' lang='lat' dir='ltr'>concurrere</span> <span class='ocrx_word' id='word_1_243' title='bbox 1082 3617 1154 3675; x_wconf 89' lang='lat' dir='ltr'>ad</span> <span class='ocrx_word' id='word_1_244' title='bbox 1201 3635 1563 3690; x_wconf 88' lang='lat' dir='ltr'>consensum,</span> 
     </span>
     <span class='ocr_line' id='line_1_41' title="bbox 205 3697 1565 3773; baseline 0.003 -18"><span class='ocrx_word' id='word_1_245' title='bbox 205 3700 453 3773; x_wconf 88' lang='lat' dir='ltr'>alioquin</span> <span class='ocrx_word' id='word_1_246' title='bbox 484 3716 604 3756; x_wconf 92' lang='lat' dir='ltr'>non</span> <span class='ocrx_word' id='word_1_247' title='bbox 635 3697 832 3765; x_wconf 89' lang='lat' dir='ltr'>libere,</span> <span class='ocrx_word' id='word_1_248' title='bbox 864 3698 962 3756; x_wconf 89' lang='lat' dir='ltr'>sed</span> <span class='ocrx_word' id='word_1_249' title='bbox 998 3701 1316 3757; x_wconf 88' lang='lat' dir='ltr'>necessario</span> <span class='ocrx_word' id='word_1_250' title='bbox 1343 3699 1565 3759; x_wconf 86' lang='lat' dir='ltr'>dissen-</span> 
     </span>
     <span class='ocr_line' id='line_1_42' title="bbox 204 3778 1567 3854; baseline 0.005 -22"><span class='ocrx_word' id='word_1_251' title='bbox 204 3779 369 3835; x_wconf 88' lang='lat' dir='ltr'>tiret:</span> <span class='ocrx_word' id='word_1_252' title='bbox 406 3795 548 3854; x_wconf 81' lang='lat' dir='ltr'>ergo</span> <span class='ocrx_word' id='word_1_253' title='bbox 591 3779 770 3835; x_wconf 88' lang='lat' dir='ltr'>etiam</span> <span class='ocrx_word' id='word_1_254' title='bbox 808 3783 993 3842; x_wconf 87' lang='lat' dir='ltr'>stante</span> <span class='ocrx_word' id='word_1_255' title='bbox 1033 3778 1135 3835; x_wconf 89' lang='lat' dir='ltr'>illa</span> <span class='ocrx_word' id='word_1_256' title='bbox 1179 3781 1567 3852; x_wconf 88' lang='lat' dir='ltr'>suppositione</span> 
     </span>
     <span class='ocr_line' id='line_1_43' title="bbox 206 3857 1560 3931; baseline 0.004 -17"><span class='ocrx_word' id='word_1_257' title='bbox 206 3865 374 3931; x_wconf 86' lang='lat' dir='ltr'>potest</span> <span class='ocrx_word' id='word_1_258' title='bbox 395 3864 546 3917; x_wconf 88' lang='lat' dir='ltr'>Deus</span> <span class='ocrx_word' id='word_1_259' title='bbox 573 3874 916 3916; x_wconf 90' lang='lat' dir='ltr'>concurrere</span> <span class='ocrx_word' id='word_1_260' title='bbox 937 3857 1007 3914; x_wconf 93' lang='lat' dir='ltr'>ad</span> <span class='ocrx_word' id='word_1_261' title='bbox 1026 3860 1180 3916; x_wconf 86' lang='lat' dir='ltr'>Petri</span> <span class='ocrx_word' id='word_1_262' title='bbox 1202 3876 1560 3920; x_wconf 89' lang='lat' dir='ltr'>consensum.</span> 
     </span>
     <span class='ocr_line' id='line_1_44' title="bbox 204 3938 1566 4014; baseline 0.004 -20"><span class='ocrx_word' id='word_1_263' title='bbox 204 3941 356 3998; x_wconf 88' lang='lat' dir='ltr'>Patet</span> <span class='ocrx_word' id='word_1_264' title='bbox 373 3940 781 4014; x_wconf 86' lang='lat' dir='ltr'>consequentia</span> <span class='ocrx_word' id='word_1_265' title='bbox 807 3961 821 3996; x_wconf 76' lang='lat' dir='ltr'><em>z</em></span> <span class='ocrx_word' id='word_1_266' title='bbox 852 3945 972 3995; x_wconf 92' lang='lat' dir='ltr'>tum</span> <span class='ocrx_word' id='word_1_267' title='bbox 995 3938 1131 4010; x_wconf 88' lang='lat' dir='ltr'>quia</span> <span class='ocrx_word' id='word_1_268' title='bbox 1154 3946 1393 4012; x_wconf 90' lang='lat' dir='ltr'>potestas</span> <span class='ocrx_word' id='word_1_269' title='bbox 1410 3943 1566 4000; x_wconf 87' lang='lat' dir='ltr'>Petri</span> 
     </span>
     <span class='ocr_line' id='line_1_45' title="bbox 204 4017 1567 4093; baseline 0.005 -21"><span class='ocrx_word' id='word_1_270' title='bbox 204 4019 263 4074; x_wconf 93' lang='lat' dir='ltr'>in</span> <span class='ocrx_word' id='word_1_271' title='bbox 282 4020 390 4086; x_wconf 83' lang='lat' dir='ltr'>his,</span> <span class='ocrx_word' id='word_1_272' title='bbox 420 4036 548 4093; x_wconf 76' lang='lat' dir='ltr'>quae</span> <span class='ocrx_word' id='word_1_273' title='bbox 573 4024 708 4075; x_wconf 88' lang='lat' dir='ltr'>sunt</span> <span class='ocrx_word' id='word_1_274' title='bbox 728 4018 799 4075; x_wconf 92' lang='lat' dir='ltr'>de</span> <span class='ocrx_word' id='word_1_275' title='bbox 826 4018 982 4074; x_wconf 90' lang='lat' dir='ltr'>linea</span> <span class='ocrx_word' id='word_1_276' title='bbox 1005 4017 1162 4084; x_wconf 87' lang='lat' dir='ltr'>boni,</span> <span class='ocrx_word' id='word_1_277' title='bbox 1192 4025 1278 4076; x_wconf 90' lang='lat' dir='ltr'>est</span> <span class='ocrx_word' id='word_1_278' title='bbox 1325 4027 1567 4093; x_wconf 88' lang='lat' dir='ltr'>potestas</span> 
     </span>
     <span class='ocr_line' id='line_1_46' title="bbox 204 4099 1564 4173; baseline 0.003 -17"><span class='ocrx_word' id='word_1_279' title='bbox 204 4100 444 4157; x_wconf 83' lang='lat' dir='ltr'>secunda</span> <span class='ocrx_word' id='word_1_280' title='bbox 463 4099 848 4158; x_wconf 84' lang='lat' dir='ltr'>essentialiter</span> <span class='ocrx_word' id='word_1_281' title='bbox 867 4114 1193 4171; x_wconf 89' lang='lat' dir='ltr'>supponens</span> <span class='ocrx_word' id='word_1_282' title='bbox 1224 4101 1474 4173; x_wconf 87' lang='lat' dir='ltr'>primam</span> <span class='ocrx_word' id='word_1_283' title='bbox 1504 4103 1564 4160; x_wconf 90' lang='lat' dir='ltr'>in</span> 
     </span>
     <span class='ocr_line' id='line_1_47' title="bbox 206 4178 1566 4254; baseline 0.001 -18"><span class='ocrx_word' id='word_1_284' title='bbox 206 4181 307 4236; x_wconf 90' lang='lat' dir='ltr'>Deo</span> <span class='ocrx_word' id='word_1_285' title='bbox 323 4186 658 4253; x_wconf 84' lang='lat' dir='ltr'>potestatem</span> <span class='ocrx_word' id='word_1_286' title='bbox 687 4200 699 4234; x_wconf 91' lang='lat'>:</span> <span class='ocrx_word' id='word_1_287' title='bbox 724 4194 858 4254; x_wconf 78' lang='lat' dir='ltr'>ergo</span> <span class='ocrx_word' id='word_1_288' title='bbox 873 4178 923 4234; x_wconf 89' lang='lat' dir='ltr'>si</span> <span class='ocrx_word' id='word_1_289' title='bbox 948 4180 1150 4234; x_wconf 86' lang='lat' dir='ltr'>Petrus</span> <span class='ocrx_word' id='word_1_290' title='bbox 1166 4185 1364 4251; x_wconf 85' lang='lat' dir='ltr'>potest,</span> <span class='ocrx_word' id='word_1_291' title='bbox 1390 4182 1566 4238; x_wconf 90' lang='lat' dir='ltr'>etiam</span> 
     </span>
     <span class='ocr_line' id='line_1_48' title="bbox 206 4259 1566 4335; baseline 0.002 -19"><span class='ocrx_word' id='word_1_292' title='bbox 206 4261 338 4317; x_wconf 86' lang='lat' dir='ltr'>Deus</span> <span class='ocrx_word' id='word_1_293' title='bbox 368 4265 566 4333; x_wconf 90' lang='lat' dir='ltr'>potest.</span> <span class='ocrx_word' id='word_1_294' title='bbox 599 4262 747 4315; x_wconf 91' lang='lat' dir='ltr'>Tum</span> <span class='ocrx_word' id='word_1_295' title='bbox 774 4259 908 4332; x_wconf 90' lang='lat' dir='ltr'>quia</span> <span class='ocrx_word' id='word_1_296' title='bbox 933 4274 1243 4316; x_wconf 88' lang='lat' dir='ltr'>consensus</span> <span class='ocrx_word' id='word_1_297' title='bbox 1289 4261 1566 4335; x_wconf 87' lang='lat' dir='ltr'>dependet</span> 
     </span>
     <span class='ocr_line' id='line_1_49' title="bbox 202 4340 1562 4411; baseline 0.001 -13"><span class='ocrx_word' id='word_1_298' title='bbox 202 4342 580 4398; x_wconf 80' lang='lat' dir='ltr'>essentialiter</span> <span class='ocrx_word' id='word_1_299' title='bbox 603 4355 722 4396; x_wconf 91' lang='lat' dir='ltr'>non</span> <span class='ocrx_word' id='word_1_300' title='bbox 741 4340 931 4396; x_wconf 87' lang='lat' dir='ltr'>solum</span> <span class='ocrx_word' id='word_1_301' title='bbox 960 4355 993 4394; x_wconf 89' lang='lat' dir='ltr'>a</span> <span class='ocrx_word' id='word_1_302' title='bbox 1045 4344 1317 4411; x_wconf 86' lang='lat' dir='ltr'>potestate</span> <span class='ocrx_word' id='word_1_303' title='bbox 1364 4344 1520 4399; x_wconf 89' lang='lat' dir='ltr'>Petri</span> <span class='ocrx_word' id='word_1_304' title='bbox 1545 4365 1562 4410; x_wconf 66' lang='grc' dir='ltr'><strong>ς</strong></span> 
     </span>
     <span class='ocr_line' id='line_1_50' title="bbox 204 4419 1562 4494; baseline 0.002 -17"><span class='ocrx_word' id='word_1_305' title='bbox 204 4421 290 4477; x_wconf 88' lang='lat' dir='ltr'>sed</span> <span class='ocrx_word' id='word_1_306' title='bbox 308 4422 506 4488; x_wconf 89' lang='lat' dir='ltr'>etiam,</span> <span class='ocrx_word' id='word_1_307' title='bbox 537 4425 593 4478; x_wconf 91' lang='lat' dir='ltr'>et</span> <span class='ocrx_word' id='word_1_308' title='bbox 619 4420 803 4477; x_wconf 88' lang='lat' dir='ltr'>multo</span> <span class='ocrx_word' id='word_1_309' title='bbox 824 4419 1026 4494; x_wconf 81' lang='lat' dir='ltr'>magis,</span> <span class='ocrx_word' id='word_1_310' title='bbox 1058 4435 1092 4476; x_wconf 89' lang='lat' dir='ltr'>a</span> <span class='ocrx_word' id='word_1_311' title='bbox 1119 4425 1393 4492; x_wconf 89' lang='lat' dir='ltr'>potestate</span> <span class='ocrx_word' id='word_1_312' title='bbox 1421 4423 1521 4479; x_wconf 91' lang='lat' dir='ltr'>Dei</span> <span class='ocrx_word' id='word_1_313' title='bbox 1549 4444 1562 4480; x_wconf 73' lang='grc' dir='ltr'><strong><em>ε</em></strong></span> 
     </span>
     <span class='ocr_line' id='line_1_51' title="bbox 204 4500 1567 4576; baseline 0.003 -19"><span class='ocrx_word' id='word_1_314' title='bbox 204 4516 327 4576; x_wconf 80' lang='lat' dir='ltr'>ergo</span> <span class='ocrx_word' id='word_1_315' title='bbox 354 4503 416 4559; x_wconf 89' lang='lat' dir='ltr'>in</span> <span class='ocrx_word' id='word_1_316' title='bbox 446 4502 608 4560; x_wconf 84' lang='lat' dir='ltr'>omni</span> <span class='ocrx_word' id='word_1_317' title='bbox 629 4501 1037 4574; x_wconf 86' lang='lat' dir='ltr'>suppositione,</span> <span class='ocrx_word' id='word_1_318' title='bbox 1064 4500 1126 4556; x_wconf 90' lang='lat' dir='ltr'>in</span> <span class='ocrx_word' id='word_1_319' title='bbox 1167 4518 1279 4574; x_wconf 89' lang='lat' dir='ltr'>qua</span> <span class='ocrx_word' id='word_1_320' title='bbox 1323 4519 1567 4561; x_wconf 85' lang='lat' dir='ltr'>consen-</span> 
     </span>
     <span class='ocr_line' id='line_1_52' title="bbox 204 4583 1565 4657; baseline 0.004 -18"><span class='ocrx_word' id='word_1_321' title='bbox 204 4600 290 4639; x_wconf 86' lang='lat' dir='ltr'>sus</span> <span class='ocrx_word' id='word_1_322' title='bbox 311 4590 493 4657; x_wconf 89' lang='lat' dir='ltr'>potest</span> <span class='ocrx_word' id='word_1_323' title='bbox 518 4583 644 4642; x_wconf 86' lang='lat' dir='ltr'>fieri</span> <span class='ocrx_word' id='word_1_324' title='bbox 674 4601 709 4640; x_wconf 88' lang='lat' dir='ltr'>a</span> <span class='ocrx_word' id='word_1_325' title='bbox 733 4585 916 4650; x_wconf 85' lang='lat' dir='ltr'>Petro,</span> <span class='ocrx_word' id='word_1_326' title='bbox 942 4587 1123 4655; x_wconf 91' lang='lat' dir='ltr'>potest</span> <span class='ocrx_word' id='word_1_327' title='bbox 1154 4584 1329 4640; x_wconf 87' lang='lat' dir='ltr'>etiam</span> <span class='ocrx_word' id='word_1_328' title='bbox 1376 4585 1505 4644; x_wconf 88' lang='lat' dir='ltr'>fieri</span> <span class='ocrx_word' id='word_1_329' title='bbox 1533 4603 1565 4644; x_wconf 88' lang='lat' dir='ltr'>a</span> 
     </span>
     <span class='ocr_line' id='line_1_53' title="bbox 206 4657 1560 4741; baseline 0.003 -21"><span class='ocrx_word' id='word_1_330' title='bbox 206 4664 310 4720; x_wconf 87' lang='lat' dir='ltr'>Deo</span> <span class='ocrx_word' id='word_1_331' title='bbox 340 4666 470 4722; x_wconf 85' lang='lat' dir='ltr'>:vel</span> <span class='ocrx_word' id='word_1_332' title='bbox 499 4682 530 4722; x_wconf 93' lang='lat' dir='ltr'>e</span> <span class='ocrx_word' id='word_1_333' title='bbox 550 4679 847 4727; x_wconf 84' lang='lat' dir='ltr'>converso,</span> <span class='ocrx_word' id='word_1_334' title='bbox 885 4665 934 4718; x_wconf 90' lang='lat' dir='ltr'>si</span> <span class='ocrx_word' id='word_1_335' title='bbox 963 4679 997 4720; x_wconf 88' lang='lat' dir='ltr'>a</span> <span class='ocrx_word' id='word_1_336' title='bbox 1025 4666 1137 4721; x_wconf 90' lang='lat' dir='ltr'>Deo</span> <span class='ocrx_word' id='word_1_337' title='bbox 1181 4664 1308 4721; x_wconf 88' lang='lat' dir='ltr'>fieri</span> <span class='ocrx_word' id='word_1_338' title='bbox 1344 4657 1560 4741; x_wconf 80' lang='lat' dir='ltr'>nequit‘,</span> 
     </span>
     <span class='ocr_line' id='line_1_54' title="bbox 207 4741 1567 4817; baseline 0.005 -19"><span class='ocrx_word' id='word_1_339' title='bbox 207 4759 300 4801; x_wconf 82' lang='lat' dir='ltr'>nec</span> <span class='ocrx_word' id='word_1_340' title='bbox 324 4747 549 4803; x_wconf 87' lang='lat' dir='ltr'>aPetro</span> <span class='ocrx_word' id='word_1_341' title='bbox 599 4743 732 4803; x_wconf 88' lang='lat' dir='ltr'>fieri</span> <span class='ocrx_word' id='word_1_342' title='bbox 777 4741 1002 4801; x_wconf 86' lang='lat' dir='ltr'>valebit.</span> <span class='ocrx_word' id='word_1_343' title='bbox 1038 4745 1107 4799; x_wconf 85' lang='lat' dir='ltr'>Et</span> <span class='ocrx_word' id='word_1_344' title='bbox 1136 4746 1402 4817; x_wconf 86' lang='lat' dir='ltr'>quamvis</span> <span class='ocrx_word' id='word_1_345' title='bbox 1450 4748 1567 4805; x_wconf 82' lang='lat' dir='ltr'>haec</span> 
     </span>
     <span class='ocr_line' id='line_1_55' title="bbox 210 4824 1565 4897; baseline 0.004 -19"><span class='ocrx_word' id='word_1_346' title='bbox 210 4826 364 4894; x_wconf 88' lang='lat' dir='ltr'>ratio,</span> <span class='ocrx_word' id='word_1_347' title='bbox 388 4826 439 4881; x_wconf 89' lang='lat' dir='ltr'>si</span> <span class='ocrx_word' id='word_1_348' title='bbox 486 4830 635 4883; x_wconf 88' lang='lat' dir='ltr'>recte</span> <span class='ocrx_word' id='word_1_349' title='bbox 654 4824 1027 4897; x_wconf 85' lang='lat' dir='ltr'>expendatur,</span> <span class='ocrx_word' id='word_1_350' title='bbox 1049 4824 1247 4896; x_wconf 87' lang='lat' dir='ltr'>probet</span> <span class='ocrx_word' id='word_1_351' title='bbox 1266 4826 1565 4884; x_wconf 87' lang='lat' dir='ltr'>scientiam</span> 
     </span>
     <span class='ocr_line' id='line_1_56' title="bbox 210 4904 1562 4976; baseline 0.001 -14"><span class='ocrx_word' id='word_1_352' title='bbox 210 4905 454 4964; x_wconf 89' lang='lat' dir='ltr'>mediam</span> <span class='ocrx_word' id='word_1_353' title='bbox 507 4906 809 4964; x_wconf 87' lang='lat' dir='ltr'>destruere</span> <span class='ocrx_word' id='word_1_354' title='bbox 860 4904 1183 4962; x_wconf 87' lang='lat' dir='ltr'>libertatem</span> <span class='ocrx_word' id='word_1_355' title='bbox 1208 4948 1222 4972; x_wconf 88' lang='lat'>,</span> <span class='ocrx_word' id='word_1_356' title='bbox 1273 4911 1393 4964; x_wconf 88' lang='lat' dir='ltr'>tam</span> <span class='ocrx_word' id='word_1_357' title='bbox 1440 4908 1562 4976; x_wconf 89' lang='lat' dir='ltr'>Dei,</span> 
     </span>
     <span class='ocr_line' id='line_1_57' title="bbox 213 4985 1569 5061; baseline 0.004 -20"><span class='ocrx_word' id='word_1_358' title='bbox 213 5001 374 5059; x_wconf 88' lang='lat' dir='ltr'>quam</span> <span class='ocrx_word' id='word_1_359' title='bbox 404 4993 707 5054; x_wconf 83' lang='lat' dir='ltr'>creaturae,</span> <span class='ocrx_word' id='word_1_360' title='bbox 740 4989 801 5040; x_wconf 89' lang='lat' dir='ltr'>ut</span> <span class='ocrx_word' id='word_1_361' title='bbox 842 4985 965 5040; x_wconf 80' lang='lat' dir='ltr'>dub.</span> <span class='ocrx_word' id='word_1_362' title='bbox 986 4985 1207 5060; x_wconf 74' lang='lat' dir='ltr'>praecad.</span> <span class='ocrx_word' id='word_1_363' title='bbox 1232 4988 1264 5057; x_wconf 66' lang='grc' dir='ltr'><strong>ξ</strong></span> <span class='ocrx_word' id='word_1_364' title='bbox 1290 4987 1324 5042; x_wconf 90' lang='grc'><strong>3</strong></span> <span class='ocrx_word' id='word_1_365' title='bbox 1352 4988 1569 5061; x_wconf 90' lang='lat' dir='ltr'>ponde-</span> 
     </span>
    </p>
   </div>
   <div class='ocr_carea' id='block_1_3' title="bbox 347 5068 1440 5144">
    <p class='ocr_par' dir='ltr' id='par_1_3' title="bbox 347 5068 1440 5144">
     <span class='ocr_line' id='line_1_58' title="bbox 347 5068 1440 5144; baseline 0.001 -13"><span class='ocrx_word' id='word_1_366' title='bbox 347 5071 642 5132; x_wconf 76' lang='lat' dir='ltr'>salmam.</span> <span class='ocrx_word' id='word_1_367' title='bbox 695 5068 857 5129; x_wconf 79' lang='lat' dir='ltr'>Curs.</span> <span class='ocrx_word' id='word_1_368' title='bbox 903 5071 1125 5144; x_wconf 73' lang='lat' dir='ltr'>theoloy.</span> <span class='ocrx_word' id='word_1_369' title='bbox 1184 5079 1315 5130; x_wconf 81' lang='lat' dir='ltr'>tom.</span> <span class='ocrx_word' id='word_1_370' title='bbox 1373 5073 1440 5132; x_wconf 85' lang='lat' dir='ltr'>X.</span> 
     </span>
    </p>
   </div>
   <div class='ocr_carea' id='block_1_4' title="bbox 1267 565 1600 624">
    <p class='ocr_par' dir='ltr' id='par_1_4' title="bbox 1267 565 1600 624">
     <span class='ocr_line' id='line_1_59' title="bbox 1267 565 1600 624; baseline 0.009 -20"><span class='ocrx_word' id='word_1_371' title='bbox 1267 570 1280 604; x_wconf 75' lang='grc' dir='ltr'><strong>ε</strong></span> <span class='ocrx_word' id='word_1_372' title='bbox 1327 565 1464 624; x_wconf 82' lang='lat' dir='ltr'>ergo</span> <span class='ocrx_word' id='word_1_373' title='bbox 1486 565 1600 607; x_wconf 87' lang='lat' dir='ltr'>nec·</span> 
     </span>
    </p>
   </div>
   <div class='ocr_carea' id='block_1_5' title="bbox 1710 552 3084 1660">
    <p class='ocr_par' dir='ltr' id='par_1_5' title="bbox 1710 552 3084 1660">
     <span class='ocr_line' id='line_1_60' title="bbox 1721 552 3081 619; baseline 0 -12"><span class='ocrx_word' id='word_1_374' title='bbox 1721 552 1998 619; x_wconf 86' lang='lat' dir='ltr'>ravimus,</span> <span class='ocrx_word' id='word_1_375' title='bbox 2045 553 2142 609; x_wconf 93' lang='lat' dir='ltr'>ubi</span> <span class='ocrx_word' id='word_1_376' title='bbox 2193 553 2368 611; x_wconf 88' lang='lat' dir='ltr'>etiam</span> <span class='ocrx_word' id='word_1_377' title='bbox 2401 552 2752 610; x_wconf 87' lang='lat' dir='ltr'>reddidimus</span> <span class='ocrx_word' id='word_1_378' title='bbox 2802 554 3081 610; x_wconf 86' lang='lat' dir='ltr'>rationem</span> 
     </span>
     <span class='ocr_line' id='line_1_61' title="bbox 1716 632 3083 706; baseline -0.001 -17"><span class='ocrx_word' id='word_1_379' title='bbox 1716 632 2072 706; x_wconf 87' lang='lat' dir='ltr'>disparitatis</span> <span class='ocrx_word' id='word_1_380' title='bbox 2099 636 2251 693; x_wconf 87' lang='lat' dir='ltr'>inter</span> <span class='ocrx_word' id='word_1_381' title='bbox 2279 636 2562 691; x_wconf 85' lang='lat' dir='ltr'>auxilium</span> <span class='ocrx_word' id='word_1_382' title='bbox 2591 648 2659 692; x_wconf 81' lang='lat' dir='ltr'>ex</span> <span class='ocrx_word' id='word_1_383' title='bbox 2700 652 2758 692; x_wconf 87' lang='lat' dir='ltr'>se</span> <span class='ocrx_word' id='word_1_384' title='bbox 2783 634 2995 701; x_wconf 81' lang='lat' dir='ltr'>efficax,</span> <span class='ocrx_word' id='word_1_385' title='bbox 3029 640 3083 688; x_wconf 77' lang='lat' dir='ltr'>et</span> 
     </span>
     <span class='ocr_line' id='line_1_62' title="bbox 1715 714 3080 788; baseline 0 -21"><span class='ocrx_word' id='word_1_386' title='bbox 1715 714 2013 771; x_wconf 89' lang='lat' dir='ltr'>scientiam</span> <span class='ocrx_word' id='word_1_387' title='bbox 2098 715 2386 782; x_wconf 91' lang='lat' dir='ltr'>mediam;</span> <span class='ocrx_word' id='word_1_388' title='bbox 2465 716 2849 772; x_wconf 85' lang='lat' dir='ltr'>nihilominus</span> <span class='ocrx_word' id='word_1_389' title='bbox 2914 715 3080 788; x_wconf 84' lang='lat' dir='ltr'>hujus</span> 
     </span>
     <span class='ocr_line' id='line_1_63' title="bbox 1716 796 3077 872; baseline 0.002 -22"><span class='ocrx_word' id='word_1_390' title='bbox 1716 796 1969 853; x_wconf 73' lang='lat' dir='ltr'>scientias</span> <span class='ocrx_word' id='word_1_391' title='bbox 1987 798 2210 869; x_wconf 77' lang='lat' dir='ltr'>patroni</span> <span class='ocrx_word' id='word_1_392' title='bbox 2226 796 2555 872; x_wconf 83' lang='lat' dir='ltr'>obligantur</span> <span class='ocrx_word' id='word_1_393' title='bbox 2571 798 2892 869; x_wconf 88' lang='lat' dir='ltr'>oppositum</span> <span class='ocrx_word' id='word_1_394' title='bbox 2911 799 3077 853; x_wconf 87' lang='lat' dir='ltr'>tueri:</span> 
     </span>
     <span class='ocr_line' id='line_1_64' title="bbox 1715 877 3084 951; baseline 0 -19"><span class='ocrx_word' id='word_1_395' title='bbox 1715 883 1770 932; x_wconf 86' lang='lat' dir='ltr'>et</span> <span class='ocrx_word' id='word_1_396' title='bbox 1799 877 1877 933; x_wconf 88' lang='lat' dir='ltr'>ita</span> <span class='ocrx_word' id='word_1_397' title='bbox 1899 879 2076 934; x_wconf 89' lang='lat' dir='ltr'>simul</span> <span class='ocrx_word' id='word_1_398' title='bbox 2100 895 2228 934; x_wconf 89' lang='lat' dir='ltr'>cum</span> <span class='ocrx_word' id='word_1_399' title='bbox 2259 879 2595 951; x_wconf 86' lang='lat' dir='ltr'>impotentia</span> <span class='ocrx_word' id='word_1_400' title='bbox 2611 879 2707 934; x_wconf 74' lang='lat' dir='ltr'>Dei</span> <span class='ocrx_word' id='word_1_401' title='bbox 2732 877 2800 933; x_wconf 91' lang='lat' dir='ltr'>ad</span> <span class='ocrx_word' id='word_1_402' title='bbox 2824 878 3084 934; x_wconf 84' lang='lat' dir='ltr'>auferen-</span> 
     </span>
     <span class='ocr_line' id='line_1_65' title="bbox 1715 955 3082 1030; baseline 0.001 -19"><span class='ocrx_word' id='word_1_403' title='bbox 1715 955 1850 1012; x_wconf 91' lang='lat' dir='ltr'>dam</span> <span class='ocrx_word' id='word_1_404' title='bbox 1880 958 2044 1014; x_wconf 88' lang='lat' dir='ltr'>illam</span> <span class='ocrx_word' id='word_1_405' title='bbox 2075 958 2510 1030; x_wconf 79' lang='lat' dir='ltr'>praescientiam,</span> <span class='ocrx_word' id='word_1_406' title='bbox 2544 959 2636 1013; x_wconf 80' lang='lat' dir='ltr'>vel</span> <span class='ocrx_word' id='word_1_407' title='bbox 2683 957 2751 1012; x_wconf 86' lang='lat' dir='ltr'>ad</span> <span class='ocrx_word' id='word_1_408' title='bbox 2792 974 2917 1013; x_wconf 88' lang='lat' dir='ltr'>eam</span> <span class='ocrx_word' id='word_1_409' title='bbox 2967 959 3082 1012; x_wconf 90' lang='lat' dir='ltr'>im·-</span> 
     </span>
     <span class='ocr_line' id='line_1_66' title="bbox 1716 1038 3083 1111; baseline -0.001 -16"><span class='ocrx_word' id='word_1_410' title='bbox 1716 1039 2039 1111; x_wconf 88' lang='lat' dir='ltr'>ponendam</span> <span class='ocrx_word' id='word_1_411' title='bbox 2069 1056 2198 1096; x_wconf 90' lang='lat' dir='ltr'>cum</span> <span class='ocrx_word' id='word_1_412' title='bbox 2241 1041 2444 1096; x_wconf 89' lang='lat' dir='ltr'>actuali</span> <span class='ocrx_word' id='word_1_413' title='bbox 2476 1038 2697 1094; x_wconf 78' lang='lat' dir='ltr'>influxu</span> <span class='ocrx_word' id='word_1_414' title='bbox 2737 1040 2799 1094; x_wconf 87' lang='lat' dir='ltr'>in</span> <span class='ocrx_word' id='word_1_415' title='bbox 2839 1054 3083 1095; x_wconf 89' lang='lat' dir='ltr'>consen-</span> 
     </span>
     <span class='ocr_line' id='line_1_67' title="bbox 1712 1118 3082 1190; baseline 0 -17"><span class='ocrx_word' id='word_1_416' title='bbox 1712 1135 1862 1187; x_wconf 88' lang='lat' dir='ltr'>sum,</span> <span class='ocrx_word' id='word_1_417' title='bbox 1925 1118 2133 1176; x_wconf 89' lang='lat' dir='ltr'>debent</span> <span class='ocrx_word' id='word_1_418' title='bbox 2182 1121 2408 1175; x_wconf 86' lang='lat' dir='ltr'>salvare</span> <span class='ocrx_word' id='word_1_419' title='bbox 2468 1124 2798 1190; x_wconf 86' lang='lat' dir='ltr'>potestatem</span> <span class='ocrx_word' id='word_1_420' title='bbox 2862 1118 2957 1173; x_wconf 89' lang='lat' dir='ltr'>Dei</span> <span class='ocrx_word' id='word_1_421' title='bbox 3011 1118 3082 1174; x_wconf 86' lang='lat' dir='ltr'>ad</span> 
     </span>
     <span class='ocr_line' id='line_1_68' title="bbox 1715 1198 3082 1271; baseline -0.001 -17"><span class='ocrx_word' id='word_1_422' title='bbox 1715 1199 2104 1271; x_wconf 76' lang='lat' dir='ltr'>praestandum</span> <span class='ocrx_word' id='word_1_423' title='bbox 2148 1201 2424 1255; x_wconf 85' lang='lat' dir='ltr'>actualem</span> <span class='ocrx_word' id='word_1_424' title='bbox 2455 1215 2790 1255; x_wconf 87' lang='lat' dir='ltr'>concursum</span> <span class='ocrx_word' id='word_1_425' title='bbox 2841 1198 2900 1253; x_wconf 87' lang='lat' dir='ltr'>in</span> <span class='ocrx_word' id='word_1_426' title='bbox 2942 1214 3082 1255; x_wconf 88' lang='lat' dir='ltr'>con-</span> 
     </span>
     <span class='ocr_line' id='line_1_69' title="bbox 1712 1279 3078 1355; baseline -0.002 -19"><span class='ocrx_word' id='word_1_427' title='bbox 1712 1296 1943 1337; x_wconf 90' lang='lat' dir='ltr'>sensum</span> <span class='ocrx_word' id='word_1_428' title='bbox 1973 1302 1986 1337; x_wconf 90' lang='lat'>:</span> <span class='ocrx_word' id='word_1_429' title='bbox 2015 1296 2151 1355; x_wconf 84' lang='lat' dir='ltr'>ergo</span> <span class='ocrx_word' id='word_1_430' title='bbox 2176 1280 2489 1352; x_wconf 88' lang='lat' dir='ltr'>suppositio</span> <span class='ocrx_word' id='word_1_431' title='bbox 2525 1279 2880 1343; x_wconf 75' lang='lat' dir='ltr'>anteceden5‚</span> <span class='ocrx_word' id='word_1_432' title='bbox 2908 1294 3078 1351; x_wconf 88' lang='lat' dir='ltr'>quam</span> 
     </span>
     <span class='ocr_line' id='line_1_70' title="bbox 1711 1361 3081 1436; baseline -0.001 -19"><span class='ocrx_word' id='word_1_433' title='bbox 1711 1362 1839 1435; x_wconf 89' lang='lat' dir='ltr'>quis</span> <span class='ocrx_word' id='word_1_434' title='bbox 1861 1362 2056 1436; x_wconf 91' lang='lat' dir='ltr'>nequit</span> <span class='ocrx_word' id='word_1_435' title='bbox 2077 1362 2321 1426; x_wconf 80' lang='lat' dir='ltr'>auferre,</span> <span class='ocrx_word' id='word_1_436' title='bbox 2344 1362 2432 1418; x_wconf 91' lang='lat' dir='ltr'>vel</span> <span class='ocrx_word' id='word_1_437' title='bbox 2456 1377 2583 1417; x_wconf 90' lang='lat' dir='ltr'>cum</span> <span class='ocrx_word' id='word_1_438' title='bbox 2609 1361 2802 1432; x_wconf 88' lang='lat' dir='ltr'>aliquo</span> <span class='ocrx_word' id='word_1_439' title='bbox 2824 1365 3081 1416; x_wconf 86' lang='lat' dir='ltr'>extremo</span> 
     </span>
     <span class='ocr_line' id='line_1_71' title="bbox 1711 1440 3076 1515; baseline -0.003 -17"><span class='ocrx_word' id='word_1_440' title='bbox 1711 1458 2070 1515; x_wconf 89' lang='lat' dir='ltr'>componere,</span> <span class='ocrx_word' id='word_1_441' title='bbox 2105 1458 2222 1509; x_wconf 89' lang='lat' dir='ltr'>non</span> <span class='ocrx_word' id='word_1_442' title='bbox 2243 1442 2395 1515; x_wconf 78' lang='lat' dir='ltr'>tollit</span> <span class='ocrx_word' id='word_1_443' title='bbox 2438 1447 2767 1514; x_wconf 84' lang='lat' dir='ltr'>potestatem</span> <span class='ocrx_word' id='word_1_444' title='bbox 2815 1441 2882 1496; x_wconf 86' lang='lat' dir='ltr'>ad</span> <span class='ocrx_word' id='word_1_445' title='bbox 2909 1440 3076 1505; x_wconf 89' lang='lat' dir='ltr'>illud,</span> 
     </span>
     <span class='ocr_line' id='line_1_72' title="bbox 1712 1520 3077 1587; baseline -0.003 -9"><span class='ocrx_word' id='word_1_446' title='bbox 1712 1522 1977 1580; x_wconf 91' lang='lat' dir='ltr'>videlicet</span> <span class='ocrx_word' id='word_1_447' title='bbox 2015 1521 2328 1578; x_wconf 89' lang='lat' dir='ltr'>secundum</span> <span class='ocrx_word' id='word_1_448' title='bbox 2356 1539 2434 1587; x_wconf 88' lang='lat' dir='ltr'>se,</span> <span class='ocrx_word' id='word_1_449' title='bbox 2468 1522 2613 1578; x_wconf 88' lang='lat' dir='ltr'>etin</span> <span class='ocrx_word' id='word_1_450' title='bbox 2654 1537 2822 1577; x_wconf 83' lang='lat' dir='ltr'>sensu</span> <span class='ocrx_word' id='word_1_451' title='bbox 2870 1520 3077 1577; x_wconf 80' lang='lat' dir='ltr'>diviso.</span> 
     </span>
     <span class='ocr_line' id='line_1_73' title="bbox 1710 1602 2580 1660; baseline 0.001 -2"><span class='ocrx_word' id='word_1_452' title='bbox 1710 1604 2055 1660; x_wconf 87' lang='lat' dir='ltr'>Recolantur</span> <span class='ocrx_word' id='word_1_453' title='bbox 2082 1602 2232 1659; x_wconf 89' lang='lat' dir='ltr'>dicta</span> <span class='ocrx_word' id='word_1_454' title='bbox 2259 1604 2377 1660; x_wconf 90' lang='lat' dir='ltr'>loco</span> <span class='ocrx_word' id='word_1_455' title='bbox 2393 1604 2580 1659; x_wconf 79' lang='lat' dir='ltr'>citato·</span> 
     </span>
    </p>
   </div>
   <div class='ocr_carea' id='block_1_6' title="bbox 1782 1681 3274 1788">
    <p class='ocr_par' dir='ltr' id='par_1_6' title="bbox 1782 1681 3274 1788">
     <span class='ocr_line' id='line_1_74' title="bbox 1782 1681 3274 1788; baseline -0.003 -47"><span class='ocrx_word' id='word_1_456' title='bbox 1782 1683 2031 1741; x_wconf 83' lang='lat' dir='ltr'>Secundo</span> <span class='ocrx_word' id='word_1_457' title='bbox 2082 1682 2352 1740; x_wconf 89' lang='lat' dir='ltr'>suadetur</span> <span class='ocrx_word' id='word_1_458' title='bbox 2403 1681 2600 1739; x_wconf 90' lang='lat' dir='ltr'>eadem</span> <span class='ocrx_word' id='word_1_459' title='bbox 2658 1682 2889 1747; x_wconf 86' lang='lat' dir='ltr'>minor,</span> <span class='ocrx_word' id='word_1_460' title='bbox 2944 1683 3274 1788; x_wconf 49' lang='lat' dir='ltr'>quiatlffieggr</span> 
     </span>
    </p>
   </div>
   <div class='ocr_carea' id='block_1_7' title="bbox 1708 1787 3292 1913">
    <p class='ocr_par' dir='ltr' id='par_1_7' title="bbox 1708 1787 3278 1913">
     <span class='ocr_line' id='line_1_75' title="bbox 3140 1787 3245 1829; baseline -0.029 0"><span class='ocrx_word' id='word_1_461' title='bbox 3140 1787 3245 1829; x_wconf 68' lang='lat' dir='ltr'>(lens</span> 
     </span>
     <span class='ocr_line' id='line_1_76' title="bbox 1708 1838 3292 1913; baseline -0.01 -13"><span class='ocrx_word' id='word_1_462' title='bbox 1708 1851 1886 1913; x_wconf 83' lang='lat' dir='ltr'>turae,</span> <span class='ocrx_word' id='word_1_463' title='bbox 1938 1847 2050 1902; x_wconf 89' lang='lat' dir='ltr'>nisi</span> <span class='ocrx_word' id='word_1_464' title='bbox 2097 1844 2495 1903; x_wconf 87' lang='lat' dir='ltr'>antecedenter</span> <span class='ocrx_word' id='word_1_465' title='bbox 2540 1843 2958 1901; x_wconf 86' lang='lat' dir='ltr'>determinetur</span> <span class='ocrx_word' id='word_1_466' title='bbox 3006 1838 3292 1901; x_wconf 67' lang='lat' dir='ltr'>abprobatio.</span> 
     </span>
    </p>
   </div>
   <div class='ocr_carea' id='block_1_8' title="bbox 1708 1762 3075 1821">
    <p class='ocr_par' dir='ltr' id='par_1_8' title="bbox 1708 1762 3075 1821">
     <span class='ocr_line' id='line_1_77' title="bbox 1708 1762 3075 1821; baseline -0.001 -2"><span class='ocrx_word' id='word_1_467' title='bbox 1708 1766 1856 1820; x_wconf 91' lang='lat' dir='ltr'>Deus</span> <span class='ocrx_word' id='word_1_468' title='bbox 1884 1779 2000 1820; x_wconf 89' lang='lat' dir='ltr'>non</span> <span class='ocrx_word' id='word_1_469' title='bbox 2039 1764 2329 1821; x_wconf 85' lang='lat' dir='ltr'>concurrit</span> <span class='ocrx_word' id='word_1_470' title='bbox 2369 1764 2437 1820; x_wconf 90' lang='lat' dir='ltr'>ad</span> <span class='ocrx_word' id='word_1_471' title='bbox 2466 1769 2621 1820; x_wconf 90' lang='lat' dir='ltr'>actus</span> <span class='ocrx_word' id='word_1_472' title='bbox 2669 1762 2876 1819; x_wconf 86' lang='lat' dir='ltr'>liberos</span> <span class='ocrx_word' id='word_1_473' title='bbox 2914 1778 3075 1819; x_wconf 88' lang='lat' dir='ltr'>crea-</span> 
     </span>
    </p>
   </div>
   <div class='ocr_carea' id='block_1_9' title="bbox 1696 1924 3147 5063">
    <p class='ocr_par' dir='ltr' id='par_1_9' title="bbox 1696 1924 3147 5063">
     <span class='ocr_line' id='line_1_78' title="bbox 1706 1924 3078 1998; baseline 0.001 -18"><span class='ocrx_word' id='word_1_474' title='bbox 1706 1926 1830 1997; x_wconf 89' lang='lat' dir='ltr'>ipsa</span> <span class='ocrx_word' id='word_1_475' title='bbox 1851 1932 2148 1993; x_wconf 88' lang='lat' dir='ltr'>creatura,</span> <span class='ocrx_word' id='word_1_476' title='bbox 2135 1950 2147 1962; x_wconf 90' lang='lat'><strong>·</strong></span> <span class='ocrx_word' id='word_1_477' title='bbox 2180 1942 2290 1998; x_wconf 89' lang='lat' dir='ltr'>qua</span> <span class='ocrx_word' id='word_1_478' title='bbox 2336 1924 2818 1981; x_wconf 85' lang='lat' dir='ltr'>determinatione</span> <span class='ocrx_word' id='word_1_479' title='bbox 2868 1942 3078 1998; x_wconf 86' lang='lat' dir='ltr'>suppo-</span> 
     </span>
     <span class='ocr_line' id='line_1_79' title="bbox 1704 2004 3076 2079; baseline 0.001 -17"><span class='ocrx_word' id='word_1_480' title='bbox 1704 2007 1829 2074; x_wconf 88' lang='lat' dir='ltr'>sita,</span> <span class='ocrx_word' id='word_1_481' title='bbox 1866 2022 1968 2063; x_wconf 87' lang='lat' dir='ltr'>nec</span> <span class='ocrx_word' id='word_1_482' title='bbox 1981 2010 2128 2063; x_wconf 92' lang='lat' dir='ltr'>Deus</span> <span class='ocrx_word' id='word_1_483' title='bbox 2151 2006 2359 2079; x_wconf 90' lang='lat' dir='ltr'>potest</span> <span class='ocrx_word' id='word_1_484' title='bbox 2347 2024 2449 2078; x_wconf 78' lang='lat' dir='ltr'>ips</span> <span class='ocrx_word' id='word_1_485' title='bbox 2437 2014 2527 2061; x_wconf 65' lang='lat' dir='ltr'>nu</span> <span class='ocrx_word' id='word_1_486' title='bbox 2549 2004 2795 2071; x_wconf 82' lang='lat' dir='ltr'>auferre,</span> <span class='ocrx_word' id='word_1_487' title='bbox 2826 2021 2925 2062; x_wconf 83' lang='lat' dir='ltr'>nec</span> <span class='ocrx_word' id='word_1_488' title='bbox 2948 2023 3076 2063; x_wconf 88' lang='lat' dir='ltr'>cum</span> 
     </span>
     <span class='ocr_line' id='line_1_80' title="bbox 1704 2085 3075 2158; baseline 0.001 -16"><span class='ocrx_word' id='word_1_489' title='bbox 1704 2087 1957 2143; x_wconf 88' lang='lat' dir='ltr'>carentia</span> <span class='ocrx_word' id='word_1_490' title='bbox 1975 2086 2065 2141; x_wconf 91' lang='lat' dir='ltr'>sui</span> <span class='ocrx_word' id='word_1_491' title='bbox 2117 2101 2424 2141; x_wconf 89' lang='lat' dir='ltr'>concursus</span> <span class='ocrx_word' id='word_1_492' title='bbox 2475 2085 2853 2158; x_wconf 86' lang='lat' dir='ltr'>conjungere;</span> <span class='ocrx_word' id='word_1_493' title='bbox 2896 2091 2950 2143; x_wconf 91' lang='lat' dir='ltr'>et</span> <span class='ocrx_word' id='word_1_494' title='bbox 2980 2090 3075 2143; x_wconf 79' lang='lat' dir='ltr'>ni-</span> 
     </span>
     <span class='ocr_line' id='line_1_81' title="bbox 1706 2154 3077 2240; baseline 0 -18"><span class='ocrx_word' id='word_1_495' title='bbox 1706 2167 2033 2224; x_wconf 89' lang='lat' dir='ltr'>hilominus</span> <span class='ocrx_word' id='word_1_496' title='bbox 2080 2165 2263 2223; x_wconf 89' lang='lat' dir='ltr'>adhuc</span> <span class='ocrx_word' id='word_1_497' title='bbox 2305 2167 2419 2221; x_wconf 58' lang='lat' dir='ltr'>illa*</span> <span class='ocrx_word' id='word_1_498' title='bbox 2441 2165 2742 2223; x_wconf 87' lang='lat' dir='ltr'>determin</span> <span class='ocrx_word' id='word_1_499' title='bbox 2746 2167 2918 2223; x_wconf 75' lang='lat' dir='ltr'>itione</span> <span class='ocrx_word' id='word_1_500' title='bbox 2938 2154 3077 2240; x_wconf 81' lang='lat' dir='ltr'>sup-</span> 
     </span>
     <span class='ocr_line' id='line_1_82' title="bbox 1706 2248 3147 2322; baseline 0.001 -20"><span class='ocrx_word' id='word_1_501' title='bbox 1706 2248 1910 2320; x_wconf 89' lang='lat' dir='ltr'>posita,</span> <span class='ocrx_word' id='word_1_502' title='bbox 1955 2252 2133 2320; x_wconf 88' lang='lat' dir='ltr'>potest</span> <span class='ocrx_word' id='word_1_503' title='bbox 2179 2249 2327 2302; x_wconf 90' lang='lat' dir='ltr'>Deus</span> <span class='ocrx_word' id='word_1_504' title='bbox 2379 2261 2495 2301; x_wconf 91' lang='lat' dir='ltr'>non</span> <span class='ocrx_word' id='word_1_505' title='bbox 2527 2261 2907 2303; x_wconf 86' lang='lat' dir='ltr'>concurrere:</span> <span class='ocrx_word' id='word_1_506' title='bbox 2940 2263 3075 2322; x_wconf 83' lang='lat' dir='ltr'>ergo</span> <span class='ocrx_word' id='word_1_507' title='bbox 3142 2276 3147 2280; x_wconf 52' lang='lat'><strong><em>¹</em></strong></span> 
     </span>
     <span class='ocr_line' id='line_1_83' title="bbox 1702 2326 3074 2401; baseline 0 -17"><span class='ocrx_word' id='word_1_508' title='bbox 1702 2326 2018 2401; x_wconf 90' lang='lat' dir='ltr'>suppositio</span> <span class='ocrx_word' id='word_1_509' title='bbox 2053 2326 2408 2392; x_wconf 54' lang='lat' dir='ltr'>antecedens</span> <span class='ocrx_word' id='word_1_510' title='bbox 2440 2344 2611 2399; x_wconf 89' lang='lat' dir='ltr'>quam</span> <span class='ocrx_word' id='word_1_511' title='bbox 2642 2327 2848 2398; x_wconf 86' lang='lat' dir='ltr'>aliquis</span> <span class='ocrx_word' id='word_1_512' title='bbox 2877 2332 3074 2400; x_wconf 85' lang='lat' dir='ltr'>nequit</span> 
     </span>
     <span class='ocr_line' id='line_1_84' title="bbox 1703 2407 3067 2479; baseline 0.001 -15"><span class='ocrx_word' id='word_1_513' title='bbox 1703 2407 1950 2471; x_wconf 84' lang='lat' dir='ltr'>auferre,</span> <span class='ocrx_word' id='word_1_514' title='bbox 1966 2409 2060 2469; x_wconf 83' lang='lat' dir='ltr'>vel</span> <span class='ocrx_word' id='word_1_515' title='bbox 2088 2425 2216 2465; x_wconf 91' lang='lat' dir='ltr'>cum</span> <span class='ocrx_word' id='word_1_516' title='bbox 2231 2407 2422 2479; x_wconf 86' lang='lat' dir='ltr'>aliquo</span> <span class='ocrx_word' id='word_1_517' title='bbox 2433 2413 2689 2463; x_wconf 85' lang='lat' dir='ltr'>extremo</span> <span class='ocrx_word' id='word_1_518' title='bbox 2709 2423 3067 2479; x_wconf 83' lang='lat' dir='ltr'>componere.</span> 
     </span>
     <span class='ocr_line' id='line_1_85' title="bbox 1705 2486 3073 2561; baseline 0.001 -18"><span class='ocrx_word' id='word_1_519' title='bbox 1705 2504 1823 2545; x_wconf 90' lang='lat' dir='ltr'>non</span> <span class='ocrx_word' id='word_1_520' title='bbox 1853 2487 2007 2543; x_wconf 92' lang='lat' dir='ltr'>tollit</span> <span class='ocrx_word' id='word_1_521' title='bbox 2029 2494 2358 2560; x_wconf 89' lang='lat' dir='ltr'>potestatem</span> <span class='ocrx_word' id='word_1_522' title='bbox 2390 2486 2459 2543; x_wconf 89' lang='lat' dir='ltr'>ad</span> <span class='ocrx_word' id='word_1_523' title='bbox 2488 2486 2883 2559; x_wconf 85' lang='lat' dir='ltr'>attingendum</span> <span class='ocrx_word' id='word_1_524' title='bbox 2923 2506 3073 2561; x_wconf 79' lang='lat' dir='ltr'>prae-</span> 
     </span>
     <span class='ocr_line' id='line_1_86' title="bbox 1702 2566 3072 2641; baseline 0.002 -18"><span class='ocrx_word' id='word_1_525' title='bbox 1702 2567 1924 2623; x_wconf 88' lang='lat' dir='ltr'>dictum</span> <span class='ocrx_word' id='word_1_526' title='bbox 1970 2573 2316 2624; x_wconf 86' lang='lat' dir='ltr'>extremum.</span> <span class='ocrx_word' id='word_1_527' title='bbox 2348 2566 2627 2623; x_wconf 83' lang='lat' dir='ltr'>Suadetur</span> <span class='ocrx_word' id='word_1_528' title='bbox 2656 2567 2840 2640; x_wconf 83' lang='lat' dir='ltr'>major</span> <span class='ocrx_word' id='word_1_529' title='bbox 2889 2570 3072 2641; x_wconf 80' lang='lat' dir='ltr'>quoad</span> 
     </span>
     <span class='ocr_line' id='line_1_87' title="bbox 1701 2647 3073 2720; baseline 0 -16"><span class='ocrx_word' id='word_1_530' title='bbox 1701 2662 1901 2704; x_wconf 90' lang='lat' dir='ltr'>omnes</span> <span class='ocrx_word' id='word_1_531' title='bbox 1931 2653 2159 2719; x_wconf 89' lang='lat' dir='ltr'>partes:</span> <span class='ocrx_word' id='word_1_532' title='bbox 2189 2665 2327 2704; x_wconf 89' lang='lat' dir='ltr'>narn</span> <span class='ocrx_word' id='word_1_533' title='bbox 2375 2647 2438 2703; x_wconf 88' lang='lat' dir='ltr'>in</span> <span class='ocrx_word' id='word_1_534' title='bbox 2468 2647 2671 2718; x_wconf 89' lang='lat' dir='ltr'>primis</span> <span class='ocrx_word' id='word_1_535' title='bbox 2706 2649 2869 2720; x_wconf 85' lang='lat' dir='ltr'>juxta</span> <span class='ocrx_word' id='word_1_536' title='bbox 2916 2665 3073 2705; x_wconf 89' lang='lat' dir='ltr'>com-</span> 
     </span>
     <span class='ocr_line' id='line_1_88' title="bbox 1705 2728 3073 2794; baseline 0 -10"><span class='ocrx_word' id='word_1_537' title='bbox 1705 2743 1942 2787; x_wconf 92' lang='lat' dir='ltr'>munem</span> <span class='ocrx_word' id='word_1_538' title='bbox 1989 2728 2470 2786; x_wconf 88' lang='lat' dir='ltr'>Adversariorum</span> <span class='ocrx_word' id='word_1_539' title='bbox 2512 2729 2875 2794; x_wconf 85' lang='lat' dir='ltr'>sententiam,</span> <span class='ocrx_word' id='word_1_540' title='bbox 2930 2732 3073 2786; x_wconf 91' lang='lat' dir='ltr'>Deus</span> 
     </span>
     <span class='ocr_line' id='line_1_89' title="bbox 1703 2807 3066 2873; baseline 0.001 -9"><span class='ocrx_word' id='word_1_541' title='bbox 1703 2823 1819 2865; x_wconf 90' lang='lat' dir='ltr'>non</span> <span class='ocrx_word' id='word_1_542' title='bbox 1834 2808 2092 2865; x_wconf 89' lang='lat' dir='ltr'>decernit</span> <span class='ocrx_word' id='word_1_543' title='bbox 2105 2808 2358 2866; x_wconf 87' lang='lat' dir='ltr'>absolute</span> <span class='ocrx_word' id='word_1_544' title='bbox 2375 2814 2531 2864; x_wconf 81' lang='lat' dir='ltr'>actus</span> <span class='ocrx_word' id='word_1_545' title='bbox 2546 2807 2757 2864; x_wconf 83' lang='lat' dir='ltr'>liberos</span> <span class='ocrx_word' id='word_1_546' title='bbox 2771 2817 2962 2865; x_wconf 86' lang='lat' dir='ltr'>creatu</span> <span class='ocrx_word' id='word_1_547' title='bbox 2972 2825 3066 2873; x_wconf 66' lang='lat' dir='ltr'>reo,</span> 
     </span>
     <span class='ocr_line' id='line_1_90' title="bbox 1699 2890 3070 2963; baseline 0.001 -17"><span class='ocrx_word' id='word_1_548' title='bbox 1699 2890 1797 2947; x_wconf 90' lang='lat' dir='ltr'>sed</span> <span class='ocrx_word' id='word_1_549' title='bbox 1826 2897 2049 2947; x_wconf 88' lang='lat' dir='ltr'>tantum</span> <span class='ocrx_word' id='word_1_550' title='bbox 2106 2892 2214 2963; x_wconf 89' lang='lat' dir='ltr'>ipsi</span> <span class='ocrx_word' id='word_1_551' title='bbox 2256 2890 2421 2948; x_wconf 76' lang='lat' dir='ltr'>offert</span> <span class='ocrx_word' id='word_1_552' title='bbox 2454 2905 2793 2945; x_wconf 87' lang='lat' dir='ltr'>concursum</span> <span class='ocrx_word' id='word_1_553' title='bbox 2837 2890 3070 2947; x_wconf 79' lang='lat' dir='ltr'>indiffe—</span> 
     </span>
     <span class='ocr_line' id='line_1_91' title="bbox 1704 2969 3071 3036; baseline 0 -10"><span class='ocrx_word' id='word_1_554' title='bbox 1704 2976 1944 3034; x_wconf 81' lang='lat' dir='ltr'>rentem.</span> <span class='ocrx_word' id='word_1_555' title='bbox 1965 2969 2559 3036; x_wconf 88' lang='lat' dir='ltr'>acdeterminabilem‚</span> <span class='ocrx_word' id='word_1_556' title='bbox 2581 2978 2774 3025; x_wconf 86' lang='lat' dir='ltr'>etcum</span> <span class='ocrx_word' id='word_1_557' title='bbox 2802 2970 2902 3025; x_wconf 84' lang='lat' dir='ltr'>hac</span> <span class='ocrx_word' id='word_1_558' title='bbox 2916 2973 3071 3026; x_wconf 86' lang='lat' dir='ltr'>volut</span> 
     </span>
     <span class='ocr_line' id='line_1_92' title="bbox 1698 3051 3069 3125; baseline 0 -17"><span class='ocrx_word' id='word_1_559' title='bbox 1698 3054 2065 3125; x_wconf 85' lang='lat' dir='ltr'>expressione</span> <span class='ocrx_word' id='word_1_560' title='bbox 2093 3074 2106 3108; x_wconf 91' lang='lat'>:</span> <span class='ocrx_word' id='word_1_561' title='bbox 2133 3051 2475 3110; x_wconf 71' lang='lat' dir='ltr'>Concurrunt</span> <span class='ocrx_word' id='word_1_562' title='bbox 2514 3057 2706 3113; x_wconf 66' lang='lat' dir='ltr'>tectim,</span> <span class='ocrx_word' id='word_1_563' title='bbox 2740 3054 2790 3106; x_wconf 77' lang='lat' dir='ltr'>si</span> <span class='ocrx_word' id='word_1_564' title='bbox 2834 3053 3069 3108; x_wconf 76' lang='lat' dir='ltr'>volueris</span> 
     </span>
     <span class='ocr_line' id='line_1_93' title="bbox 1698 3132 3071 3203; baseline 0.002 -17"><span class='ocrx_word' id='word_1_565' title='bbox 1698 3149 1856 3203; x_wconf 74' lang='lat' dir='ltr'>ayere</span> <span class='ocrx_word' id='word_1_566' title='bbox 1884 3152 1901 3186; x_wconf 89' lang='lat'><em>:</em></span> <span class='ocrx_word' id='word_1_567' title='bbox 1925 3134 2116 3190; x_wconf 88' lang='lat' dir='ltr'>omnis</span> <span class='ocrx_word' id='word_1_568' title='bbox 2156 3139 2344 3190; x_wconf 90' lang='lat' dir='ltr'>autem</span> <span class='ocrx_word' id='word_1_569' title='bbox 2373 3132 2641 3196; x_wconf 90' lang='lat' dir='ltr'>conditio,</span> <span class='ocrx_word' id='word_1_570' title='bbox 2687 3138 2743 3187; x_wconf 89' lang='lat' dir='ltr'>et</span> <span class='ocrx_word' id='word_1_571' title='bbox 2770 3148 2940 3188; x_wconf 89' lang='lat' dir='ltr'>omne</span> <span class='ocrx_word' id='word_1_572' title='bbox 2967 3132 3071 3189; x_wconf 84' lang='lat' dir='ltr'>de-</span> 
     </span>
     <span class='ocr_line' id='line_1_94' title="bbox 1700 3211 3068 3285; baseline 0.001 -18"><span class='ocrx_word' id='word_1_573' title='bbox 1700 3212 2138 3269; x_wconf 90' lang='lat' dir='ltr'>terminativum</span> <span class='ocrx_word' id='word_1_574' title='bbox 2165 3211 2485 3285; x_wconf 62' lang='lat' dir='ltr'>praecedunt</span> <span class='ocrx_word' id='word_1_575' title='bbox 2512 3228 2679 3267; x_wconf 90' lang='lat' dir='ltr'>suum</span> <span class='ocrx_word' id='word_1_576' title='bbox 2710 3211 3068 3268; x_wconf 83' lang='lat' dir='ltr'>determina-</span> 
     </span>
     <span class='ocr_line' id='line_1_95' title="bbox 1700 3289 3065 3366; baseline 0.002 -20"><span class='ocrx_word' id='word_1_577' title='bbox 1700 3290 1814 3347; x_wconf 89' lang='lat' dir='ltr'>bile</span> <span class='ocrx_word' id='word_1_578' title='bbox 1842 3290 1912 3347; x_wconf 87' lang='lat' dir='ltr'>ab</span> <span class='ocrx_word' id='word_1_579' title='bbox 1964 3291 2067 3348; x_wconf 89' lang='lat' dir='ltr'>illa</span> <span class='ocrx_word' id='word_1_580' title='bbox 2112 3291 2440 3348; x_wconf 89' lang='lat' dir='ltr'>conditione</span> <span class='ocrx_word' id='word_1_581' title='bbox 2491 3289 2819 3363; x_wconf 79' lang='lat' dir='ltr'>dependens</span> <span class='ocrx_word' id='word_1_582' title='bbox 2873 3313 2884 3346; x_wconf 92' lang='lat'>:</span> <span class='ocrx_word' id='word_1_583' title='bbox 2930 3308 3065 3366; x_wconf 82' lang='lat' dir='ltr'>ergo</span> 
     </span>
     <span class='ocr_line' id='line_1_96' title="bbox 1701 3371 3067 3443; baseline 0.001 -17"><span class='ocrx_word' id='word_1_584' title='bbox 1701 3374 1846 3429; x_wconf 90' lang='lat' dir='ltr'>Deus</span> <span class='ocrx_word' id='word_1_585' title='bbox 1877 3372 2296 3429; x_wconf 89' lang='lat' dir='ltr'>nonconcurrit</span> <span class='ocrx_word' id='word_1_586' title='bbox 2343 3371 2413 3428; x_wconf 88' lang='lat' dir='ltr'>ad</span> <span class='ocrx_word' id='word_1_587' title='bbox 2448 3372 2808 3443; x_wconf 83' lang='lat' dir='ltr'>operationes</span> <span class='ocrx_word' id='word_1_588' title='bbox 2855 3373 3067 3429; x_wconf 80' lang='lat' dir='ltr'>liberas</span> 
     </span>
     <span class='ocr_line' id='line_1_97' title="bbox 1698 3450 3064 3519; baseline -0.001 -10"><span class='ocrx_word' id='word_1_589' title='bbox 1698 3457 1990 3519; x_wconf 86' lang='lat' dir='ltr'>creaturae,</span> <span class='ocrx_word' id='word_1_590' title='bbox 2013 3452 2125 3507; x_wconf 90' lang='lat' dir='ltr'>nisi</span> <span class='ocrx_word' id='word_1_591' title='bbox 2139 3450 2537 3508; x_wconf 89' lang='lat' dir='ltr'>antecedenter</span> <span class='ocrx_word' id='word_1_592' title='bbox 2558 3451 2977 3508; x_wconf 81' lang='lat' dir='ltr'>determinetur</span> <span class='ocrx_word' id='word_1_593' title='bbox 2996 3471 3022 3507; x_wconf 78' lang='lat' dir='ltr'>a</span> <span class='ocrx_word' id='word_1_594' title='bbox 3036 3455 3064 3507; x_wconf 90' lang='lat' dir='ltr'>b</span> 
     </span>
     <span class='ocr_line' id='line_1_98' title="bbox 1699 3531 3066 3607; baseline -0.001 -17"><span class='ocrx_word' id='word_1_595' title='bbox 1699 3533 1822 3607; x_wconf 90' lang='lat' dir='ltr'>ipsa</span> <span class='ocrx_word' id='word_1_596' title='bbox 1850 3537 2131 3590; x_wconf 88' lang='lat' dir='ltr'>creatura.</span> <span class='ocrx_word' id='word_1_597' title='bbox 2163 3535 2382 3588; x_wconf 88' lang='lat' dir='ltr'>Rursus</span> <span class='ocrx_word' id='word_1_598' title='bbox 2410 3535 2556 3589; x_wconf 90' lang='lat' dir='ltr'>Deus</span> <span class='ocrx_word' id='word_1_599' title='bbox 2578 3533 2774 3604; x_wconf 76' lang='lat' dir='ltr'>nequit</span> <span class='ocrx_word' id='word_1_600' title='bbox 2796 3531 3066 3588; x_wconf 84' lang='lat' dir='ltr'>determi-</span> 
     </span>
     <span class='ocr_line' id='line_1_99' title="bbox 1700 3614 3066 3688; baseline -0.001 -16"><span class='ocrx_word' id='word_1_601' title='bbox 1700 3616 1995 3672; x_wconf 89' lang='lat' dir='ltr'>nationem</span> <span class='ocrx_word' id='word_1_602' title='bbox 2016 3619 2291 3671; x_wconf 82' lang='lat' dir='ltr'>creaturae</span> <span class='ocrx_word' id='word_1_603' title='bbox 2330 3614 2576 3679; x_wconf 83' lang='lat' dir='ltr'>auferre,</span> <span class='ocrx_word' id='word_1_604' title='bbox 2602 3615 2884 3688; x_wconf 88' lang='lat' dir='ltr'>siquidem</span> <span class='ocrx_word' id='word_1_605' title='bbox 2916 3631 3066 3686; x_wconf 68' lang='lat' dir='ltr'>pree-</span> 
     </span>
     <span class='ocr_line' id='line_1_100' title="bbox 1696 3693 3065 3769; baseline -0.002 -15"><span class='ocrx_word' id='word_1_606' title='bbox 1696 3695 1846 3754; x_wconf 90' lang='lat' dir='ltr'>cedit</span> <span class='ocrx_word' id='word_1_607' title='bbox 1865 3711 2029 3751; x_wconf 89' lang='lat' dir='ltr'>suam</span> <span class='ocrx_word' id='word_1_608' title='bbox 2057 3693 2618 3760; x_wconf 87' lang='lat' dir='ltr'>determinationem,</span> <span class='ocrx_word' id='word_1_609' title='bbox 2640 3703 2696 3751; x_wconf 89' lang='lat' dir='ltr'>et</span> <span class='ocrx_word' id='word_1_610' title='bbox 2721 3712 2892 3752; x_wconf 89' lang='lat' dir='ltr'>omne</span> <span class='ocrx_word' id='word_1_611' title='bbox 2917 3697 3065 3769; x_wconf 86' lang='lat' dir='ltr'>quod</span> 
     </span>
     <span class='ocr_line' id='line_1_101' title="bbox 1696 3773 3059 3847; baseline -0.003 -13"><span class='ocrx_word' id='word_1_612' title='bbox 1696 3782 1797 3844; x_wconf 89' lang='lat' dir='ltr'>est,</span> <span class='ocrx_word' id='word_1_613' title='bbox 1828 3791 1897 3832; x_wconf 85' lang='lat' dir='ltr'>ex</span> <span class='ocrx_word' id='word_1_614' title='bbox 1924 3775 2314 3847; x_wconf 90' lang='lat' dir='ltr'>suppositione</span> <span class='ocrx_word' id='word_1_615' title='bbox 2334 3773 2481 3846; x_wconf 91' lang='lat' dir='ltr'>quod</span> <span class='ocrx_word' id='word_1_616' title='bbox 2497 3776 2590 3842; x_wconf 86' lang='lat' dir='ltr'>sit,</span> <span class='ocrx_word' id='word_1_617' title='bbox 2620 3778 2938 3833; x_wconf 85' lang='lat' dir='ltr'>necessario</span> <span class='ocrx_word' id='word_1_618' title='bbox 2959 3784 3059 3832; x_wconf 78' lang='lat' dir='ltr'>est.</span> 
     </span>
     <span class='ocr_line' id='line_1_102' title="bbox 1698 3854 3063 3927; baseline 0.001 -16"><span class='ocrx_word' id='word_1_619' title='bbox 1698 3854 1954 3912; x_wconf 90' lang='lat' dir='ltr'>Tandem</span> <span class='ocrx_word' id='word_1_620' title='bbox 2007 3855 2265 3927; x_wconf 85' lang='lat' dir='ltr'>implicat</span> <span class='ocrx_word' id='word_1_621' title='bbox 2304 3854 2556 3911; x_wconf 80' lang='lat' dir='ltr'>influxus</span> <span class='ocrx_word' id='word_1_622' title='bbox 2598 3862 2889 3921; x_wconf 78' lang='lat' dir='ltr'>creaturae,</span> <span class='ocrx_word' id='word_1_623' title='bbox 2950 3858 3063 3912; x_wconf 84' lang='lat' dir='ltr'>nisi</span> 
     </span>
     <span class='ocr_line' id='line_1_103' title="bbox 1697 3934 3065 4010; baseline 0 -18"><span class='ocrx_word' id='word_1_624' title='bbox 1697 3937 1873 3993; x_wconf 90' lang='lat' dir='ltr'>simul</span> <span class='ocrx_word' id='word_1_625' title='bbox 1903 3934 2050 3991; x_wconf 85' lang='lat' dir='ltr'>adsit</span> <span class='ocrx_word' id='word_1_626' title='bbox 2089 3934 2340 3991; x_wconf 84' lang='lat' dir='ltr'>influxus</span> <span class='ocrx_word' id='word_1_627' title='bbox 2367 3937 2466 3991; x_wconf 91' lang='lat' dir='ltr'>Dei</span> <span class='ocrx_word' id='word_1_628' title='bbox 2492 3952 2662 4010; x_wconf 82' lang='lat' dir='ltr'>:ergo</span> <span class='ocrx_word' id='word_1_629' title='bbox 2705 3938 2848 3993; x_wconf 92' lang='lat' dir='ltr'>Deus</span> <span class='ocrx_word' id='word_1_630' title='bbox 2870 3938 3065 4009; x_wconf 87' lang='lat' dir='ltr'>nequit</span> 
     </span>
     <span class='ocr_line' id='line_1_104' title="bbox 1697 4018 3064 4090; baseline 0 -16"><span class='ocrx_word' id='word_1_631' title='bbox 1697 4018 2242 4075; x_wconf 89' lang='lat' dir='ltr'>determinationem</span> <span class='ocrx_word' id='word_1_632' title='bbox 2269 4021 2544 4073; x_wconf 81' lang='lat' dir='ltr'>creaturae</span> <span class='ocrx_word' id='word_1_633' title='bbox 2569 4034 2911 4090; x_wconf 82' lang='lat' dir='ltr'>componere</span> <span class='ocrx_word' id='word_1_634' title='bbox 2935 4035 3064 4074; x_wconf 86' lang='lat' dir='ltr'>cum</span> 
     </span>
     <span class='ocr_line' id='line_1_105' title="bbox 1697 4097 3060 4172; baseline 0.002 -17"><span class='ocrx_word' id='word_1_635' title='bbox 1697 4097 1954 4155; x_wconf 89' lang='lat' dir='ltr'>carentia</span> <span class='ocrx_word' id='word_1_636' title='bbox 1975 4098 2063 4172; x_wconf 86' lang='lat' dir='ltr'>sui</span> <span class='ocrx_word' id='word_1_637' title='bbox 2084 4113 2409 4154; x_wconf 84' lang='lat' dir='ltr'>concursus.</span> <span class='ocrx_word' id='word_1_638' title='bbox 2436 4097 2630 4153; x_wconf 88' lang='lat' dir='ltr'>Minor</span> <span class='ocrx_word' id='word_1_639' title='bbox 2663 4099 2835 4153; x_wconf 88' lang='lat' dir='ltr'>etiam</span> <span class='ocrx_word' id='word_1_640' title='bbox 2863 4098 3060 4170; x_wconf 81' lang='lat' dir='ltr'>liquet.</span> 
     </span>
     <span class='ocr_line' id='line_1_106' title="bbox 1696 4176 3059 4252; baseline 0.001 -19"><span class='ocrx_word' id='word_1_641' title='bbox 1696 4178 1831 4252; x_wconf 89' lang='lat' dir='ltr'>quia</span> <span class='ocrx_word' id='word_1_642' title='bbox 1862 4179 2008 4233; x_wconf 91' lang='lat' dir='ltr'>Deus</span> <span class='ocrx_word' id='word_1_643' title='bbox 2041 4193 2157 4234; x_wconf 91' lang='lat' dir='ltr'>non</span> <span class='ocrx_word' id='word_1_644' title='bbox 2181 4176 2373 4232; x_wconf 85' lang='lat' dir='ltr'>influit</span> <span class='ocrx_word' id='word_1_645' title='bbox 2397 4178 2713 4234; x_wconf 89' lang='lat' dir='ltr'>necessario</span> <span class='ocrx_word' id='word_1_646' title='bbox 2755 4178 2823 4233; x_wconf 86' lang='lat' dir='ltr'>ad</span> <span class='ocrx_word' id='word_1_647' title='bbox 2878 4185 3059 4240; x_wconf 78' lang='lat' dir='ltr'>extra,</span> 
     </span>
     <span class='ocr_line' id='line_1_107' title="bbox 1696 4256 3065 4333; baseline 0 -18"><span class='ocrx_word' id='word_1_648' title='bbox 1696 4258 1795 4316; x_wconf 87' lang='lat' dir='ltr'>sed</span> <span class='ocrx_word' id='word_1_649' title='bbox 1827 4256 2007 4315; x_wconf 89' lang='lat' dir='ltr'>libere</span> <span class='ocrx_word' id='word_1_650' title='bbox 2039 4279 2052 4314; x_wconf 74' lang='grc' dir='ltr'><strong><em>ε</em></strong></span> <span class='ocrx_word' id='word_1_651' title='bbox 2081 4274 2217 4333; x_wconf 85' lang='lat' dir='ltr'>ergo</span> <span class='ocrx_word' id='word_1_652' title='bbox 2239 4259 2318 4314; x_wconf 88' lang='lat' dir='ltr'>ita</span> <span class='ocrx_word' id='word_1_653' title='bbox 2345 4260 2777 4315; x_wconf 91' lang='lat' dir='ltr'>concurritcum</span> <span class='ocrx_word' id='word_1_654' title='bbox 2806 4266 3065 4316; x_wconf 85' lang='lat' dir='ltr'>creatura</span> 
     </span>
     <span class='ocr_line' id='line_1_108' title="bbox 1698 4339 3066 4414; baseline 0.001 -17"><span class='ocrx_word' id='word_1_655' title='bbox 1698 4340 1766 4397; x_wconf 87' lang='lat' dir='ltr'>ad</span> <span class='ocrx_word' id='word_1_656' title='bbox 1793 4345 1950 4397; x_wconf 90' lang='lat' dir='ltr'>actus</span> <span class='ocrx_word' id='word_1_657' title='bbox 1992 4339 2224 4406; x_wconf 76' lang='lat' dir='ltr'>liberOS,</span> <span class='ocrx_word' id='word_1_658' title='bbox 2257 4339 2326 4397; x_wconf 89' lang='lat' dir='ltr'>ad</span> <span class='ocrx_word' id='word_1_659' title='bbox 2348 4357 2486 4414; x_wconf 89' lang='lat' dir='ltr'>quos</span> <span class='ocrx_word' id='word_1_660' title='bbox 2517 4341 2641 4413; x_wconf 88' lang='lat' dir='ltr'>ipsa</span> <span class='ocrx_word' id='word_1_661' title='bbox 2683 4357 2742 4396; x_wconf 89' lang='lat' dir='ltr'>se</span> <span class='ocrx_word' id='word_1_662' title='bbox 2788 4340 3066 4398; x_wconf 87' lang='lat' dir='ltr'>determi-</span> 
     </span>
     <span class='ocr_line' id='line_1_109' title="bbox 1699 4420 3059 4494; baseline 0 -16"><span class='ocrx_word' id='word_1_663' title='bbox 1699 4427 1816 4489; x_wconf 89' lang='lat' dir='ltr'>nat,</span> <span class='ocrx_word' id='word_1_664' title='bbox 1853 4420 2002 4494; x_wconf 92' lang='lat' dir='ltr'>quod</span> <span class='ocrx_word' id='word_1_665' title='bbox 2026 4425 2205 4493; x_wconf 89' lang='lat' dir='ltr'>potest</span> <span class='ocrx_word' id='word_1_666' title='bbox 2256 4420 2510 4478; x_wconf 90' lang='lat' dir='ltr'>absolute</span> <span class='ocrx_word' id='word_1_667' title='bbox 2538 4437 2655 4476; x_wconf 91' lang='lat' dir='ltr'>non</span> <span class='ocrx_word' id='word_1_668' title='bbox 2701 4437 3059 4480; x_wconf 72' lang='lat' dir='ltr'>concurrere,</span> 
     </span>
     <span class='ocr_line' id='line_1_110' title="bbox 1697 4500 3113 4578; baseline 0.001 -21"><span class='ocrx_word' id='word_1_669' title='bbox 1697 4504 1812 4559; x_wconf 88' lang='lat' dir='ltr'>Nec</span> <span class='ocrx_word' id='word_1_670' title='bbox 1833 4500 2137 4558; x_wconf 85' lang='lat' dir='ltr'>limitanda</span> <span class='ocrx_word' id='word_1_671' title='bbox 2158 4505 2243 4557; x_wconf 86' lang='lat' dir='ltr'>est</span> <span class='ocrx_word' id='word_1_672' title='bbox 2291 4504 2375 4570; x_wconf 91' lang='lat' dir='ltr'>(ut</span> <span class='ocrx_word' id='word_1_673' title='bbox 2398 4502 2479 4558; x_wconf 92' lang='lat' dir='ltr'>sic</span> <span class='ocrx_word' id='word_1_674' title='bbox 2506 4502 2732 4557; x_wconf 85' lang='lat' dir='ltr'>tacitam</span> <span class='ocrx_word' id='word_1_675' title='bbox 2780 4501 3066 4560; x_wconf 82' lang='lat' dir='ltr'>Adversa·</span> <span class='ocrx_word' id='word_1_676' title='bbox 3109 4574 3113 4578; x_wconf 73' lang='lat'><strong>.</strong></span> 
     </span>
     <span class='ocr_line' id='line_1_111' title="bbox 1696 4580 3065 4654; baseline 0.001 -16"><span class='ocrx_word' id='word_1_677' title='bbox 1696 4583 1917 4639; x_wconf 90' lang='lat' dir='ltr'>siorum</span> <span class='ocrx_word' id='word_1_678' title='bbox 1971 4580 2300 4638; x_wconf 85' lang='lat' dir='ltr'>evasionem</span> <span class='ocrx_word' id='word_1_679' title='bbox 2356 4581 2792 4654; x_wconf 80' lang='lat' dir='ltr'>praecludamus)</span> <span class='ocrx_word' id='word_1_680' title='bbox 2854 4584 3065 4640; x_wconf 79' lang='lat' dir='ltr'>imme-</span> 
     </span>
     <span class='ocr_line' id='line_1_112' title="bbox 1696 4659 3066 4735; baseline 0.002 -19"><span class='ocrx_word' id='word_1_681' title='bbox 1696 4662 1851 4718; x_wconf 88' lang='lat' dir='ltr'>diata</span> <span class='ocrx_word' id='word_1_682' title='bbox 1880 4660 2111 4718; x_wconf 88' lang='lat' dir='ltr'>libertas</span> <span class='ocrx_word' id='word_1_683' title='bbox 2133 4661 2232 4718; x_wconf 89' lang='lat' dir='ltr'>Dei</span> <span class='ocrx_word' id='word_1_684' title='bbox 2281 4659 2351 4716; x_wconf 93' lang='lat' dir='ltr'>ad</span> <span class='ocrx_word' id='word_1_685' title='bbox 2395 4663 2576 4717; x_wconf 89' lang='lat' dir='ltr'>solam</span> <span class='ocrx_word' id='word_1_686' title='bbox 2626 4662 2872 4733; x_wconf 85' lang='lat' dir='ltr'>primam</span> <span class='ocrx_word' id='word_1_687' title='bbox 2933 4681 3066 4735; x_wconf 90' lang='lat' dir='ltr'>pro-</span> 
     </span>
     <span class='ocr_line' id='line_1_113' title="bbox 1697 4742 3067 4808; baseline 0.003 -10"><span class='ocrx_word' id='word_1_688' title='bbox 1697 4742 2025 4800; x_wconf 91' lang='lat' dir='ltr'>ductionem</span> <span class='ocrx_word' id='word_1_689' title='bbox 2047 4743 2361 4801; x_wconf 88' lang='lat' dir='ltr'>voluntatis</span> <span class='ocrx_word' id='word_1_690' title='bbox 2381 4749 2598 4808; x_wconf 69' lang='lat' dir='ltr'>creatas,</span> <span class='ocrx_word' id='word_1_691' title='bbox 2620 4742 2714 4799; x_wconf 90' lang='lat' dir='ltr'>sed</span> <span class='ocrx_word' id='word_1_692' title='bbox 2737 4745 3067 4802; x_wconf 89' lang='lat' dir='ltr'>extenditur</span> 
     </span>
     <span class='ocr_line' id='line_1_114' title="bbox 1697 4821 3062 4897; baseline 0.001 -17"><span class='ocrx_word' id='word_1_693' title='bbox 1697 4823 1874 4880; x_wconf 88' lang='lat' dir='ltr'>etiam</span> <span class='ocrx_word' id='word_1_694' title='bbox 1904 4821 1973 4879; x_wconf 86' lang='lat' dir='ltr'>ad</span> <span class='ocrx_word' id='word_1_695' title='bbox 2002 4838 2202 4879; x_wconf 89' lang='lat' dir='ltr'>omnes</span> <span class='ocrx_word' id='word_1_696' title='bbox 2222 4824 2343 4897; x_wconf 87' lang='lat' dir='ltr'>ejus</span> <span class='ocrx_word' id='word_1_697' title='bbox 2365 4822 2733 4896; x_wconf 61' lang='lat' dir='ltr'>operationes</span> <span class='ocrx_word' id='word_1_698' title='bbox 2759 4830 2815 4879; x_wconf 90' lang='lat' dir='ltr'>et</span> <span class='ocrx_word' id='word_1_699' title='bbox 2837 4824 3062 4892; x_wconf 90' lang='lat' dir='ltr'>modos;</span> 
     </span>
     <span class='ocr_line' id='line_1_115' title="bbox 1696 4901 3061 4975; baseline 0.001 -17"><span class='ocrx_word' id='word_1_700' title='bbox 1696 4903 1834 4975; x_wconf 87' lang='lat' dir='ltr'>quia</span> <span class='ocrx_word' id='word_1_701' title='bbox 1870 4902 2018 4958; x_wconf 89' lang='lat' dir='ltr'>sicut</span> <span class='ocrx_word' id='word_1_702' title='bbox 2062 4903 2261 4959; x_wconf 89' lang='lat' dir='ltr'>omnia</span> <span class='ocrx_word' id='word_1_703' title='bbox 2311 4902 2430 4959; x_wconf 82' lang='lat' dir='ltr'>haec</span> <span class='ocrx_word' id='word_1_704' title='bbox 2470 4901 2801 4960; x_wconf 88' lang='lat' dir='ltr'>immediate</span> <span class='ocrx_word' id='word_1_705' title='bbox 2851 4918 3061 4968; x_wconf 85' lang='lat' dir='ltr'>causat,</span> 
     </span>
     <span class='ocr_line' id='line_1_116' title="bbox 1699 4982 3063 5063; baseline 0.001 -23"><span class='ocrx_word' id='word_1_706' title='bbox 1699 4985 1780 5042; x_wconf 88' lang='lat' dir='ltr'>ita</span> <span class='ocrx_word' id='word_1_707' title='bbox 1802 4985 1981 5042; x_wconf 88' lang='lat' dir='ltr'>etiam</span> <span class='ocrx_word' id='word_1_708' title='bbox 2008 4984 2205 5042; x_wconf 91' lang='lat' dir='ltr'>omnia</span> <span class='ocrx_word' id='word_1_709' title='bbox 2228 4982 2579 5051; x_wconf 87' lang='lat' dir='ltr'>immediate,</span> <span class='ocrx_word' id='word_1_710' title='bbox 2611 4988 2667 5040; x_wconf 91' lang='lat' dir='ltr'>et</span> <span class='ocrx_word' id='word_1_711' title='bbox 2694 4983 2873 5063; x_wconf 83' lang='lat' dir='ltr'>libere</span> <span class='ocrx_word' id='word_1_712' title='bbox 2900 4989 3021 5042; x_wconf 75' lang='lat' dir='ltr'>vult</span> <span class='ocrx_word' id='word_1_713' title='bbox 3053 5012 3063 5042; x_wconf 88' lang='lat'>:</span> 
     </span>
    </p>
   </div>
   <div class='ocr_carea' id='block_1_10' title="bbox 2882 5080 2917 5133">
    <p class='ocr_par' dir='ltr' id='par_1_10' title="bbox 2882 5080 2917 5133">
     <span class='ocr_line' id='line_1_117' title="bbox 2882 5080 2917 5133; baseline 0 0"><span class='ocrx_word' id='word_1_714' title='bbox 2882 5080 2917 5133; x_wconf 79' lang='lat'>9</span> 
     </span>
    </p>
   </div>
  </div>
 </body>
</html>
