3647 5753
532 398 638 451 362
1335 420 1342 427 ·
1458 390 1548 443 DE
1587 384 2167 443 -IUSTIFICATIONE
2209 386 2409 442 IMPII.

536 568 738 642 gratiae
791 568 978 639 ipsum
1022 570 1395 639 augmentum
1449 570 1721 636 tanquam
1751 576 1894 634 prae-

534 647 718 702 mium
750 648 1073 719 assequitur
1099 666 1113 703 :
1141 661 1318 716 quare
1358 644 1456 717 qui
1479 649 1736 700 meretur
1765 640 1894 713 pri-

533 726 824 782 vationem
845 726 1066 800 gratiae,
1104 725 1288 797 ipsam
1318 724 1707 797 privationem
1735 721 1895 777 velut

538 821 764 877 poenam
789 807 851 862 in
877 805 1076 863 eodem
1119 804 1359 860 instanti
1389 819 1506 861 non
1532 800 1838 858 sustinebit
1867 802 1894 856 P

538 888 734 957 thuo
777 887 1170 950 fundamento,
1222 889 1320 940 aut
1360 884 1694 940 necessitate
1713 880 1893 938 debe-

539 985 666 1023 mus
692 969 980 1025 contrario
1008 967 1176 1024 modo
1215 965 1554 1030 discurrere,
1586 969 1642 1021 et
1662 962 1895 1037 opposi-

541 1057 621 1106 tas
645 1057 837 1106 tenere
857 1050 1196 1107 assertiones
1210 1051 1236 1103 ⁰?
1258 1049 1440 1111 Quam
1459 1046 1892 1118 responsionem

342 1139 503 1179 scmus.
542 1132 803 1204 prosequi
831 1129 1038 1187 debent
1061 1131 1270 1194 Scotus,
1303 1126 1605 1192 Ochamus,
1635 1125 1888 1192 Gabriel,

324 1186 510 1277 ἓὲῗῗέἓῑ,
539 1216 787 1270 Joannes
824 1212 895 1269 de
921 1211 1170 1278 Medina,
1202 1216 1258 1268 et
1288 1209 1389 1265 alii
1413 1209 1768 1272 NominaleS,
1794 1207 1894 1279 qui

342 1283 502 1326 ”Min-
537 1293 921 1350 communiter
973 1307 1090 1348 non
1134 1293 1535 1364 recognoscunt
1581 1288 1896 1360 oppositio-

541 1388 672 1428 nem
695 1372 988 1446 physicam
1026 1372 1178 1428 inter
1207 1373 1515 1442 peccatum,
1540 1373 1597 1424 et
1621 1368 1889 1442 gratiam,

535 1451 633 1509 sed
681 1457 903 1507 tantum
945 1451 1268 1507 moralem:
1315 1448 1407 1505 vel
1454 1448 1588 1520 quia
1634 1446 1895 1503 sentiunt

534 1533 781 1606 gratiam
837 1546 953 1588 non
999 1530 1208 1587 habere
1253 1545 1324 1585 ex
1378 1534 1588 1584 natura
1638 1543 1742 1583 sua
1770 1527 1893 1583 vim

534 1610 946 1675 sanctificandi,
996 1610 1092 1667 sed
1140 1614 1364 1666 tantum
1410 1624 1482 1666 ex
1525 1607 1896 1666 ordinatione

535 1693 634 1749 Dei
664 1684 826 1747 illam
874 1690 1226 1754 valorantis,·
1256 1690 1401 1746 sicut
1449 1689 1715 1760 princeps
1750 1688 1894 1745 solet

535 1774 797 1829 valorare
849 1775 1138 1827 monetam
1170 1791 1183 1826 :
1231 1770 1322 1826 vel
1368 1769 1505 1841 quia
1555 1769 1619 1824 in
1672 1772 1893 1841 peccato

536 1869 651 1910 non
679 1850 993 1909 concedunt
1038 1851 1159 1907 vim
1203 1850 1500 1923 physicam
1527 1847 1892 1921 depulsivam

534 1934 748 2009 gratiae,
780 1931 878 1989 sed
899 1933 1086 1989 solum
1113 1930 1571 1996 demeritoriam,
1611 1935 1892 2002 quatenus

533 2032 635 2070 sua
678 2013 1035 2086 turpitudine
1076 2016 1343 2084 provocat
1377 2012 1578 2078 Deum,
1606 2017 1668 2065 ut
1692 2010 1893 2084 gratiae

535 2097 1027 2155 conservationem
1054 2092 1383 2167 suspendat.
1874 2100 1879 2105 ’

352 2193 504 2236 monor
609 2177 882 2242 SecundO,
915 2180 970 2233 et
1009 2174 1219 2232 melius
1266 2171 1660 2246 respondetur,
1694 2188 1892 2246 peeca-

340 2252 504 2333 tman—
538 2264 657 2314 tum
687 2258 905 2314 actuale
933 2272 1049 2312 non
1071 2256 1257 2312 solum
1281 2254 1582 2312 moraliter
1602 2253 1891 2325 expellere

533 2340 800 2413 gratiam,
856 2336 952 2393 sed
980 2336 1156 2393 etiam
1206 2335 1454 2408 physice,
1486 2338 1544 2391 et
1580 2349 1652 2390 ex
1681 2340 1891 2391 natura

535 2420 617 2476 rei
640 2441 652 2482 ;
678 2425 843 2491 atque
877 2416 1005 2472 ideo
1027 2431 1143 2472 non
1175 2420 1399 2471 tantum
1427 2430 1662 2471 movere
1683 2416 1885 2481 Deum,

534 2504 594 2553 ut
620 2500 817 2573 gratiae
864 2495 1359 2553 conservationem
1411 2493 1741 2568 suspendat,
1787 2493 1889 2552 sed

533 2597 634 2653 per
660 2579 1050 2651 semetipsum,
1083 2583 1138 2633 et
1181 2592 1253 2633 ex
1282 2577 1530 2648 propriis
1571 2575 1889 2649 praedicatis

533 2662 697 2716 illam
722 2656 1025 2716 excludere
1056 2678 1068 2712 ε
1112 2655 1375 2729 quocirca
1407 2656 1605 2727 nequit
1625 2655 1694 2712 de
1716 2657 1882 2721 tacto,

530 2747 584 2799 et
606 2741 916 2800 secundum
957 2752 1324 2795 communem
1353 2736 1776 2810 providentiam
1803 2739 1888 2794 si-

534 2825 653 2880 mul
677 2838 805 2880 cum
830 2821 931 2878 illa
961 2820 1022 2875 in
1052 2819 1244 2893 aliquo
1291 2819 1529 2875 instanti
1551 2820 1885 2878 coexistere.

335 2928 496 2970 nnio.
531 2910 714 2973 Quam
756 2903 1101 2968 doctrinam,
1129 2917 1252 2974 quae
1291 2907 1375 2960 est
1413 2903 1479 2957 D.
1510 2902 1715 2960 Thom.
1740 2905 1798 2970 2,
1827 2905 1882 2970 2,

531 2996 710 3065 quaest.
731 2987 823 3051 24,
855 2991 964 3040 art.
1002 2985 1079 3049 10,
1103 2990 1150 3037 et
1172 2984 1303 3040 aliis
1325 2983 1455 3038 locis
1480 2999 1650 3055 supra
1676 2986 1880 3050 citati&

314 3073 500 3126 cajetan.
528 3073 844 3141 sequuntur
858 3062 1246 3122 communiter
1266 3064 1595 3129 Thomistae,
1627 3064 1801 3137 CaJ‘et.
1825 3067 1888 3120 in

314 3127 488 3230 (;Ss‘gfflr
527 3152 774 3222 pres-senti
795 3153 903 3202 art.
932 3147 985 3213 5,
1017 3149 1048 3215 ς
1075 3142 1186 3202 Sed
1222 3145 1328 3238 {wc
1354 3145 1573 3208 solutio,
1597 3145 1761 3201 Sotus
1787 3145 1881 3201 lib.

529 3233 820 3369 {42351135
827 3236 954 3364 ‘323⁰
961 3234 1458 3382 ὶέἑέἑῗῗῖἠῗαέ
1463 3270 1476 3282 ·
1513 3227 1864 3365 3322052503
1871 3270 1884 3283 ·

314 3353 495 3465 ,ξδ’,ξξξξς
530 3392 741 3465 Araujo
760 3389 886 3445 aab.
907 3390 962 3454 ·2,
989 3387 1185 3446 zumei
1207 3351 1332 3443 [tub.
1359 3388 1413 3450 4,
1439 3350 1673 3444 Sanetus.
1701 3387 1798 3444 321
1825 3352 1881 3457 4}

322 3472 488 3513 ·¹0³¹¹-³
530 3472 721 3529 Curiel
749 3470 878 3526 dub.
937 3471 982 3534 l,
1032 3470 1138 3538 92,
1178 3475 1228 3523 et
1254 3467 1379 3523 dub.
1426 3468 1480 3535 3,
1505 3470 1566 3523 in
1583 3470 1880 3542 principio,

316 3521 834 3622 Sfr¹2¹33¹¹a10mesim
864 3550 1067 3623 disput.
1091 3549 1183 3616 47,
1210 3555 1396 3626 quaest.
1417 3551 1524 3620 7,§
1551 3552 1607 3615 2,
1635 3552 1886 3607 Joannes

328 3621 494 3713 {333
528 3638 639 3692 as,
670 3635 873 3691 Thom.
921 3634 977 3697 2,
1004 3633 1055 3696 2,
1111 3630 1253 3704 dap.
1289 3633 1379 3697 16,
1405 3639 1513 3688 arc.
1558 3635 1598 3698 1,
1631 3635 1880 3707 aragon.

315 3718 482 3811 GAWd
527 3727 705 3796 quoest.
740 3718 832 3782 524,
859 3722 965 3770 art.
1005 3715 1088 3780 10,
1117 3715 1266 3771 circa
1293 3714 1347 3779 5,
1380 3715 1617 3770 conclus.
1668 3714 1885 3779 Quibus

356 3778 448 3811 ‘²¹¹³
487 3800 495 3808 '
527 3799 699 3856 etiam
722 3794 1086 3854 consentiunt
1132 3792 1412 3850 Authores
1438 3799 1600 3851 extra
1621 3795 1885 3852 Scholam

531 3885 592 3938 D.
620 3880 824 3936 Thom.
877 3878 1129 3948 Vasquez
1167 3877 1212 3939 1,
1242 3876 1297 3940 2,
1323 3874 1464 3948 disp.
1491 3876 1582 3940 91,
1609 3894 1729 3949 cap.
1765 3878 1810 3941 1,
1835 3884 1886 3932 et

413 3953 416 3954 ⁷
525 3964 665 4034 disp.
697 3960 826 4024 204,
858 3973 977 4028 cap.
1008 3956 1063 4020 2,
1089 3955 1296 4011 Torres
1316 3955 1370 4021 2,
1391 3957 1445 4021 2,
1470 3956 1609 4028 disp.
1634 3958 1727 4021 72,
1753 3957 1879 4014 dub.

527 4045 579 4108 4,
643 4044 789 4096 Azor
817 4046 944 4091 tom.
1001 4037 1043 4103 1,
1079 4034 1170 4090 lib.
1203 4037 1258 4100 4,
1308 4052 1430 4108 cap.
1473 4037 1564 4099 24,
1615 4040 1794 4113 quoest.
1821 4037 1878 4103 4,

525 4120 779 4180 Granad.
829 4123 1155 4173 controvers.
1211 4117 1264 4184 8,
1296 4116 1360 4171 de
1384 4119 1591 4187 qratia,
1636 4124 1799 4172 tract.
1822 4118 1877 4183 8,

526 4209 732 4280 disput.
762 4203 816 4266 4,
849 4206 903 4257 et
936 4197 1324 4256 communiter
1345 4200 1629 4265 Doctores,
1657 4199 1789 4256 licet
1819 4199 1882 4255 in

526 4283 866 4360 explicando
912 4279 1168 4344 modum,
1219 4284 1275 4335 et
1323 4279 1660 4351 qualitatem
1713 4281 1882 4354 hujus

529 4368 776 4442 physicae
803 4360 1176 4437 oppositionis
1215 4359 1530 4418 dissideant
1550 4361 1883 4434 aliquantu-

529 4452 649 4505 lum
679 4449 832 4503 inter
856 4459 937 4502 se.
968 4444 1037 4497 Et
1064 4439 1312 4514 profecto
1337 4439 1464 4497 dari
1494 4441 1749 4514 aliquam
1774 4459 1881 4516 op-

524 4529 864 4602 positionem
912 4538 983 4580 ex
1028 4527 1236 4577 natura
1276 4521 1358 4577 rei
1388 4520 1541 4577 inter
1568 4528 1875 4594 peccatum,

522 4618 576 4669 et
633 4609 900 4686 gratiam,
964 4601 1192 4660 videtur
1256 4601 1394 4658 satis
1459 4604 1835 4661 manifestum
1862 4629 1876 4673 ;

519 4693 793 4767 quoniam
846 4690 1133 4760 peccatum
1177 4683 1474 4740 hominem
1528 4683 1781 4751 inficere,
1825 4691 1885 4743 et

521 4775 760 4834 reddere
806 4773 920 4827 Deo
972 4763 1443 4833 abominabilem,
1495 4771 1611 4824 tam
1657 4773 1877 4825 certum

518 4861 621 4920 est,
646 4867 819 4926 quam
864 4862 1067 4906 verum
1093 4850 1177 4903 est
1207 4851 1494 4918 peccatum
1518 4860 1641 4905 esse
1680 4863 1877 4922 pecea-

518 4945 662 5001 tum,
696 4949 793 4990 seu
817 4930 1037 4986 malum
1063 4932 1226 4984 rectae
1255 4927 1465 4984 rationi
1493 4923 1869 4986 contrarium.

519 5014 677 5083 Quod
707 5020 895 5070 autem
925 5008 1108 5086 gratia
1135 5023 1204 5068 ex
1225 5023 1285 5066 se
1311 5007 1634 5077 sanctificet,
1667 5015 1723 5067 et
1751 5010 1877 5069 red-

2024 559 2120 616 dat
2148 559 2446 618 hominem
2500 566 2612 620 Deo
2649 569 2899 645 gratum,
2943 564 3081 620 satis
3100 578 3386 635 superque

2026 646 2243 697 constat
2266 658 2337 698 ex
2356 659 2530 715 supra
2555 643 2721 699 dictis
2747 644 2875 700 dub.
2917 645 2964 710 1,
2984 660 3083 716 per
3103 650 3299 709 totum,
3331 652 3381 698 et

2026 726 2186 777 tract.
2227 724 2449 793 praeoed.
2492 723 2696 795 disput.
2741 724 2797 790 4,
2827 723 2956 779 dub.
3000 726 3037 779 2
3090 724 3237 789 tet-3,
3280 723 3381 781 ubi

2025 801 2192 867 Scoti,
2224 807 2279 857 et
2300 804 2698 859 Nominalium
2726 804 3062 876 opinionem
3092 803 3376 861 refutavi-

2029 896 2174 948 muS,
2206 898 2520 954 eorumque
2552 889 2892 957 argumenta
2930 883 3230 941 diluimus.

2103 963 2193 1017 91.
2234 964 2343 1018 Nec
2367 962 2544 1020 refert
2586 964 2641 1018 si.
2665 962 2939 1020 adversus
2971 963 3119 1019 hanc
3141 979 3380 1038 respon·
3416 985 3546 1041 arim

2027 1040 2249 1098 sionem
2312 1042 2545 1115 objicias
2589 1046 2813 1115 primo:
2843 1039 3127 1116 'quoniam
3181 1046 3379 1118 nequit
3392 1034 3596 1087 ⁰¹⁸0&st

2029 1121 2273 1180 influere
2318 1122 2549 1196 physice
2569 1123 2649 1190 id,
2697 1122 2844 1197 quod
2876 1139 2992 1180 non
3040 1124 3290 1197 pertinet
3310 1126 3378 1182 ad

2026 1218 2205 1277 genus
2234 1204 2552 1278 physicum,
2576 1204 2673 1262 sed
2695 1203 2764 1261 ad
2790 1220 2973 1279 genus
2995 1207 3217 1264 morale
3238 1227 3258 1275 ,ε
3279 1207 3374 1264 sed

2030 1291 2317 1357 peccatum
2363 1287 2602 1350 actuale.
2656 1293 2937 1359 quatenus
2982 1293 3173 1345 causat
3193 1289 3379 1362 priva·

2029 1366 2243 1423 tionem
2269 1368 2490 1441 gratiae,
2518 1383 2634 1425 non
2667 1367 2913 1440 pertinet
2939 1368 3008 1424 ad
3029 1384 3211 1442 genus
3231 1370 3378 1445 phy-

2027 1445 2207 1501 sicum
2244 1467 2257 1502 :
2316 1446 2415 1505 sed
2463 1446 2534 1504 ad
2571 1462 2753 1521 genus
2793 1449 3056 1506 morale:
3096 1465 3233 1524 ergo
3260 1466 3375 1507 non

2027 1533 2218 1583 causat
2245 1529 2476 1603 physice
2516 1529 2683 1585 illam
2712 1528 3118 1602 privationem,
3161 1530 3261 1588 sed
3285 1547 3379 1590 so-

2029 1608 2148 1663 lum
2172 1610 2487 1666 moraliter.
2535 1607 2818 1666 Probatur
2846 1609 3062 1688 minor,
3093 1612 3231 1684 quia
3253 1627 3378 1685 pec-

2026 1695 2213 1746 catum
2238 1693 2461 1749 ‘actuale
2497 1696 2689 1749 causat
2738 1693 3137 1766 expulsionem
3163 1695 3376 1769 gratim,

2026 1779 2305 1844 quatenus
2352 1778 2640 1846 peccatum
2666 1779 2784 1845 est:
2824 1775 2906 1831 sic
2951 1775 3131 1842 enim,
3162 1782 3220 1833 et
3264 1793 3378 1835 non

2028 1852 2194 1909 aliter
2256 1854 2455 1928 gratiae
2516 1854 2827 1927 opponitur
2859 1875 2873 1910 :
2914 1854 3012 1912 sed
3066 1862 3374 1929 peccatum,

2026 1940 2304 2007 quatenus
2331 1937 2463 2003 tale,
2497 1952 2614 1993 non
2656 1936 2906 2009 pertinet
2944 1937 3013 1994 ad
3033 1954 3214 2012 genus
3234 1940 3382 2015 phy-

2025 2016 2227 2078 sicum,
2257 2015 2353 2071 sed
2381 2014 2451 2072 ad
2490 2033 2670 2091 genus
2696 2017 2910 2080 moris;
2945 2018 3230 2091 siquidem
3254 2037 3380 2078 ma—

2027 2096 2154 2151 litia
2173 2101 2256 2152 est
2283 2097 2545 2169 quaedam
2572 2099 2783 2171 species
2809 2098 3158 2155 moralitatis
3182 2121 3203 2155 e
3243 2117 3378 2176 ergo

2027 2182 2313 2250 peccatum
2332 2179 2561 2247 actuale,
2587 2184 2868 2252 quatenus
2888 2185 3078 2236 causat
3109 2182 3378 2253 privatio·

2027 2275 2158 2316 nem
2180 2263 2397 2335 gratiae,
2454 2277 2572 2319 non
2602 2261 2670 2318 ad
2716 2277 2900 2337 genus
2926 2263 3249 2337 physicum,
3280 2266 3376 2323 sed

2024 2341 2095 2398 ad
2117 2344 2336 2400 morale
2358 2347 2623 2417 pertinet.
2648 2344 2897 2402 Secundo
2919 2347 3230 2417 :quoniam
3259 2364 3380 2421 pee-
3444 2368 3515 2411 se.

2023 2430 2212 2481 catum
2234 2428 2453 2483 actuale
2481 2429 2704 2484 nullam
2748 2426 3043 2501 physicam
3066 2429 3379 2501 oppositio-
3417 2416 3563 2461 (ΨΜ

2026 2520 2158 2561 nem
2200 2505 2367 2562 habet
2404 2522 2533 2563 cum
2574 2507 2760 2582 gratia
2792 2527 2806 2562 ι
2847 2522 2987 2578 ergo
3027 2523 3145 2565 non
3185 2516 3378 2567 causat
3596 2514 3605 2523 '

2024 2587 2255 2660 physice
2283 2588 2664 2660 privationem
2693 2589 2908 2662 gratiae.
2960 2592 3377 2664 Consequentia

2024 2666 2238 2738 liquet3
2289 2685 2425 2724 nam
2487 2674 2772 2741 peccatum
2822 2685 2938 2727 non
2971 2676 3164 2728 causat
3210 2671 3377 2729 illam

2023 2747 2428 2818 privationem,
2486 2750 2598 2806 nisi
2647 2754 2705 2805 ut
2733 2750 3043 2822 opponitur
3062 2751 3279 2826 gratim,
3316 2757 3372 2808 et

2015 2829 2181 2902 juxta
2229 2830 2465 2888 modum
2489 2832 2863 2906 oppositionis
2893 2850 2906 2886 :
2939 2849 3075 2909 ergo
3104 2834 3153 2890 si
3174 2834 3227 2892 ei
3257 2849 3375 2892 non

2020 2911 2331 2982 opponitur
2359 2913 2612 2988 physice,
2663 2914 2860 2985 nequit
2879 2930 3115 2971 causare
3142 2915 3376 2989 physice

2019 2990 2140 3062 ejus
2183 2993 2587 3066 privationem.
2632 2994 2986 3051 Antecedens
3032 3000 3224 3052 autem
3251 3012 3380 3053 sua-

2019 3071 2223 3140 detur;
2284 3076 2420 3147 quia
2477 3075 2756 3148 oppositio
2811 3077 3043 3151 physica
3092 3076 3377 3134 dividitur

2021 3151 2309 3226 adaequate
2329 3153 2399 3211 ab
2429 3156 2660 3212 Aristot.
2689 3154 2752 3210 in
2781 3156 3377 3229 Postpraedicamentis
3389 3175 3541 3219 aristot

2020 3233 2084 3289 in
2111 3236 2527 3307 oppositionem
2553 3236 2921 3308 privativam,
2948 3239 3136 3311 qualis
3163 3240 3377 3312 reperi·

2020 3318 2114 3370 tur
2136 3316 2287 3373 inter
2316 3316 2525 3384 visum,
2550 3322 2608 3373 et
2630 3317 2963 3384 caecitatem
2988 3325 3043 3376 et
3062 3318 3377 3376 contradic-

2018 3395 2247 3464 torIam,
2281 3397 2467 3470 qualis
2494 3397 2957 3470 reperiturinter
2994 3415 3134 3465 esse,
3165 3405 3221 3457 et
3257 3416 3375 3457 non

2018 3490 2170 3541 esse;
2200 3481 2256 3533 et
2274 3477 2646 3544 contrariam,
2673 3478 2861 3550 qualis
2911 3480 3198 3552 reperitur
3224 3481 3379 3537 inter

2019 3556 2285 3623 calorem,
2343 3564 2399 3615 et
2451 3557 2827 3633 frigiditatem
2859 3584 2873 3627 ;
2935 3566 2991 3617 et
3045 3561 3370 3626 relativam,

2019 3638 2205 3710 qualis
2252 3639 2551 3695 invenitur
2600 3639 2752 3696 inter
2792 3645 3033 3713 patrem,
3080 3646 3136 3697 et
3164 3639 3373 3697 filium.

2020 3719 2191 3774 Nulla
2238 3724 2429 3776 autem
2483 3736 2554 3777 ex
2600 3719 2690 3775 his
2716 3720 3169 3793 oppositionibus
3208 3720 3379 3777 datur

2019 3797 2173 3855 inter
2201 3805 2487 3870 peccatum
2534 3798 2771 3865 actuale,
2809 3804 2866 3856 et
2884 3801 3134 3874 gratiam
3158 3801 3380 3858 sancti-

2018 3877 2299 3937 ficantem.
2335 3883 2461 3938 Non
2488 3880 2721 3953 quidem
2763 3882 3068 3955 privativa,
3115 3883 3206 3939 vel
3232 3898 3376 3939 con—

2019 3958 2347 4017 tradictoria
2376 3982 2388 4024 ;
2414 3961 2550 4034 quia
2597 3962 2717 4018 istae
2759 3963 2947 4018 solum
2991 3961 3377 4020 inveniuntur

2017 4038 2171 4096 inter
2200 4056 2380 4096 unum
2407 4046 2731 4098 extremum
2779 4041 3109 4114 positivum,
3130 4048 3186 4099 et
3213 4041 3377 4098 aliud

2015 4118 2164 4191 quod
2204 4120 2280 4175 sit
2319 4121 2588 4192 privatio,
2638 4123 2731 4178 vel
2768 4121 3037 4195 negatio:
3082 4125 3374 4194 peccatum

2017 4215 2154 4257 vero
2175 4202 2411 4268 actuale,
2437 4207 2493 4258 et
2511 4201 2697 4276 gratia
2719 4206 2853 4258 sunt
2872 4199 3011 4274 quid
3026 4201 3363 4274 positivum.

2017 4282 2129 4336 Nec
2151 4281 2325 4337 etiam
2356 4282 2644 4355 reperitur
2667 4281 2819 4339 inter
2860 4297 2927 4338 ea
2968 4282 3247 4354 oppositio
3272 4298 3375 4340 re-

2017 4361 2193 4417 lativa
2225 4362 2399 4434 ;quia
2436 4362 2643 4436 gratia,
2688 4366 2745 4419 et
2770 4368 3061 4434 peccatum
3098 4378 3215 4419 non
3237 4370 3375 4420 sunt

2013 4440 2148 4513 quid
2200 4441 2544 4507 relativum,
2587 4439 2686 4498 sed
2737 4442 2896 4498 entia
2937 4441 3214 4499 absoluta.
3260 4445 3375 4500 Nec

2012 4520 2258 4594 denique
2285 4521 2565 4594 oppositio
2584 4521 2875 4578 contraria
2895 4540 2908 4584 ;
2926 4538 3064 4579 nam
3078 4523 3373 4579 contraria

2012 4607 2165 4670 sunt,
2196 4618 2320 4675 qum
2357 4601 2465 4658 sub
2489 4601 2691 4660 eodem
2731 4618 2942 4676 genere
2963 4603 3221 4659 maxime
3259 4601 3375 4659 dis-

1987 4687 2158 4749 -tant,
2213 4689 2270 4740 et
2298 4684 2359 4744 in
2386 4683 2589 4741 eodem
2637 4681 2888 4756 subjecto
2914 4685 3289 4757 recipiuntur,
3314 4690 3373 4742 et

2011 4763 2083 4821 ab
2103 4763 2304 4822 eodem
2331 4768 2533 4821 mutuo
2572 4779 2633 4822 se
2677 4765 2975 4836 expellunt
3002 4788 3016 4832 ;
3041 4765 3228 4839 gratia
3254 4780 3375 4821 au-

2011 4850 2147 4912 tem,
2178 4851 2237 4902 et
2256 4850 2543 4918 peccatum
2565 4850 2702 4901 sunt
2732 4845 2842 4903 sub
2867 4845 3113 4903 diversis
3136 4845 3377 4920 generi-

2011 4925 2134 4992 bus,
2160 4928 2252 4983 vel
2283 4927 2469 4998 potius
2494 4925 2811 4993 ordinibus,
2844 4926 3097 4984 naturali
3129 4925 3367 4990 scilicet,

2009 5015 2065 5068 et
2083 5009 2510 5083 supernaturali
2535 5032 2549 5075 ;
2579 5013 2634 5067 et
2652 5009 3014 5082 recipiuntur
3042 5008 3107 5065 in
3122 5007 3373 5065 diversis

3075 5091 3368 5164 potentiiS,
